  <div class='ocr_page' id='page_1' title='image "/cluster/home/n/w/nwhite01/storage/ocr_20150623/136/hvd.32044054100201/086.png"; bbox 0 0 4036 6224; ppageno 0'>
   <div class='ocr_carea' id='block_1_1' title="bbox 316 416 417 480">
    <p class='ocr_par' dir='ltr' id='par_1_1' title="bbox 316 416 417 480">
     <span class='ocr_line' id='line_1_1' title="bbox 316 416 417 480; baseline -0.02 -1"><span class='ocrx_word' id='word_1_1' title='bbox 316 416 417 480; x_wconf 83' lang='grc'><strong>157</strong></span> 
     </span>
    </p>
   </div>
   <div class='ocr_carea' id='block_1_2' title="bbox 1234 413 2658 478">
    <p class='ocr_par' dir='ltr' id='par_1_2' title="bbox 1234 413 2658 478">
     <span class='ocr_line' id='line_1_2' title="bbox 1234 413 2658 478; baseline 0.003 -4"><span class='ocrx_word' id='word_1_2' title='bbox 1234 413 1384 474; x_wconf 79' lang='lat' dir='ltr'><strong>LAU</strong></span> <span class='ocrx_word' id='word_1_3' title='bbox 1403 413 1628 473; x_wconf 79' lang='lat' dir='ltr'><strong>DATIO</strong></span> <span class='ocrx_word' id='word_1_4' title='bbox 1669 414 1730 475; x_wconf 90' lang='lat' dir='ltr'><strong>S.</strong></span> <span class='ocrx_word' id='word_1_5' title='bbox 1763 413 2197 477; x_wconf 79' lang='lat' dir='ltr'><strong>PHILOTIIEI</strong></span> <span class='ocrx_word' id='word_1_6' title='bbox 2245 414 2658 478; x_wconf 82' lang='lat' dir='ltr'><strong>OPSIClANI.</strong></span> 
     </span>
    </p>
   </div>
   <div class='ocr_carea' id='block_1_3' title="bbox 3482 402 3586 466">
    <p class='ocr_par' dir='ltr' id='par_1_3' title="bbox 3482 402 3586 466">
     <span class='ocr_line' id='line_1_3' title="bbox 3482 402 3586 466; baseline 0.019 -2"><span class='ocrx_word' id='word_1_7' title='bbox 3482 402 3586 466; x_wconf 70' lang='lat'><strong>158</strong></span> 
     </span>
    </p>
   </div>
   <div class='ocr_carea' id='block_1_4' title="bbox 311 525 1889 604">
    <p class='ocr_par' dir='ltr' id='par_1_4' title="bbox 311 529 1889 604">
     <span class='ocr_line' id='line_1_4' title="bbox 311 529 1889 604; baseline -0.006 -12"><span class='ocrx_word' id='word_1_8' title='bbox 311 540 408 592; x_wconf 73' lang='grc' dir='ltr'><strong>καὶ</strong></span> <span class='ocrx_word' id='word_1_9' title='bbox 429 535 700 604; x_wconf 74' lang='grc' dir='ltr'><strong>ταμιείων</strong></span> <span class='ocrx_word' id='word_1_10' title='bbox 725 532 881 586; x_wconf 70' lang='grc' dir='ltr'>οὐδὲν</span> <span class='ocrx_word' id='word_1_11' title='bbox 912 531 1168 600; x_wconf 73' lang='grc' dir='ltr'>ἐχόντων,</span> <span class='ocrx_word' id='word_1_12' title='bbox 1219 530 1353 583; x_wconf 71' lang='grc' dir='ltr'><strong>ἀλλὰ</strong></span> <span class='ocrx_word' id='word_1_13' title='bbox 1401 529 1682 592; x_wconf 84' lang='grc' dir='ltr'><strong>παντελῶς</strong></span> <span class='ocrx_word' id='word_1_14' title='bbox 1713 529 1889 584; x_wconf 78' lang='grc' dir='ltr'><strong>διακέ‹</strong></span> 
     </span>
    </p>
   </div>
   <div class='ocr_carea' id='block_1_5' title="bbox 1992 525 3580 604">
    <p class='ocr_par' dir='ltr' id='par_1_5' title="bbox 2002 525 3580 603">
     <span class='ocr_line' id='line_1_5' title="bbox 2002 525 3580 603; baseline -0.005 -18"><span class='ocrx_word' id='word_1_15' title='bbox 2002 533 2135 599; x_wconf 86' lang='lat' dir='ltr'><strong>sint,</strong></span> <span class='ocrx_word' id='word_1_16' title='bbox 2178 541 2231 587; x_wconf 95' lang='lat' dir='ltr'><strong>et</strong></span> <span class='ocrx_word' id='word_1_17' title='bbox 2261 532 2493 588; x_wconf 76' lang='lat' dir='ltr'><strong>fortasse</strong></span> <span class='ocrx_word' id='word_1_18' title='bbox 2526 532 2755 603; x_wconf 84' lang='lat' dir='ltr'><strong>majora.</strong></span> <span class='ocrx_word' id='word_1_19' title='bbox 2783 530 3007 600; x_wconf 82' lang='lat' dir='ltr'><strong>Quando</strong></span> <span class='ocrx_word' id='word_1_20' title='bbox 3050 527 3192 583; x_wconf 87' lang='lat' dir='ltr'><strong>enim</strong></span> <span class='ocrx_word' id='word_1_21' title='bbox 3225 526 3414 580; x_wconf 87' lang='lat' dir='ltr'><strong>horrea</strong></span> <span class='ocrx_word' id='word_1_22' title='bbox 3445 525 3580 580; x_wconf 83' lang='lat' dir='ltr'><strong>nihil</strong></span> 
     </span>
    </p>
   </div>
   <div class='ocr_carea' id='block_1_6' title="bbox 310 620 1888 694">
    <p class='ocr_par' dir='ltr' id='par_1_6' title="bbox 310 620 1888 694">
     <span class='ocr_line' id='line_1_6' title="bbox 310 620 1888 694; baseline -0.005 -12"><span class='ocrx_word' id='word_1_23' title='bbox 310 647 439 690; x_wconf 91' lang='grc' dir='ltr'><strong>νων,</strong></span> <span class='ocrx_word' id='word_1_24' title='bbox 484 623 738 694; x_wconf 71' lang='grc' dir='ltr'>ἐκφορῶν</span> <span class='ocrx_word' id='word_1_25' title='bbox 781 624 893 685; x_wconf 79' lang='grc' dir='ltr'>τοῖς</span> <span class='ocrx_word' id='word_1_26' title='bbox 947 625 1006 675; x_wconf 80' lang='grc' dir='ltr'>ὲν</span> <span class='ocrx_word' id='word_1_27' title='bbox 1054 620 1230 690; x_wconf 66' lang='grc' dir='ltr'><strong>ἐνδείᾳ⁵</strong></span> <span class='ocrx_word' id='word_1_28' title='bbox 1279 621 1349 673; x_wconf 69' lang='grc' dir='ltr'><strong>τὰ</strong></span> <span class='ocrx_word' id='word_1_29' title='bbox 1383 622 1669 690; x_wconf 80' lang='grc' dir='ltr'><strong>χρήσιμα,</strong></span> <span class='ocrx_word' id='word_1_30' title='bbox 1708 622 1802 674; x_wconf 77' lang='grc' dir='ltr'><strong>καὶ</strong></span> <span class='ocrx_word' id='word_1_31' title='bbox 1829 622 1888 674; x_wconf 73' lang='grc' dir='ltr'><strong>οὗ</strong></span> 
     </span>
    </p>
   </div>
   <div class='ocr_carea' id='block_1_7' title="bbox 310 709 1888 789">
    <p class='ocr_par' dir='ltr' id='par_1_7' title="bbox 310 709 1888 789">
     <span class='ocr_line' id='line_1_7' title="bbox 310 709 1888 789; baseline -0.004 -17"><span class='ocrx_word' id='word_1_32' title='bbox 310 720 478 789; x_wconf 78' lang='grc' dir='ltr'>μόνον</span> <span class='ocrx_word' id='word_1_33' title='bbox 541 716 698 783; x_wconf 75' lang='grc' dir='ltr'><strong>αὐτὸ,</strong></span> <span class='ocrx_word' id='word_1_34' title='bbox 733 715 874 769; x_wconf 74' lang='grc' dir='ltr'><strong>ἀλλὰ</strong></span> <span class='ocrx_word' id='word_1_35' title='bbox 913 714 1009 768; x_wconf 73' lang='grc' dir='ltr'><strong>καὶ</strong></span> <span class='ocrx_word' id='word_1_36' title='bbox 1059 709 1205 767; x_wconf 57' lang='grc' dir='ltr'>οἶνον</span> <span class='ocrx_word' id='word_1_37' title='bbox 1241 715 1541 784; x_wconf 75' lang='grc' dir='ltr'><strong>σχεδιάζων</strong></span> <span class='ocrx_word' id='word_1_38' title='bbox 1566 717 1705 770; x_wconf 76' lang='grc' dir='ltr'><strong>κατὰ</strong></span> <span class='ocrx_word' id='word_1_39' title='bbox 1735 715 1796 768; x_wconf 75' lang='grc' dir='ltr'>τδ</span> <span class='ocrx_word' id='word_1_40' title='bbox 1830 715 1888 766; x_wconf 79' lang='grc' dir='ltr'><strong>ἐν</strong></span> 
     </span>
    </p>
   </div>
   <div class='ocr_carea' id='block_1_8' title="bbox 309 805 1889 882">
    <p class='ocr_par' dir='ltr' id='par_1_8' title="bbox 309 805 1889 882">
     <span class='ocr_line' id='line_1_8' title="bbox 309 805 1889 882; baseline -0.006 -16"><span class='ocrx_word' id='word_1_41' title='bbox 309 813 473 882; x_wconf 83' lang='grc' dir='ltr'><strong>Κανᾷ</strong></span> <span class='ocrx_word' id='word_1_42' title='bbox 513 810 702 879; x_wconf 81' lang='grc' dir='ltr'><strong>θαῦμα</strong></span> <span class='ocrx_word' id='word_1_43' title='bbox 726 809 787 860; x_wconf 76' lang='grc' dir='ltr'><strong>τὸ</strong></span> <span class='ocrx_word' id='word_1_44' title='bbox 809 807 1190 876; x_wconf 76' lang='grc' dir='ltr'><strong>εὐαγγελικὸν,</strong></span> <span class='ocrx_word' id='word_1_45' title='bbox 1241 809 1334 860; x_wconf 79' lang='grc' dir='ltr'><strong>καὶ</strong></span> <span class='ocrx_word' id='word_1_46' title='bbox 1365 807 1538 870; x_wconf 75' lang='grc' dir='ltr'>οὕτως</span> <span class='ocrx_word' id='word_1_47' title='bbox 1569 807 1720 876; x_wconf 74' lang='grc' dir='ltr'><strong>ἄρτῳ</strong></span> <span class='ocrx_word' id='word_1_48' title='bbox 1789 805 1889 874; x_wconf 77' lang='grc' dir='ltr'><strong>μὲν</strong></span> 
     </span>
    </p>
   </div>
   <div class='ocr_carea' id='block_1_9' title="bbox 309 897 1890 970">
    <p class='ocr_par' dir='ltr' id='par_1_9' title="bbox 309 897 1890 970">
     <span class='ocr_line' id='line_1_9' title="bbox 309 897 1890 970; baseline -0.004 -17"><span class='ocrx_word' id='word_1_49' title='bbox 309 902 616 970; x_wconf 75' lang='grc' dir='ltr'><strong>στηρίζων,</strong></span> <span class='ocrx_word' id='word_1_50' title='bbox 669 900 798 968; x_wconf 76' lang='grc' dir='ltr'><strong>οϊνῳ</strong></span> <span class='ocrx_word' id='word_1_51' title='bbox 849 897 906 950; x_wconf 84' lang='grc' dir='ltr'>δὲ</span> <span class='ocrx_word' id='word_1_52' title='bbox 934 897 1245 966; x_wconf 72' lang='grc' dir='ltr'>εὐφραίνων</span> <span class='ocrx_word' id='word_1_53' title='bbox 1273 897 1374 959; x_wconf 73' lang='grc' dir='ltr'><strong>τὰς</strong></span> <span class='ocrx_word' id='word_1_54' title='bbox 1403 897 1512 949; x_wconf 86' lang='grc' dir='ltr'><strong>τῶν</strong></span> <span class='ocrx_word' id='word_1_55' title='bbox 1549 897 1890 967; x_wconf 76' lang='grc' dir='ltr'>δεδεημὲνων</span> 
     </span>
    </p>
   </div>
   <div class='ocr_carea' id='block_1_10' title="bbox 308 986 1889 1056">
    <p class='ocr_par' dir='ltr' id='par_1_10' title="bbox 308 986 1889 1056">
     <span class='ocr_line' id='line_1_10' title="bbox 308 986 1889 1056; baseline -0.001 -16"><span class='ocrx_word' id='word_1_56' title='bbox 308 988 571 1055; x_wconf 81' lang='grc' dir='ltr'><strong>καρδίας.</strong></span> <span class='ocrx_word' id='word_1_57' title='bbox 617 986 854 1054; x_wconf 74' lang='grc' dir='ltr'><strong>Λέγεται</strong></span> <span class='ocrx_word' id='word_1_58' title='bbox 907 987 1016 1056; x_wconf 73' lang='grc' dir='ltr'><strong>γὰρ</strong></span> <span class='ocrx_word' id='word_1_59' title='bbox 1071 987 1164 1038; x_wconf 76' lang='grc' dir='ltr'><strong>καὶ</strong></span> <span class='ocrx_word' id='word_1_60' title='bbox 1198 987 1537 1051; x_wconf 76' lang='grc' dir='ltr'><strong>πιστεύεται,</strong></span> <span class='ocrx_word' id='word_1_61' title='bbox 1567 988 1650 1040; x_wconf 83' lang='grc' dir='ltr'><strong>ὅτι</strong></span> <span class='ocrx_word' id='word_1_62' title='bbox 1698 987 1889 1054; x_wconf 86' lang='grc' dir='ltr'><strong>καιρός</strong></span> 
     </span>
    </p>
   </div>
   <div class='ocr_carea' id='block_1_11' title="bbox 305 1073 1892 1148">
    <p class='ocr_par' dir='ltr' id='par_1_11' title="bbox 305 1073 1892 1148">
     <span class='ocr_line' id='line_1_11' title="bbox 305 1073 1892 1148; baseline 0.001 -18"><span class='ocrx_word' id='word_1_63' title='bbox 305 1095 390 1140; x_wconf 90' lang='grc' dir='ltr'><strong>τις</strong></span> <span class='ocrx_word' id='word_1_64' title='bbox 443 1073 514 1148; x_wconf 77' lang='grc' dir='ltr'><strong>ἦν</strong></span> <span class='ocrx_word' id='word_1_65' title='bbox 549 1077 707 1140; x_wconf 71' lang='grc' dir='ltr'>τότε,</span> <span class='ocrx_word' id='word_1_66' title='bbox 768 1077 862 1128; x_wconf 72' lang='grc' dir='ltr'><strong>καὶ</strong></span> <span class='ocrx_word' id='word_1_67' title='bbox 909 1076 1052 1138; x_wconf 81' lang='grc' dir='ltr'>οἶνος</span> <span class='ocrx_word' id='word_1_68' title='bbox 1119 1077 1220 1130; x_wconf 76' lang='grc' dir='ltr'><strong>οὐκ</strong></span> <span class='ocrx_word' id='word_1_69' title='bbox 1265 1073 1335 1148; x_wconf 77' lang='grc' dir='ltr'><strong>ἦν</strong></span> <span class='ocrx_word' id='word_1_70' title='bbox 1390 1080 1502 1141; x_wconf 78' lang='grc' dir='ltr'>τοῖς</span> <span class='ocrx_word' id='word_1_71' title='bbox 1558 1077 1722 1131; x_wconf 79' lang='grc' dir='ltr'><strong>αὑτοῦ</strong></span> <span class='ocrx_word' id='word_1_72' title='bbox 1771 1079 1892 1131; x_wconf 86' lang='grc' dir='ltr'><strong>ὲπι-</strong></span> 
     </span>
    </p>
   </div>
   <div class='ocr_carea' id='block_1_12' title="bbox 305 1165 1892 1240">
    <p class='ocr_par' dir='ltr' id='par_1_12' title="bbox 305 1165 1892 1240">
     <span class='ocr_line' id='line_1_12' title="bbox 305 1165 1892 1240; baseline 0.004 -24"><span class='ocrx_word' id='word_1_73' title='bbox 305 1165 474 1218; x_wconf 69' lang='grc' dir='ltr'><strong>δεισι.</strong></span> <span class='ocrx_word' id='word_1_74' title='bbox 506 1167 620 1219; x_wconf 76' lang='grc' dir='ltr'><strong>Καὶ</strong></span> <span class='ocrx_word' id='word_1_75' title='bbox 662 1166 818 1219; x_wconf 70' lang='grc' dir='ltr'>αὐτοὶ</span> <span class='ocrx_word' id='word_1_76' title='bbox 849 1167 947 1234; x_wconf 77' lang='grc' dir='ltr'><strong>μὲν</strong></span> <span class='ocrx_word' id='word_1_77' title='bbox 977 1167 1200 1221; x_wconf 77' lang='grc' dir='ltr'><strong>ἐλάλουν</strong></span> <span class='ocrx_word' id='word_1_78' title='bbox 1222 1168 1290 1220; x_wconf 79' lang='grc' dir='ltr'><strong>τὰ</strong></span> <span class='ocrx_word' id='word_1_79' title='bbox 1311 1169 1448 1240; x_wconf 78' lang='grc' dir='ltr'><strong>πρὸς</strong></span> <span class='ocrx_word' id='word_1_80' title='bbox 1479 1169 1711 1232; x_wconf 76' lang='grc' dir='ltr'><strong>ἱκεσίαν,</strong></span> <span class='ocrx_word' id='word_1_81' title='bbox 1750 1169 1892 1238; x_wconf 86' lang='grc' dir='ltr'><strong>ὑπὲρ</strong></span> 
     </span>
    </p>
   </div>
   <div class='ocr_carea' id='block_1_13' title="bbox 305 1249 1889 1328">
    <p class='ocr_par' dir='ltr' id='par_1_13' title="bbox 305 1249 1889 1328">
     <span class='ocr_line' id='line_1_13' title="bbox 305 1249 1889 1328; baseline 0.003 -21"><span class='ocrx_word' id='word_1_82' title='bbox 305 1249 370 1307; x_wconf 68' lang='grc' dir='ltr'><strong>οὗ</strong></span> <span class='ocrx_word' id='word_1_83' title='bbox 403 1256 721 1309; x_wconf 76' lang='grc' dir='ltr'><strong>ἐλείποντο·</strong></span> <span class='ocrx_word' id='word_1_84' title='bbox 752 1256 781 1308; x_wconf 85' lang='grc' dir='ltr'><strong>ὁ</strong></span> <span class='ocrx_word' id='word_1_85' title='bbox 815 1255 870 1308; x_wconf 83' lang='grc' dir='ltr'>δὲ</span> <span class='ocrx_word' id='word_1_86' title='bbox 897 1255 1028 1318; x_wconf 74' lang='grc' dir='ltr'>Θεὸς</span> <span class='ocrx_word' id='word_1_87' title='bbox 1055 1258 1325 1327; x_wconf 77' lang='grc' dir='ltr'><strong>ἑπήκουε,</strong></span> <span class='ocrx_word' id='word_1_88' title='bbox 1355 1259 1450 1310; x_wconf 73' lang='grc' dir='ltr'><strong>καὶ</strong></span> <span class='ocrx_word' id='word_1_89' title='bbox 1497 1257 1574 1328; x_wconf 81' lang='grc' dir='ltr'><strong>τῷ</strong></span> <span class='ocrx_word' id='word_1_90' title='bbox 1602 1258 1768 1311; x_wconf 80' lang='grc' dir='ltr'><strong>αὑτοῦ</strong></span> <span class='ocrx_word' id='word_1_91' title='bbox 1803 1257 1889 1311; x_wconf 81' lang='grc' dir='ltr'><strong>θε-</strong></span> 
     </span>
    </p>
   </div>
   <div class='ocr_carea' id='block_1_14' title="bbox 311 1345 1888 1416">
    <p class='ocr_par' dir='ltr' id='par_1_14' title="bbox 311 1345 1888 1416">
     <span class='ocr_line' id='line_1_14' title="bbox 311 1345 1888 1416; baseline 0.003 -18"><span class='ocrx_word' id='word_1_92' title='bbox 311 1347 548 1416; x_wconf 70' lang='grc' dir='ltr'><strong>ράποντι</strong></span> <span class='ocrx_word' id='word_1_93' title='bbox 597 1345 838 1415; x_wconf 74' lang='grc' dir='ltr'>Φιλοθέῳ</span> <span class='ocrx_word' id='word_1_94' title='bbox 885 1347 1164 1413; x_wconf 75' lang='grc' dir='ltr'><strong>ἐπιτάξας,</strong></span> <span class='ocrx_word' id='word_1_95' title='bbox 1213 1348 1597 1414; x_wconf 77' lang='grc' dir='ltr'><strong>κατεπράξατο</strong></span> <span class='ocrx_word' id='word_1_96' title='bbox 1621 1348 1689 1402; x_wconf 87' lang='grc' dir='ltr'><strong>δι’</strong></span> <span class='ocrx_word' id='word_1_97' title='bbox 1722 1349 1888 1402; x_wconf 82' lang='grc' dir='ltr'><strong>αὑτοῦ</strong></span> 
     </span>
    </p>
   </div>
   <div class='ocr_carea' id='block_1_15' title="bbox 303 1437 1887 1512">
    <p class='ocr_par' dir='ltr' id='par_1_15' title="bbox 303 1437 1887 1512">
     <span class='ocr_line' id='line_1_15' title="bbox 303 1437 1887 1512; baseline 0.004 -22"><span class='ocrx_word' id='word_1_98' title='bbox 303 1439 368 1490; x_wconf 80' lang='grc' dir='ltr'><strong>τὸ</strong></span> <span class='ocrx_word' id='word_1_99' title='bbox 401 1437 595 1490; x_wconf 81' lang='grc' dir='ltr'><strong>καλόν.</strong></span> <span class='ocrx_word' id='word_1_100' title='bbox 644 1437 919 1506; x_wconf 80' lang='grc' dir='ltr'><strong>Ποτάμιον</strong></span> <span class='ocrx_word' id='word_1_101' title='bbox 948 1438 1056 1508; x_wconf 83' lang='grc' dir='ltr'><strong>γάρ</strong></span> <span class='ocrx_word' id='word_1_102' title='bbox 1085 1455 1138 1490; x_wconf 91' lang='grc' dir='ltr'><strong>τι</strong></span> <span class='ocrx_word' id='word_1_103' title='bbox 1189 1438 1354 1492; x_wconf 76' lang='grc' dir='ltr'><strong>αὑτοῦ</strong></span> <span class='ocrx_word' id='word_1_104' title='bbox 1407 1455 1510 1492; x_wconf 87' lang='grc' dir='ltr'><strong>που</strong></span> <span class='ocrx_word' id='word_1_105' title='bbox 1550 1442 1887 1512; x_wconf 66' lang='grc' dir='ltr'><strong>παραρρέον,</strong></span> 
     </span>
    </p>
   </div>
   <div class='ocr_carea' id='block_1_16' title="bbox 307 1525 1890 1598">
    <p class='ocr_par' dir='ltr' id='par_1_16' title="bbox 307 1525 1890 1598">
     <span class='ocr_line' id='line_1_16' title="bbox 307 1525 1890 1598; baseline 0.004 -18"><span class='ocrx_word' id='word_1_106' title='bbox 307 1528 438 1580; x_wconf 75' lang='grc' dir='ltr'><strong>ἔνθα</strong></span> <span class='ocrx_word' id='word_1_107' title='bbox 467 1528 501 1596; x_wconf 76' lang='grc' dir='ltr'>ἡ</span> <span class='ocrx_word' id='word_1_108' title='bbox 531 1527 744 1597; x_wconf 67' lang='grc' dir='ltr'><strong>δέησις,</strong></span> <span class='ocrx_word' id='word_1_109' title='bbox 769 1528 846 1590; x_wconf 84' lang='grc' dir='ltr'><strong>είς</strong></span> <span class='ocrx_word' id='word_1_110' title='bbox 873 1525 1015 1580; x_wconf 76' lang='grc' dir='ltr'>οἶνον</span> <span class='ocrx_word' id='word_1_111' title='bbox 1041 1529 1328 1598; x_wconf 66' lang='grc' dir='ltr'><strong>μετέϐαλε,</strong></span> <span class='ocrx_word' id='word_1_112' title='bbox 1366 1529 1599 1597; x_wconf 82' lang='grc' dir='ltr'><strong>σταυρὸν</strong></span> <span class='ocrx_word' id='word_1_113' title='bbox 1630 1532 1890 1596; x_wconf 84' lang='grc' dir='ltr'><strong>τυπώσας</strong></span> 
     </span>
    </p>
   </div>
   <div class='ocr_carea' id='block_1_17' title="bbox 307 1618 1886 1691">
    <p class='ocr_par' dir='ltr' id='par_1_17' title="bbox 307 1618 1886 1691">
     <span class='ocr_line' id='line_1_17' title="bbox 307 1618 1886 1691; baseline 0.001 -20"><span class='ocrx_word' id='word_1_114' title='bbox 307 1621 403 1671; x_wconf 78' lang='grc' dir='ltr'><strong>καὶ</strong></span> <span class='ocrx_word' id='word_1_115' title='bbox 460 1618 864 1687; x_wconf 69' lang='grc' dir='ltr'><strong>ἐπευξάμενος.</strong></span> <span class='ocrx_word' id='word_1_116' title='bbox 923 1619 985 1671; x_wconf 85' lang='lat' dir='ltr'><strong>El</strong></span> <span class='ocrx_word' id='word_1_117' title='bbox 1013 1619 1068 1672; x_wconf 84' lang='grc' dir='ltr'>δὲ</span> <span class='ocrx_word' id='word_1_118' title='bbox 1127 1620 1303 1690; x_wconf 77' lang='grc' dir='ltr'><strong>πέτρα</strong></span> <span class='ocrx_word' id='word_1_119' title='bbox 1331 1619 1640 1691; x_wconf 81' lang='grc' dir='ltr'><strong>παλαιτάτη</strong></span> <span class='ocrx_word' id='word_1_120' title='bbox 1701 1621 1886 1690; x_wconf 76' lang='grc' dir='ltr'><strong>ἐκείνη</strong></span> 
     </span>
    </p>
   </div>
   <div class='ocr_carea' id='block_1_18' title="bbox 309 1710 1891 1783">
    <p class='ocr_par' dir='ltr' id='par_1_18' title="bbox 309 1710 1891 1783">
     <span class='ocr_line' id='line_1_18' title="bbox 309 1710 1891 1783; baseline 0.003 -20"><span class='ocrx_word' id='word_1_121' title='bbox 309 1711 499 1781; x_wconf 68' lang='grc' dir='ltr'>ῥάϐδῳ</span> <span class='ocrx_word' id='word_1_122' title='bbox 558 1710 832 1778; x_wconf 79' lang='grc' dir='ltr'><strong>πληγεῖσα</strong></span> <span class='ocrx_word' id='word_1_123' title='bbox 882 1710 1028 1781; x_wconf 79' lang='grc' dir='ltr'>ὕδωρ</span> <span class='ocrx_word' id='word_1_124' title='bbox 1081 1711 1366 1782; x_wconf 69' lang='grc' dir='ltr'><strong>ἑξέρῥηξε,</strong></span> <span class='ocrx_word' id='word_1_125' title='bbox 1430 1712 1524 1765; x_wconf 89' lang='grc' dir='ltr'><strong>καί</strong></span> <span class='ocrx_word' id='word_1_126' title='bbox 1554 1729 1637 1775; x_wconf 90' lang='grc' dir='ltr'><strong>τις</strong></span> <span class='ocrx_word' id='word_1_127' title='bbox 1659 1715 1730 1783; x_wconf 84' lang='grc' dir='ltr'><strong>γῆ</strong></span> <span class='ocrx_word' id='word_1_128' title='bbox 1767 1713 1891 1783; x_wconf 83' lang='grc' dir='ltr'><strong>μέλι</strong></span> 
     </span>
    </p>
   </div>
   <div class='ocr_carea' id='block_1_19' title="bbox 306 1803 1892 1875">
    <p class='ocr_par' dir='ltr' id='par_1_19' title="bbox 306 1803 1892 1875">
     <span class='ocr_line' id='line_1_19' title="bbox 306 1803 1892 1875; baseline 0.003 -21"><span class='ocrx_word' id='word_1_129' title='bbox 306 1803 407 1856; x_wconf 79' lang='grc' dir='ltr'><strong>καὶ</strong></span> <span class='ocrx_word' id='word_1_130' title='bbox 430 1803 575 1869; x_wconf 72' lang='grc' dir='ltr'><strong>γάλα</strong></span> <span class='ocrx_word' id='word_1_131' title='bbox 595 1803 910 1873; x_wconf 72' lang='grc' dir='ltr'><strong>θαυμασίαν</strong></span> <span class='ocrx_word' id='word_1_132' title='bbox 934 1803 1100 1872; x_wconf 74' lang='grc' dir='ltr'><strong>ἔφηνε</strong></span> <span class='ocrx_word' id='word_1_133' title='bbox 1131 1806 1414 1875; x_wconf 74' lang='grc' dir='ltr'><strong>σύρροιαν,</strong></span> <span class='ocrx_word' id='word_1_134' title='bbox 1436 1804 1530 1858; x_wconf 78' lang='grc' dir='ltr'><strong>καὶ</strong></span> <span class='ocrx_word' id='word_1_135' title='bbox 1555 1805 1794 1875; x_wconf 79' lang='grc' dir='ltr'><strong>ποταμοὶ</strong></span> <span class='ocrx_word' id='word_1_136' title='bbox 1809 1805 1892 1870; x_wconf 84' lang='grc' dir='ltr'><strong>δὲ,</strong></span> 
     </span>
    </p>
   </div>
   <div class='ocr_carea' id='block_1_20' title="bbox 310 1885 1966 1968">
    <p class='ocr_par' dir='ltr' id='par_1_20' title="bbox 310 1885 1966 1968">
     <span class='ocr_line' id='line_1_20' title="bbox 310 1885 1966 1968; baseline 0.002 -22"><span class='ocrx_word' id='word_1_137' title='bbox 310 1896 363 1946; x_wconf 86' lang='grc' dir='ltr'>οἱ</span> <span class='ocrx_word' id='word_1_138' title='bbox 398 1894 496 1948; x_wconf 78' lang='grc' dir='ltr'><strong>καὶ</strong></span> <span class='ocrx_word' id='word_1_139' title='bbox 529 1893 688 1948; x_wconf 77' lang='grc' dir='ltr'><strong>αὐτοὶ</strong></span> <span class='ocrx_word' id='word_1_140' title='bbox 714 1899 999 1966; x_wconf 72' lang='grc' dir='ltr'><strong>γραφικοὶ,</strong></span> <span class='ocrx_word' id='word_1_141' title='bbox 1026 1900 1105 1958; x_wconf 78' lang='grc' dir='ltr'><strong>εἰς</strong></span> <span class='ocrx_word' id='word_1_142' title='bbox 1131 1891 1270 1965; x_wconf 74' lang='grc' dir='ltr'><strong>αἷμα</strong></span> <span class='ocrx_word' id='word_1_143' title='bbox 1302 1897 1726 1968; x_wconf 74' lang='grc' dir='ltr'><strong>μετετράτπισαν</strong></span> <span class='ocrx_word' id='word_1_144' title='bbox 1747 1915 1760 1928; x_wconf 86' lang='grc'><strong>·</strong></span> <span class='ocrx_word' id='word_1_145' title='bbox 1788 1915 1894 1950; x_wconf 81' lang='grc' dir='ltr'><strong>πα·</strong></span> <span class='ocrx_word' id='word_1_146' title='bbox 1924 1885 1966 1939; x_wconf 75' lang='grc' dir='ltr'><strong><em>Β</em></strong></span> 
     </span>
    </p>
   </div>
   <div class='ocr_carea' id='block_1_21' title="bbox 309 1987 1894 2058">
    <p class='ocr_par' dir='ltr' id='par_1_21' title="bbox 309 1987 1894 2058">
     <span class='ocr_line' id='line_1_21' title="bbox 309 1987 1894 2058; baseline 0.003 -19"><span class='ocrx_word' id='word_1_147' title='bbox 309 1987 635 2057; x_wconf 70' lang='grc' dir='ltr'><strong>ραπηκτὲον</strong></span> <span class='ocrx_word' id='word_1_148' title='bbox 660 1991 782 2050; x_wconf 79' lang='grc' dir='ltr'><strong>ταῖς</strong></span> <span class='ocrx_word' id='word_1_149' title='bbox 810 1989 1132 2058; x_wconf 77' lang='grc' dir='ltr'><strong>μεταϐολαῖς</strong></span> <span class='ocrx_word' id='word_1_150' title='bbox 1149 1990 1390 2053; x_wconf 69' lang='grc' dir='ltr'><strong>ἐκείναις</strong></span> <span class='ocrx_word' id='word_1_151' title='bbox 1410 1993 1502 2043; x_wconf 73' lang='grc' dir='ltr'><strong>καὶ</strong></span> <span class='ocrx_word' id='word_1_152' title='bbox 1535 1988 1679 2044; x_wconf 78' lang='grc' dir='ltr'>οἶνον</span> <span class='ocrx_word' id='word_1_153' title='bbox 1705 1991 1894 2046; x_wconf 90' lang='grc' dir='ltr'>τοῦτον</span> 
     </span>
    </p>
   </div>
   <div class='ocr_carea' id='block_1_22' title="bbox 306 2078 1892 2152">
    <p class='ocr_par' dir='ltr' id='par_1_22' title="bbox 306 2078 1892 2152">
     <span class='ocr_line' id='line_1_22' title="bbox 306 2078 1892 2152; baseline 0.004 -22"><span class='ocrx_word' id='word_1_154' title='bbox 306 2078 553 2148; x_wconf 86' lang='grc' dir='ltr'><strong>ποταμῷ</strong></span> <span class='ocrx_word' id='word_1_155' title='bbox 599 2078 892 2148; x_wconf 80' lang='grc' dir='ltr'><strong>ῥεύσαντα,</strong></span> <span class='ocrx_word' id='word_1_156' title='bbox 925 2079 987 2132; x_wconf 83' lang='grc' dir='ltr'><strong>οὐ</strong></span> <span class='ocrx_word' id='word_1_157' title='bbox 1037 2081 1314 2152; x_wconf 67' lang='grc' dir='ltr'><strong>σταφυλῆς</strong></span> <span class='ocrx_word' id='word_1_158' title='bbox 1341 2081 1504 2134; x_wconf 79' lang='grc' dir='ltr'><strong>αὐτὸν</strong></span> <span class='ocrx_word' id='word_1_159' title='bbox 1539 2080 1680 2151; x_wconf 75' lang='grc' dir='ltr'><strong>αἷμα</strong></span> <span class='ocrx_word' id='word_1_160' title='bbox 1701 2122 1716 2146; x_wconf 95' lang='grc'><strong>,</strong></span> <span class='ocrx_word' id='word_1_161' title='bbox 1747 2085 1892 2137; x_wconf 76' lang='grc' dir='ltr'><strong>εἴποι</strong></span> 
     </span>
    </p>
   </div>
   <div class='ocr_carea' id='block_1_23' title="bbox 304 2169 1893 2246">
    <p class='ocr_par' dir='ltr' id='par_1_23' title="bbox 304 2169 1893 2246">
     <span class='ocr_line' id='line_1_23' title="bbox 304 2169 1893 2246; baseline 0.003 -24"><span class='ocrx_word' id='word_1_162' title='bbox 304 2169 375 2222; x_wconf 79' lang='grc' dir='ltr'><strong>ἂν</strong></span> <span class='ocrx_word' id='word_1_163' title='bbox 396 2171 428 2221; x_wconf 80' lang='grc' dir='ltr'><strong>ὀ</strong></span> <span class='ocrx_word' id='word_1_164' title='bbox 453 2170 754 2238; x_wconf 76' lang='grc' dir='ltr'><strong>μωσαῖκῶς</strong></span> <span class='ocrx_word' id='word_1_165' title='bbox 781 2171 1114 2242; x_wconf 80' lang='grc' dir='ltr'><strong>ληνοσατῶν,</strong></span> <span class='ocrx_word' id='word_1_166' title='bbox 1138 2174 1320 2239; x_wconf 81' lang='grc' dir='ltr'><strong>δεξιᾶς</strong></span> <span class='ocrx_word' id='word_1_167' title='bbox 1342 2173 1672 2242; x_wconf 76' lang='grc' dir='ltr'><strong>δὲ’Υψίστου</strong></span> <span class='ocrx_word' id='word_1_168' title='bbox 1692 2175 1893 2246; x_wconf 80' lang='grc' dir='ltr'><strong>βροχὴν</strong></span> 
     </span>
    </p>
   </div>
   <div class='ocr_carea' id='block_1_24' title="bbox 305 2261 1894 2334">
    <p class='ocr_par' dir='ltr' id='par_1_24' title="bbox 305 2261 1894 2334">
     <span class='ocr_line' id='line_1_24' title="bbox 305 2261 1894 2334; baseline 0.004 -21"><span class='ocrx_word' id='word_1_169' title='bbox 305 2261 590 2326; x_wconf 69' lang='grc' dir='ltr'><strong>ἑκούσιον,</strong></span> <span class='ocrx_word' id='word_1_170' title='bbox 652 2263 1045 2334; x_wconf 76' lang='grc' dir='ltr'><strong>ἀφωρισμένην</strong></span> <span class='ocrx_word' id='word_1_171' title='bbox 1075 2266 1189 2326; x_wconf 79' lang='grc' dir='ltr'>τοῖς</span> <span class='ocrx_word' id='word_1_172' title='bbox 1227 2265 1510 2333; x_wconf 83' lang='grc' dir='ltr'><strong>δεομένοις</strong></span> <span class='ocrx_word' id='word_1_173' title='bbox 1541 2267 1747 2328; x_wconf 76' lang='grc' dir='ltr'><strong>αὐτοῖς.</strong></span> <span class='ocrx_word' id='word_1_174' title='bbox 1783 2267 1894 2319; x_wconf 80' lang='grc' dir='ltr'><strong>Καὶ</strong></span> 
     </span>
    </p>
   </div>
   <div class='ocr_carea' id='block_1_25' title="bbox 303 2351 1893 2423">
    <p class='ocr_par' dir='ltr' id='par_1_25' title="bbox 303 2351 1893 2423">
     <span class='ocr_line' id='line_1_25' title="bbox 303 2351 1893 2423; baseline 0.004 -20"><span class='ocrx_word' id='word_1_175' title='bbox 303 2351 372 2420; x_wconf 74' lang='grc' dir='ltr'>δὴ</span> <span class='ocrx_word' id='word_1_176' title='bbox 407 2353 718 2423; x_wconf 72' lang='grc' dir='ltr'><strong>θεωρητέον</strong></span> <span class='ocrx_word' id='word_1_177' title='bbox 747 2353 999 2418; x_wconf 77' lang='grc' dir='ltr'><strong>ἐνταῦθα,</strong></span> <span class='ocrx_word' id='word_1_178' title='bbox 1031 2355 1112 2407; x_wconf 82' lang='grc' dir='ltr'><strong>ὅτι</strong></span> <span class='ocrx_word' id='word_1_179' title='bbox 1139 2355 1275 2407; x_wconf 83' lang='grc' dir='ltr'>Θεοῦ</span> <span class='ocrx_word' id='word_1_180' title='bbox 1307 2355 1622 2419; x_wconf 81' lang='grc' dir='ltr'>δεδωκότος,</span> <span class='ocrx_word' id='word_1_181' title='bbox 1652 2355 1745 2409; x_wconf 90' lang='grc' dir='ltr'><strong>τοῦ</strong></span> <span class='ocrx_word' id='word_1_182' title='bbox 1785 2357 1893 2409; x_wconf 86' lang='grc' dir='ltr'><strong>τῶν</strong></span> 
     </span>
    </p>
   </div>
   <div class='ocr_carea' id='block_1_26' title="bbox 305 2441 1888 2516">
    <p class='ocr_par' dir='ltr' id='par_1_26' title="bbox 305 2441 1888 2516">
     <span class='ocr_line' id='line_1_26' title="bbox 305 2441 1888 2516; baseline 0.003 -22"><span class='ocrx_word' id='word_1_183' title='bbox 305 2441 666 2510; x_wconf 82' lang='grc' dir='ltr'><strong>θαυμασίων,</strong></span> <span class='ocrx_word' id='word_1_184' title='bbox 719 2445 813 2494; x_wconf 87' lang='grc' dir='ltr'><strong>τοῦ</strong></span> <span class='ocrx_word' id='word_1_185' title='bbox 844 2443 950 2496; x_wconf 83' lang='grc' dir='ltr'>τῶν</span> <span class='ocrx_word' id='word_1_186' title='bbox 977 2444 1246 2512; x_wconf 76' lang='grc' dir='ltr'>τεράτων,</span> <span class='ocrx_word' id='word_1_187' title='bbox 1282 2446 1376 2498; x_wconf 89' lang='grc' dir='ltr'>τοῦ</span> <span class='ocrx_word' id='word_1_188' title='bbox 1433 2446 1543 2498; x_wconf 86' lang='grc' dir='ltr'><strong>τῶν</strong></span> <span class='ocrx_word' id='word_1_189' title='bbox 1581 2447 1888 2516; x_wconf 82' lang='grc' dir='ltr'>δυνάμεων,</span> 
     </span>
    </p>
   </div>
   <div class='ocr_carea' id='block_1_27' title="bbox 302 2532 1894 2609">
    <p class='ocr_par' dir='ltr' id='par_1_27' title="bbox 302 2532 1894 2609">
     <span class='ocr_line' id='line_1_27' title="bbox 302 2532 1894 2609; baseline 0.005 -25"><span class='ocrx_word' id='word_1_190' title='bbox 302 2532 402 2585; x_wconf 81' lang='grc' dir='ltr'><strong>τοῦ</strong></span> <span class='ocrx_word' id='word_1_191' title='bbox 437 2536 541 2603; x_wconf 79' lang='grc' dir='ltr'><strong>τῆς</strong></span> <span class='ocrx_word' id='word_1_192' title='bbox 575 2534 859 2604; x_wconf 79' lang='grc' dir='ltr'><strong>ἀληθείας,</strong></span> <span class='ocrx_word' id='word_1_193' title='bbox 892 2535 999 2589; x_wconf 73' lang='grc' dir='ltr'>ἰδοῦ</span> <span class='ocrx_word' id='word_1_194' title='bbox 1022 2536 1210 2605; x_wconf 69' lang='grc' dir='ltr'><strong>θαῦμα</strong></span> <span class='ocrx_word' id='word_1_195' title='bbox 1237 2538 1396 2590; x_wconf 87' lang='grc' dir='ltr'>τοῦτο</span> <span class='ocrx_word' id='word_1_196' title='bbox 1429 2539 1612 2609; x_wconf 72' lang='grc' dir='ltr'>μεῖζόν</span> <span class='ocrx_word' id='word_1_197' title='bbox 1637 2557 1690 2592; x_wconf 87' lang='grc' dir='ltr'><strong>τι</strong></span> <span class='ocrx_word' id='word_1_198' title='bbox 1714 2539 1808 2592; x_wconf 86' lang='grc' dir='ltr'><strong>τοῦ</strong></span> <span class='ocrx_word' id='word_1_199' title='bbox 1833 2539 1894 2591; x_wconf 80' lang='grc' dir='ltr'><strong>ἐν</strong></span> 
     </span>
    </p>
   </div>
   <div class='ocr_carea' id='block_1_28' title="bbox 304 2625 1889 2701">
    <p class='ocr_par' dir='ltr' id='par_1_28' title="bbox 304 2625 1889 2701">
     <span class='ocr_line' id='line_1_28' title="bbox 304 2625 1889 2701; baseline 0.005 -25"><span class='ocrx_word' id='word_1_200' title='bbox 304 2625 495 2696; x_wconf 53' lang='lat' dir='ltr'><strong>lia-4;.</strong></span> <span class='ocrx_word' id='word_1_201' title='bbox 531 2625 786 2697; x_wconf 78' lang='grc' dir='ltr'><strong>καθάπερ</strong></span> <span class='ocrx_word' id='word_1_202' title='bbox 818 2627 979 2692; x_wconf 73' lang='grc' dir='ltr'><strong>αὐτὸς</strong></span> <span class='ocrx_word' id='word_1_203' title='bbox 1010 2629 1398 2699; x_wconf 67' lang='grc' dir='ltr'><strong>ἐπηγγείλατο.</strong></span> <span class='ocrx_word' id='word_1_204' title='bbox 1437 2630 1516 2684; x_wconf 79' lang='grc' dir='ltr'><strong>Οὐ</strong></span> <span class='ocrx_word' id='word_1_205' title='bbox 1561 2632 1710 2684; x_wconf 83' lang='grc' dir='ltr'><strong>πίθοι</strong></span> <span class='ocrx_word' id='word_1_206' title='bbox 1759 2631 1889 2701; x_wconf 80' lang='grc' dir='ltr'>γὰρ,</span> 
     </span>
    </p>
   </div>
   <div class='ocr_carea' id='block_1_29' title="bbox 301 2718 1892 2793">
    <p class='ocr_par' dir='ltr' id='par_1_29' title="bbox 301 2718 1892 2793">
     <span class='ocr_line' id='line_1_29' title="bbox 301 2718 1892 2793; baseline 0.005 -23"><span class='ocrx_word' id='word_1_207' title='bbox 301 2720 432 2772; x_wconf 72' lang='grc' dir='ltr'>οὐδὲ</span> <span class='ocrx_word' id='word_1_208' title='bbox 495 2718 784 2786; x_wconf 73' lang='grc' dir='ltr'><strong>πιθάκναι,</strong></span> <span class='ocrx_word' id='word_1_209' title='bbox 840 2721 960 2774; x_wconf 75' lang='grc' dir='ltr'>οὐδὲ</span> <span class='ocrx_word' id='word_1_210' title='bbox 1006 2723 1293 2793; x_wconf 80' lang='grc' dir='ltr'>ἀμφορεῖς,</span> <span class='ocrx_word' id='word_1_211' title='bbox 1349 2723 1469 2788; x_wconf 65' lang='grc' dir='ltr'>οὐδὲ</span> <span class='ocrx_word' id='word_1_212' title='bbox 1497 2723 1737 2791; x_wconf 79' lang='grc' dir='ltr'><strong>λάγυνοι,</strong></span> <span class='ocrx_word' id='word_1_213' title='bbox 1770 2724 1892 2778; x_wconf 78' lang='grc' dir='ltr'>οὐδὲ</span> 
     </span>
    </p>
   </div>
   <div class='ocr_carea' id='block_1_30' title="bbox 303 2808 1892 2884">
    <p class='ocr_par' dir='ltr' id='par_1_30' title="bbox 303 2808 1892 2884">
     <span class='ocr_line' id='line_1_30' title="bbox 303 2808 1892 2884; baseline 0.005 -24"><span class='ocrx_word' id='word_1_214' title='bbox 303 2808 483 2878; x_wconf 77' lang='grc' dir='ltr'><strong>βίκοι,</strong></span> <span class='ocrx_word' id='word_1_215' title='bbox 526 2812 805 2880; x_wconf 81' lang='grc' dir='ltr'><strong>ποτάμιον</strong></span> <span class='ocrx_word' id='word_1_216' title='bbox 846 2812 904 2864; x_wconf 74' lang='grc' dir='ltr'>δὲ</span> <span class='ocrx_word' id='word_1_217' title='bbox 937 2811 1056 2866; x_wconf 82' lang='grc' dir='ltr'><strong>ὅλον</strong></span> <span class='ocrx_word' id='word_1_218' title='bbox 1093 2814 1224 2882; x_wconf 71' lang='grc' dir='ltr'>οϊνῳ</span> <span class='ocrx_word' id='word_1_219' title='bbox 1279 2813 1471 2884; x_wconf 75' lang='grc' dir='ltr'><strong>βλύζον</strong></span> <span class='ocrx_word' id='word_1_220' title='bbox 1496 2814 1585 2868; x_wconf 78' lang='grc' dir='ltr'>διὰ</span> <span class='ocrx_word' id='word_1_221' title='bbox 1615 2813 1709 2868; x_wconf 84' lang='grc' dir='ltr'><strong>τοῦ</strong></span> <span class='ocrx_word' id='word_1_222' title='bbox 1739 2814 1892 2868; x_wconf 80' lang='grc' dir='ltr'><strong>Φιλοο</strong></span> 
     </span>
    </p>
   </div>
   <div class='ocr_carea' id='block_1_31' title="bbox 302 2900 1889 2976">
    <p class='ocr_par' dir='ltr' id='par_1_31' title="bbox 302 2900 1889 2976">
     <span class='ocr_line' id='line_1_31' title="bbox 302 2900 1889 2976; baseline 0.008 -24"><span class='ocrx_word' id='word_1_223' title='bbox 302 2900 460 2968; x_wconf 82' lang='grc' dir='ltr'><strong>θέον,</strong></span> <span class='ocrx_word' id='word_1_224' title='bbox 503 2905 771 2975; x_wconf 74' lang='grc' dir='ltr'><strong>προρῤἐει</strong></span> <span class='ocrx_word' id='word_1_225' title='bbox 810 2906 921 2969; x_wconf 81' lang='grc' dir='ltr'>τοῖς</span> <span class='ocrx_word' id='word_1_226' title='bbox 952 2905 1284 2976; x_wconf 80' lang='grc' dir='ltr'><strong>ἠξιωμένοις</strong></span> <span class='ocrx_word' id='word_1_227' title='bbox 1338 2905 1585 2961; x_wconf 80' lang='grc' dir='ltr'>τοιούτου</span> <span class='ocrx_word' id='word_1_228' title='bbox 1640 2906 1889 2976; x_wconf 83' lang='grc' dir='ltr'><strong>τέρατος.</strong></span> 
     </span>
    </p>
   </div>
   <div class='ocr_carea' id='block_1_32' title="bbox 303 2993 1888 3070">
    <p class='ocr_par' dir='ltr' id='par_1_32' title="bbox 303 2993 1888 3070">
     <span class='ocr_line' id='line_1_32' title="bbox 303 2993 1888 3070; baseline 0.003 -23"><span class='ocrx_word' id='word_1_229' title='bbox 303 2993 421 3049; x_wconf 67' lang='grc' dir='ltr'><strong>Καὶ</strong></span> <span class='ocrx_word' id='word_1_230' title='bbox 455 2994 624 3048; x_wconf 83' lang='grc' dir='ltr'>τοῦτο</span> <span class='ocrx_word' id='word_1_231' title='bbox 649 2997 749 3065; x_wconf 84' lang='grc' dir='ltr'><strong>μὲν</strong></span> <span class='ocrx_word' id='word_1_232' title='bbox 771 2996 915 3050; x_wconf 80' lang='grc' dir='ltr'>οὕτω</span> <span class='ocrx_word' id='word_1_233' title='bbox 943 2998 1082 3068; x_wconf 72' lang='grc' dir='ltr'><strong>πρὸς</strong></span> <span class='ocrx_word' id='word_1_234' title='bbox 1107 2999 1454 3070; x_wconf 81' lang='grc' dir='ltr'><strong>χρηστότητα</strong></span> <span class='ocrx_word' id='word_1_235' title='bbox 1480 3000 1888 3070; x_wconf 80' lang='grc' dir='ltr'><strong>συμποσιακήν.</strong></span> 
     </span>
    </p>
   </div>
   <div class='ocr_carea' id='block_1_33' title="bbox 380 3171 1890 3244">
    <p class='ocr_par' dir='ltr' id='par_1_33' title="bbox 380 3171 1890 3244">
     <span class='ocr_line' id='line_1_33' title="bbox 380 3171 1890 3244; baseline 0.002 -20"><span class='ocrx_word' id='word_1_236' title='bbox 380 3171 473 3241; x_wconf 76' lang='grc' dir='ltr'><strong>ιη’.</strong></span> <span class='ocrx_word' id='word_1_237' title='bbox 514 3173 670 3224; x_wconf 81' lang='grc' dir='ltr'><strong>Ἑπεὶ</strong></span> <span class='ocrx_word' id='word_1_238' title='bbox 700 3173 757 3226; x_wconf 81' lang='grc' dir='ltr'>δὲ</span> <span class='ocrx_word' id='word_1_239' title='bbox 811 3173 985 3244; x_wconf 85' lang='grc' dir='ltr'><strong>πολλὴ</strong></span> <span class='ocrx_word' id='word_1_240' title='bbox 1034 3174 1128 3226; x_wconf 78' lang='grc' dir='ltr'><strong>καὶ</strong></span> <span class='ocrx_word' id='word_1_241' title='bbox 1159 3173 1217 3228; x_wconf 77' lang='grc' dir='ltr'><strong>ὲν</strong></span> <span class='ocrx_word' id='word_1_242' title='bbox 1253 3175 1376 3235; x_wconf 83' lang='grc' dir='ltr'><strong>ταῖς</strong></span> <span class='ocrx_word' id='word_1_243' title='bbox 1415 3175 1890 3243; x_wconf 86' lang='grc' dir='ltr'><strong>θαυματουργίαις</strong></span> 
     </span>
    </p>
   </div>
   <div class='ocr_carea' id='block_1_34' title="bbox 299 3262 1892 3335">
    <p class='ocr_par' dir='ltr' id='par_1_34' title="bbox 299 3262 1892 3335">
     <span class='ocr_line' id='line_1_34' title="bbox 299 3262 1892 3335; baseline 0.001 -20"><span class='ocrx_word' id='word_1_244' title='bbox 299 3263 546 3332; x_wconf 71' lang='grc' dir='ltr'>διαφορὰ</span> <span class='ocrx_word' id='word_1_245' title='bbox 593 3265 717 3325; x_wconf 81' lang='grc' dir='ltr'><strong>ταῖς</strong></span> <span class='ocrx_word' id='word_1_246' title='bbox 766 3266 830 3315; x_wconf 82' lang='grc' dir='ltr'><strong>ἐκ</strong></span> <span class='ocrx_word' id='word_1_247' title='bbox 861 3265 968 3316; x_wconf 79' lang='grc' dir='ltr'><strong>τῶν</strong></span> <span class='ocrx_word' id='word_1_248' title='bbox 1000 3262 1093 3316; x_wconf 91' lang='grc' dir='ltr'><strong>τοῦ</strong></span> <span class='ocrx_word' id='word_1_249' title='bbox 1145 3263 1282 3315; x_wconf 83' lang='grc' dir='ltr'>Θεοῦ</span> <span class='ocrx_word' id='word_1_250' title='bbox 1326 3264 1498 3331; x_wconf 76' lang='grc' dir='ltr'><strong>ἁγίων</strong></span> <span class='ocrx_word' id='word_1_251' title='bbox 1531 3265 1620 3331; x_wconf 80' lang='grc' dir='ltr'><strong>(αἱ</strong></span> <span class='ocrx_word' id='word_1_252' title='bbox 1655 3266 1753 3328; x_wconf 78' lang='grc' dir='ltr'><strong>μὲν</strong></span> <span class='ocrx_word' id='word_1_253' title='bbox 1783 3265 1892 3335; x_wconf 86' lang='grc' dir='ltr'><strong>γὰρ</strong></span> 
     </span>
    </p>
   </div>
   <div class='ocr_carea' id='block_1_35' title="bbox 299 3357 1892 3426">
    <p class='ocr_par' dir='ltr' id='par_1_35' title="bbox 299 3357 1892 3426">
     <span class='ocr_line' id='line_1_35' title="bbox 299 3357 1892 3426; baseline 0.001 -18"><span class='ocrx_word' id='word_1_254' title='bbox 299 3357 490 3409; x_wconf 84' lang='grc' dir='ltr'><strong>αὐτῶν</strong></span> <span class='ocrx_word' id='word_1_255' title='bbox 544 3357 891 3423; x_wconf 71' lang='grc' dir='ltr'><strong>ὑγιαζουσιν,</strong></span> <span class='ocrx_word' id='word_1_256' title='bbox 943 3359 997 3410; x_wconf 80' lang='grc' dir='ltr'><strong>αἱ</strong></span> <span class='ocrx_word' id='word_1_257' title='bbox 1026 3357 1080 3409; x_wconf 80' lang='grc' dir='ltr'>δὲ</span> <span class='ocrx_word' id='word_1_258' title='bbox 1108 3358 1390 3426; x_wconf 80' lang='grc' dir='ltr'><strong>τρέφουσι,</strong></span> <span class='ocrx_word' id='word_1_259' title='bbox 1450 3358 1593 3420; x_wconf 83' lang='grc' dir='ltr'><strong>τινὲς</strong></span> <span class='ocrx_word' id='word_1_260' title='bbox 1628 3358 1685 3410; x_wconf 82' lang='grc' dir='ltr'>δὲ</span> <span class='ocrx_word' id='word_1_261' title='bbox 1715 3359 1808 3410; x_wconf 72' lang='grc' dir='ltr'><strong>καὶ</strong></span> <span class='ocrx_word' id='word_1_262' title='bbox 1831 3357 1892 3409; x_wconf 81' lang='grc' dir='ltr'>τὸ</span> 
     </span>
    </p>
   </div>
   <div class='ocr_carea' id='block_1_36' title="bbox 297 3449 1892 3519">
    <p class='ocr_par' dir='ltr' id='par_1_36' title="bbox 297 3449 1892 3519">
     <span class='ocr_line' id='line_1_36' title="bbox 297 3449 1892 3519; baseline 0.001 -17"><span class='ocrx_word' id='word_1_263' title='bbox 297 3449 486 3511; x_wconf 75' lang='grc' dir='ltr'><strong>ἄλλως</strong></span> <span class='ocrx_word' id='word_1_264' title='bbox 532 3449 718 3502; x_wconf 73' lang='grc' dir='ltr'><strong>ἐνδέον</strong></span> <span class='ocrx_word' id='word_1_265' title='bbox 773 3449 1207 3519; x_wconf 70' lang='grc' dir='ltr'><strong>ἀναπληροῦσιν,</strong></span> <span class='ocrx_word' id='word_1_266' title='bbox 1261 3452 1350 3503; x_wconf 82' lang='grc' dir='ltr'><strong>ὅτε</strong></span> <span class='ocrx_word' id='word_1_267' title='bbox 1381 3451 1527 3513; x_wconf 81' lang='grc' dir='ltr'><strong>τινὲς</strong></span> <span class='ocrx_word' id='word_1_268' title='bbox 1557 3452 1788 3514; x_wconf 83' lang='grc' dir='ltr'>δέονται,</span> <span class='ocrx_word' id='word_1_269' title='bbox 1823 3450 1892 3503; x_wconf 77' lang='grc' dir='ltr'><strong>τὰ</strong></span> 
     </span>
    </p>
   </div>
   <div class='ocr_carea' id='block_1_37' title="bbox 303 3541 1892 3611">
    <p class='ocr_par' dir='ltr' id='par_1_37' title="bbox 303 3541 1892 3611">
     <span class='ocr_line' id='line_1_37' title="bbox 303 3541 1892 3611; baseline 0.001 -19"><span class='ocrx_word' id='word_1_270' title='bbox 303 3541 408 3610; x_wconf 73' lang='grc' dir='ltr'><strong>μὲν</strong></span> <span class='ocrx_word' id='word_1_271' title='bbox 434 3543 782 3608; x_wconf 71' lang='grc' dir='ltr'><strong>ἀπάγουσαι,</strong></span> <span class='ocrx_word' id='word_1_272' title='bbox 826 3541 892 3593; x_wconf 73' lang='grc' dir='ltr'><strong>τὰ</strong></span> <span class='ocrx_word' id='word_1_273' title='bbox 919 3543 975 3594; x_wconf 80' lang='grc' dir='ltr'>δὲ</span> <span class='ocrx_word' id='word_1_274' title='bbox 1010 3542 1383 3611; x_wconf 69' lang='grc' dir='ltr'><strong>παράγουσαι,</strong></span> <span class='ocrx_word' id='word_1_275' title='bbox 1414 3541 1528 3594; x_wconf 76' lang='grc' dir='ltr'><strong>ἐστι</strong></span> <span class='ocrx_word' id='word_1_276' title='bbox 1559 3542 1604 3594; x_wconf 86' lang='grc' dir='ltr'>δ’</span> <span class='ocrx_word' id='word_1_277' title='bbox 1638 3542 1724 3593; x_wconf 79' lang='grc' dir='ltr'><strong>ὅτε</strong></span> <span class='ocrx_word' id='word_1_278' title='bbox 1758 3543 1892 3593; x_wconf 84' lang='grc' dir='ltr'><strong>ἀπο-</strong></span> 
     </span>
    </p>
   </div>
   <div class='ocr_carea' id='block_1_38' title="bbox 299 3633 1888 3704">
    <p class='ocr_par' dir='ltr' id='par_1_38' title="bbox 299 3633 1888 3704">
     <span class='ocr_line' id='line_1_38' title="bbox 299 3633 1888 3704; baseline 0.001 -18"><span class='ocrx_word' id='word_1_279' title='bbox 299 3635 638 3703; x_wconf 71' lang='grc' dir='ltr'><strong>τελούμεναι</strong></span> <span class='ocrx_word' id='word_1_280' title='bbox 671 3639 768 3686; x_wconf 81' lang='grc' dir='ltr'><strong>καὶ</strong></span> <span class='ocrx_word' id='word_1_281' title='bbox 791 3634 928 3703; x_wconf 81' lang='grc' dir='ltr'><strong>πρὸς</strong></span> <span class='ocrx_word' id='word_1_282' title='bbox 961 3634 1124 3702; x_wconf 72' lang='grc' dir='ltr'>φόϐον</span> <span class='ocrx_word' id='word_1_283' title='bbox 1165 3635 1256 3686; x_wconf 73' lang='grc' dir='ltr'><strong>καὶ</strong></span> <span class='ocrx_word' id='word_1_284' title='bbox 1283 3633 1569 3704; x_wconf 78' lang='grc' dir='ltr'><strong>ἔκπληξιν,</strong></span> <span class='ocrx_word' id='word_1_285' title='bbox 1603 3636 1762 3686; x_wconf 82' lang='grc' dir='ltr'><strong>ὁποία</strong></span> <span class='ocrx_word' id='word_1_286' title='bbox 1794 3635 1888 3687; x_wconf 81' lang='grc' dir='ltr'><strong>καὶ</strong></span> 
     </span>
    </p>
   </div>
   <div class='ocr_carea' id='block_1_39' title="bbox 299 3720 1888 3796">
    <p class='ocr_par' dir='ltr' id='par_1_39' title="bbox 299 3720 1888 3796">
     <span class='ocr_line' id='line_1_39' title="bbox 299 3720 1888 3796; baseline 0.001 -19"><span class='ocrx_word' id='word_1_287' title='bbox 299 3727 334 3794; x_wconf 77' lang='grc' dir='ltr'><strong>ὴ</strong></span> <span class='ocrx_word' id='word_1_288' title='bbox 367 3727 470 3796; x_wconf 77' lang='grc' dir='ltr'><strong>τῆς</strong></span> <span class='ocrx_word' id='word_1_289' title='bbox 491 3725 894 3796; x_wconf 81' lang='grc' dir='ltr'><strong>κατηραμένης</strong></span> <span class='ocrx_word' id='word_1_290' title='bbox 929 3726 1124 3794; x_wconf 81' lang='grc' dir='ltr'><strong>συκῆς,</strong></span> <span class='ocrx_word' id='word_1_291' title='bbox 1155 3724 1221 3777; x_wconf 88' lang='grc' dir='ltr'><strong>δι’</strong></span> <span class='ocrx_word' id='word_1_292' title='bbox 1256 3720 1323 3796; x_wconf 80' lang='grc' dir='ltr'><strong>ἧς</strong></span> <span class='ocrx_word' id='word_1_293' title='bbox 1356 3725 1416 3777; x_wconf 76' lang='grc' dir='ltr'><strong>τὸ</strong></span> <span class='ocrx_word' id='word_1_294' title='bbox 1461 3725 1753 3777; x_wconf 66' lang='grc' dir='ltr'><strong>Ἰουδαϊκὸν</strong></span> <span class='ocrx_word' id='word_1_295' title='bbox 1785 3725 1888 3792; x_wconf 81' lang='grc' dir='ltr'><strong>φῦ-</strong></span> 
     </span>
    </p>
   </div>
   <div class='ocr_carea' id='block_1_40' title="bbox 299 3815 1890 3884">
    <p class='ocr_par' dir='ltr' id='par_1_40' title="bbox 299 3815 1890 3884">
     <span class='ocr_line' id='line_1_40' title="bbox 299 3815 1890 3884; baseline -0.001 -14"><span class='ocrx_word' id='word_1_296' title='bbox 299 3819 416 3879; x_wconf 89' lang='grc' dir='ltr'><strong>λον,</strong></span> <span class='ocrx_word' id='word_1_297' title='bbox 453 3816 552 3869; x_wconf 77' lang='grc' dir='ltr'><strong>καὶ</strong></span> <span class='ocrx_word' id='word_1_298' title='bbox 574 3817 704 3869; x_wconf 87' lang='grc' dir='ltr'><strong>ὅσον</strong></span> <span class='ocrx_word' id='word_1_299' title='bbox 724 3817 781 3869; x_wconf 79' lang='grc' dir='ltr'>δὲ</span> <span class='ocrx_word' id='word_1_300' title='bbox 811 3816 939 3869; x_wconf 77' lang='grc' dir='ltr'><strong>ἄλλο</strong></span> <span class='ocrx_word' id='word_1_301' title='bbox 958 3816 1219 3879; x_wconf 84' lang='grc' dir='ltr'>τοιοῦτον,</span> <span class='ocrx_word' id='word_1_302' title='bbox 1253 3818 1352 3884; x_wconf 80' lang='grc' dir='ltr'><strong>τὴν</strong></span> <span class='ocrx_word' id='word_1_303' title='bbox 1377 3816 1472 3869; x_wconf 90' lang='grc' dir='ltr'>τοῦ</span> <span class='ocrx_word' id='word_1_304' title='bbox 1496 3815 1632 3869; x_wconf 86' lang='grc' dir='ltr'><strong>Θεοῦ</strong></span> <span class='ocrx_word' id='word_1_305' title='bbox 1658 3815 1890 3880; x_wconf 78' lang='grc' dir='ltr'><strong>ἐξεπλά-</strong></span> 
     </span>
    </p>
   </div>
   <div class='ocr_carea' id='block_1_41' title="bbox 299 3906 1886 3978">
    <p class='ocr_par' dir='ltr' id='par_1_41' title="bbox 299 3906 1886 3978">
     <span class='ocr_line' id='line_1_41' title="bbox 299 3906 1886 3978; baseline -0.001 -17"><span class='ocrx_word' id='word_1_306' title='bbox 299 3925 374 3978; x_wconf 83' lang='grc' dir='ltr'><strong>γη</strong></span> <span class='ocrx_word' id='word_1_307' title='bbox 400 3909 667 3977; x_wconf 74' lang='grc' dir='ltr'><strong>δύναμιν,</strong></span> <span class='ocrx_word' id='word_1_308' title='bbox 705 3908 780 3970; x_wconf 86' lang='grc' dir='ltr'><strong>ὡς</strong></span> <span class='ocrx_word' id='word_1_309' title='bbox 815 3907 889 3978; x_wconf 79' lang='grc' dir='ltr'><strong>μὴ</strong></span> <span class='ocrx_word' id='word_1_310' title='bbox 932 3909 1092 3976; x_wconf 75' lang='grc' dir='ltr'>μόνον</span> <span class='ocrx_word' id='word_1_311' title='bbox 1131 3906 1546 3974; x_wconf 72' lang='grc' dir='ltr'>ζωογονοῦντος,</span> <span class='ocrx_word' id='word_1_312' title='bbox 1596 3906 1732 3959; x_wconf 74' lang='grc' dir='ltr'><strong>ἀλλὰ</strong></span> <span class='ocrx_word' id='word_1_313' title='bbox 1791 3908 1886 3959; x_wconf 84' lang='grc' dir='ltr'><strong>καὶ</strong></span> 
     </span>
    </p>
   </div>
   <div class='ocr_carea' id='block_1_42' title="bbox 300 3997 1886 4068">
    <p class='ocr_par' dir='ltr' id='par_1_42' title="bbox 300 3997 1886 4068">
     <span class='ocr_line' id='line_1_42' title="bbox 300 3997 1886 4068; baseline -0.002 -16"><span class='ocrx_word' id='word_1_314' title='bbox 300 3999 576 4052; x_wconf 81' lang='grc' dir='ltr'><strong>θανατοῦν</strong></span> <span class='ocrx_word' id='word_1_315' title='bbox 636 3998 962 4068; x_wconf 82' lang='grc' dir='ltr'><strong>δυναμένου,</strong></span> <span class='ocrx_word' id='word_1_316' title='bbox 1028 3997 1161 4068; x_wconf 78' lang='grc' dir='ltr'><strong>μηδὲ</strong></span> <span class='ocrx_word' id='word_1_317' title='bbox 1193 4000 1351 4067; x_wconf 73' lang='grc' dir='ltr'>μόνον</span> <span class='ocrx_word' id='word_1_318' title='bbox 1389 3999 1449 4049; x_wconf 80' lang='grc' dir='ltr'>τὺ</span> <span class='ocrx_word' id='word_1_319' title='bbox 1490 3997 1632 4051; x_wconf 75' lang='grc' dir='ltr'><strong>κατὰ</strong></span> <span class='ocrx_word' id='word_1_320' title='bbox 1672 3999 1886 4066; x_wconf 83' lang='grc' dir='ltr'><strong>ὑγίειαν</strong></span> 
     </span>
    </p>
   </div>
   <div class='ocr_carea' id='block_1_43' title="bbox 298 4087 1884 4158">
    <p class='ocr_par' dir='ltr' id='par_1_43' title="bbox 298 4087 1884 4158">
     <span class='ocr_line' id='line_1_43' title="bbox 298 4087 1884 4158; baseline -0.003 -17"><span class='ocrx_word' id='word_1_321' title='bbox 298 4089 474 4157; x_wconf 78' lang='grc' dir='ltr'><strong>ὖγρόν</strong></span> <span class='ocrx_word' id='word_1_322' title='bbox 503 4087 898 4158; x_wconf 80' lang='grc' dir='ltr'><strong>χορηγοῦντος,</strong></span> <span class='ocrx_word' id='word_1_323' title='bbox 920 4087 1054 4140; x_wconf 77' lang='grc' dir='ltr'><strong>ἀλλὰ</strong></span> <span class='ocrx_word' id='word_1_324' title='bbox 1077 4087 1171 4139; x_wconf 73' lang='grc' dir='ltr'><strong>καὶ</strong></span> <span class='ocrx_word' id='word_1_325' title='bbox 1192 4087 1697 4156; x_wconf 74' lang='grc' dir='ltr'><strong>ἀποξηραίνοντος).</strong></span> <span class='ocrx_word' id='word_1_326' title='bbox 1722 4088 1884 4156; x_wconf 80' lang='grc' dir='ltr'><strong>ἐνήρ-</strong></span> 
     </span>
    </p>
   </div>
   <div class='ocr_carea' id='block_1_44' title="bbox 298 4178 1885 4252">
    <p class='ocr_par' dir='ltr' id='par_1_44' title="bbox 298 4178 1885 4252">
     <span class='ocr_line' id='line_1_44' title="bbox 298 4178 1885 4252; baseline -0.002 -18"><span class='ocrx_word' id='word_1_327' title='bbox 298 4200 442 4252; x_wconf 81' lang='grc' dir='ltr'><strong>γησε</strong></span> <span class='ocrx_word' id='word_1_328' title='bbox 472 4180 676 4251; x_wconf 89' lang='grc' dir='ltr'><strong>καιροῦ</strong></span> <span class='ocrx_word' id='word_1_329' title='bbox 700 4181 987 4242; x_wconf 85' lang='grc' dir='ltr'><strong>λαλοῦντος</strong></span> <span class='ocrx_word' id='word_1_330' title='bbox 1012 4181 1148 4233; x_wconf 74' lang='grc' dir='ltr'><strong>καὶὸ</strong></span> <span class='ocrx_word' id='word_1_331' title='bbox 1165 4180 1415 4242; x_wconf 82' lang='grc' dir='ltr'><strong>Φιλόθεος</strong></span> <span class='ocrx_word' id='word_1_332' title='bbox 1439 4179 1644 4249; x_wconf 85' lang='grc' dir='ltr'><strong>θαῦμα,</strong></span> <span class='ocrx_word' id='word_1_333' title='bbox 1680 4178 1885 4233; x_wconf 81' lang='grc' dir='ltr'><strong>σκοποῦ</strong></span> 
     </span>
    </p>
   </div>
   <div class='ocr_carea' id='block_1_45' title="bbox 297 4272 1888 4344">
    <p class='ocr_par' dir='ltr' id='par_1_45' title="bbox 297 4272 1888 4344">
     <span class='ocr_line' id='line_1_45' title="bbox 297 4272 1888 4344; baseline -0.003 -14"><span class='ocrx_word' id='word_1_334' title='bbox 297 4294 450 4340; x_wconf 89' lang='grc' dir='ltr'><strong>τινος</strong></span> <span class='ocrx_word' id='word_1_335' title='bbox 478 4276 730 4330; x_wconf 72' lang='grc' dir='ltr'>τοιούτου</span> <span class='ocrx_word' id='word_1_336' title='bbox 765 4274 1020 4344; x_wconf 75' lang='grc' dir='ltr'><strong>ἐχόμενον</strong></span> <span class='ocrx_word' id='word_1_337' title='bbox 1041 4290 1056 4304; x_wconf 78' lang='grc' dir='ltr'><strong><em>ο</em></strong></span> <span class='ocrx_word' id='word_1_338' title='bbox 1089 4274 1253 4326; x_wconf 78' lang='grc' dir='ltr'><strong>Λίθον</strong></span> <span class='ocrx_word' id='word_1_339' title='bbox 1284 4273 1390 4342; x_wconf 77' lang='grc' dir='ltr'><strong>γὰρ</strong></span> <span class='ocrx_word' id='word_1_340' title='bbox 1439 4272 1565 4326; x_wconf 76' lang='grc' dir='ltr'>οὔτε</span> <span class='ocrx_word' id='word_1_341' title='bbox 1603 4274 1760 4343; x_wconf 69' lang='grc' dir='ltr'><strong>χερσὶ</strong></span> <span class='ocrx_word' id='word_1_342' title='bbox 1791 4273 1888 4342; x_wconf 83' lang='grc' dir='ltr'><strong>λη-</strong></span> 
     </span>
    </p>
   </div>
   <div class='ocr_carea' id='block_1_46' title="bbox 299 4360 1885 4438">
    <p class='ocr_par' dir='ltr' id='par_1_46' title="bbox 299 4360 1885 4438">
     <span class='ocr_line' id='line_1_46' title="bbox 299 4360 1885 4438; baseline -0.004 -14"><span class='ocrx_word' id='word_1_343' title='bbox 299 4370 462 4434; x_wconf 79' lang='grc' dir='ltr'><strong>πτὸν,</strong></span> <span class='ocrx_word' id='word_1_344' title='bbox 498 4368 625 4422; x_wconf 79' lang='grc' dir='ltr'><strong>οὔτε</strong></span> <span class='ocrx_word' id='word_1_345' title='bbox 657 4366 828 4438; x_wconf 78' lang='grc' dir='ltr'><strong>ὤμοις</strong></span> <span class='ocrx_word' id='word_1_346' title='bbox 854 4366 1107 4436; x_wconf 72' lang='grc' dir='ltr'>φορητὸν,</span> <span class='ocrx_word' id='word_1_347' title='bbox 1135 4363 1260 4417; x_wconf 77' lang='grc' dir='ltr'>οὔτε</span> <span class='ocrx_word' id='word_1_348' title='bbox 1292 4360 1404 4417; x_wconf 76' lang='grc' dir='ltr'>οἷον</span> <span class='ocrx_word' id='word_1_349' title='bbox 1429 4365 1885 4428; x_wconf 71' lang='grc' dir='ltr'><strong>κυλίεσθαι,ἀλλὰ</strong></span> 
     </span>
    </p>
   </div>
   <div class='ocr_carea' id='block_1_47' title="bbox 300 4456 1882 4532">
    <p class='ocr_par' dir='ltr' id='par_1_47' title="bbox 300 4456 1882 4532">
     <span class='ocr_line' id='line_1_47' title="bbox 300 4456 1882 4532; baseline -0.005 -14"><span class='ocrx_word' id='word_1_350' title='bbox 300 4467 403 4532; x_wconf 75' lang='grc' dir='ltr'><strong>γῆς</strong></span> <span class='ocrx_word' id='word_1_351' title='bbox 439 4461 613 4532; x_wconf 77' lang='grc' dir='ltr'><strong>ἄχθος</strong></span> <span class='ocrx_word' id='word_1_352' title='bbox 666 4456 825 4525; x_wconf 71' lang='grc' dir='ltr'><strong>εἶναι,</strong></span> <span class='ocrx_word' id='word_1_353' title='bbox 867 4457 956 4510; x_wconf 82' lang='grc' dir='ltr'><strong>καί</strong></span> <span class='ocrx_word' id='word_1_354' title='bbox 999 4475 1050 4510; x_wconf 83' lang='grc' dir='ltr'><strong>τι</strong></span> <span class='ocrx_word' id='word_1_355' title='bbox 1084 4459 1177 4509; x_wconf 61' lang='grc' dir='ltr'><strong>καὶ⁹</strong></span> <span class='ocrx_word' id='word_1_356' title='bbox 1211 4456 1491 4526; x_wconf 80' lang='grc' dir='ltr'><strong>βλάπτειν,</strong></span> <span class='ocrx_word' id='word_1_357' title='bbox 1513 4457 1671 4509; x_wconf 81' lang='grc' dir='ltr'><strong>ὁποῖα</strong></span> <span class='ocrx_word' id='word_1_358' title='bbox 1710 4457 1882 4510; x_wconf 69' lang='grc' dir='ltr'><strong>πολλὰ</strong></span> 
     </span>
    </p>
   </div>
   <div class='ocr_carea' id='block_1_48' title="bbox 2001 618 3570 696">
    <p class='ocr_par' dir='ltr' id='par_1_48' title="bbox 2001 618 3570 696">
     <span class='ocr_line' id='line_1_48' title="bbox 2001 618 3570 696; baseline -0.004 -19"><span class='ocrx_word' id='word_1_359' title='bbox 2001 624 2374 688; x_wconf 75' lang='lat' dir='ltr'><strong>continebant,</strong></span> <span class='ocrx_word' id='word_1_360' title='bbox 2412 625 2505 679; x_wconf 90' lang='lat' dir='ltr'><strong>sed</strong></span> <span class='ocrx_word' id='word_1_361' title='bbox 2533 639 2752 696; x_wconf 86' lang='lat' dir='ltr'><strong>prorsus</strong></span> <span class='ocrx_word' id='word_1_362' title='bbox 2783 638 2954 679; x_wconf 81' lang='lat' dir='ltr'><strong>vacua</strong></span> <span class='ocrx_word' id='word_1_363' title='bbox 2977 628 3153 683; x_wconf 86' lang='lat' dir='ltr'><strong>erant,</strong></span> <span class='ocrx_word' id='word_1_364' title='bbox 3193 619 3299 673; x_wconf 87' lang='lat' dir='ltr'><strong>illis</strong></span> <span class='ocrx_word' id='word_1_365' title='bbox 3325 620 3415 688; x_wconf 89' lang='lat' dir='ltr'><strong>qui</strong></span> <span class='ocrx_word' id='word_1_366' title='bbox 3451 618 3570 671; x_wconf 87' lang='lat' dir='ltr'><strong>ino-</strong></span> 
     </span>
    </p>
   </div>
   <div class='ocr_carea' id='block_1_49' title="bbox 1999 711 3574 785">
    <p class='ocr_par' dir='ltr' id='par_1_49' title="bbox 1999 711 3574 785">
     <span class='ocr_line' id='line_1_49' title="bbox 1999 711 3574 785; baseline -0.004 -17"><span class='ocrx_word' id='word_1_367' title='bbox 1999 715 2086 785; x_wconf 89' lang='lat' dir='ltr'><strong>pia</strong></span> <span class='ocrx_word' id='word_1_368' title='bbox 2112 715 2441 782; x_wconf 90' lang='lat' dir='ltr'><strong>laborarent,</strong></span> <span class='ocrx_word' id='word_1_369' title='bbox 2469 731 2574 771; x_wconf 91' lang='lat' dir='ltr'><strong>non</strong></span> <span class='ocrx_word' id='word_1_370' title='bbox 2605 715 2783 771; x_wconf 85' lang='lat' dir='ltr'><strong>solum</strong></span> <span class='ocrx_word' id='word_1_371' title='bbox 2843 714 3175 769; x_wconf 79' lang='lat' dir='ltr'><strong>frumentum</strong></span> <span class='ocrx_word' id='word_1_372' title='bbox 3211 711 3432 781; x_wconf 77' lang='lat' dir='ltr'><strong>egessit,</strong></span> <span class='ocrx_word' id='word_1_373' title='bbox 3479 711 3574 762; x_wconf 87' lang='lat' dir='ltr'><strong>sed</strong></span> 
     </span>
    </p>
   </div>
   <div class='ocr_carea' id='block_1_50' title="bbox 1998 801 3576 875">
    <p class='ocr_par' dir='ltr' id='par_1_50' title="bbox 1998 801 3576 875">
     <span class='ocr_line' id='line_1_50' title="bbox 1998 801 3576 875; baseline -0.006 -14"><span class='ocrx_word' id='word_1_374' title='bbox 1998 807 2160 862; x_wconf 91' lang='lat' dir='ltr'><strong>etiam</strong></span> <span class='ocrx_word' id='word_1_375' title='bbox 2193 808 2258 861; x_wconf 90' lang='lat' dir='ltr'><strong>ad</strong></span> <span class='ocrx_word' id='word_1_376' title='bbox 2282 808 2453 862; x_wconf 89' lang='lat' dir='ltr'><strong>instar</strong></span> <span class='ocrx_word' id='word_1_377' title='bbox 2471 807 2716 862; x_wconf 85' lang='lat' dir='ltr'><strong>miraculi</strong></span> <span class='ocrx_word' id='word_1_378' title='bbox 2737 805 2878 875; x_wconf 87' lang='lat' dir='ltr'><strong>quod</strong></span> <span class='ocrx_word' id='word_1_379' title='bbox 2903 805 3198 861; x_wconf 92' lang='lat' dir='ltr'><strong>secundum</strong></span> <span class='ocrx_word' id='word_1_380' title='bbox 3229 801 3576 870; x_wconf 79' lang='lat' dir='ltr'><strong>Evangeliutn</strong></span> 
     </span>
    </p>
   </div>
   <div class='ocr_carea' id='block_1_51' title="bbox 1998 893 3584 965">
    <p class='ocr_par' dir='ltr' id='par_1_51' title="bbox 1998 893 3584 965">
     <span class='ocr_line' id='line_1_51' title="bbox 1998 893 3584 965; baseline -0.004 -11"><span class='ocrx_word' id='word_1_381' title='bbox 1998 898 2160 954; x_wconf 75' lang='lat' dir='ltr'><strong>Canae</strong></span> <span class='ocrx_word' id='word_1_382' title='bbox 2181 902 2386 963; x_wconf 81' lang='lat' dir='ltr'><strong>evenit,</strong></span> <span class='ocrx_word' id='word_1_383' title='bbox 2415 899 2600 953; x_wconf 88' lang='lat' dir='ltr'><strong>vinum</strong></span> <span class='ocrx_word' id='word_1_384' title='bbox 2638 898 2787 962; x_wconf 77' lang='lat' dir='ltr'><strong>fecit,</strong></span> <span class='ocrx_word' id='word_1_385' title='bbox 2821 899 2896 952; x_wconf 90' lang='lat' dir='ltr'><strong>ita</strong></span> <span class='ocrx_word' id='word_1_386' title='bbox 2931 906 2990 950; x_wconf 91' lang='grc' dir='ltr'><strong>ιιι</strong></span> <span class='ocrx_word' id='word_1_387' title='bbox 3030 911 3327 965; x_wconf 90' lang='lat' dir='ltr'><strong>pauperum</strong></span> <span class='ocrx_word' id='word_1_388' title='bbox 3370 893 3584 947; x_wconf 85' lang='lat' dir='ltr'><strong>animos</strong></span> 
     </span>
    </p>
   </div>
   <div class='ocr_carea' id='block_1_52' title="bbox 1999 985 3578 1059">
    <p class='ocr_par' dir='ltr' id='par_1_52' title="bbox 1999 985 3578 1059">
     <span class='ocr_line' id='line_1_52' title="bbox 1999 985 3578 1059; baseline -0.005 -15"><span class='ocrx_word' id='word_1_389' title='bbox 1999 1006 2137 1059; x_wconf 85' lang='lat' dir='ltr'><strong>pane</strong></span> <span class='ocrx_word' id='word_1_390' title='bbox 2165 993 2562 1055; x_wconf 90' lang='lat' dir='ltr'><strong>corroborarel,</strong></span> <span class='ocrx_word' id='word_1_391' title='bbox 2582 991 2707 1044; x_wconf 91' lang='lat' dir='ltr'><strong>vino</strong></span> <span class='ocrx_word' id='word_1_392' title='bbox 2737 1000 2916 1045; x_wconf 84' lang='lat' dir='ltr'><strong>autem</strong></span> <span class='ocrx_word' id='word_1_393' title='bbox 2945 989 3264 1042; x_wconf 80' lang='lat' dir='ltr'><strong>laetiﬁcaret.</strong></span> <span class='ocrx_word' id='word_1_394' title='bbox 3286 985 3578 1039; x_wconf 84' lang='lat' dir='ltr'><strong>Narratum</strong></span> 
     </span>
    </p>
   </div>
   <div class='ocr_carea' id='block_1_53' title="bbox 1999 1076 3579 1150">
    <p class='ocr_par' dir='ltr' id='par_1_53' title="bbox 1999 1076 3579 1150">
     <span class='ocr_line' id='line_1_53' title="bbox 1999 1076 3579 1150; baseline -0.006 -14"><span class='ocrx_word' id='word_1_395' title='bbox 1999 1083 2142 1136; x_wconf 91' lang='lat' dir='ltr'><strong>enim</strong></span> <span class='ocrx_word' id='word_1_396' title='bbox 2181 1091 2236 1137; x_wconf 90' lang='lat' dir='ltr'><strong>et</strong></span> <span class='ocrx_word' id='word_1_397' title='bbox 2277 1083 2378 1137; x_wconf 87' lang='lat' dir='ltr'><strong>ﬂde</strong></span> <span class='ocrx_word' id='word_1_398' title='bbox 2406 1082 2629 1150; x_wconf 80' lang='lat' dir='ltr'><strong>dignum</strong></span> <span class='ocrx_word' id='word_1_399' title='bbox 2665 1091 2746 1135; x_wconf 89' lang='lat' dir='ltr'><strong>est</strong></span> <span class='ocrx_word' id='word_1_400' title='bbox 2774 1080 2866 1134; x_wconf 90' lang='lat' dir='ltr'><strong>illo</strong></span> <span class='ocrx_word' id='word_1_401' title='bbox 2918 1087 3158 1146; x_wconf 87' lang='lat' dir='ltr'><strong>tempore</strong></span> <span class='ocrx_word' id='word_1_402' title='bbox 3195 1076 3482 1136; x_wconf 87' lang='lat' dir='ltr'><strong>accidisse,</strong></span> <span class='ocrx_word' id='word_1_403' title='bbox 3519 1083 3579 1127; x_wconf 90' lang='lat' dir='ltr'><strong>ut</strong></span> 
     </span>
    </p>
   </div>
   <div class='ocr_carea' id='block_1_54' title="bbox 1999 1166 3579 1242">
    <p class='ocr_par' dir='ltr' id='par_1_54' title="bbox 1999 1166 3579 1242">
     <span class='ocr_line' id='line_1_54' title="bbox 1999 1166 3579 1242; baseline -0.005 -14"><span class='ocrx_word' id='word_1_404' title='bbox 1999 1173 2244 1228; x_wconf 79' lang='lat' dir='ltr'><strong>homines</strong></span> <span class='ocrx_word' id='word_1_405' title='bbox 2268 1173 2378 1227; x_wconf 89' lang='lat' dir='ltr'><strong>vini</strong></span> <span class='ocrx_word' id='word_1_406' title='bbox 2425 1173 2650 1242; x_wconf 89' lang='lat' dir='ltr'><strong>penuria</strong></span> <span class='ocrx_word' id='word_1_407' title='bbox 2678 1173 3010 1226; x_wconf 83' lang='lat' dir='ltr'><strong>laborarent.</strong></span> <span class='ocrx_word' id='word_1_408' title='bbox 3062 1169 3240 1236; x_wconf 88' lang='lat' dir='ltr'><strong>Quare</strong></span> <span class='ocrx_word' id='word_1_409' title='bbox 3297 1168 3362 1221; x_wconf 90' lang='lat' dir='ltr'><strong>ad</strong></span> <span class='ocrx_word' id='word_1_410' title='bbox 3414 1166 3579 1220; x_wconf 85' lang='lat' dir='ltr'><strong>Deum</strong></span> 
     </span>
    </p>
   </div>
   <div class='ocr_carea' id='block_1_55' title="bbox 1998 1261 3577 1330">
    <p class='ocr_par' dir='ltr' id='par_1_55' title="bbox 1998 1261 3577 1330">
     <span class='ocr_line' id='line_1_55' title="bbox 1998 1261 3577 1330; baseline -0.004 -15"><span class='ocrx_word' id='word_1_411' title='bbox 1998 1262 2271 1324; x_wconf 86' lang='lat' dir='ltr'><strong>conversi.</strong></span> <span class='ocrx_word' id='word_1_412' title='bbox 2305 1271 2364 1316; x_wconf 90' lang='lat' dir='ltr'><strong>ut</strong></span> <span class='ocrx_word' id='word_1_413' title='bbox 2397 1262 2638 1330; x_wconf 90' lang='lat' dir='ltr'><strong>ipsorum</strong></span> <span class='ocrx_word' id='word_1_414' title='bbox 2665 1261 2893 1328; x_wconf 76' lang='lat' dir='ltr'><strong>egestati</strong></span> <span class='ocrx_word' id='word_1_415' title='bbox 2920 1267 3289 1320; x_wconf 88' lang='lat' dir='ltr'><strong>succurreret,</strong></span> <span class='ocrx_word' id='word_1_416' title='bbox 3329 1267 3577 1311; x_wconf 88' lang='lat' dir='ltr'><strong>orarunt.</strong></span> 
     </span>
    </p>
   </div>
   <div class='ocr_carea' id='block_1_56' title="bbox 2000 1349 3581 1417">
    <p class='ocr_par' dir='ltr' id='par_1_56' title="bbox 2000 1349 3581 1417">
     <span class='ocr_line' id='line_1_56' title="bbox 2000 1349 3581 1417; baseline -0.004 -11"><span class='ocrx_word' id='word_1_417' title='bbox 2000 1353 2142 1409; x_wconf 84' lang='lat' dir='ltr'><strong>Deus</strong></span> <span class='ocrx_word' id='word_1_418' title='bbox 2176 1364 2356 1409; x_wconf 90' lang='lat' dir='ltr'><strong>autem</strong></span> <span class='ocrx_word' id='word_1_419' title='bbox 2393 1368 2488 1408; x_wconf 87' lang='lat' dir='ltr'><strong>eos</strong></span> <span class='ocrx_word' id='word_1_420' title='bbox 2515 1353 2812 1417; x_wconf 82' lang='lat' dir='ltr'><strong>exaudivit,</strong></span> <span class='ocrx_word' id='word_1_421' title='bbox 2852 1361 2905 1406; x_wconf 92' lang='lat' dir='ltr'><strong>et</strong></span> <span class='ocrx_word' id='word_1_422' title='bbox 2936 1366 3092 1406; x_wconf 85' lang='lat' dir='ltr'><strong>servo</strong></span> <span class='ocrx_word' id='word_1_423' title='bbox 3153 1365 3254 1405; x_wconf 91' lang='lat' dir='ltr'><strong>suo</strong></span> <span class='ocrx_word' id='word_1_424' title='bbox 3296 1349 3581 1403; x_wconf 71' lang='lat' dir='ltr'><strong>l’hilothro</strong></span> 
     </span>
    </p>
   </div>
   <div class='ocr_carea' id='block_1_57' title="bbox 1999 1430 3581 1515">
    <p class='ocr_par' dir='ltr' id='par_1_57' title="bbox 1999 1430 3581 1515">
     <span class='ocr_line' id='line_1_57' title="bbox 1999 1430 3581 1515; baseline -0.004 -17"><span class='ocrx_word' id='word_1_425' title='bbox 1999 1430 2290 1515; x_wconf 68' lang='lat' dir='ltr'><strong>praecepit,</strong></span> <span class='ocrx_word' id='word_1_426' title='bbox 2327 1454 2380 1500; x_wconf 91' lang='lat' dir='ltr'><strong>et</strong></span> <span class='ocrx_word' id='word_1_427' title='bbox 2407 1460 2500 1514; x_wconf 77' lang='lat' dir='ltr'><strong>per</strong></span> <span class='ocrx_word' id='word_1_428' title='bbox 2536 1461 2657 1499; x_wconf 90' lang='lat' dir='ltr'><strong>eum</strong></span> <span class='ocrx_word' id='word_1_429' title='bbox 2683 1445 2937 1498; x_wconf 79' lang='lat' dir='ltr'><strong>auxilium</strong></span> <span class='ocrx_word' id='word_1_430' title='bbox 2984 1443 3124 1498; x_wconf 89' lang='lat' dir='ltr'><strong>tulit.</strong></span> <span class='ocrx_word' id='word_1_431' title='bbox 3149 1441 3399 1496; x_wconf 80' lang='lat' dir='ltr'><strong>Rivnlum</strong></span> <span class='ocrx_word' id='word_1_432' title='bbox 3439 1439 3581 1494; x_wconf 91' lang='lat' dir='ltr'><strong>enim</strong></span> 
     </span>
    </p>
   </div>
   <div class='ocr_carea' id='block_1_58' title="bbox 1997 1531 3582 1606">
    <p class='ocr_par' dir='ltr' id='par_1_58' title="bbox 1997 1531 3582 1606">
     <span class='ocr_line' id='line_1_58' title="bbox 1997 1531 3582 1606; baseline -0.002 -18"><span class='ocrx_word' id='word_1_433' title='bbox 1997 1537 2088 1606; x_wconf 89' lang='lat' dir='ltr'><strong>qui</strong></span> <span class='ocrx_word' id='word_1_434' title='bbox 2108 1535 2253 1589; x_wconf 85' lang='lat' dir='ltr'><strong>illam</strong></span> <span class='ocrx_word' id='word_1_435' title='bbox 2277 1536 2650 1591; x_wconf 85' lang='lat' dir='ltr'><strong>calamitosam</strong></span> <span class='ocrx_word' id='word_1_436' title='bbox 2667 1538 2941 1606; x_wconf 81' lang='lat' dir='ltr'><strong>regionem</strong></span> <span class='ocrx_word' id='word_1_437' title='bbox 2962 1533 3381 1604; x_wconf 69' lang='lat' dir='ltr'><strong>prteterﬂuebat,</strong></span> <span class='ocrx_word' id='word_1_438' title='bbox 3401 1531 3582 1586; x_wconf 90' lang='lat' dir='ltr'><strong>crucis</strong></span> 
     </span>
    </p>
   </div>
   <div class='ocr_carea' id='block_1_59' title="bbox 1999 1625 3579 1698">
    <p class='ocr_par' dir='ltr' id='par_1_59' title="bbox 1999 1625 3579 1698">
     <span class='ocr_line' id='line_1_59' title="bbox 1999 1625 3579 1698; baseline -0.005 -16"><span class='ocrx_word' id='word_1_439' title='bbox 1999 1626 2280 1698; x_wconf 77' lang='lat' dir='ltr'><strong>signaculo</strong></span> <span class='ocrx_word' id='word_1_440' title='bbox 2315 1627 2673 1695; x_wconf 88' lang='lat' dir='ltr'><strong>precibusque</strong></span> <span class='ocrx_word' id='word_1_441' title='bbox 2702 1627 2960 1681; x_wconf 80' lang='lat' dir='ltr'><strong>adhibitis</strong></span> <span class='ocrx_word' id='word_1_442' title='bbox 2995 1627 3046 1679; x_wconf 91' lang='lat' dir='ltr'><strong>in</strong></span> <span class='ocrx_word' id='word_1_443' title='bbox 3076 1625 3264 1678; x_wconf 87' lang='lat' dir='ltr'><strong>vinum</strong></span> <span class='ocrx_word' id='word_1_444' title='bbox 3298 1633 3579 1692; x_wconf 82' lang='lat' dir='ltr'><strong>transmu-</strong></span> 
     </span>
    </p>
   </div>
   <div class='ocr_carea' id='block_1_60' title="bbox 2001 1715 3580 1788">
    <p class='ocr_par' dir='ltr' id='par_1_60' title="bbox 2001 1715 3580 1788">
     <span class='ocr_line' id='line_1_60' title="bbox 2001 1715 3580 1788; baseline -0.003 -16"><span class='ocrx_word' id='word_1_445' title='bbox 2001 1719 2156 1773; x_wconf 83' lang='lat' dir='ltr'><strong>tavit.</strong></span> <span class='ocrx_word' id='word_1_446' title='bbox 2190 1718 2244 1773; x_wconf 92' lang='lat' dir='ltr'><strong>Si</strong></span> <span class='ocrx_word' id='word_1_447' title='bbox 2275 1728 2454 1774; x_wconf 86' lang='lat' dir='ltr'><strong>autem</strong></span> <span class='ocrx_word' id='word_1_448' title='bbox 2491 1733 2655 1788; x_wconf 86' lang='lat' dir='ltr'><strong>rupes</strong></span> <span class='ocrx_word' id='word_1_449' title='bbox 2683 1719 2774 1772; x_wconf 88' lang='lat' dir='ltr'><strong>illa</strong></span> <span class='ocrx_word' id='word_1_450' title='bbox 2809 1718 3056 1787; x_wconf 84' lang='lat' dir='ltr'><strong>antiqua,</strong></span> <span class='ocrx_word' id='word_1_451' title='bbox 3086 1717 3284 1771; x_wconf 86' lang='lat' dir='ltr'><strong>baculo</strong></span> <span class='ocrx_word' id='word_1_452' title='bbox 3328 1715 3580 1783; x_wconf 86' lang='lat' dir='ltr'><strong>perculsa</strong></span> 
     </span>
    </p>
   </div>
   <div class='ocr_carea' id='block_1_61' title="bbox 1999 1806 3584 1880">
    <p class='ocr_par' dir='ltr' id='par_1_61' title="bbox 1999 1806 3584 1880">
     <span class='ocr_line' id='line_1_61' title="bbox 1999 1806 3584 1880; baseline -0.003 -17"><span class='ocrx_word' id='word_1_453' title='bbox 1999 1824 2194 1877; x_wconf 86' lang='lat' dir='ltr'><strong>aquam</strong></span> <span class='ocrx_word' id='word_1_454' title='bbox 2219 1809 2482 1879; x_wconf 81' lang='lat' dir='ltr'><strong>proludit,</strong></span> <span class='ocrx_word' id='word_1_455' title='bbox 2511 1819 2566 1863; x_wconf 91' lang='lat' dir='ltr'><strong>et</strong></span> <span class='ocrx_word' id='word_1_456' title='bbox 2588 1809 2732 1880; x_wconf 83' lang='lat' dir='ltr'><strong>regio</strong></span> <span class='ocrx_word' id='word_1_457' title='bbox 2761 1810 3008 1878; x_wconf 85' lang='lat' dir='ltr'><strong>quaedam</strong></span> <span class='ocrx_word' id='word_1_458' title='bbox 3039 1809 3368 1862; x_wconf 88' lang='lat' dir='ltr'><strong>miraculose</strong></span> <span class='ocrx_word' id='word_1_459' title='bbox 3424 1806 3584 1860; x_wconf 87' lang='lat' dir='ltr'><strong>melle</strong></span> 
     </span>
    </p>
   </div>
   <div class='ocr_carea' id='block_1_62' title="bbox 1995 1897 3580 1970">
    <p class='ocr_par' dir='ltr' id='par_1_62' title="bbox 1995 1897 3580 1970">
     <span class='ocr_line' id='line_1_62' title="bbox 1995 1897 3580 1970; baseline -0.005 -15"><span class='ocrx_word' id='word_1_460' title='bbox 1995 1911 2050 1955; x_wconf 90' lang='lat' dir='ltr'><strong>et</strong></span> <span class='ocrx_word' id='word_1_461' title='bbox 2077 1899 2216 1956; x_wconf 87' lang='lat' dir='ltr'><strong>lacte</strong></span> <span class='ocrx_word' id='word_1_462' title='bbox 2253 1899 2428 1964; x_wconf 81' lang='lat' dir='ltr'><strong>ﬂuxit,</strong></span> <span class='ocrx_word' id='word_1_463' title='bbox 2489 1901 2722 1970; x_wconf 88' lang='lat' dir='ltr'><strong>denique</strong></span> <span class='ocrx_word' id='word_1_464' title='bbox 2768 1899 2940 1966; x_wconf 89' lang='lat' dir='ltr'><strong>ﬂuvii,</strong></span> <span class='ocrx_word' id='word_1_465' title='bbox 3004 1914 3234 1970; x_wconf 90' lang='lat' dir='ltr'><strong>quorum</strong></span> <span class='ocrx_word' id='word_1_466' title='bbox 3299 1897 3580 1965; x_wconf 88' lang='lat' dir='ltr'><strong>Scriptura</strong></span> 
     </span>
    </p>
   </div>
   <div class='ocr_carea' id='block_1_63' title="bbox 1997 1986 3580 2056">
    <p class='ocr_par' dir='ltr' id='par_1_63' title="bbox 1997 1986 3580 2056">
     <span class='ocr_line' id='line_1_63' title="bbox 1997 1986 3580 2056; baseline -0.002 -15"><span class='ocrx_word' id='word_1_467' title='bbox 1997 1987 2326 2042; x_wconf 87' lang='lat' dir='ltr'><strong>mentionem</strong></span> <span class='ocrx_word' id='word_1_468' title='bbox 2359 1987 2509 2051; x_wconf 79' lang='lat' dir='ltr'><strong>facit,</strong></span> <span class='ocrx_word' id='word_1_469' title='bbox 2542 1989 2594 2042; x_wconf 94' lang='lat' dir='ltr'><strong>in</strong></span> <span class='ocrx_word' id='word_1_470' title='bbox 2627 1989 2950 2056; x_wconf 77' lang='lat' dir='ltr'><strong>sanguinem</strong></span> <span class='ocrx_word' id='word_1_471' title='bbox 2983 1988 3231 2043; x_wconf 85' lang='lat' dir='ltr'><strong>conversi</strong></span> <span class='ocrx_word' id='word_1_472' title='bbox 3262 1995 3426 2040; x_wconf 88' lang='lat' dir='ltr'><strong>sunt:</strong></span> <span class='ocrx_word' id='word_1_473' title='bbox 3461 1986 3580 2039; x_wconf 88' lang='lat' dir='ltr'><strong>istis</strong></span> 
     </span>
    </p>
   </div>
   <div class='ocr_carea' id='block_1_64' title="bbox 1997 2077 3578 2136">
    <p class='ocr_par' dir='ltr' id='par_1_64' title="bbox 1997 2077 3578 2136">
     <span class='ocr_line' id='line_1_64' title="bbox 1997 2077 3578 2136; baseline -0.003 -2"><span class='ocrx_word' id='word_1_474' title='bbox 1997 2081 2451 2136; x_wconf 86' lang='lat' dir='ltr'><strong>conversionibus</strong></span> <span class='ocrx_word' id='word_1_475' title='bbox 2483 2081 2608 2134; x_wconf 83' lang='lat' dir='ltr'><strong>addi</strong></span> <span class='ocrx_word' id='word_1_476' title='bbox 2643 2081 2806 2136; x_wconf 87' lang='lat' dir='ltr'><strong>debet</strong></span> <span class='ocrx_word' id='word_1_477' title='bbox 2842 2081 3005 2136; x_wconf 84' lang='lat' dir='ltr'><strong>etiam</strong></span> <span class='ocrx_word' id='word_1_478' title='bbox 3037 2081 3140 2134; x_wconf 92' lang='lat' dir='ltr'><strong>hoc</strong></span> <span class='ocrx_word' id='word_1_479' title='bbox 3188 2081 3375 2134; x_wconf 86' lang='lat' dir='ltr'><strong>vinum</strong></span> <span class='ocrx_word' id='word_1_480' title='bbox 3419 2079 3471 2132; x_wconf 92' lang='lat' dir='ltr'><strong>iu</strong></span> <span class='ocrx_word' id='word_1_481' title='bbox 3501 2077 3578 2131; x_wconf 90' lang='lat' dir='ltr'><strong>ri-</strong></span> 
     </span>
    </p>
   </div>
   <div class='ocr_carea' id='block_1_65' title="bbox 1994 2170 3580 2241">
    <p class='ocr_par' dir='ltr' id='par_1_65' title="bbox 1994 2170 3580 2241">
     <span class='ocr_line' id='line_1_65' title="bbox 1994 2170 3580 2241; baseline -0.003 -16"><span class='ocrx_word' id='word_1_482' title='bbox 1994 2171 2122 2225; x_wconf 89' lang='lat' dir='ltr'><strong>vulo</strong></span> <span class='ocrx_word' id='word_1_483' title='bbox 2143 2170 2340 2238; x_wconf 89' lang='lat' dir='ltr'><strong>ﬂuens,</strong></span> <span class='ocrx_word' id='word_1_484' title='bbox 2371 2187 2477 2226; x_wconf 91' lang='lat' dir='ltr'><strong>non</strong></span> <span class='ocrx_word' id='word_1_485' title='bbox 2508 2173 2727 2241; x_wconf 88' lang='lat' dir='ltr'><strong>quidem</strong></span> <span class='ocrx_word' id='word_1_486' title='bbox 2765 2187 2880 2226; x_wconf 77' lang='lat' dir='ltr'><strong>uva:</strong></span> <span class='ocrx_word' id='word_1_487' title='bbox 2916 2173 3157 2239; x_wconf 81' lang='lat' dir='ltr'><strong>sanguis,</strong></span> <span class='ocrx_word' id='word_1_488' title='bbox 3221 2172 3298 2225; x_wconf 89' lang='lat' dir='ltr'><strong>uti</strong></span> <span class='ocrx_word' id='word_1_489' title='bbox 3363 2171 3580 2225; x_wconf 87' lang='lat' dir='ltr'><strong>viticola</strong></span> 
     </span>
    </p>
   </div>
   <div class='ocr_carea' id='block_1_66' title="bbox 1994 2261 3575 2334">
    <p class='ocr_par' dir='ltr' id='par_1_66' title="bbox 1994 2261 3575 2334">
     <span class='ocr_line' id='line_1_66' title="bbox 1994 2261 3575 2334; baseline -0.003 -16"><span class='ocrx_word' id='word_1_490' title='bbox 1994 2279 2117 2319; x_wconf 89' lang='lat' dir='ltr'><strong>cum</strong></span> <span class='ocrx_word' id='word_1_491' title='bbox 2150 2263 2331 2332; x_wconf 77' lang='lat' dir='ltr'><strong>Moyse</strong></span> <span class='ocrx_word' id='word_1_492' title='bbox 2364 2264 2582 2330; x_wconf 80' lang='lat' dir='ltr'><strong>dixerit,</strong></span> <span class='ocrx_word' id='word_1_493' title='bbox 2610 2263 2704 2318; x_wconf 89' lang='lat' dir='ltr'><strong>sed</strong></span> <span class='ocrx_word' id='word_1_494' title='bbox 2725 2275 2877 2334; x_wconf 80' lang='lat' dir='ltr'><strong>grata</strong></span> <span class='ocrx_word' id='word_1_495' title='bbox 2893 2264 3156 2321; x_wconf 78' lang='lat' dir='ltr'><strong>Altissimi</strong></span> <span class='ocrx_word' id='word_1_496' title='bbox 3181 2263 3338 2333; x_wconf 89' lang='lat' dir='ltr'><strong>quasi</strong></span> <span class='ocrx_word' id='word_1_497' title='bbox 3367 2261 3575 2331; x_wconf 85' lang='lat' dir='ltr'><strong>pluvia,</strong></span> 
     </span>
    </p>
   </div>
   <div class='ocr_carea' id='block_1_67' title="bbox 1993 2355 3580 2426">
    <p class='ocr_par' dir='ltr' id='par_1_67' title="bbox 1993 2355 3580 2426">
     <span class='ocr_line' id='line_1_67' title="bbox 1993 2355 3580 2426; baseline -0.002 -18"><span class='ocrx_word' id='word_1_498' title='bbox 1993 2356 2277 2422; x_wconf 82' lang='lat' dir='ltr'><strong>egentibus</strong></span> <span class='ocrx_word' id='word_1_499' title='bbox 2309 2355 2413 2411; x_wconf 88' lang='lat' dir='ltr'><strong>illis</strong></span> <span class='ocrx_word' id='word_1_500' title='bbox 2443 2356 2733 2412; x_wconf 86' lang='lat' dir='ltr'><strong>destinata.</strong></span> <span class='ocrx_word' id='word_1_501' title='bbox 2769 2357 3186 2414; x_wconf 83' lang='lat' dir='ltr'><strong>Animadvertas</strong></span> <span class='ocrx_word' id='word_1_502' title='bbox 3204 2357 3340 2426; x_wconf 84' lang='lat' dir='ltr'><strong>jam,</strong></span> <span class='ocrx_word' id='word_1_503' title='bbox 3367 2367 3580 2424; x_wconf 70' lang='lat' dir='ltr'><strong>qumso,</strong></span> 
     </span>
    </p>
   </div>
   <div class='ocr_carea' id='block_1_68' title="bbox 1993 2445 3584 2520">
    <p class='ocr_par' dir='ltr' id='par_1_68' title="bbox 1993 2445 3584 2520">
     <span class='ocr_line' id='line_1_68' title="bbox 1993 2445 3584 2520; baseline -0.004 -16"><span class='ocrx_word' id='word_1_504' title='bbox 1993 2451 2324 2505; x_wconf 88' lang='lat' dir='ltr'><strong>concedente</strong></span> <span class='ocrx_word' id='word_1_505' title='bbox 2359 2451 2488 2513; x_wconf 87' lang='lat' dir='ltr'><strong>Deo.</strong></span> <span class='ocrx_word' id='word_1_506' title='bbox 2525 2451 2616 2520; x_wconf 91' lang='lat' dir='ltr'><strong>qui</strong></span> <span class='ocrx_word' id='word_1_507' title='bbox 2646 2458 2732 2506; x_wconf 89' lang='lat' dir='ltr'><strong>est</strong></span> <span class='ocrx_word' id='word_1_508' title='bbox 2759 2452 2898 2506; x_wconf 87' lang='lat' dir='ltr'><strong>Deus</strong></span> <span class='ocrx_word' id='word_1_509' title='bbox 2952 2451 3369 2514; x_wconf 87' lang='lat' dir='ltr'><strong>miraculorum,</strong></span> <span class='ocrx_word' id='word_1_510' title='bbox 3399 2445 3584 2516; x_wconf 89' lang='lat' dir='ltr'><strong>prodi-</strong></span> 
     </span>
    </p>
   </div>
   <div class='ocr_carea' id='block_1_69' title="bbox 1995 2537 3581 2611">
    <p class='ocr_par' dir='ltr' id='par_1_69' title="bbox 1995 2537 3581 2611">
     <span class='ocr_line' id='line_1_69' title="bbox 1995 2537 3581 2611; baseline -0.004 -17"><span class='ocrx_word' id='word_1_511' title='bbox 1995 2542 2234 2610; x_wconf 80' lang='lat' dir='ltr'><strong>giorum,</strong></span> <span class='ocrx_word' id='word_1_512' title='bbox 2267 2541 2546 2608; x_wconf 74' lang='lat' dir='ltr'><strong>potentize,</strong></span> <span class='ocrx_word' id='word_1_513' title='bbox 2584 2542 2854 2607; x_wconf 83' lang='lat' dir='ltr'><strong>veritatis,</strong></span> <span class='ocrx_word' id='word_1_514' title='bbox 2908 2543 3081 2611; x_wconf 78' lang='lat' dir='ltr'><strong>majus</strong></span> <span class='ocrx_word' id='word_1_515' title='bbox 3117 2541 3208 2596; x_wconf 88' lang='lat' dir='ltr'><strong>hic</strong></span> <span class='ocrx_word' id='word_1_516' title='bbox 3255 2537 3581 2593; x_wconf 70' lang='lat' dir='ltr'><strong>miraculum</strong></span> 
     </span>
    </p>
   </div>
   <div class='ocr_carea' id='block_1_70' title="bbox 1993 2631 3582 2704">
    <p class='ocr_par' dir='ltr' id='par_1_70' title="bbox 1993 2631 3582 2704">
     <span class='ocr_line' id='line_1_70' title="bbox 1993 2631 3582 2704; baseline -0.004 -15"><span class='ocrx_word' id='word_1_517' title='bbox 1993 2635 2286 2703; x_wconf 83' lang='lat' dir='ltr'><strong>contigisse</strong></span> <span class='ocrx_word' id='word_1_518' title='bbox 2313 2633 2402 2688; x_wconf 92' lang='lat' dir='ltr'><strong>illo</strong></span> <span class='ocrx_word' id='word_1_519' title='bbox 2434 2634 2486 2687; x_wconf 95' lang='lat' dir='ltr'><strong>in</strong></span> <span class='ocrx_word' id='word_1_520' title='bbox 2509 2634 2652 2689; x_wconf 87' lang='lat' dir='ltr'><strong>Cana</strong></span> <span class='ocrx_word' id='word_1_521' title='bbox 2709 2634 2877 2698; x_wconf 79' lang='lat' dir='ltr'><strong>facto,</strong></span> <span class='ocrx_word' id='word_1_522' title='bbox 2941 2633 3401 2704; x_wconf 82' lang='lat' dir='ltr'><strong>quemadmodum</strong></span> <span class='ocrx_word' id='word_1_523' title='bbox 3465 2631 3582 2698; x_wconf 89' lang='lat' dir='ltr'><strong>ipse</strong></span> 
     </span>
    </p>
   </div>
   <div class='ocr_carea' id='block_1_71' title="bbox 1994 2723 3584 2795">
    <p class='ocr_par' dir='ltr' id='par_1_71' title="bbox 1994 2723 3584 2795">
     <span class='ocr_line' id='line_1_71' title="bbox 1994 2723 3584 2795; baseline -0.004 -16"><span class='ocrx_word' id='word_1_524' title='bbox 1994 2726 2264 2795; x_wconf 82' lang='lat' dir='ltr'><strong>promisit.</strong></span> <span class='ocrx_word' id='word_1_525' title='bbox 2291 2723 2478 2795; x_wconf 84' lang='lat' dir='ltr'><strong>Neque</strong></span> <span class='ocrx_word' id='word_1_526' title='bbox 2505 2726 2648 2780; x_wconf 90' lang='lat' dir='ltr'><strong>enim</strong></span> <span class='ocrx_word' id='word_1_527' title='bbox 2690 2726 2852 2792; x_wconf 90' lang='lat' dir='ltr'><strong>dolia,</strong></span> <span class='ocrx_word' id='word_1_528' title='bbox 2883 2742 2981 2780; x_wconf 89' lang='lat' dir='ltr'><strong>nec</strong></span> <span class='ocrx_word' id='word_1_529' title='bbox 3028 2725 3254 2786; x_wconf 85' lang='lat' dir='ltr'><strong>doliola,</strong></span> <span class='ocrx_word' id='word_1_530' title='bbox 3317 2738 3415 2775; x_wconf 88' lang='lat' dir='ltr'><strong>nec</strong></span> <span class='ocrx_word' id='word_1_531' title='bbox 3463 2735 3584 2774; x_wconf 80' lang='lat' dir='ltr'><strong>am-</strong></span> 
     </span>
    </p>
   </div>
   <div class='ocr_carea' id='block_1_72' title="bbox 1993 2811 3581 2889">
    <p class='ocr_par' dir='ltr' id='par_1_72' title="bbox 1993 2811 3581 2889">
     <span class='ocr_line' id='line_1_72' title="bbox 1993 2811 3581 2889; baseline -0.004 -20"><span class='ocrx_word' id='word_1_532' title='bbox 1993 2817 2197 2886; x_wconf 70' lang='lat' dir='ltr'><strong>pham,</strong></span> <span class='ocrx_word' id='word_1_533' title='bbox 2227 2831 2328 2872; x_wconf 89' lang='lat' dir='ltr'><strong>nec</strong></span> <span class='ocrx_word' id='word_1_534' title='bbox 2358 2818 2582 2889; x_wconf 76' lang='lat' dir='ltr'><strong>lagente,</strong></span> <span class='ocrx_word' id='word_1_535' title='bbox 2619 2832 2716 2872; x_wconf 84' lang='lat' dir='ltr'><strong>nec</strong></span> <span class='ocrx_word' id='word_1_536' title='bbox 2747 2817 2919 2883; x_wconf 89' lang='lat' dir='ltr'><strong>uceri,</strong></span> <span class='ocrx_word' id='word_1_537' title='bbox 2945 2818 3037 2871; x_wconf 91' lang='lat' dir='ltr'><strong>sed</strong></span> <span class='ocrx_word' id='word_1_538' title='bbox 3057 2817 3203 2869; x_wconf 83' lang='lat' dir='ltr'><strong>rivus</strong></span> <span class='ocrx_word' id='word_1_539' title='bbox 3226 2816 3435 2882; x_wconf 55' lang='lat' dir='ltr'><strong>integer</strong></span> <span class='ocrx_word' id='word_1_540' title='bbox 3457 2811 3581 2864; x_wconf 88' lang='lat' dir='ltr'><strong>vino</strong></span> 
     </span>
    </p>
   </div>
   <div class='ocr_carea' id='block_1_73' title="bbox 1993 2900 3582 2977">
    <p class='ocr_par' dir='ltr' id='par_1_73' title="bbox 1993 2900 3582 2977">
     <span class='ocr_line' id='line_1_73' title="bbox 1993 2900 3582 2977; baseline -0.006 -15"><span class='ocrx_word' id='word_1_541' title='bbox 1993 2910 2300 2963; x_wconf 80' lang='lat' dir='ltr'><strong>scaturiens</strong></span> <span class='ocrx_word' id='word_1_542' title='bbox 2330 2923 2426 2977; x_wconf 91' lang='lat' dir='ltr'><strong>per</strong></span> <span class='ocrx_word' id='word_1_543' title='bbox 2456 2908 2795 2962; x_wconf 82' lang='lat' dir='ltr'><strong>Philotheum</strong></span> <span class='ocrx_word' id='word_1_544' title='bbox 2858 2906 3116 2975; x_wconf 78' lang='lat' dir='ltr'><strong>proﬂuxit</strong></span> <span class='ocrx_word' id='word_1_545' title='bbox 3171 2906 3280 2960; x_wconf 91' lang='lat' dir='ltr'><strong>illis</strong></span> <span class='ocrx_word' id='word_1_546' title='bbox 3328 2902 3419 2972; x_wconf 85' lang='lat' dir='ltr'><strong>qui</strong></span> <span class='ocrx_word' id='word_1_547' title='bbox 3478 2900 3582 2953; x_wconf 91' lang='lat' dir='ltr'><strong>hoe</strong></span> 
     </span>
    </p>
   </div>
   <div class='ocr_carea' id='block_1_74' title="bbox 1995 2995 3581 3067">
    <p class='ocr_par' dir='ltr' id='par_1_74' title="bbox 1995 2995 3581 3067">
     <span class='ocr_line' id='line_1_74' title="bbox 1995 2995 3581 3067; baseline -0.007 -15"><span class='ocrx_word' id='word_1_548' title='bbox 1995 2997 2262 3052; x_wconf 88' lang='lat' dir='ltr'><strong>miraculo</strong></span> <span class='ocrx_word' id='word_1_549' title='bbox 2291 2997 2438 3067; x_wconf 78' lang='lat' dir='ltr'><strong>digni</strong></span> <span class='ocrx_word' id='word_1_550' title='bbox 2468 2998 2635 3052; x_wconf 90' lang='lat' dir='ltr'><strong>ltabiti</strong></span> <span class='ocrx_word' id='word_1_551' title='bbox 2665 3005 2812 3051; x_wconf 89' lang='lat' dir='ltr'><strong>sunt.</strong></span> <span class='ocrx_word' id='word_1_552' title='bbox 2842 2997 2908 3050; x_wconf 85' lang='lat' dir='ltr'><strong>Et</strong></span> <span class='ocrx_word' id='word_1_553' title='bbox 2944 2997 3059 3050; x_wconf 81' lang='lat' dir='ltr'><strong>haec</strong></span> <span class='ocrx_word' id='word_1_554' title='bbox 3091 2997 3309 3064; x_wconf 89' lang='lat' dir='ltr'><strong>quidem</strong></span> <span class='ocrx_word' id='word_1_555' title='bbox 3357 2995 3412 3046; x_wconf 92' lang='lat' dir='ltr'><strong>in</strong></span> <span class='ocrx_word' id='word_1_556' title='bbox 3445 3003 3581 3046; x_wconf 74' lang='lat' dir='ltr'><strong>con-</strong></span> 
     </span>
    </p>
   </div>
   <div class='ocr_carea' id='block_1_75' title="bbox 1994 3091 2343 3147">
    <p class='ocr_par' dir='ltr' id='par_1_75' title="bbox 1994 3091 2343 3147">
     <span class='ocr_line' id='line_1_75' title="bbox 1994 3091 2343 3147; baseline 0.006 -5"><span class='ocrx_word' id='word_1_557' title='bbox 1994 3091 2123 3145; x_wconf 88' lang='lat' dir='ltr'><strong>vivii</strong></span> <span class='ocrx_word' id='word_1_558' title='bbox 2161 3106 2343 3147; x_wconf 88' lang='lat' dir='ltr'><strong>usum.</strong></span> 
     </span>
    </p>
   </div>
   <div class='ocr_carea' id='block_1_76' title="bbox 2068 3175 3580 3246">
    <p class='ocr_par' dir='ltr' id='par_1_76' title="bbox 2068 3175 3580 3246">
     <span class='ocr_line' id='line_1_76' title="bbox 2068 3175 3580 3246; baseline -0.003 -12"><span class='ocrx_word' id='word_1_559' title='bbox 2068 3181 2152 3235; x_wconf 84' lang='grc'><strong>18.</strong></span> <span class='ocrx_word' id='word_1_560' title='bbox 2200 3179 2466 3246; x_wconf 79' lang='lat' dir='ltr'><strong>Quoniam</strong></span> <span class='ocrx_word' id='word_1_561' title='bbox 2500 3187 2680 3232; x_wconf 90' lang='lat' dir='ltr'><strong>autem</strong></span> <span class='ocrx_word' id='word_1_562' title='bbox 2753 3177 3139 3231; x_wconf 85' lang='lat' dir='ltr'><strong>miraculorum</strong></span> <span class='ocrx_word' id='word_1_563' title='bbox 3173 3189 3200 3226; x_wconf 91' lang='lat' dir='ltr'><strong>a</strong></span> <span class='ocrx_word' id='word_1_564' title='bbox 3247 3175 3338 3227; x_wconf 85' lang='lat' dir='ltr'><strong>Dei</strong></span> <span class='ocrx_word' id='word_1_565' title='bbox 3373 3177 3580 3230; x_wconf 84' lang='lat' dir='ltr'><strong>sanctis</strong></span> 
     </span>
    </p>
   </div>
   <div class='ocr_carea' id='block_1_77' title="bbox 1994 3265 3579 3338">
    <p class='ocr_par' dir='ltr' id='par_1_77' title="bbox 1994 3265 3579 3338">
     <span class='ocr_line' id='line_1_77' title="bbox 1994 3265 3579 3338; baseline -0.003 -14"><span class='ocrx_word' id='word_1_566' title='bbox 1994 3270 2263 3324; x_wconf 87' lang='lat' dir='ltr'><strong>editorum</strong></span> <span class='ocrx_word' id='word_1_567' title='bbox 2297 3284 2587 3338; x_wconf 84' lang='lat' dir='ltr'><strong>permagna</strong></span> <span class='ocrx_word' id='word_1_568' title='bbox 2617 3276 2702 3322; x_wconf 91' lang='lat' dir='ltr'><strong>est</strong></span> <span class='ocrx_word' id='word_1_569' title='bbox 2731 3268 2972 3321; x_wconf 83' lang='lat' dir='ltr'><strong>varietas</strong></span> <span class='ocrx_word' id='word_1_570' title='bbox 3000 3265 3127 3335; x_wconf 82' lang='lat' dir='ltr'><strong>(alia</strong></span> <span class='ocrx_word' id='word_1_571' title='bbox 3173 3265 3441 3334; x_wconf 79' lang='lat' dir='ltr'><strong>siquidem</strong></span> <span class='ocrx_word' id='word_1_572' title='bbox 3489 3283 3579 3320; x_wconf 85' lang='lat' dir='ltr'><strong>sa-</strong></span> 
     </span>
    </p>
   </div>
   <div class='ocr_carea' id='block_1_78' title="bbox 1994 3356 3572 3426">
    <p class='ocr_par' dir='ltr' id='par_1_78' title="bbox 1994 3356 3572 3426">
     <span class='ocr_line' id='line_1_78' title="bbox 1994 3356 3572 3426; baseline -0.002 -11"><span class='ocrx_word' id='word_1_573' title='bbox 1994 3363 2217 3416; x_wconf 89' lang='lat' dir='ltr'><strong>nitatem</strong></span> <span class='ocrx_word' id='word_1_574' title='bbox 2259 3361 2511 3423; x_wconf 88' lang='lat' dir='ltr'><strong>reddunt,</strong></span> <span class='ocrx_word' id='word_1_575' title='bbox 2545 3358 2646 3412; x_wconf 90' lang='lat' dir='ltr'><strong>alia</strong></span> <span class='ocrx_word' id='word_1_576' title='bbox 2678 3359 2874 3412; x_wconf 89' lang='lat' dir='ltr'><strong>victum</strong></span> <span class='ocrx_word' id='word_1_577' title='bbox 2907 3357 3279 3426; x_wconf 87' lang='lat' dir='ltr'><strong>suppeditant,</strong></span> <span class='ocrx_word' id='word_1_578' title='bbox 3312 3357 3415 3408; x_wconf 90' lang='lat' dir='ltr'><strong>alia</strong></span> <span class='ocrx_word' id='word_1_579' title='bbox 3449 3356 3572 3412; x_wconf 84' lang='lat' dir='ltr'><strong>aliis</strong></span> 
     </span>
    </p>
   </div>
   <div class='ocr_carea' id='block_1_79' title="bbox 1992 3446 3576 3517">
    <p class='ocr_par' dir='ltr' id='par_1_79' title="bbox 1992 3446 3576 3517">
     <span class='ocr_line' id='line_1_79' title="bbox 1992 3446 3576 3517; baseline -0.004 -12"><span class='ocrx_word' id='word_1_580' title='bbox 1992 3451 2410 3506; x_wconf 81' lang='lat' dir='ltr'><strong>necessitatibus</strong></span> <span class='ocrx_word' id='word_1_581' title='bbox 2440 3451 2744 3512; x_wconf 83' lang='lat' dir='ltr'><strong>medentur,</strong></span> <span class='ocrx_word' id='word_1_582' title='bbox 2792 3465 2935 3503; x_wconf 90' lang='lat' dir='ltr'><strong>nunc</strong></span> <span class='ocrx_word' id='word_1_583' title='bbox 2983 3448 3203 3517; x_wconf 91' lang='lat' dir='ltr'><strong>quidem</strong></span> <span class='ocrx_word' id='word_1_584' title='bbox 3257 3446 3576 3510; x_wconf 79' lang='lat' dir='ltr'><strong>auferendo,</strong></span> 
     </span>
    </p>
   </div>
   <div class='ocr_carea' id='block_1_80' title="bbox 1992 3541 3580 3608">
    <p class='ocr_par' dir='ltr' id='par_1_80' title="bbox 1992 3541 3580 3608">
     <span class='ocr_line' id='line_1_80' title="bbox 1992 3541 3580 3608; baseline -0.003 -13"><span class='ocrx_word' id='word_1_585' title='bbox 1992 3557 2134 3596; x_wconf 90' lang='lat' dir='ltr'><strong>nunc</strong></span> <span class='ocrx_word' id='word_1_586' title='bbox 2149 3551 2329 3596; x_wconf 82' lang='lat' dir='ltr'><strong>autem</strong></span> <span class='ocrx_word' id='word_1_587' title='bbox 2349 3541 2698 3605; x_wconf 68' lang='lat' dir='ltr'><strong>adduci-udo;</strong></span> <span class='ocrx_word' id='word_1_588' title='bbox 2726 3552 2848 3594; x_wconf 87' lang='lat' dir='ltr'><strong>sunt</strong></span> <span class='ocrx_word' id='word_1_589' title='bbox 2866 3555 3026 3608; x_wconf 90' lang='lat' dir='ltr'><strong>porro</strong></span> <span class='ocrx_word' id='word_1_590' title='bbox 3041 3553 3160 3606; x_wconf 73' lang='lat' dir='ltr'><strong>qua:</strong></span> <span class='ocrx_word' id='word_1_591' title='bbox 3185 3547 3386 3591; x_wconf 91' lang='lat' dir='ltr'><strong>metum</strong></span> <span class='ocrx_word' id='word_1_592' title='bbox 3405 3548 3580 3590; x_wconf 70' lang='lat' dir='ltr'><strong>terro-</strong></span> 
     </span>
    </p>
   </div>
   <div class='ocr_carea' id='block_1_81' title="bbox 1991 3631 3578 3707">
    <p class='ocr_par' dir='ltr' id='par_1_81' title="bbox 1991 3631 3578 3707">
     <span class='ocr_line' id='line_1_81' title="bbox 1991 3631 3578 3707; baseline -0.003 -20"><span class='ocrx_word' id='word_1_593' title='bbox 1991 3650 2217 3703; x_wconf 87' lang='lat' dir='ltr'><strong>remque</strong></span> <span class='ocrx_word' id='word_1_594' title='bbox 2243 3635 2531 3698; x_wconf 75' lang='lat' dir='ltr'><strong>incutiant,</strong></span> <span class='ocrx_word' id='word_1_595' title='bbox 2555 3635 2782 3707; x_wconf 75' lang='lat' dir='ltr'><strong>exempli</strong></span> <span class='ocrx_word' id='word_1_596' title='bbox 2805 3635 2975 3703; x_wconf 80' lang='lat' dir='ltr'><strong>gratia</strong></span> <span class='ocrx_word' id='word_1_597' title='bbox 2998 3632 3128 3687; x_wconf 89' lang='lat' dir='ltr'><strong>illud</strong></span> <span class='ocrx_word' id='word_1_598' title='bbox 3153 3647 3260 3699; x_wconf 90' lang='lat' dir='ltr'><strong>quo</strong></span> <span class='ocrx_word' id='word_1_599' title='bbox 3287 3631 3423 3684; x_wconf 86' lang='lat' dir='ltr'><strong>ﬂcus</strong></span> <span class='ocrx_word' id='word_1_600' title='bbox 3446 3631 3578 3684; x_wconf 83' lang='lat' dir='ltr'><strong>diris</strong></span> 
     </span>
    </p>
   </div>
   <div class='ocr_carea' id='block_1_82' title="bbox 1991 3723 3576 3796">
    <p class='ocr_par' dir='ltr' id='par_1_82' title="bbox 1991 3723 3576 3796">
     <span class='ocr_line' id='line_1_82' title="bbox 1991 3723 3576 3796; baseline -0.002 -15"><span class='ocrx_word' id='word_1_601' title='bbox 1991 3727 2185 3781; x_wconf 88' lang='lat' dir='ltr'><strong>devota</strong></span> <span class='ocrx_word' id='word_1_602' title='bbox 2213 3737 2314 3792; x_wconf 89' lang='lat' dir='ltr'><strong>est,</strong></span> <span class='ocrx_word' id='word_1_603' title='bbox 2340 3742 2442 3796; x_wconf 92' lang='lat' dir='ltr'><strong>qua</strong></span> <span class='ocrx_word' id='word_1_604' title='bbox 2462 3741 2521 3780; x_wconf 90' lang='lat' dir='ltr'><strong>re</strong></span> <span class='ocrx_word' id='word_1_605' title='bbox 2547 3727 2718 3781; x_wconf 87' lang='lat' dir='ltr'><strong>tribus</strong></span> <span class='ocrx_word' id='word_1_606' title='bbox 2751 3725 2977 3780; x_wconf 87' lang='lat' dir='ltr'><strong>Judaica</strong></span> <span class='ocrx_word' id='word_1_607' title='bbox 3009 3733 3062 3779; x_wconf 87' lang='lat' dir='ltr'><strong>et</strong></span> <span class='ocrx_word' id='word_1_608' title='bbox 3089 3739 3280 3780; x_wconf 89' lang='lat' dir='ltr'><strong>omnes</strong></span> <span class='ocrx_word' id='word_1_609' title='bbox 3313 3723 3576 3790; x_wconf 84' lang='lat' dir='ltr'><strong>ejusmodi</strong></span> 
     </span>
    </p>
   </div>
   <div class='ocr_carea' id='block_1_83' title="bbox 1989 3815 3572 3886">
    <p class='ocr_par' dir='ltr' id='par_1_83' title="bbox 1989 3815 3572 3886">
     <span class='ocr_line' id='line_1_83' title="bbox 1989 3815 3572 3886; baseline -0.001 -16"><span class='ocrx_word' id='word_1_610' title='bbox 1989 3826 2178 3886; x_wconf 82' lang='lat' dir='ltr'><strong>gentes</strong></span> <span class='ocrx_word' id='word_1_611' title='bbox 2209 3817 2275 3870; x_wconf 90' lang='lat' dir='ltr'><strong>ad</strong></span> <span class='ocrx_word' id='word_1_612' title='bbox 2311 3819 2661 3871; x_wconf 84' lang='lat' dir='ltr'><strong>reverendam</strong></span> <span class='ocrx_word' id='word_1_613' title='bbox 2696 3817 2953 3870; x_wconf 89' lang='lat' dir='ltr'><strong>admoniti</strong></span> <span class='ocrx_word' id='word_1_614' title='bbox 2987 3825 3112 3870; x_wconf 87' lang='lat' dir='ltr'><strong>sunt</strong></span> <span class='ocrx_word' id='word_1_615' title='bbox 3137 3816 3434 3885; x_wconf 90' lang='lat' dir='ltr'><strong>potentiam</strong></span> <span class='ocrx_word' id='word_1_616' title='bbox 3480 3815 3572 3868; x_wconf 85' lang='lat' dir='ltr'><strong>Dei</strong></span> 
     </span>
    </p>
   </div>
   <div class='ocr_carea' id='block_1_84' title="bbox 1989 3905 3573 3975">
    <p class='ocr_par' dir='ltr' id='par_1_84' title="bbox 1989 3905 3573 3975">
     <span class='ocr_line' id='line_1_84' title="bbox 1989 3905 3573 3975; baseline -0.001 -16"><span class='ocrx_word' id='word_1_617' title='bbox 1989 3909 2078 3975; x_wconf 92' lang='lat' dir='ltr'><strong>qui</strong></span> <span class='ocrx_word' id='word_1_618' title='bbox 2120 3923 2227 3961; x_wconf 92' lang='lat' dir='ltr'><strong>non</strong></span> <span class='ocrx_word' id='word_1_619' title='bbox 2262 3915 2467 3960; x_wconf 87' lang='lat' dir='ltr'><strong>tantum</strong></span> <span class='ocrx_word' id='word_1_620' title='bbox 2513 3909 2771 3972; x_wconf 88' lang='lat' dir='ltr'><strong>viviﬂeat,</strong></span> <span class='ocrx_word' id='word_1_621' title='bbox 2815 3907 2908 3960; x_wconf 91' lang='lat' dir='ltr'><strong>sed</strong></span> <span class='ocrx_word' id='word_1_622' title='bbox 2962 3907 3124 3960; x_wconf 87' lang='lat' dir='ltr'><strong>etiam</strong></span> <span class='ocrx_word' id='word_1_623' title='bbox 3162 3914 3389 3959; x_wconf 91' lang='lat' dir='ltr'><strong>mortem</strong></span> <span class='ocrx_word' id='word_1_624' title='bbox 3427 3905 3573 3958; x_wconf 82' lang='lat' dir='ltr'><strong>inlli-</strong></span> 
     </span>
    </p>
   </div>
   <div class='ocr_carea' id='block_1_85' title="bbox 1989 3996 3567 4066">
    <p class='ocr_par' dir='ltr' id='par_1_85' title="bbox 1989 3996 3567 4066">
     <span class='ocr_line' id='line_1_85' title="bbox 1989 3996 3567 4066; baseline 0 -16"><span class='ocrx_word' id='word_1_625' title='bbox 1989 4013 2114 4066; x_wconf 76' lang='lat' dir='ltr'><strong>gere</strong></span> <span class='ocrx_word' id='word_1_626' title='bbox 2145 4006 2345 4066; x_wconf 83' lang='lat' dir='ltr'><strong>pclesl,</strong></span> <span class='ocrx_word' id='word_1_627' title='bbox 2386 4013 2490 4052; x_wconf 94' lang='lat' dir='ltr'><strong>non</strong></span> <span class='ocrx_word' id='word_1_628' title='bbox 2524 3999 2699 4052; x_wconf 88' lang='lat' dir='ltr'><strong>solum</strong></span> <span class='ocrx_word' id='word_1_629' title='bbox 2738 4013 2962 4051; x_wconf 84' lang='lat' dir='ltr'><strong>succum</strong></span> <span class='ocrx_word' id='word_1_630' title='bbox 3020 3996 3315 4050; x_wconf 85' lang='lat' dir='ltr'><strong>valetudini</strong></span> <span class='ocrx_word' id='word_1_631' title='bbox 3380 3997 3567 4050; x_wconf 83' lang='lat' dir='ltr'><strong>utilem</strong></span> 
     </span>
    </p>
   </div>
   <div class='ocr_carea' id='block_1_86' title="bbox 1989 4073 3574 4158">
    <p class='ocr_par' dir='ltr' id='par_1_86' title="bbox 1989 4073 3574 4158">
     <span class='ocr_line' id='line_1_86' title="bbox 1989 4073 3574 4158; baseline -0.001 -16"><span class='ocrx_word' id='word_1_632' title='bbox 1989 4089 2324 4158; x_wconf 76' lang='lat' dir='ltr'><strong>suppeditat.</strong></span> <span class='ocrx_word' id='word_1_633' title='bbox 2369 4073 2556 4143; x_wconf 82' lang='lat' dir='ltr'><strong>verum</strong></span> <span class='ocrx_word' id='word_1_634' title='bbox 2592 4103 2914 4143; x_wconf 80' lang='lat' dir='ltr'><strong>exarescere</strong></span> <span class='ocrx_word' id='word_1_635' title='bbox 2959 4103 3176 4157; x_wconf 89' lang='lat' dir='ltr'><strong>quoque</strong></span> <span class='ocrx_word' id='word_1_636' title='bbox 3225 4087 3400 4156; x_wconf 80' lang='lat' dir='ltr'><strong>facit),</strong></span> <span class='ocrx_word' id='word_1_637' title='bbox 3433 4096 3574 4142; x_wconf 85' lang='lat' dir='ltr'><strong>tem-</strong></span> 
     </span>
    </p>
   </div>
   <div class='ocr_carea' id='block_1_87' title="bbox 1990 4179 3572 4248">
    <p class='ocr_par' dir='ltr' id='par_1_87' title="bbox 1990 4179 3572 4248">
     <span class='ocr_line' id='line_1_87' title="bbox 1990 4179 3572 4248; baseline 0.003 -18"><span class='ocrx_word' id='word_1_638' title='bbox 1990 4194 2118 4246; x_wconf 91' lang='lat' dir='ltr'><strong>pore</strong></span> <span class='ocrx_word' id='word_1_639' title='bbox 2143 4179 2472 4248; x_wconf 85' lang='lat' dir='ltr'><strong>postulante,</strong></span> <span class='ocrx_word' id='word_1_640' title='bbox 2498 4180 2660 4234; x_wconf 90' lang='lat' dir='ltr'><strong>etiam</strong></span> <span class='ocrx_word' id='word_1_641' title='bbox 2694 4179 3012 4234; x_wconf 82' lang='lat' dir='ltr'><strong>l’hilotheus</strong></span> <span class='ocrx_word' id='word_1_642' title='bbox 3045 4179 3216 4234; x_wconf 90' lang='lat' dir='ltr'><strong>edidit</strong></span> <span class='ocrx_word' id='word_1_643' title='bbox 3253 4179 3572 4234; x_wconf 89' lang='lat' dir='ltr'><strong>miraculum</strong></span> 
     </span>
    </p>
   </div>
   <div class='ocr_carea' id='block_1_88' title="bbox 1988 4270 3572 4340">
    <p class='ocr_par' dir='ltr' id='par_1_88' title="bbox 1988 4270 3572 4340">
     <span class='ocr_line' id='line_1_88' title="bbox 1988 4270 3572 4340; baseline 0.003 -19"><span class='ocrx_word' id='word_1_644' title='bbox 1988 4271 2130 4340; x_wconf 89' lang='lat' dir='ltr'><strong>quod</strong></span> <span class='ocrx_word' id='word_1_645' title='bbox 2157 4270 2246 4324; x_wconf 85' lang='lat' dir='ltr'><strong>tali</strong></span> <span class='ocrx_word' id='word_1_646' title='bbox 2279 4273 2436 4325; x_wconf 87' lang='lat' dir='ltr'><strong>modo</strong></span> <span class='ocrx_word' id='word_1_647' title='bbox 2459 4286 2576 4327; x_wconf 89' lang='lat' dir='ltr'><strong>sese</strong></span> <span class='ocrx_word' id='word_1_648' title='bbox 2601 4272 2791 4326; x_wconf 84' lang='lat' dir='ltr'><strong>habuit</strong></span> <span class='ocrx_word' id='word_1_649' title='bbox 2823 4289 2837 4326; x_wconf 87' lang='lat'><strong>:</strong></span> <span class='ocrx_word' id='word_1_650' title='bbox 2869 4273 3120 4340; x_wconf 82' lang='lat' dir='ltr'><strong>Lapidem</strong></span> <span class='ocrx_word' id='word_1_651' title='bbox 3159 4273 3413 4326; x_wconf 87' lang='lat' dir='ltr'><strong>nimirum</strong></span> <span class='ocrx_word' id='word_1_652' title='bbox 3481 4273 3572 4338; x_wconf 87' lang='lat' dir='ltr'><strong>qui</strong></span> 
     </span>
    </p>
   </div>
   <div class='ocr_carea' id='block_1_89' title="bbox 1986 4364 3575 4436">
    <p class='ocr_par' dir='ltr' id='par_1_89' title="bbox 1986 4364 3575 4436">
     <span class='ocr_line' id='line_1_89' title="bbox 1986 4364 3575 4436; baseline -0.001 -18"><span class='ocrx_word' id='word_1_653' title='bbox 1986 4379 2163 4432; x_wconf 88' lang='lat' dir='ltr'><strong>neque</strong></span> <span class='ocrx_word' id='word_1_654' title='bbox 2197 4364 2449 4418; x_wconf 87' lang='lat' dir='ltr'><strong>manibus</strong></span> <span class='ocrx_word' id='word_1_655' title='bbox 2476 4365 2890 4434; x_wconf 87' lang='lat' dir='ltr'><strong>comprehendi,</strong></span> <span class='ocrx_word' id='word_1_656' title='bbox 2920 4382 3094 4436; x_wconf 85' lang='lat' dir='ltr'><strong>neque</strong></span> <span class='ocrx_word' id='word_1_657' title='bbox 3118 4365 3364 4420; x_wconf 91' lang='lat' dir='ltr'><strong>humeris</strong></span> <span class='ocrx_word' id='word_1_658' title='bbox 3388 4379 3575 4432; x_wconf 85' lang='lat' dir='ltr'><strong>aspor-</strong></span> 
     </span>
    </p>
   </div>
   <div class='ocr_carea' id='block_1_90' title="bbox 1991 4455 3574 4531">
    <p class='ocr_par' dir='ltr' id='par_1_90' title="bbox 1991 4455 3574 4531">
     <span class='ocr_line' id='line_1_90' title="bbox 1991 4455 3574 4531; baseline -0.002 -20"><span class='ocrx_word' id='word_1_659' title='bbox 1991 4457 2091 4512; x_wconf 85' lang='lat' dir='ltr'><strong>tari</strong></span> <span class='ocrx_word' id='word_1_660' title='bbox 2119 4471 2294 4527; x_wconf 91' lang='lat' dir='ltr'><strong>neque</strong></span> <span class='ocrx_word' id='word_1_661' title='bbox 2317 4456 2457 4509; x_wconf 86' lang='lat' dir='ltr'><strong>volvi</strong></span> <span class='ocrx_word' id='word_1_662' title='bbox 2489 4465 2722 4525; x_wconf 88' lang='lat' dir='ltr'><strong>poterat,</strong></span> <span class='ocrx_word' id='word_1_663' title='bbox 2774 4458 2867 4531; x_wconf 89' lang='lat' dir='ltr'><strong>sed</strong></span> <span class='ocrx_word' id='word_1_664' title='bbox 2917 4465 3175 4526; x_wconf 87' lang='lat' dir='ltr'><strong>tanquam</strong></span> <span class='ocrx_word' id='word_1_665' title='bbox 3211 4456 3383 4511; x_wconf 89' lang='lat' dir='ltr'><strong>moles</strong></span> <span class='ocrx_word' id='word_1_666' title='bbox 3423 4455 3574 4509; x_wconf 88' lang='lat' dir='ltr'><strong>iners</strong></span> 
     </span>
    </p>
   </div>
   <div class='ocr_carea' id='block_1_91' title="bbox 300 4547 1889 4622">
    <p class='ocr_par' dir='ltr' id='par_1_91' title="bbox 300 4548 1884 4622">
     <span class='ocr_line' id='line_1_91' title="bbox 300 4548 1884 4622; baseline -0.001 -19"><span class='ocrx_word' id='word_1_667' title='bbox 300 4555 540 4622; x_wconf 80' lang='grc' dir='ltr'><strong>γίνεται,</strong></span> <span class='ocrx_word' id='word_1_668' title='bbox 569 4552 732 4617; x_wconf 74' lang='grc' dir='ltr'>λόγον</span> <span class='ocrx_word' id='word_1_669' title='bbox 761 4549 1101 4618; x_wconf 68' lang='grc' dir='ltr'><strong>ἐπιπέμψας,</strong></span> <span class='ocrx_word' id='word_1_670' title='bbox 1143 4549 1244 4600; x_wconf 88' lang='grc' dir='ltr'><strong>ὃσα</strong></span> <span class='ocrx_word' id='word_1_671' title='bbox 1273 4549 1366 4600; x_wconf 75' lang='grc' dir='ltr'><strong>καὶ</strong></span> <span class='ocrx_word' id='word_1_672' title='bbox 1403 4548 1600 4618; x_wconf 79' lang='grc' dir='ltr'><strong>μοχλὸν</strong></span> <span class='ocrx_word' id='word_1_673' title='bbox 1631 4549 1884 4618; x_wconf 71' lang='grc' dir='ltr'><strong>εὐμήχα-</strong></span> 
     </span>
    </p>
   </div>
   <div class='ocr_carea' id='block_1_92' title="bbox 1992 4547 3576 4622">
    <p class='ocr_par' dir='ltr' id='par_1_92' title="bbox 1992 4547 3576 4619">
     <span class='ocr_line' id='line_1_92' title="bbox 1992 4547 3576 4619; baseline -0.001 -15"><span class='ocrx_word' id='word_1_674' title='bbox 1992 4548 2206 4619; x_wconf 87' lang='lat' dir='ltr'><strong>jaeebat</strong></span> <span class='ocrx_word' id='word_1_675' title='bbox 2263 4558 2338 4615; x_wconf 86' lang='lat' dir='ltr'><strong>et,</strong></span> <span class='ocrx_word' id='word_1_676' title='bbox 2377 4549 2455 4602; x_wconf 91' lang='lat' dir='ltr'><strong>uti</strong></span> <span class='ocrx_word' id='word_1_677' title='bbox 2507 4565 2648 4618; x_wconf 56' lang='lat' dir='ltr'><strong>satpe</strong></span> <span class='ocrx_word' id='word_1_678' title='bbox 2704 4549 2904 4615; x_wconf 83' lang='lat' dir='ltr'><strong>evenil,</strong></span> <span class='ocrx_word' id='word_1_679' title='bbox 2941 4549 3223 4603; x_wconf 82' lang='lat' dir='ltr'><strong>oﬂensioni</strong></span> <span class='ocrx_word' id='word_1_680' title='bbox 3285 4555 3424 4616; x_wconf 90' lang='lat' dir='ltr'><strong>crat,</strong></span> <span class='ocrx_word' id='word_1_681' title='bbox 3458 4547 3576 4602; x_wconf 92' lang='lat' dir='ltr'><strong>solo</strong></span> 
     </span>
    </p>
   </div>
   <div class='ocr_carea' id='block_1_93' title="bbox 302 4638 1886 4714">
    <p class='ocr_par' dir='ltr' id='par_1_93' title="bbox 302 4638 1886 4714">
     <span class='ocr_line' id='line_1_93' title="bbox 302 4638 1886 4714; baseline -0.006 -16"><span class='ocrx_word' id='word_1_682' title='bbox 302 4663 414 4711; x_wconf 86' lang='grc' dir='ltr'>νον,</span> <span class='ocrx_word' id='word_1_683' title='bbox 439 4647 501 4698; x_wconf 78' lang='grc' dir='ltr'>οὐ</span> <span class='ocrx_word' id='word_1_684' title='bbox 529 4645 694 4714; x_wconf 80' lang='grc' dir='ltr'>μόνον</span> <span class='ocrx_word' id='word_1_685' title='bbox 725 4641 1006 4711; x_wconf 69' lang='grc' dir='ltr'><strong>διώχλισεν</strong></span> <span class='ocrx_word' id='word_1_686' title='bbox 1031 4638 1434 4705; x_wconf 66' lang='grc' dir='ltr'><strong>ὑποσαλεύσας,</strong></span> <span class='ocrx_word' id='word_1_687' title='bbox 1468 4639 1604 4692; x_wconf 73' lang='grc' dir='ltr'><strong>ἀλλὰ</strong></span> <span class='ocrx_word' id='word_1_688' title='bbox 1634 4640 1727 4692; x_wconf 74' lang='grc' dir='ltr'><strong>καὶ</strong></span> <span class='ocrx_word' id='word_1_689' title='bbox 1754 4655 1886 4709; x_wconf 86' lang='grc' dir='ltr'><strong>μετ-</strong></span> 
     </span>
    </p>
   </div>
   <div class='ocr_carea' id='block_1_94' title="bbox 305 4730 1887 4806">
    <p class='ocr_par' dir='ltr' id='par_1_94' title="bbox 305 4730 1887 4806">
     <span class='ocr_line' id='line_1_94' title="bbox 305 4730 1887 4806; baseline -0.004 -16"><span class='ocrx_word' id='word_1_690' title='bbox 305 4737 493 4805; x_wconf 75' lang='grc' dir='ltr'><strong>ἔθηκε.</strong></span> <span class='ocrx_word' id='word_1_691' title='bbox 519 4737 631 4788; x_wconf 73' lang='grc' dir='ltr'><strong>Καὶ</strong></span> <span class='ocrx_word' id='word_1_692' title='bbox 660 4730 727 4806; x_wconf 84' lang='grc' dir='ltr'><strong>ἦν</strong></span> <span class='ocrx_word' id='word_1_693' title='bbox 759 4732 1112 4800; x_wconf 51' lang='lat' dir='ltr'><strong>suademus</strong></span> <span class='ocrx_word' id='word_1_694' title='bbox 1141 4750 1194 4785; x_wconf 89' lang='grc' dir='ltr'><strong>τι</strong></span> <span class='ocrx_word' id='word_1_695' title='bbox 1223 4731 1317 4783; x_wconf 85' lang='grc' dir='ltr'><strong>καὶ</strong></span> <span class='ocrx_word' id='word_1_696' title='bbox 1346 4730 1506 4783; x_wconf 88' lang='grc' dir='ltr'>τοῦτο</span> <span class='ocrx_word' id='word_1_697' title='bbox 1534 4730 1723 4801; x_wconf 86' lang='grc' dir='ltr'><strong>θαῦμα</strong></span> <span class='ocrx_word' id='word_1_698' title='bbox 1742 4733 1887 4784; x_wconf 78' lang='grc' dir='ltr'><strong>ὲκεί-</strong></span> 
     </span>
    </p>
   </div>
   <div class='ocr_carea' id='block_1_95' title="bbox 301 4821 1881 4892">
    <p class='ocr_par' dir='ltr' id='par_1_95' title="bbox 301 4821 1881 4892">
     <span class='ocr_line' id='line_1_95' title="bbox 301 4821 1881 4892; baseline -0.002 -14"><span class='ocrx_word' id='word_1_699' title='bbox 301 4828 703 4888; x_wconf 74' lang='grc' dir='ltr'><strong>νου,ὃδξδωσιν</strong></span> <span class='ocrx_word' id='word_1_700' title='bbox 729 4825 756 4876; x_wconf 88' lang='grc' dir='ltr'><strong>ό</strong></span> <span class='ocrx_word' id='word_1_701' title='bbox 785 4825 915 4887; x_wconf 73' lang='grc' dir='ltr'><strong>Θεὸς</strong></span> <span class='ocrx_word' id='word_1_702' title='bbox 954 4831 1066 4886; x_wconf 67' lang='grc' dir='ltr'><strong>τοτς</strong></span> <span class='ocrx_word' id='word_1_703' title='bbox 1100 4823 1265 4875; x_wconf 84' lang='grc' dir='ltr'><strong>αὑτοῦ</strong></span> <span class='ocrx_word' id='word_1_704' title='bbox 1294 4821 1592 4892; x_wconf 80' lang='grc' dir='ltr'><strong>μαθηταῖς,</strong></span> <span class='ocrx_word' id='word_1_705' title='bbox 1624 4823 1881 4890; x_wconf 78' lang='grc' dir='ltr'><strong>ἐπαγγει-</strong></span> 
     </span>
    </p>
   </div>
   <div class='ocr_carea' id='block_1_96' title="bbox 301 4915 1884 4991">
    <p class='ocr_par' dir='ltr' id='par_1_96' title="bbox 301 4915 1884 4991">
     <span class='ocr_line' id='line_1_96' title="bbox 301 4915 1884 4991; baseline -0.004 -18"><span class='ocrx_word' id='word_1_706' title='bbox 301 4924 564 4991; x_wconf 67' lang='grc' dir='ltr'><strong>λίμενος,</strong></span> <span class='ocrx_word' id='word_1_707' title='bbox 617 4921 708 4970; x_wconf 76' lang='grc' dir='ltr'><strong>καὶ</strong></span> <span class='ocrx_word' id='word_1_708' title='bbox 738 4918 838 4986; x_wconf 80' lang='grc' dir='ltr'><strong>ὅρη</strong></span> <span class='ocrx_word' id='word_1_709' title='bbox 875 4917 1186 4986; x_wconf 84' lang='grc' dir='ltr'><strong>μετακινεῖν</strong></span> <span class='ocrx_word' id='word_1_710' title='bbox 1228 4915 1433 4977; x_wconf 79' lang='grc' dir='ltr'>αὐτοὺς</span> <span class='ocrx_word' id='word_1_711' title='bbox 1465 4915 1884 4980; x_wconf 64' lang='grc' dir='ltr'><strong>ὲπιτὰσσοντας,</strong></span> 
     </span>
    </p>
   </div>
   <div class='ocr_carea' id='block_1_97' title="bbox 301 5007 1887 5081">
    <p class='ocr_par' dir='ltr' id='par_1_97' title="bbox 301 5007 1887 5081">
     <span class='ocr_line' id='line_1_97' title="bbox 301 5007 1887 5081; baseline -0.003 -15"><span class='ocrx_word' id='word_1_712' title='bbox 301 5017 395 5066; x_wconf 67' lang='grc' dir='ltr'><strong>καὶ</strong></span> <span class='ocrx_word' id='word_1_713' title='bbox 432 5011 830 5081; x_wconf 70' lang='grc' dir='ltr'><strong>μεταδιδάξειν</strong></span> <span class='ocrx_word' id='word_1_714' title='bbox 855 5012 920 5060; x_wconf 78' lang='grc' dir='ltr'><strong>ὲκ</strong></span> <span class='ocrx_word' id='word_1_715' title='bbox 951 5009 1112 5078; x_wconf 81' lang='grc' dir='ltr'>τῆσδε</span> <span class='ocrx_word' id='word_1_716' title='bbox 1153 5009 1366 5078; x_wconf 70' lang='grc' dir='ltr'>βάσεως</span> <span class='ocrx_word' id='word_1_717' title='bbox 1407 5011 1486 5071; x_wconf 78' lang='grc' dir='ltr'><strong>εἰς</strong></span> <span class='ocrx_word' id='word_1_718' title='bbox 1523 5007 1691 5076; x_wconf 79' lang='grc' dir='ltr'><strong>ἄλλην</strong></span> <span class='ocrx_word' id='word_1_719' title='bbox 1727 5009 1887 5062; x_wconf 78' lang='grc' dir='ltr'><strong>ἑλκό-</strong></span> 
     </span>
    </p>
   </div>
   <div class='ocr_carea' id='block_1_98' title="bbox 307 5099 1889 5174">
    <p class='ocr_par' dir='ltr' id='par_1_98' title="bbox 307 5099 1889 5174">
     <span class='ocr_line' id='line_1_98' title="bbox 307 5099 1889 5174; baseline -0.001 -18"><span class='ocrx_word' id='word_1_720' title='bbox 307 5125 440 5174; x_wconf 78' lang='grc' dir='ltr'><strong>μενα</strong></span> <span class='ocrx_word' id='word_1_721' title='bbox 496 5105 741 5164; x_wconf 83' lang='grc' dir='ltr'><strong>πίστεως</strong></span> <span class='ocrx_word' id='word_1_722' title='bbox 804 5105 1092 5169; x_wconf 77' lang='grc' dir='ltr'><strong>πείσμασι.</strong></span> <span class='ocrx_word' id='word_1_723' title='bbox 1145 5102 1240 5163; x_wconf 86' lang='grc' dir='ltr'><strong>Τίς</strong></span> <span class='ocrx_word' id='word_1_724' title='bbox 1270 5104 1373 5154; x_wconf 86' lang='grc' dir='ltr'><strong>οὐκ</strong></span> <span class='ocrx_word' id='word_1_725' title='bbox 1409 5104 1476 5154; x_wconf 85' lang='grc' dir='ltr'><strong>ἂν</strong></span> <span class='ocrx_word' id='word_1_726' title='bbox 1509 5101 1740 5154; x_wconf 80' lang='grc' dir='ltr'><strong>ἐνταῦθα</strong></span> <span class='ocrx_word' id='word_1_727' title='bbox 1775 5099 1889 5166; x_wconf 82' lang='grc' dir='ltr'><strong>ἐξε-</strong></span> 
     </span>
    </p>
   </div>
   <div class='ocr_carea' id='block_1_99' title="bbox 303 5193 1886 5266">
    <p class='ocr_par' dir='ltr' id='par_1_99' title="bbox 303 5193 1886 5266">
     <span class='ocr_line' id='line_1_99' title="bbox 303 5193 1886 5266; baseline -0.003 -17"><span class='ocrx_word' id='word_1_728' title='bbox 303 5200 486 5266; x_wconf 68' lang='grc' dir='ltr'><strong>πλάγη</strong></span> <span class='ocrx_word' id='word_1_729' title='bbox 538 5199 630 5249; x_wconf 67' lang='grc' dir='ltr'>τὸν</span> <span class='ocrx_word' id='word_1_730' title='bbox 685 5196 857 5264; x_wconf 81' lang='grc' dir='ltr'><strong>μέγαν</strong></span> <span class='ocrx_word' id='word_1_731' title='bbox 907 5194 1178 5259; x_wconf 81' lang='grc' dir='ltr'><strong>Φιλόθεον,</strong></span> <span class='ocrx_word' id='word_1_732' title='bbox 1223 5194 1367 5246; x_wconf 66' lang='grc' dir='ltr'>οὕτω</span> <span class='ocrx_word' id='word_1_733' title='bbox 1396 5193 1626 5254; x_wconf 76' lang='grc' dir='ltr'><strong>καὶτοῖς</strong></span> <span class='ocrx_word' id='word_1_734' title='bbox 1655 5193 1886 5264; x_wconf 68' lang='grc' dir='ltr'><strong>ἀψύχοις</strong></span> 
     </span>
    </p>
   </div>
   <div class='ocr_carea' id='block_1_100' title="bbox 303 5291 1885 5360">
    <p class='ocr_par' dir='ltr' id='par_1_100' title="bbox 303 5291 1885 5360">
     <span class='ocr_line' id='line_1_100' title="bbox 303 5291 1885 5360; baseline -0.002 -14"><span class='ocrx_word' id='word_1_735' title='bbox 303 5294 622 5346; x_wconf 77' lang='grc' dir='ltr'><strong>ἐπιτάττειν</strong></span> <span class='ocrx_word' id='word_1_736' title='bbox 654 5291 972 5358; x_wconf 73' lang='grc' dir='ltr'><strong>δυνάμενον,</strong></span> <span class='ocrx_word' id='word_1_737' title='bbox 1007 5292 1100 5342; x_wconf 79' lang='grc' dir='ltr'><strong>καὶ</strong></span> <span class='ocrx_word' id='word_1_738' title='bbox 1130 5291 1230 5359; x_wconf 81' lang='grc' dir='ltr'><strong>τὴν</strong></span> <span class='ocrx_word' id='word_1_739' title='bbox 1261 5292 1531 5360; x_wconf 79' lang='grc' dir='ltr'><strong>ἐπιταγὴν</strong></span> <span class='ocrx_word' id='word_1_740' title='bbox 1556 5291 1772 5359; x_wconf 77' lang='grc' dir='ltr'><strong>βλέπων</strong></span> <span class='ocrx_word' id='word_1_741' title='bbox 1805 5293 1885 5353; x_wconf 75' lang='grc' dir='ltr'><strong>εἰς</strong></span> 
     </span>
    </p>
   </div>
   <div class='ocr_carea' id='block_1_101' title="bbox 302 5380 1884 5454">
    <p class='ocr_par' dir='ltr' id='par_1_101' title="bbox 302 5380 1884 5454">
     <span class='ocr_line' id='line_1_101' title="bbox 302 5380 1884 5454; baseline -0.004 -18"><span class='ocrx_word' id='word_1_742' title='bbox 302 5387 464 5454; x_wconf 70' lang='grc' dir='ltr'>ἔργον</span> <span class='ocrx_word' id='word_1_743' title='bbox 524 5383 967 5451; x_wconf 66' lang='grc' dir='ltr'><strong>τεροῢαίουσανς</strong></span> <span class='ocrx_word' id='word_1_744' title='bbox 1029 5380 1272 5449; x_wconf 79' lang='grc' dir='ltr'><strong>Ἐγκοπὴ</strong></span> <span class='ocrx_word' id='word_1_745' title='bbox 1329 5381 1531 5442; x_wconf 81' lang='grc' dir='ltr'><strong>παντὸς</strong></span> <span class='ocrx_word' id='word_1_746' title='bbox 1587 5380 1759 5432; x_wconf 81' lang='grc' dir='ltr'><strong>κακοῦ</strong></span> <span class='ocrx_word' id='word_1_747' title='bbox 1827 5381 1884 5431; x_wconf 67' lang='grc' dir='ltr'>τὸ</span> 
     </span>
    </p>
   </div>
   <div class='ocr_carea' id='block_1_102' title="bbox 300 5471 1885 5544">
    <p class='ocr_par' dir='ltr' id='par_1_102' title="bbox 300 5471 1885 5544">
     <span class='ocr_line' id='line_1_102' title="bbox 300 5471 1885 5544; baseline -0.005 -14"><span class='ocrx_word' id='word_1_748' title='bbox 300 5479 547 5530; x_wconf 70' lang='grc' dir='ltr'><strong>τοιοῦτον</strong></span> <span class='ocrx_word' id='word_1_749' title='bbox 580 5474 787 5544; x_wconf 75' lang='grc' dir='ltr'><strong>θαῦμα.</strong></span> <span class='ocrx_word' id='word_1_750' title='bbox 813 5475 925 5525; x_wconf 69' lang='grc' dir='ltr'><strong>Οὐκ</strong></span> <span class='ocrx_word' id='word_1_751' title='bbox 958 5473 1024 5525; x_wconf 82' lang='grc' dir='ltr'><strong>ἂν</strong></span> <span class='ocrx_word' id='word_1_752' title='bbox 1043 5471 1458 5542; x_wconf 74' lang='grc' dir='ltr'><strong>ὡρογλύφησεν,</strong></span> <span class='ocrx_word' id='word_1_753' title='bbox 1486 5472 1585 5524; x_wconf 73' lang='grc' dir='ltr'><strong>οὐκ</strong></span> <span class='ocrx_word' id='word_1_754' title='bbox 1623 5472 1686 5524; x_wconf 78' lang='grc' dir='ltr'><strong>ἂν</strong></span> <span class='ocrx_word' id='word_1_755' title='bbox 1707 5471 1885 5523; x_wconf 79' lang='grc' dir='ltr'><strong>οἰκίαν</strong></span> 
     </span>
    </p>
   </div>
   <div class='ocr_carea' id='block_1_103' title="bbox 302 5563 1886 5636">
    <p class='ocr_par' dir='ltr' id='par_1_103' title="bbox 302 5563 1886 5636">
     <span class='ocr_line' id='line_1_103' title="bbox 302 5563 1886 5636; baseline -0.002 -17"><span class='ocrx_word' id='word_1_756' title='bbox 302 5571 442 5635; x_wconf 59' lang='grc' dir='ltr'><strong>πρλις</strong></span> <span class='ocrx_word' id='word_1_757' title='bbox 465 5567 651 5620; x_wconf 84' lang='grc' dir='ltr'><strong>οἰκίαν</strong></span> <span class='ocrx_word' id='word_1_758' title='bbox 679 5567 908 5636; x_wconf 70' lang='grc' dir='ltr'><strong>ἥνωσεν.</strong></span> <span class='ocrx_word' id='word_1_759' title='bbox 943 5566 1065 5618; x_wconf 80' lang='grc' dir='ltr'>οὐδὲ</span> <span class='ocrx_word' id='word_1_760' title='bbox 1096 5566 1266 5632; x_wconf 76' lang='grc' dir='ltr'>ἀγρὸν</span> <span class='ocrx_word' id='word_1_761' title='bbox 1299 5565 1433 5633; x_wconf 56' lang='grc' dir='ltr'><strong>προς</strong></span> <span class='ocrx_word' id='word_1_762' title='bbox 1457 5565 1650 5633; x_wconf 65' lang='grc' dir='ltr'>ἀγρὸν.</span> <span class='ocrx_word' id='word_1_763' title='bbox 1674 5565 1723 5616; x_wconf 81' lang='grc' dir='ltr'><strong>εἰ</strong></span> <span class='ocrx_word' id='word_1_764' title='bbox 1742 5563 1886 5616; x_wconf 80' lang='grc' dir='ltr'><strong>οῦτω</strong></span> 
     </span>
    </p>
   </div>
   <div class='ocr_carea' id='block_1_104' title="bbox 303 5654 1882 5727">
    <p class='ocr_par' dir='ltr' id='par_1_104' title="bbox 303 5654 1882 5727">
     <span class='ocr_line' id='line_1_104' title="bbox 303 5654 1882 5727; baseline -0.004 -17"><span class='ocrx_word' id='word_1_765' title='bbox 303 5659 528 5712; x_wconf 77' lang='grc' dir='ltr'><strong>δύναται</strong></span> <span class='ocrx_word' id='word_1_766' title='bbox 566 5661 593 5710; x_wconf 82' lang='grc' dir='ltr'><strong>ό</strong></span> <span class='ocrx_word' id='word_1_767' title='bbox 633 5658 880 5718; x_wconf 72' lang='grc' dir='ltr'><strong>Φιλοθεος</strong></span> <span class='ocrx_word' id='word_1_768' title='bbox 921 5657 1157 5727; x_wconf 70' lang='grc' dir='ltr'><strong>διασπᾷν</strong></span> <span class='ocrx_word' id='word_1_769' title='bbox 1192 5657 1286 5708; x_wconf 75' lang='grc' dir='ltr'><strong>καὶ</strong></span> <span class='ocrx_word' id='word_1_770' title='bbox 1321 5657 1716 5721; x_wconf 73' lang='grc' dir='ltr'><strong>μεταδιδάξειν</strong></span> <span class='ocrx_word' id='word_1_771' title='bbox 1744 5654 1882 5723; x_wconf 78' lang='grc' dir='ltr'><strong>ἄχθη</strong></span> 
     </span>
    </p>
   </div>
   <div class='ocr_carea' id='block_1_105' title="bbox 307 5748 1878 5822">
    <p class='ocr_par' dir='ltr' id='par_1_105' title="bbox 307 5748 1878 5822">
     <span class='ocr_line' id='line_1_105' title="bbox 307 5748 1878 5822; baseline -0.025 13"><span class='ocrx_word' id='word_1_772' title='bbox 307 5755 476 5822; x_wconf 59' lang='grc' dir='ltr'><strong>βαρὺτ</strong></span> <span class='ocrx_word' id='word_1_773' title='bbox 493 5771 608 5814; x_wconf 49' lang='lat' dir='ltr'><strong>“at</strong></span> <span class='ocrx_word' id='word_1_774' title='bbox 637 5753 692 5802; x_wconf 58' lang='grc' dir='ltr'><strong>ἐν</strong></span> <span class='ocrx_word' id='word_1_775' title='bbox 720 5750 837 5819; x_wconf 69' lang='grc' dir='ltr'><strong>Χρῴ</strong></span> <span class='ocrx_word' id='word_1_776' title='bbox 859 5754 961 5817; x_wconf 76' lang='grc' dir='ltr'><strong>γῆς</strong></span> <span class='ocrx_word' id='word_1_777' title='bbox 995 5751 1242 5818; x_wconf 79' lang='grc' dir='ltr'><strong>κείμενα.</strong></span> <span class='ocrx_word' id='word_1_778' title='bbox 1275 5748 1652 5816; x_wconf 70' lang='grc' dir='ltr'><strong>κ;ιί.ἁκριδὼς</strong></span> <span class='ocrx_word' id='word_1_779' title='bbox 1683 5749 1878 5808; x_wconf 82' lang='grc' dir='ltr'><strong>εἰπεῖν,</strong></span> 
     </span>
    </p>
   </div>
   <div class='ocr_carea' id='block_1_106' title="bbox 310 5838 1879 5909">
    <p class='ocr_par' dir='ltr' id='par_1_106' title="bbox 310 5838 1879 5909">
     <span class='ocr_line' id='line_1_106' title="bbox 310 5838 1879 5909; baseline -0.008 -7"><span class='ocrx_word' id='word_1_780' title='bbox 310 5848 642 5908; x_wconf 71' lang='grc' dir='ltr'><strong>ἁμετάθετα.</strong></span> <span class='ocrx_word' id='word_1_781' title='bbox 669 5846 741 5897; x_wconf 73' lang='grc' dir='ltr'><strong>Τὸ</strong></span> <span class='ocrx_word' id='word_1_782' title='bbox 767 5846 821 5898; x_wconf 72' lang='grc' dir='ltr'>δὲ</span> <span class='ocrx_word' id='word_1_783' title='bbox 848 5843 967 5897; x_wconf 80' lang='grc' dir='ltr'><strong>ὅλον</strong></span> <span class='ocrx_word' id='word_1_784' title='bbox 993 5842 1158 5909; x_wconf 67' lang='grc' dir='ltr'><strong>φάναι</strong></span> <span class='ocrx_word' id='word_1_785' title='bbox 1190 5841 1361 5904; x_wconf 72' lang='grc' dir='ltr'><strong>ἄλλως</strong></span> <span class='ocrx_word' id='word_1_786' title='bbox 1395 5859 1398 5863; x_wconf 77' lang='grc'><strong>’</strong></span> <span class='ocrx_word' id='word_1_787' title='bbox 1433 5840 1606 5903; x_wconf 68' lang='grc' dir='ltr'>οὐδεὶς</span> <span class='ocrx_word' id='word_1_788' title='bbox 1630 5838 1879 5892; x_wconf 73' lang='grc' dir='ltr'>τοιοῦτον</span> 
     </span>
    </p>
   </div>
   <div class='ocr_carea' id='block_1_107' title="bbox 1989 4640 3573 4705">
    <p class='ocr_par' dir='ltr' id='par_1_107' title="bbox 1989 4640 3573 4705">
     <span class='ocr_line' id='line_1_107' title="bbox 1989 4640 3573 4705; baseline -0.002 -10"><span class='ocrx_word' id='word_1_789' title='bbox 1989 4643 2154 4696; x_wconf 87' lang='lat' dir='ltr'><strong>verbo</strong></span> <span class='ocrx_word' id='word_1_790' title='bbox 2183 4641 2349 4696; x_wconf 88' lang='lat' dir='ltr'><strong>vectis</strong></span> <span class='ocrx_word' id='word_1_791' title='bbox 2405 4640 2523 4694; x_wconf 90' lang='lat' dir='ltr'><strong>loco</strong></span> <span class='ocrx_word' id='word_1_792' title='bbox 2582 4640 2854 4705; x_wconf 87' lang='lat' dir='ltr'><strong>adhibito,</strong></span> <span class='ocrx_word' id='word_1_793' title='bbox 2901 4657 3004 4694; x_wconf 92' lang='lat' dir='ltr'><strong>non</strong></span> <span class='ocrx_word' id='word_1_794' title='bbox 3041 4641 3212 4694; x_wconf 89' lang='lat' dir='ltr'><strong>solum</strong></span> <span class='ocrx_word' id='word_1_795' title='bbox 3252 4655 3573 4694; x_wconf 85' lang='lat' dir='ltr'><strong>concussum</strong></span> 
     </span>
    </p>
   </div>
   <div class='ocr_carea' id='block_1_108' title="bbox 1988 4731 3572 4802">
    <p class='ocr_par' dir='ltr' id='par_1_108' title="bbox 1988 4731 3572 4802">
     <span class='ocr_line' id='line_1_108' title="bbox 1988 4731 3572 4802; baseline -0.001 -16"><span class='ocrx_word' id='word_1_796' title='bbox 1988 4731 2042 4786; x_wconf 89' lang='lat' dir='ltr'><strong>in</strong></span> <span class='ocrx_word' id='word_1_797' title='bbox 2071 4734 2238 4787; x_wconf 90' lang='lat' dir='ltr'><strong>altum</strong></span> <span class='ocrx_word' id='word_1_798' title='bbox 2266 4732 2504 4798; x_wconf 88' lang='lat' dir='ltr'><strong>sustulit,</strong></span> <span class='ocrx_word' id='word_1_799' title='bbox 2539 4732 2632 4787; x_wconf 90' lang='lat' dir='ltr'><strong>sed</strong></span> <span class='ocrx_word' id='word_1_800' title='bbox 2661 4732 2822 4787; x_wconf 80' lang='lat' dir='ltr'><strong>etiam</strong></span> <span class='ocrx_word' id='word_1_801' title='bbox 2848 4737 3203 4802; x_wconf 81' lang='lat' dir='ltr'><strong>transposuit.</strong></span> <span class='ocrx_word' id='word_1_802' title='bbox 3237 4732 3360 4786; x_wconf 88' lang='lat' dir='ltr'><strong>Fuit</strong></span> <span class='ocrx_word' id='word_1_803' title='bbox 3391 4741 3572 4786; x_wconf 82' lang='lat' dir='ltr'><strong>autem</strong></span> 
     </span>
    </p>
   </div>
   <div class='ocr_carea' id='block_1_109' title="bbox 1987 4823 3574 4893">
    <p class='ocr_par' dir='ltr' id='par_1_109' title="bbox 1987 4823 3574 4893">
     <span class='ocr_line' id='line_1_109' title="bbox 1987 4823 3574 4893; baseline -0.001 -13"><span class='ocrx_word' id='word_1_804' title='bbox 1987 4824 2105 4892; x_wconf 84' lang='lat' dir='ltr'><strong>ejus</strong></span> <span class='ocrx_word' id='word_1_805' title='bbox 2141 4825 2462 4879; x_wconf 87' lang='lat' dir='ltr'><strong>miraculum</strong></span> <span class='ocrx_word' id='word_1_806' title='bbox 2495 4825 2545 4877; x_wconf 92' lang='lat' dir='ltr'><strong>in</strong></span> <span class='ocrx_word' id='word_1_807' title='bbox 2582 4823 2760 4892; x_wconf 90' lang='lat' dir='ltr'><strong>lapide</strong></span> <span class='ocrx_word' id='word_1_808' title='bbox 2809 4835 3176 4893; x_wconf 84' lang='lat' dir='ltr'><strong>perpetratum</strong></span> <span class='ocrx_word' id='word_1_809' title='bbox 3214 4842 3279 4880; x_wconf 79' lang='lat' dir='ltr'><strong>ex</strong></span> <span class='ocrx_word' id='word_1_810' title='bbox 3335 4827 3420 4881; x_wconf 92' lang='lat' dir='ltr'><strong>his</strong></span> <span class='ocrx_word' id='word_1_811' title='bbox 3453 4841 3574 4893; x_wconf 76' lang='lat' dir='ltr'><strong>qua:</strong></span> 
     </span>
    </p>
   </div>
   <div class='ocr_carea' id='block_1_110' title="bbox 1991 4915 3575 4985">
    <p class='ocr_par' dir='ltr' id='par_1_110' title="bbox 1991 4915 3575 4985">
     <span class='ocr_line' id='line_1_110' title="bbox 1991 4915 3575 4985; baseline 0 -17"><span class='ocrx_word' id='word_1_812' title='bbox 1991 4916 2132 4971; x_wconf 90' lang='lat' dir='ltr'><strong>Deus</strong></span> <span class='ocrx_word' id='word_1_813' title='bbox 2173 4916 2453 4983; x_wconf 74' lang='lat' dir='ltr'><strong>discipulis</strong></span> <span class='ocrx_word' id='word_1_814' title='bbox 2488 4916 2599 4969; x_wconf 89' lang='lat' dir='ltr'><strong>suis</strong></span> <span class='ocrx_word' id='word_1_815' title='bbox 2639 4915 2912 4978; x_wconf 80' lang='lat' dir='ltr'><strong>concedit,</strong></span> <span class='ocrx_word' id='word_1_816' title='bbox 2947 4917 3036 4970; x_wconf 91' lang='lat' dir='ltr'><strong>ubi</strong></span> <span class='ocrx_word' id='word_1_817' title='bbox 3075 4918 3341 4985; x_wconf 87' lang='lat' dir='ltr'><strong>promittit</strong></span> <span class='ocrx_word' id='word_1_818' title='bbox 3373 4917 3490 4972; x_wconf 83' lang='lat' dir='ltr'><strong>fore</strong></span> <span class='ocrx_word' id='word_1_819' title='bbox 3515 4925 3575 4970; x_wconf 92' lang='lat' dir='ltr'><strong>ut</strong></span> 
     </span>
    </p>
   </div>
   <div class='ocr_carea' id='block_1_111' title="bbox 1989 5007 3576 5079">
    <p class='ocr_par' dir='ltr' id='par_1_111' title="bbox 1989 5007 3576 5079">
     <span class='ocr_line' id='line_1_111' title="bbox 1989 5007 3576 5079; baseline -0.001 -15"><span class='ocrx_word' id='word_1_820' title='bbox 1989 5011 2087 5078; x_wconf 83' lang='lat' dir='ltr'><strong>ipsi</strong></span> <span class='ocrx_word' id='word_1_821' title='bbox 2126 5009 2240 5064; x_wconf 92' lang='lat' dir='ltr'><strong>solo</strong></span> <span class='ocrx_word' id='word_1_822' title='bbox 2272 5009 2426 5076; x_wconf 82' lang='lat' dir='ltr'><strong>jussu</strong></span> <span class='ocrx_word' id='word_1_823' title='bbox 2463 5018 2675 5060; x_wconf 83' lang='lat' dir='ltr'><strong>montes</strong></span> <span class='ocrx_word' id='word_1_824' title='bbox 2705 5007 3020 5062; x_wconf 86' lang='lat' dir='ltr'><strong>dimoveant</strong></span> <span class='ocrx_word' id='word_1_825' title='bbox 3043 5019 3206 5077; x_wconf 89' lang='lat' dir='ltr'><strong>atque</strong></span> <span class='ocrx_word' id='word_1_826' title='bbox 3233 5009 3352 5064; x_wconf 82' lang='lat' dir='ltr'><strong>ﬁdei</strong></span> <span class='ocrx_word' id='word_1_827' title='bbox 3393 5010 3576 5079; x_wconf 83' lang='lat' dir='ltr'><strong>vigore</strong></span> 
     </span>
    </p>
   </div>
   <div class='ocr_carea' id='block_1_112' title="bbox 1987 5100 3574 5168">
    <p class='ocr_par' dir='ltr' id='par_1_112' title="bbox 1987 5100 3574 5168">
     <span class='ocr_line' id='line_1_112' title="bbox 1987 5100 3574 5168; baseline -0.004 -10"><span class='ocrx_word' id='word_1_828' title='bbox 1987 5121 2052 5158; x_wconf 83' lang='lat' dir='ltr'><strong>ex</strong></span> <span class='ocrx_word' id='word_1_829' title='bbox 2081 5104 2183 5155; x_wconf 88' lang='lat' dir='ltr'><strong>alia</strong></span> <span class='ocrx_word' id='word_1_830' title='bbox 2219 5103 2269 5154; x_wconf 92' lang='lat' dir='ltr'><strong>in</strong></span> <span class='ocrx_word' id='word_1_831' title='bbox 2307 5101 2467 5154; x_wconf 88' lang='lat' dir='ltr'><strong>aliam</strong></span> <span class='ocrx_word' id='word_1_832' title='bbox 2533 5100 2717 5154; x_wconf 83' lang='lat' dir='ltr'><strong>sedem</strong></span> <span class='ocrx_word' id='word_1_833' title='bbox 2782 5102 3182 5156; x_wconf 88' lang='lat' dir='ltr'><strong>transmittant.</strong></span> <span class='ocrx_word' id='word_1_834' title='bbox 3247 5103 3376 5168; x_wconf 85' lang='lat' dir='ltr'><strong>Quis</strong></span> <span class='ocrx_word' id='word_1_835' title='bbox 3410 5103 3574 5168; x_wconf 80' lang='lat' dir='ltr'><strong>igitur</strong></span> 
     </span>
    </p>
   </div>
   <div class='ocr_carea' id='block_1_113' title="bbox 1987 5189 3564 5257">
    <p class='ocr_par' dir='ltr' id='par_1_113' title="bbox 1987 5189 3564 5257">
     <span class='ocr_line' id='line_1_113' title="bbox 1987 5189 3564 5257; baseline -0.003 -11"><span class='ocrx_word' id='word_1_836' title='bbox 1987 5210 2094 5246; x_wconf 85' lang='lat' dir='ltr'><strong>non</strong></span> <span class='ocrx_word' id='word_1_837' title='bbox 2157 5191 2456 5244; x_wconf 88' lang='lat' dir='ltr'><strong>admiretur</strong></span> <span class='ocrx_word' id='word_1_838' title='bbox 2495 5189 2596 5242; x_wconf 91' lang='lat' dir='ltr'><strong>hac</strong></span> <span class='ocrx_word' id='word_1_839' title='bbox 2629 5189 2680 5242; x_wconf 88' lang='lat' dir='ltr'><strong>in</strong></span> <span class='ocrx_word' id='word_1_840' title='bbox 2716 5205 2773 5243; x_wconf 91' lang='lat' dir='ltr'><strong>re</strong></span> <span class='ocrx_word' id='word_1_841' title='bbox 2805 5206 3058 5257; x_wconf 77' lang='lat' dir='ltr'><strong>magnum</strong></span> <span class='ocrx_word' id='word_1_842' title='bbox 3091 5191 3451 5253; x_wconf 85' lang='lat' dir='ltr'><strong>l’ltilotbeum,</strong></span> <span class='ocrx_word' id='word_1_843' title='bbox 3473 5191 3564 5254; x_wconf 88' lang='lat' dir='ltr'><strong>qui</strong></span> 
     </span>
    </p>
   </div>
   <div class='ocr_carea' id='block_1_114' title="bbox 1987 5279 3567 5350">
    <p class='ocr_par' dir='ltr' id='par_1_114' title="bbox 1987 5279 3567 5350">
     <span class='ocr_line' id='line_1_114' title="bbox 1987 5279 3567 5350; baseline -0.003 -12"><span class='ocrx_word' id='word_1_844' title='bbox 1987 5287 2150 5339; x_wconf 81' lang='lat' dir='ltr'><strong>etiam</strong></span> <span class='ocrx_word' id='word_1_845' title='bbox 2187 5283 2348 5336; x_wconf 87' lang='lat' dir='ltr'><strong>rebus</strong></span> <span class='ocrx_word' id='word_1_846' title='bbox 2375 5282 2691 5335; x_wconf 84' lang='lat' dir='ltr'><strong>inanimatis</strong></span> <span class='ocrx_word' id='word_1_847' title='bbox 2718 5281 2988 5350; x_wconf 85' lang='lat' dir='ltr'><strong>imperare</strong></span> <span class='ocrx_word' id='word_1_848' title='bbox 3017 5283 3271 5342; x_wconf 72' lang='lat' dir='ltr'><strong>valuerit.</strong></span> <span class='ocrx_word' id='word_1_849' title='bbox 3315 5292 3369 5334; x_wconf 90' lang='lat' dir='ltr'><strong>et</strong></span> <span class='ocrx_word' id='word_1_850' title='bbox 3411 5279 3567 5345; x_wconf 82' lang='lat' dir='ltr'><strong>cujus</strong></span> 
     </span>
    </p>
   </div>
   <div class='ocr_carea' id='block_1_115' title="bbox 1988 5371 3558 5444">
    <p class='ocr_par' dir='ltr' id='par_1_115' title="bbox 1988 5371 3558 5444">
     <span class='ocr_line' id='line_1_115' title="bbox 1988 5371 3558 5444; baseline -0.006 -13"><span class='ocrx_word' id='word_1_851' title='bbox 1988 5378 2246 5442; x_wconf 82' lang='lat' dir='ltr'><strong>imperata</strong></span> <span class='ocrx_word' id='word_1_852' title='bbox 2277 5376 2328 5428; x_wconf 93' lang='lat' dir='ltr'><strong>in</strong></span> <span class='ocrx_word' id='word_1_853' title='bbox 2365 5375 2566 5428; x_wconf 78' lang='lat' dir='ltr'><strong>factum</strong></span> <span class='ocrx_word' id='word_1_854' title='bbox 2626 5376 3032 5444; x_wconf 85' lang='lat' dir='ltr'><strong>processerint?</strong></span> <span class='ocrx_word' id='word_1_855' title='bbox 3067 5374 3182 5431; x_wconf 85' lang='lat' dir='ltr'><strong>Hoc</strong></span> <span class='ocrx_word' id='word_1_856' title='bbox 3237 5371 3558 5426; x_wconf 81' lang='lat' dir='ltr'><strong>miraculum</strong></span> 
     </span>
    </p>
   </div>
   <div class='ocr_carea' id='block_1_116' title="bbox 1985 5462 3565 5529">
    <p class='ocr_par' dir='ltr' id='par_1_116' title="bbox 1985 5462 3565 5529">
     <span class='ocr_line' id='line_1_116' title="bbox 1985 5462 3565 5529; baseline -0.003 -10"><span class='ocrx_word' id='word_1_857' title='bbox 1985 5481 2199 5520; x_wconf 89' lang='lat' dir='ltr'><strong>onmem</strong></span> <span class='ocrx_word' id='word_1_858' title='bbox 2223 5464 2629 5529; x_wconf 82' lang='lat' dir='ltr'><strong>perversitatem</strong></span> <span class='ocrx_word' id='word_1_859' title='bbox 2674 5463 2976 5518; x_wconf 88' lang='lat' dir='ltr'><strong>intercidit.</strong></span> <span class='ocrx_word' id='word_1_860' title='bbox 3016 5462 3180 5518; x_wconf 79' lang='lat' dir='ltr'><strong>Nemo</strong></span> <span class='ocrx_word' id='word_1_861' title='bbox 3232 5463 3342 5529; x_wconf 90' lang='lat' dir='ltr'><strong>jam</strong></span> <span class='ocrx_word' id='word_1_862' title='bbox 3373 5463 3565 5514; x_wconf 89' lang='lat' dir='ltr'><strong>statuis</strong></span> 
     </span>
    </p>
   </div>
   <div class='ocr_carea' id='block_1_117' title="bbox 1984 5555 3564 5629">
    <p class='ocr_par' dir='ltr' id='par_1_117' title="bbox 1984 5555 3564 5629">
     <span class='ocr_line' id='line_1_117' title="bbox 1984 5555 3564 5629; baseline -0.003 -15"><span class='ocrx_word' id='word_1_863' title='bbox 1984 5560 2292 5629; x_wconf 77' lang='lat' dir='ltr'><strong>Sculpendis</strong></span> <span class='ocrx_word' id='word_1_864' title='bbox 2317 5557 2578 5621; x_wconf 86' lang='lat' dir='ltr'><strong>incubuit,</strong></span> <span class='ocrx_word' id='word_1_865' title='bbox 2608 5572 2764 5610; x_wconf 89' lang='lat' dir='ltr'><strong>nemo</strong></span> <span class='ocrx_word' id='word_1_866' title='bbox 2790 5557 3008 5611; x_wconf 84' lang='lat' dir='ltr'><strong>domum</strong></span> <span class='ocrx_word' id='word_1_867' title='bbox 3033 5555 3233 5616; x_wconf 77' lang='lat' dir='ltr'><strong>dutnui,</strong></span> <span class='ocrx_word' id='word_1_868' title='bbox 3261 5571 3356 5606; x_wconf 84' lang='lat' dir='ltr'><strong>nec</strong></span> <span class='ocrx_word' id='word_1_869' title='bbox 3378 5571 3564 5622; x_wconf 84' lang='lat' dir='ltr'><strong>agrum</strong></span> 
     </span>
    </p>
   </div>
   <div class='ocr_carea' id='block_1_118' title="bbox 1985 5650 3562 5723">
    <p class='ocr_par' dir='ltr' id='par_1_118' title="bbox 1985 5650 3562 5723">
     <span class='ocr_line' id='line_1_118' title="bbox 1985 5650 3562 5723; baseline -0.003 -16"><span class='ocrx_word' id='word_1_870' title='bbox 1985 5669 2114 5723; x_wconf 79' lang='lat' dir='ltr'><strong>agro</strong></span> <span class='ocrx_word' id='word_1_871' title='bbox 2142 5653 2409 5722; x_wconf 75' lang='lat' dir='ltr'><strong>adjunxit,</strong></span> <span class='ocrx_word' id='word_1_872' title='bbox 2445 5651 2888 5720; x_wconf 83' lang='lat' dir='ltr'><strong>quandoquidem</strong></span> <span class='ocrx_word' id='word_1_873' title='bbox 2920 5650 3367 5704; x_wconf 80' lang='lat' dir='ltr'><strong>Philorlteustam</strong></span> <span class='ocrx_word' id='word_1_874' title='bbox 3405 5651 3562 5704; x_wconf 75' lang='lat' dir='ltr'><strong>facile</strong></span> 
     </span>
    </p>
   </div>
   <div class='ocr_carea' id='block_1_119' title="bbox 1986 5739 3560 5813">
    <p class='ocr_par' dir='ltr' id='par_1_119' title="bbox 1986 5739 3560 5813">
     <span class='ocr_line' id='line_1_119' title="bbox 1986 5739 3560 5813; baseline -0.002 -18"><span class='ocrx_word' id='word_1_875' title='bbox 1986 5743 2299 5813; x_wconf 81' lang='lat' dir='ltr'><strong>gravissima</strong></span> <span class='ocrx_word' id='word_1_876' title='bbox 2323 5742 2581 5810; x_wconf 85' lang='lat' dir='ltr'><strong>pondera,</strong></span> <span class='ocrx_word' id='word_1_877' title='bbox 2607 5743 2720 5794; x_wconf 86' lang='lat' dir='ltr'><strong>solo</strong></span> <span class='ocrx_word' id='word_1_878' title='bbox 2745 5739 3076 5792; x_wconf 60' lang='lat' dir='ltr'><strong>adhaerentia</strong></span> <span class='ocrx_word' id='word_1_879' title='bbox 3104 5747 3179 5802; x_wconf 78' lang='lat' dir='ltr'><strong>et,</strong></span> <span class='ocrx_word' id='word_1_880' title='bbox 3200 5750 3256 5793; x_wconf 88' lang='grc' dir='ltr'><strong>ιιι</strong></span> <span class='ocrx_word' id='word_1_881' title='bbox 3306 5752 3560 5793; x_wconf 68' lang='grc' dir='ltr'><strong>ιιι-ριιι·;ιιιι</strong></span> 
     </span>
    </p>
   </div>
   <div class='ocr_carea' id='block_1_120' title="bbox 1986 5831 3559 5901">
    <p class='ocr_par' dir='ltr' id='par_1_120' title="bbox 1986 5831 3559 5901">
     <span class='ocr_line' id='line_1_120' title="bbox 1986 5831 3559 5901; baseline -0.006 -10"><span class='ocrx_word' id='word_1_882' title='bbox 1986 5838 2184 5901; x_wconf 78' lang='lat' dir='ltr'><strong>dicam,</strong></span> <span class='ocrx_word' id='word_1_883' title='bbox 2220 5833 2515 5889; x_wconf 81' lang='lat' dir='ltr'><strong>immobilia</strong></span> <span class='ocrx_word' id='word_1_884' title='bbox 2540 5831 2796 5887; x_wconf 79' lang='lat' dir='ltr'><strong>divellere</strong></span> <span class='ocrx_word' id='word_1_885' title='bbox 2840 5841 2894 5885; x_wconf 72' lang='lat' dir='ltr'><strong>et</strong></span> <span class='ocrx_word' id='word_1_886' title='bbox 2951 5833 3279 5888; x_wconf 66' lang='lat' dir='ltr'><strong>translocare</strong></span> <span class='ocrx_word' id='word_1_887' title='bbox 3329 5842 3559 5901; x_wconf 67' lang='lat' dir='ltr'><strong>pcl&#39;Tul.</strong></span> 
     </span>
    </p>
   </div>
  </div>
