4036 6224
549 408 647 469 15ὶ

1246 392 1666 474 ΕΗΞΤΑἸῊΙῙ
1702 415 2454 478 TIIESSALONICENSIS
2489 420 3054 482 METROPULIT/E

3682 423 3783 484 160

541 526 610 580 lit
640 535 820 582 autem
873 527 1094 586 omnino
1137 527 1293 583 aliter
1332 528 1511 584 dieain
1538 567 1556 593 ,
1603 543 1782 597 nemo,
1826 539 2119 600 conspecto

2228 529 2352 582 ίδὼν
2385 532 2682 601 ἐνδύναμον
2723 534 3092 604 ἀπειλητῆρα,
3137 533 3474 604 ευρασύνατο
3499 534 3564 587 ἂν
3606 537 3791 604 ἁμαρ-

540 631 646 674 tam
677 631 892 687 potente
923 621 1253 684 minitatur-e,
1288 635 1454 676 ausus
1483 629 1566 676 est
1592 621 1954 677 inluerescerc
1980 636 2112 690 pec-

541 712 678 766 eatis
709 727 934 781 quorum
967 713 1107 766 fama
1139 713 1214 767 ad
1245 713 1474 770 vindicis
1505 712 1767 770 Philothei
1791 729 1954 769 aures
1984 728 2113 783 per-

544 801 746 869 vulgari
775 801 965 870 possit.

613 891 700 946 19.
737 893 867 957 Quae
917 905 1119 960 autem,
1153 894 1278 949 dum
1305 895 1486 950 adhuc
1531 908 1810 966 superstes
1845 897 1964 962 fuit,
2001 897 2108 952 alia

543 984 842 1046 patraverit
888 985 1179 1051 miracula,
1227 987 1320 1054 qui
1381 987 1601 1042 virtutis
1662 987 1844 1042 studio
1903 987 2106 1044 incensi

542 1073 854 1129 auscultare
883 1083 936 1128 et
965 1075 1123 1130 saluti
1151 1075 1348 1131 anima:
1382 1091 1600 1143 operam
1654 1077 1965 1145 impendere
1993 1090 2111 1134 stu-

544 1167 693 1231 dént,
727 1182 790 1220 ex
822 1168 969 1222 illius
1007 1171 1245 1235 regionis
1271 1170 1464 1224 incolis
1496 1170 1802 1237 percontari
1856 1181 2107 1238 possunt,

543 1257 812 1325 siquidem
865 1259 970 1312 alia
1011 1259 1163 1315 libris
1217 1261 1497 1315 historicis
1548 1262 1744 1315 tradita
1779 1260 2108 1329 referuntur,

546 1348 650 1400 alia
677 1350 743 1401 ab
773 1347 840 1404 iis
869 1348 958 1416 qui
985 1349 1177 1404 horum
1208 1349 1596 1404 miraculorum
1620 1350 1910 1419 participes
1939 1350 2108 1418 fuere,

549 1440 814 1509 hodieque
849 1441 970 1494 viva
1013 1456 1142 1494 voce
1176 1440 1560 1510 praedicantur.
1621 1443 1692 1496 lis
1730 1443 1873 1496 enim
1908 1443 2111 1499 diutius

551 1530 826 1584 immorari
884 1541 1094 1599 tempus
1124 1531 1329 1598 deﬁnit,
1369 1547 1490 1586 cum
1530 1534 1744 1586 nonnisi
1787 1551 1817 1588 ε
1871 1535 2112 1590 minimis

545 1619 866 1686 quibusdam
896 1619 1059 1673 vitam
1085 1617 1356 1676 Philmhei
1393 1637 1602 1676 summa
1639 1624 1998 1680 admiratione
2030 1624 2112 1679 di-

545 1724 704 1774 gnam
740 1723 998 1764 enarrare
1039 1710 1393 1766 voluerimus.
1423 1712 1768 1781 Quaproister
1812 1729 1916 1770 uno
1949 1714 2115 1770 alter-

547 1815 650 1856 ove
695 1812 1119 1858 commemorato
1144 1818 1207 1857 ex
1234 1803 1300 1860 iis
1329 1819 1448 1872 qua:
1476 1821 1581 1859 non
1615 1806 1736 1858 vivo
1759 1816 1947 1860 sancto
1988 1822 2115 1862 eve-

2213 620 2358 684 τίαις
2391 621 2696 687 ἐπιϐαλεῖν,
2716 623 2923 688 αἵτινες
2939 626 3019 688 εἰς
3042 625 3213 694 ἀκοὴν
3236 625 3310 695 τῷ
3336 625 3596 694 ἐκδικητῇ
3627 627 3788 677 φιλο-

2217 711 2324 784 θέῳ
2355 712 2691 770 ἐλεύσονται.

2285 889 2368 945 ιθ’.
2404 891 2546 946 Ὅσα
2593 893 2649 946 δὲ
2699 892 2797 948 καὶ
2819 893 2954 946 ἄλλα
2997 894 3077 946 ἔτι
3116 892 3225 957 ζῶν
3258 893 3568 955 ἀπετέλεσε,
3601 893 3791 960 θαῦμα

2212 982 2658 1053 προκαλούμενοι,
2719 983 2867 1037 ἐστιν
2904 985 2968 1036 ἐκ
3022 983 3131 1036 τῶν
3187 985 3366 1036 ἐκεῖσε
3405 985 3544 1036 κατά
3601 983 3794 1053 χώραν

2215 1073 2539 1142 πορίζεσθαι
2568 1077 2693 1138 τοὺς
2719 1076 2994 1144 ἐναρέτως
3026 1073 3492 1142 φιλακροάμονας,
3521 1077 3614 1127 καὶ
3640 1076 3706 1127 τὰ
3733 1077 3794 1136 ἐς

2210 1164 2451 1236 ψυχικὴν
2483 1166 2964 1235 ἐμπορευομένους
2991 1165 3283 1234 ὠφέλειαν,
3323 1168 3392 1216 τὰ
3427 1165 3526 1231 μέν
3559 1165 3619 1228 ἐξ
3648 1167 3797 1218 ἱστο-

2215 1259 2337 1328 ρίας
2382 1257 2823 1327 ἀναλεγομένων,
2881 1258 2948 1310 τὰ
2977 1257 3034 1310 δὲ
3067 1256 3163 1310 καὶ
3209 1258 3379 1309 εἰσέτι
3427 1257 3797 1325 πειρωμένων

2210 1352 2311 1417 τῆς
2354 1349 2562 1402 τούτων
2607 1347 3067 1419 θαυμασιότητος.
3141 1346 3304 1414 Ἡμῖν
3337 1347 3447 1415 γὰρ
3476 1348 3537 1398 οὐ
3599 1348 3798 1416 καιρὸς

2212 1441 2570 1511 ἐνδιατρίϐειν
2605 1442 2794 1503 αὐτοῖς
2830 1440 2926 1494 ἐπὶ
2959 1440 3144 1502 πλέον,
3169 1438 3530 1508 προθεμένοις
3559 1439 3623 1490 ἐκ
3653 1438 3801 1506 βρα-

2213 1532 2466 1600 χυτάτων
2490 1531 2655 1584 τινῶν
2686 1532 2932 1602 ἐμφῆναι
2965 1531 3026 1583 τὸ
3079 1530 3369 1598 μεγαλεῖον
3403 1528 3498 1580 τοῦ
3527 1533 3665 1581 κατὰ
3697 1529 3798 1579 τὸν

2212 1621 2465 1676 Φιλόθεον
2516 1623 2936 1690 πολιτεύματος.
3010 1621 3212 1689 Διόπερ
3255 1619 3374 1681 ἐνός
3421 1635 3565 1680 τινος
3604 1619 3636 1686 ἧ
3696 1621 3800 1671 καὶ

2213 1715 2468 1781 δευτέρου
2486 1715 2595 1765 τῶν
2625 1713 2816 1766 τούτου
2849 1713 3212 1782 ποιησάμενοι
3243 1710 3458 1778 μνείαν,
3486 1711 3580 1762 καὶ
3609 1710 3800 1762 αὐτῶν

2215 1804 2314 1873 ούχ
2352 1803 2479 1858 οἴων
2507 1803 2566 1867 ἐξ
2587 1805 2682 1857 ἐπι
2717 1803 2867 1871 ζωῆς
2900 1802 2995 1855 τοῦ
3028 1799 3443 1872 μεγά>.οι›,άλλὰ
3485 1801 3622 1867 μετά
3656 1801 3800 1852 ἀπο.

549 1899 762 1954 nerunt,
796 1892 889 1947 sed
919 1903 1039 1962 post
1081 1893 1200 1963 ejus
1255 1904 1517 1959 mortem,
1575 1913 1678 1963 qua
1710 1897 2016 1953 immediate
2047 1899 2112 1951 ad

2228 1893 2430 1957 δίωσιν,
2453 1894 2521 1946 δι’
2546 1887 2612 1964 ἦς
2637 1895 2858 1961 ἀμέσως
2892 1890 2968 1960 τῷ
2993 1891 3333 1958 παμϐασιλεῖ
3366 1891 3614 1958 παρέστη
3646 1889 3799 1956 Θεῷ,

553 1985 716 2038 Deum
755 1986 1174 2054 omnipotentem
1229 1988 1461 2042 evolavit
1488 1990 1667 2044 anima
1711 2005 1842 2056 pura
1874 1999 1926 2043 et
1961 1992 2115 2058 quasi

555 2091 706 2131 mens
738 2076 969 2148 integra,
1001 2079 1389 2135 concludemus
1425 2090 1667 2135 nostram
1694 2081 2113 2148 expositionem,

551 2170 880 2240 symmetriae
915 2185 1074 2240 quam
1113 2171 1447 2227 intendimus
1477 2173 1686 2227 ratione
1718 2171 1922 2227 habita.

620 2260 712 2316 20.
753 2261 873 2316 Jam
914 2260 1259 2326 Pbilotlteus,
1293 2277 1490 2331 magna
1536 2263 1714 2332 aquila
1746 2273 1798 2318 et
1829 2263 2120 2318 diemouia-

552 2368 735 2408 corum
785 2353 972 2408 alitum
1025 2353 1216 2420 hostis,
1271 2353 1336 2408 ad
1378 2354 1718 2408 Altissimum
1783 2353 2117 2418 evolaveral,

555 2443 740 2498 multis
783 2445 1050 2514 capitibus
1077 2445 1304 2498 istorum
1337 2444 1659 2514 injustorum
1691 2443 1966 2499 lethaliter
2001 2457 2124 2510 pcr-

554 2538 748 2592 cnssis.
805 2537 870 2591 Et
928 2536 1098 2606 ipsius
1130 2538 1346 2606 quidem
1391 2547 1598 2606 partem
1629 2535 1866 2590 divinam
1897 2537 2122 2588 thronus

559 2627 670 2690 Dei,
703 2627 846 2696 quod
878 2635 1059 2683 autem
1113 2638 1384 2684 terrenum
1433 2635 1487 2682 et
1546 2625 1752 2682 humile
1799 2637 1937 2688 erat,
1979 2635 2120 2679 terra

558 2719 811 2780 habebat.
835 2720 899 2774 de
923 2734 1029 2789 qua
1049 2731 1316 2790 sumptum
1344 2720 1464 2785 fuit,
1503 2728 1669 2783 terra,
1706 2720 1946 2788 inquam,
1974 2716 2125 2770 heta-

555 2808 812 2878 bundazde
837 2810 952 2879 ejus
966 2809 1325 2878 depositione,
1349 2823 1522 2878 neque
1546 2809 1782 2864 etIicieus
1799 2813 1913 2882 nde
1944 2808 2084 2862 inter
2102 2835 2119 2849 ο

559 2898 692 2950 itum
749 2913 843 2952 seu
881 2899 1313 2965 dissolutionem,
1358 2901 1453 2953 sed
1497 2914 1826 2957 conservans
1853 2912 1906 2956 et
1938 2903 2124 2957 volens

559 2999 728 3042 totum
763 2990 916 3043 illum
969 2993 1214 3058 recipere
1263 2999 1318 3046 et
1366 2991 1420 3044 in
1448 2991 1837 3061 sempiternum
1901 2993 2121 3048 colere:

564 3079 824 3146 quoniam
857 3089 1035 3134 autem
1068 3081 1308 3134 animum
1343 3082 1580 3136 retinere
1605 3098 1668 3137 ac
1701 3084 2126 3140 circumcludere

2216 1986 2364 2055 ψυχὴ
2392 1986 2721 2054 ἀκραιφνὴς,
2753 1983 2874 2046 νοῦς
2905 1985 3254 2053 αὐτόχρημα,
3286 1983 3668 2051 καταλύσομεν
3699 1983 3804 2036 τὸν

2216 2077 2396 2143 λόγον,
2449 2075 2793 2146 συμμετρίας
2849 2074 3274 2145 ἐστοχασμένοι,
3318 2075 3512 2127 ὁποίαν
3567 2076 3804 2144 προεθέ-

2221 2167 2384 2238 μεθα.

2292 2267 2363 2314 κ’.
2393 2258 2532 2328 Ἤδη
2557 2259 2656 2328 μὲν
2672 2257 2700 2308 ό
2725 2255 2867 2310 κατά
2883 2256 3178 2326 δαιμονίων
3203 2256 3420 2324 πτηνῶν
3441 2257 3618 2326 μέγας
3635 2257 3805 2317 ἀετὸς

2219 2355 2247 2406 ὁ
2273 2351 2522 2414 Φιλόθεος
2552 2349 2888 2417 ἐπτερύξατο
2911 2349 3047 2418 πρὸς
3066 2349 3156 2401 τὸν
3179 2348 3471 2413 ’Υψιστον,
3489 2351 3566 2409 εἰς
3596 2348 3806 2410 πολλὰς

2221 2442 2463 2513 κεφαλὰς
2490 2440 2756 2495 τοιούτων
2786 2440 3002 2510 ἀνόμων
3033 2439 3210 2510 βαλὼν
3235 2439 3489 2492 θάνατον.
3519 2441 3624 2492 Καὶ
3650 2437 3804 2508 εἶχεν

2221 2532 2388 2606 αὑτοῦ
2423 2532 2481 2584 τὸ
2515 2533 2616 2603 μὲν
2653 2531 2929 2585 θειότατον
2958 2531 2988 2583 ὁ
3015 2530 3108 2585 τοῦ
3143 2531 3278 2584 Θεοῦ
3315 2531 3527 2601 θρόνος,
3552 2532 3611 2582 τὸ
3635 2531 3688 2582 δὲ
3721 2530 3806 2599 μὴ

2221 2627 2484 2688 τοιοῦτον,
2535 2625 2650 2678 ἀλλ’
2683 2626 2745 2678 ἐκ
2801 2624 2907 2676 τῶν
2945 2625 3094 2676 κάτω
3129 2623 3225 2676 καὶ
3275 2623 3378 2691 γῆς
3413 2624 3603 2690 αὐτῆς.
3635 2625 3668 2690 ἡ
3699 2623 3806 2690 γῆ.

2222 2719 2281 2784 ἐξ
2315 2712 2383 2788 ἦς
2436 2716 2682 2785 εἴληπτο.
2719 2713 2990 2784 χαίρουσα
3017 2717 3083 2784 τῇ
3133 2713 3425 2767 καταθέσει
3451 2713 3667 2776 αὑτοῦ,
3703 2715 3807 2768 καὶ

2223 2811 2324 2865 οὐκ
2375 2809 2735 2877 ἐπιχειροῦσα
2788 2810 2868 2871 εἰς
2928 2807 3160 2876 φθορὰν,
3211 2805 3312 2859 εἴτ’
3348 2802 3442 2859 οὖν
3472 2806 3805 2874 διαφθορὰν,

2224 2901 2360 2954 ἀλλὰ
2390 2899 2758 2970 συντηροῦσα,
2787 2899 2882 2953 xui
2910 2899 3143 2952 θέλουσα
3178 2899 3282 2967 μὲν
3320 2899 3438 2952 δλον
3470 2899 3680 2951 ἐκεῖνον
3712 2899 3812 2951 δέ·

2228 2991 2426 3056 ξασθαι
2457 2992 2553 3045 καὶ
2593 2991 2872 3059 ἀμφέπειν
2893 2989 3142 3052 ἀείζωον,
3173 2990 3255 3041 δτι
3293 2989 3348 3040 δὲ
3383 2989 3457 3057 μὴ
3485 2984 3598 3056 εἶχε
3636 3005 3809 3058 περι-

2229 3085 2380 3154 σχεῖν
2434 3086 2494 3136 τὸ
2551 3082 3037 3153 ἀκατακράτητον,
3093 3080 3408 3149 ἀρκουμένη
3431 3080 3509 3149 τῷ
3544 3079 3810 3148 καθεκτῷ

561 3184 666 3222 non
696 3169 890 3238 potuit,
923 3180 1178 3225 contenta
1213 3171 1312 3225 fuit
1345 3171 1545 3227 habere
1604 3187 1799 3244 corpus
1833 3177 1975 3243 quod
2005 3189 2120 3229 ma-

2229 3177 2446 3245 σώματι
2483 3175 2586 3226 οὐκ
2616 3173 2926 3243 ἀχρειοῦντι
2957 3172 3058 3243 τὴν
3099 3171 3314 3242 μητέρα
3337 3170 3636 3224 δυσώδεσιν
3667 3172 3811 3224 ἀπο-

565 3272 702 3312 trem
731 3274 839 3313 non
872 3261 1156 3316 iutectaret
1210 3261 1503 3332 vaporibus
1553 3263 1693 3318 male
1727 3265 2001 3319 olrntibus
2031 3275 2125 3319 aut

565 3353 912 3421 pntrrtidiuis
948 3351 1160 3420 latore,
1197 3356 1292 3409 sed
1315 3355 1454 3426 quod
1481 3366 1664 3426 gratos
1695 3356 1984 3426 dulcesque
2026 3372 2124 3413 ex-

563 3444 773 3498 lialaret
804 3443 1021 3510 odores,
1053 3445 1207 3516 quasi
1227 3457 1530 3500 aromatum
1559 3449 1840 3516 thurisque
1870 3459 2011 3504 esset
2045 3461 2129 3501 re-

561 3531 918 3599 ceptaculum,
978 3531 1051 3587 ita
1110 3543 1190 3596 ut,
1253 3532 1407 3600 cuius
1468 3533 1576 3588 vivi
1633 3535 1916 3604 precesad
1960 3534 2125 3590 Deum

563 3622 918 3677 ascenderant
943 3623 1118 3676 thuris
1147 3621 1340 3688 instar,
1375 3623 1518 3678 illius
1558 3634 1610 3680 et
1646 3639 1843 3694 corpus
1870 3635 2125 3696 tanquam

563 3715 733 3771 altare
780 3731 875 3773 seu
937 3717 1271 3772 thuribulum
1329 3715 1592 3772 refertum
1644 3728 1790 3774 esset
1825 3718 1988 3773 odore
2019 3734 2129 3788 quo

565 3807 708 3863 Deus
739 3807 958 3878 gaudet.
986 3805 1099 3863 Hoc
1128 3822 1225 3876 per
1254 3823 1454 3862 annum
1496 3808 1766 3878 integrum
1796 3809 2127 3874 perduravit,

559 3899 1053 3953 etadmirationem
1087 3898 1366 3966 excitavit,
1417 3909 1470 3952 et
1501 3899 1742 3953 dolorem
1808 3899 1992 3968 injecit
2023 3902 2131 3956 illis

559 3985 655 4056 qui
703 3995 946 4040 sanctum
985 3984 1398 4040 committebant
1433 3994 1612 4048 terrae,
1680 3986 1821 4054 quod
1875 3986 2131 4042 thesauro

557 4077 839 4134 condendo
871 4092 978 4131 non
1018 4075 1282 4133 baberent
1330 4077 1550 4148 dignum
1587 4079 2004 4148 receptaculum,
2039 4095 2135 4134 ne

563 4187 672 4242 que
725 4185 820 4224 vas
869 4180 1146 4241 unguento
1195 4171 1548 4234 conveniens,
1587 4188 1762 4241 neque
1814 4175 2130 4243 amphoram

562 4260 866 4314 venerando
888 4259 1011 4312 oleo
1032 4273 1344 4327 congruam.
1381 4260 1612 4326 Operam
1648 4261 1814 4330 igitur
1846 4264 2130 4328 dederunt,

563 4361 620 4405 ut
646 4363 899 4406 sanetum
928 4358 1314 4418 componerent
1347 4353 1398 4404 in
1433 4351 1549 4404 loco
1575 4353 1940 4416 convenienti,
1969 4364 2024 4410 et
2051 4357 2134 4407 di-

561 4457 723 4513 gnum
758 4455 824 4494 eo
853 4449 1255 4493 monumentum
1301 4443 1589 4510 erigerent.
1611 4442 1760 4508 Quod
1811 4459 1931 4498 cum
1955 4448 2133 4524 lieret,

2227 3269 2422 3337 φοραῖς
2453 3266 2546 3318 καὶ
2587 3264 2884 3333 σηπεδόνος
2909 3263 3260 3332 δριμύτησιν,
3294 3262 3409 3316 ἀλλ’
3454 3263 3809 3326 εύωδιάζοντι

2226 3361 2322 3413 καί⁵
2357 3357 2644 3428 μυροῦντι,
2673 3355 2748 3419 ὡς
2779 3356 2828 3407 εί
2855 3356 2950 3407 καὶ
2977 3354 3288 3424 ἀρωμάτων
3317 3356 3411 3406 καὶ
3434 3353 3810 3425 θυμιαμάτων

2227 3452 2294 3527 ἦν
2319 3455 2462 3525 θήκη
2488 3471 2501 3484 °
2535 3455 2643 3516 ἵνα,
2682 3445 2742 3506 οὗ
2772 3453 2973 3516 ζῶντος
3003 3451 3058 3503 αί
3089 3451 3248 3520 εὐχαὶ
3270 3451 3350 3512 είς
3373 3450 3508 3502 Θεὸν
3535 3449 3812 3502 κατευθύο

2230 3562 2383 3599 νοντο
2428 3546 2504 3608 ὡς
2560 3543 2837 3612 θυμίαμα,
2869 3541 3079 3594 ἐκείνου
3123 3541 3220 3594 καὶ
3253 3540 3314 3591 τὸ
3345 3541 3504 3610 σῶμα
3535 3540 3680 3592 καθά
3713 3539 3812 3591 καὶ

2230 3637 2506 3703 θυτήριον,
2544 3633 2740 3686 ταύτὸν
2767 3631 2811 3684 δ’
2841 3633 3038 3695 εἰπεῖν,
3093 3631 3460 3700 θυμιατήριον
3483 3630 3657 3699 ὀδμῆς
3705 3647 3809 3682 πε-

2229 3726 2543 3796 πλησμένον
2580 3725 2687 3793 εἴη,
2724 3722 2886 3792 ὁποίᾳ.
2916 3721 3127 3792 χαίρειν
3171 3716 3281 3776 οἶδε
3307 3721 3460 3781 θεός.
3488 3717 3596 3774 Ἦν
3646 3719 3815 3774 τοῦτο

2230 3817 2310 3879 είς
2357 3817 2478 3868 ὅλον
2515 3813 2789 3868 ἐνιαυτόν·
2848 3816 2941 3866 καὶ
2987 3811 3333 3883 ἐθαυμάζετο
3366 3812 3460 3865 mi.
3498 3811 3814 3880 μετάμελος

2231 3904 2299 3979 ἦν
2328 3909 2441 3970 τοῖς
2475 3906 2596 3959 τότε
2652 3905 2748 3958 τὸν
2785 3903 2941 3972 ἆγιον
2987 3903 3263 3974 κρύψασιν
3295 3903 3401 3956 ὑπὸ
3449 3903 3574 3970 γῆν,
3606 3905 3691 3954 ὅτι
3730 3906 3812 3971 μὴ

2231 3999 2310 4067 τῷ
2342 3996 2602 4068 θησαυρῷ
2631 3994 2899 4062 ἀνάλογον
2929 3994 3356 4063 πεφιλοτίμηται
3390 3991 3815 4062 θησαυροφυλάο

2235 4107 2373 4154 κιον,
2407 4090 2492 4142 ὃτι
2518 4089 2593 4158 μὴ
2628 4088 2770 4140 κατά
2821 4087 2882 4139 τὸ
2912 4085 3084 4155 μύρον
3110 4085 3271 4154 τιμία
3304 4085 3336 4153 ὴ
3385 4083 3693 4154 μυμθῄκη,
3724 4084 3812 4136 ὅτι

2238 4180 2312 4251 μὴ
2335 4180 2426 4233 καὶ
2447 4179 2507 4232 τὸ
2531 4177 2876 4246 ἀλάϐαστρον
2895 4176 3044 4240 ἀξιον
3066 4173 3158 4227 τοῦ
3194 4175 3566 4244 πολυτιμήτου
3596 4174 3809 4229 ἐλαίου.

2235 4273 2345 4326 Καὶ
2376 4270 2557 4324 τοίνυν
2608 4268 2842 4340 μελέτην
2877 4268 3087 4330 ἔθεντο,
3140 4266 3472 4337 μεταθέσθαι
3505 4267 3596 4318 τὸν
3625 4268 3811 4334 ἅγιον,

2236 4367 2357 4419 ὅποι
2393 4363 2596 4434 μᾶλλον
2625 4362 2815 4431 ἐχρῆν,
2862 4361 2958 4414 καὶ
2993 4361 3268 4430 μνημεῖον
3313 4359 3461 4428 αὐτῷ
3486 4361 3620 4427 πρὸς
3652 4359 3816 4423 ἀξίαν

2237 4453 2625 4526 τεχνήσασθαι.
2663 4453 2772 4506 Καὶ
2821 4451 2898 4514 ὡς
2931 4451 3143 4520 ἐγίνετο
3186 4451 3364 4514 τοῦτο,
3394 4451 3482 4502 καὶ
3515 4451 3544 4501 ὁ
3580 4450 3818 4514 πλοῦτος

562 4543 619 4588 et
651 4535 939 4588 thesaurus
974 4533 1079 4586 iste
1101 4534 1164 4584 ad
1199 4533 1377 4586 locum
1418 4533 1836 4601 splendidiorem
1868 4537 2124 4592 transfer-

2240 4551 2448 4610 ἐκεῖνος
2507 4545 2900 4616 μετεκομίζετο
2935 4545 3014 4606 εἰς
3057 4544 3245 4612 ἓτερον
3283 4541 3607 4612 τιμιώτερον
3645 4543 3818 4610 γαζο-

563 4639 730 4692 retur,
779 4626 978 4695 placuit
1029 4625 1454 4680 Christianorum
1519 4626 1651 4694 regi,
1695 4623 1962 4681 Philothei
1996 4628 2126 4693 Deo,

566 4720 823 4776 miraculo
857 4735 979 4774 eum
1003 4719 1270 4774 honorare
1312 4729 1365 4774 et
1403 4719 1548 4775 velut
1597 4722 2016 4774 resurrectionis
2044 4730 2128 4792 ty-

566 4829 688 4883 pum
741 4814 1020 4869 exhibere.
1055 4812 1174 4867 1am
1204 4829 1352 4878 vero,
1399 4827 1434 4868 ο
1477 4812 1799 4867 miraculum
1838 4814 2126 4879 iueﬂ'ahile,

565 4922 795 4976 quocum
852 4908 942 4961 vix
989 4907 1156 4961 ullum
1196 4907 1500 4976 comparari
1547 4907 1745 4976 queat!
1795 4908 2132 4963 venerabiles

565 4998 918 5066 depositionis
969 4997 1269 5052 administri
1306 4997 1506 5052 sensim
1534 5013 1728 5052 manus
1752 4997 2132 5065 admovebant,

565 5097 621 5146 et
667 5089 895 5146 sollicite
943 5101 1188 5146 sanctum
1237 5103 1431 5157 corpus
1485 5089 1956 5160 apprehendentes
2009 5106 2134 5145 cum

573 5197 764 5251 magna
798 5197 928 5237 cura
962 5184 1317 5238 sublevabant
1347 5191 1403 5238 et
1424 5182 1712 5252 diligenter
1741 5184 2133 5251 suscipiebant,

572 5273 727 5329 veriti
783 5287 849 5328 ne
897 5273 1026 5343 quid
1075 5273 1222 5328 illius
1270 5283 1470 5328 sanet-'1:
1511 5273 1792 5342 compagis
1833 5273 2135 5328 dillractum

570 5364 793 5434 periret.
825 5363 918 5420 ille
959 5379 1086 5418 vero
1119 5379 1174 5418 ut
1203 5365 1624 5430 demonstraret,
1649 5381 1707 5422 se
1749 5380 1853 5420 non
1882 5367 2136 5435 periisse,

573 5459 666 5513 sed
717 5459 770 5512 in
809 5457 917 5512 Deo
950 5459 1149 5524 vivere,
1189 5458 1456 5513 viventem
1509 5471 1690 5515 autem
1736 5461 1971 5531 dill‘ringi
2032 5477 2137 5518 non

575 5565 754 5620 posse,
789 5553 974 5605 ambas
1007 5567 1220 5616 tnanus,
1249 5552 1401 5620 quasi
1460 5553 1687 5616 viveret.
1721 5561 1973 5609 extensus
1995 5563 2050 5607 et
2073 5555 2139 5608 ad

578 5644 1142 5713 comprehendendum
1212 5647 1540 5711 compositas
1635 5647 1876 5702 humeris
1930 5647 2139 5701 illorum

583 5735 809 5786 duorum
863 5743 1196 5799 sanctorum,
1253 5735 1500 5803 quicum
1555 5737 1910 5807 sepeliebant,
1972 5740 2143 5806 impo-

589 5818 716 5873 suit,
754 5815 922 5885 iisque
967 5818 1192 5874 ﬁrmiter
1225 5819 1438 5876 innixus
1489 5831 1648 5892 atque
1681 5822 1760 5878 sic
1787 5832 2142 5888 sustentatus,

2236 4641 2518 4711 φυλάκιον,
2546 4640 2711 4706 ῆρεσε
2741 4636 2817 4706 τῷ
2843 4636 2950 4689 τῶν
2981 4636 3326 4705 Χριστιανῶν
3353 4634 3709 4703 παμϐασιλεῖ,
3737 4635 3821 4704 τῷ
3895 4621 3900 4625 ’

2237 4728 2328 4782 τοῦ
2355 4729 2606 4781 Φιλοθέου
2640 4726 2779 4795 Θεῷ,
2813 4726 2976 4779 αὐτόν
3005 4743 3064 4778 τε
3093 4723 3470 4794 ἀποσεμνύναι
3495 4724 3824 4792 θαυμασιώ-

2237 4838 2416 4886 τερον,
2452 4821 2548 4873 καὶ
2581 4819 2752 4872 τύπον
2783 4817 3136 4878 ἀναστάσεως
3166 4818 3261 4869 καὶ
3291 4815 3440 4886 αὐτῷ
3494 4817 3824 4884 ἐνσημήνα-

2241 4913 2384 4966 σθαι.
2418 4913 2550 4975 Καὶ,
2587 4910 2633 4964 ὦ
2662 4910 2940 4976 θαύματος
2980 4911 3249 4980 ἀρρήτου,
3272 4908 3368 4961 καὶ
3400 4908 3514 4960 οῖου
3551 4908 3824 4975 ὑπερανί-

2242 5005 2470 5058 στασθαι
2517 5003 2860 5072 συγκρίσεως
2888 5003 2902 5054 l
2935 5002 2985 5054 oi
3036 5001 3138 5072 μὲν
3168 5001 3266 5070 τῆς
3300 4999 3644 5070 μεταθέσεως
3681 5001 3826 5064 [spot

2241 5095 2539 5166 κηδεμόνες
2586 5095 2771 5164 ἡρέμα
2796 5094 2894 5156 τὰς
2924 5096 3116 5163 χεῖρας
3147 5093 3473 5156 ὑπέϐαλλον,
3509 5095 3602 5144 καὶ
3628 5109 3829 5159 πεφει-

2244 5187 2456 5257 σμένως
2478 5183 2573 5238 τοῦ
2598 5185 2743 5254 ἱεροῦ
2768 5183 3087 5251 ἐδράττοντο
3111 5181 3386 5250 σώματος,
3413 5183 3508 5234 καὶ
3528 5182 3826 5251 ἐμφρόνως

2244 5275 2378 5329 αὐτὸ
2405 5274 2906 5344 ὑπολαμϐάνοντες,
2955 5272 3232 5340 ἐπιμελῶς
3284 5273 3522 5339 ἀνεῖχον,
3559 5270 3828 5324 εὐλαϐού-

2249 5383 2421 5436 μενοι,
2455 5363 2666 5434 μήποτέ
2699 5379 2750 5414 τι
2785 5360 3072 5430 συντριϐὲν
3101 5360 3345 5431 διαιρεθῇ
3374 5362 3471 5428 τῆς
3503 5361 3655 5430 ἱερᾶς
3677 5361 3824 5411 ἐκεί-

2247 5475 2339 5510 νου
2369 5457 2642 5526 διαρτίας.
2693 5453 2750 5506 '0
2768 5454 2825 5505 δέ
2858 5453 3094 5514 δεικνὺς.
3125 5452 3200 5514 ὡς
3236 5453 3296 5504 οὐ
3337 5451 3668 5514 διαλέλυται,
3703 5450 3825 5502 ἀλλ’

2249 5551 2308 5601 ἐν
2340 5547 2458 5616 Θεῷ
2510 5545 2601 5618 ζῇ,
2672 5545 2852 5609 ζῶντα
2901 5543 2958 5596 δὲ
2987 5544 3090 5596 ούκ
3120 5544 3236 5595 ἔστι
3283 5543 3477 5595 παθεῖν
3507 5541 3825 5609 συντριϐῆν,

2249 5641 2416 5710 ἄμφω
2469 5636 2547 5689 τὼ
2600 5639 2748 5708 χεῖρε
2777 5635 3131 5700 διαπετάσας,
3185 5635 3260 5697 ὼς
3288 5636 3447 5704 εἴπερ
3477 5633 3596 5702 ἐζη,
3625 5631 3829 5684 ἔπειτα

2253 5726 2544 5797 καμπύλας
2574 5727 2742 5788 αύτάς
2781 5724 3148 5796 σχηματίσας,
3181 5723 3322 5778 ὥστε
3365 5722 3704 5793 περιλαϐεῖν,
3729 5723 3827 5774 καὶ

2253 5822 2358 5874 τῶν
2407 5820 2572 5892 ὤμων
2613 5820 2998 5884 καταπετάσας
3035 5819 3201 5884 αὑτὰς
3248 5820 3434 5888 ἱερέων
3458 5819 3682 5872 ἐκείνων
3715 5817 3818 5870 δύο
