4012 6226
230 312 328 377 161
1336 312 1830 374 INVOCATION]

1943 317 2002 378 S.
2043 317 2446 380 DEMETRII.
3411 329 3506 394 162

231 423 666 496 μετατιθέντων,
701 424 794 475 καὶ
841 423 1077 493 στερεῶς
1127 422 1485 493 δραξάμενος,
1521 428 1617 477 καὶ
1651 425 1826 487 οὓτως

1934 425 1985 479 in
2009 427 2242 484 sublime
2267 447 2326 486 se
2362 431 2580 502 erigens
2615 443 2724 491 tres
2759 450 2952 506 passus
2992 440 3277 508 processit,
3309 443 3506 513 quibus

229 517 704 588 ιπερεισάμενος,
754 517 955 587 ἀνέστη
1011 533 1072 570 τε
1115 519 1196 580 είς
1228 517 1436 589 ὄρθιον,
1469 519 1567 572 καὶ
1603 517 1824 586 βήματα

227 631 280 676 τ’.
301 613 358 664 ία
383 610 606 672 διαϐὰς,
631 611 725 663 καὶ
755 612 907 678 τρισὶ
937 610 1160 672 ταύταις,
1192 611 1382 682 βάσεσι
1415 610 1699 680 μετρήσας
1725 610 1824 678 τὴν

229 703 477 773 κίνησιν,
521 697 644 754 εἶτα
673 702 967 765 κατέπεσε,
1015 701 1213 765 τεθεὶς,
1272 704 1392 755 ὅποι
1420 705 1610 756 πεσεῖν
1657 700 1827 755 κεκύ-

234 812 400 865 ρωτο.
461 796 573 849 Καὶ
623 794 748 848 οἵαν
790 796 891 864 μὲν
921 793 1124 846 ἔπαθον
1146 792 1408 863 ἔκπληξιν
1438 795 1486 847 οί
1521 792 1826 863 τηνικαῦτα

233 888 533 956 παρόντες,
581 889 675 940 καὶ
709 887 942 956 μάλιστα
999 889 1031 957 ἠ
1063 888 1380 956 μακαριστὴ
1409 885 1541 947 δυὰς
1573 885 1827 957 ίερατικὴ

231 980 418 1049 ἐκείνη
454 979 776 1049 (μακάριος
796 979 905 1048 γὰρ
927 963 1140 1042 πάντως
1165 990 1259 1031 και
1283 981 1309 1031 ὁ
1339 979 1583 1031 τοιοῦτον
1615 978 1828 1048 ἐπάρας

235 1071 565 1141 βάσταγμα,
586 1070 732 1123 καθᾶ
756 1071 852 1125 καί
876 1089 928 1124 τι
953 1071 1174 1142 φορτίον
1195 1071 1602 1140 εύαγγελικὸν),
1621 1072 1828 1126 οἴδασιν

233 1163 278 1214 οἱ
313 1163 441 1215 τότε
502 1163 998 1233 περιτετυχηκότες
1047 1162 1125 1232 τῷ
1156 1162 1420 1233 θαύματι.
1466 1163 1597 1231 Ἐμὲ
1634 1163 1690 1215 δὲ
1725 1164 1823 1214 ὲκ-

234 1256 492 1323 πλήττει,
525 1255 646 1317 πῶς
687 1272 817 1308 ποτε
837 1255 898 1307 οὐ
931 1255 1316 1324 παρελύθησαν
1350 1255 1501 1325 φόϐῳ
1531 1257 1578 1308 οί
1617 1253 1822 1323 βαστάο

237 1363 458 1408 σαντες,
496 1346 614 1410 πῶς
648 1346 707 1398 δὲ
736 1347 837 1399 οὐκ
865 1345 1164 1417 ἐξέστησαν
1196 1347 1374 1408 ἄλλως
1399 1347 1492 1399 ἐπὶ
1525 1346 1669 1400 οὕτω
1697 1364 1822 1399 και-

237 1440 466 1493 νοτατου
519 1440 691 1510 πείρᾳ
731 1441 1079 1510 πράγματος.
1136 1436 1481 1510 Ἐγωγόὗν,
1515 1441 1564 1494 εί
1615 1439 1819 1508 παρῆν,

237 1532 340 1583 οὒκ
372 1530 437 1583 ἂν
465 1530 735 1600 κατέσχον
763 1530 1000 1597 ἐμαυτὸν
1031 1530 1124 1584 τοῦ
1158 1533 1306 1594 ὲνεδς
1344 1533 1547 1600 μεῖναι,
1578 1532 1627 1583 εί
1665 1533 1737 1601 μή
1769 1547 1822 1581 τι

240 1625 349 1692 ἄρα
387 1625 486 1674 καὶ
542 1622 876 1691 διεφώνησα.
941 1623 1048 1676 Καὶ
1087 1625 1217 1686 ἴσως
1275 1624 1376 1692 μὲν
1397 1625 1595 1676 ἐκεῖνοι
1626 1623 1825 1676 ἔπαθον

241 1716 306 1767 ἄν
346 1731 396 1765 τι
421 1713 691 1766 τοιοῦτον.
741 1713 805 1764 Τί
841 1712 953 1783 γὰρ
986 1714 1237 1777 ἀπεικὸς,
1271 1714 1416 1766 οὓτω
1450 1713 1744 1782 συμϐῆναι,
1778 1714 1825 1766 εί

1931 523 2168 577 emensis
2221 524 2494 595 collapsus
2540 537 2623 582 est
2669 538 2723 582 et
2774 530 3017 598 sepultus
3049 531 3136 585 ubi
3163 534 3502 590 conciderat.

1932 611 2280 684 Quantopere
2329 629 2508 672 autem
2554 621 2935 690 obstupuerint
2964 625 3053 694 qui
3092 633 3220 681 tunc
3249 629 3496 693 aderant,

1931 714 1981 757 et
2010 709 2279 777 przecipue
2320 711 2581 766 beati-isti
2623 713 2728 766 duo
2757 715 2857 768 viri
2903 717 3073 768 sancti
3113 715 3326 788 (beatus
3361 721 3506 774 enim

1931 812 2119 851 revera
2177 801 2267 869 qui
2302 803 2406 856 tale
2465 812 2644 871 portat
2695 821 2830 859 onus
2878 807 3025 862 velut
3051 811 3324 879 quoddam
3363 827 3503 865 onus

1930 891 2348 962 evangelicum),
2403 895 2584 949 sciunt
2620 897 2711 964 qui
2764 907 2893 958 tunc
2940 901 3204 955 miraculo
3251 903 3511 956 interfur-

1932 991 2080 1036 runt.
2119 981 2230 1052 Ego
2277 994 2461 1038 z-utem
2499 987 2687 1052 miror,
2733 991 3008 1057 quomodo
3068 1002 3348 1060 portantes
3397 1009 3507 1063 pne

1931 1082 2078 1127 metu
2114 1091 2218 1129 non
2264 1077 2462 1131 mortui
2497 1079 2629 1143 sint,
2653 1083 2924 1149 quomodo
2981 1083 3033 1136 in
3089 1099 3146 1136 re
3205 1095 3312 1139 tam
3373 1101 3508 1140 nova

1932 1176 2094 1237 atque
2124 1167 2363 1224 inaudita
2396 1186 2504 1225 non
2541 1184 2720 1227 mente
2771 1174 3090 1229 exciderint.
3133 1175 3244 1245 Ego
3266 1177 3509 1246 quidem,

1933 1261 1976 1313 si
2023 1257 2286 1327 aﬂ'uisem,
2325 1264 2390 1316 ad
2424 1263 2704 1317 minimtnn
2756 1266 3176 1333 permansisscm
3217 1267 3511 1333 attonitus,

1936 1353 2130 1404 nedum
2181 1367 2364 1406 vocem
2393 1354 2758 1422 protulissem.
2806 1357 2866 1410 Et
2901 1358 3131 1412 fortasse
3164 1359 3384 1428 quidem
3433 1361 3510 1414 illi

1936 1440 2110 1494 simile
2143 1441 2268 1509 quid
2301 1444 2444 1510 passi
2472 1455 2618 1498 sunt.
2651 1445 2935 1510 Quomodo
2973 1449 3116 1502 enim
3152 1449 3512 1517 improbabile

1934 1540 2019 1584 est
2064 1532 2171 1586 tale
2217 1533 2347 1601 quid
2376 1535 2648 1600 evenisse,
2674 1536 2781 1614 nisi
2817 1553 2974 1606 quem
3016 1539 3262 1593 ferebant
3292 1550 3515 1596 sanctus

1933 1621 2077 1689 ipsos
2130 1623 2196 1677 ad
2248 1624 2412 1677 vitam
2466 1636 2776 1680 revocasset
2822 1638 2876 1682 et
2907 1630 3143 1683 naturali
3181 1633 3515 1686 exsistentiu:

1933 1716 2297 1771 reddidisset?
2339 1715 2510 1772 Porro
2541 1718 2709 1772 miror
2742 1722 2885 1791 quod
2930 1723 3091 1776 etiam
3152 1725 3516 1780 translocatus

248 1805 324 1875 μὴ
375 1808 400 1857 ὁ
437 1807 742 1876 φερόμενος
774 1805 930 1874 ἆγιος
985 1805 1222 1868 ἀνεζώου
1257 1806 1526 1870 ἐκείνους,
1560 1807 1654 1858 καὶ
1686 1808 1826 1859 κατὰ

1937 1808 2318 1864 abundantiori
2370 1825 2530 1879 quam
2587 1813 2744 1881 prius
2797 1826 3078 1884 unguento
3141 1819 3508 1882 scaturiverit,

247 1898 417 1962 φύσιν
459 1898 606 1966 ἔχειν
640 1897 843 1963 ἔδίδου;
896 1897 1040 1966 Ἐγὼ
1091 1897 1146 1952 δὲ
1175 1897 1460 1967 θαυμάζω,
1495 1898 1589 1950 καὶ
1619 1897 1700 1950 δτι
1735 1913 1834 1966 με·

243 1988 499 2052 τατεθεὶς
533 1989 898 2059 ὲπλημμύρει
920 1991 1034 2052 τοῖς
1092 1989 1285 2061 μύροις
1331 1991 1411 2051 είς
1462 1990 1648 2051 πλέον,
1685 1990 1831 2060 ἥπερ

245 2082 548 2151 πρότερον,
589 2081 806 2143 δεικνὺς
855 2079 1108 2134 ἐντεῦθεν
1157 2083 1272 2144 τοῖς
1323 2068 1614 2149 φιλοθὲοις,
1656 2075 1768 2133 οἷον
1796 2081 1830 2150 ἡ

242 2175 384 2242 πρὸς
409 2175 549 2234 τοῦς
583 2173 775 2238 ἁγίους
797 2171 893 2225 τοῦ
916 2171 1052 2226 Θεοῦ
1073 2172 1230 2242 τιμὴ,
1261 2173 1352 2226 καί
1383 2174 1531 2235 ὅπως
1559 2172 1628 2225 δι’
1657 2172 1829 2240 αὐτῆς

243 2263 552 2328 ἐπαύξεται
583 2264 720 2333 ἡμῖν
746 2263 816 2315 τὰ
848 2263 912 2315 ἐκ
944 2261 1079 2315 Θεοῦ
1126 2262 1329 2330 ἀγαθά.
1367 2264 1693 2332 Τιμωμένου
1718 2265 1828 2332 γὰρ

243 2357 406 2423 ἁγίου
451 2356 548 2408 καὶ
582 2356 891 2426 χαίροντος,
927 2356 999 2418 ὼς
1054 2357 1368 2425 τετίμηται,
1407 2355 1696 2418 πλεονάζει
1735 2357 1830 2408 καὶ

244 2450 304 2502 τὸ
338 2451 399 2500 ἐν
453 2448 686 2509 ἐκείνοις
720 2448 930 2517 θαῦμα,
966 2448 1062 2501 καὶ
1097 2449 1409 2520 παραμένει
1453 2448 1699 2520 διηνεκὲς
1750 2449 1830 2511 είς

246 2541 501 2608 ἰατρείαν
533 2539 716 2608 ψυχῆς
757 2555 816 2590 τε
848 2537 945 2607 τῆς
980 2537 1273 2606 ποθούσης,
1305 2541 1396 2590 καὶ
1431 2537 1684 2608 σώματος
1732 2537 1828 2590 τοῦ

245 2631 531 2700 δεομένου.
591 2631 826 2698 Οἴδαμεν
854 2631 984 2699 γὰρ,
1009 2629 1105 2692 τὰς
1135 2631 1226 2682 ἐπὶ
1261 2631 1375 2693 τοῖς
1411 2629 1588 2698 ἁγίοις
1618 2630 1683 2682 ὲκ
1735 2629 1827 2681 τοῦ

242 2724 380 2776 θεοῦ
414 2724 652 2793 χάριτας
703 2723 787 2785 είς
839 2723 988 2792 ἡμᾶς
1013 2721 1328 2776 διαϐαίνειν.
1357 2722 1471 2776 οὐκ
1503 2721 1832 2792 ἀγνοοῦμεν,

244 2816 358 2867 ἀλλ’
381 2815 772 2885 ἡκριῦὡμεθα,
801 2814 877 2876 ὡς
909 2804 1136 2868 ἐκείνων
1182 2814 1676 2884 καταντλουμένων
1717 2817 1831 2873 τοῖς

245 2910 303 2959 ἐκ
330 2905 480 2960 Θεοῦ
512 2907 724 2968 καλοῖς,
753 2906 1173 2977 ἀπορρέειαὺτὰ
1205 2907 1300 2960 καὶ
1329 2909 1408 2969 είς
1438 2907 1610 2976 ἡμᾶς,
1639 2906 1828 2976 ἐπειδὴ

247 3001 339 3052 καὶ
361 3000 550 3060 ἄλλως
586 2999 740 3050 οὐδὲν
774 3016 826 3050 τι
855 2999 965 3050 τῶν
1003 3002 1261 3051 τοιούτων
1290 3000 1339 3050 οἱ
1378 2998 1475 3050 τοῦ
1510 2997 1648 3050 Θεοῦ
1671 2996 1833 3066 θερά-

247 3111 448 3155 ποντες
472 3092 813 3155 δέονται,ὃτι
844 3093 916 3162 μὴ
951 3091 1019 3145 δι’
1051 3093 1199 3162 ἡμᾶς
1223 3091 1442 3154 αὐτούς.
1475 3091 1833 3161 Θαυματουρ-

247 3183 368 3247 vste
404 3180 520 3250 γὰρ
558 3179 1340 3251 συγκεχωρημένοιτιμῶνται
1363 3197 1377 3211 ·
1412 3183 1720 3250 τιμώμενοι
1775 3180 1831 3231 δὲ

247 3273 587 3341 ἀμείεονται
627 3273 776 3342 ἡμᾶς
802 3271 912 3324 τῶν
929 3273 1192 3342 χαρίτων.
1229 3272 1608 3343 Ἀμειϐόμενοι
1643 3271 1699 3324 δὲ
1723 3288 1832 3324 σω-

246 3368 459 3436 τηρίαν
504 3368 641 3436 ἡμῖν
671 3368 735 3418 ὲκ
783 3362 918 3418 Θεοῦ
948 3366 1338 3436 πρεσϐεύουσι,
1365 3368 1461 3418 καὶ
1492 3367 1525 3437 ἡ
1561 3366 1830 3434 πρεσϐεία

249 3458 631 3522 εἰσακούεται,
693 3459 788 3511 καὶ
856 3460 926 3511 τὰ
996 3457 1312 3528 ποθούμενα
1383 3459 1831 3526 καταπράττεται

254 3551 481 3618 ἀγαθά·
538 3545 614 3603 ὧν
667 3553 859 3620 εἴημεν
903 3553 1225 3620 μετέχοντες
1275 3551 1510 3605 ἐνταῦθά
1539 3569 1598 3604 τε
1625 3553 1720 3604 καὶ
1753 3553 1834 3613 εἰς

256 3649 356 3714 τὴν
391 3648 578 3698 ἐκεῖσε
610 3645 780 3714 ζωὴν,
805 3644 1044 3708 ἱκεσίαις
1095 3645 1196 3714 μὲν
1243 3644 1340 3696 τοῦ
1369 3644 1704 3714 ὑμνηθέντος
1740 3662 1836 3713 με-

257 3740 434 3804 γαλου
462 3735 741 3801 Φιλοθέου,
758 3734 891 3789 Θεοῦ
915 3735 969 3788 δὲ
1000 3733 1296 3800 ἐπινεύσει,
1329 3728 1374 3803 ᾧ
1394 3733 1561 3806 ὕμνος
1587 3736 1684 3788 καὶ
1708 3736 1836 3803 δόξα

252 3834 333 3893 εἰς
362 3831 496 3892 τοὺς
526 3827 730 3891 αίῶνας
757 3827 869 3880 τῶν
897 3825 1129 3882 αἰώνων.
1175 3827 1374 3896 Ἀμήν.

292 3980 408 3988 ——_.

293 3993 403 4003 .———-—
417 3997 548 4002 ———--—
561 3994 1202 4003 ’σ--υο--η-σ--οο-η

1936 1897 2234 1951 ostendens
2257 1895 2382 1952 inde
2417 1899 2484 1953 iis
2515 1901 2605 1967 qui
2636 1900 2802 1956 Deum
2836 1914 3020 1958 amant
3051 1916 3257 1975 quanto
3296 1919 3516 1962 sanctos

1938 1985 2146 2041 honore
2180 1987 2323 2044 Deus
2365 1993 2738 2060 prosequitur,
2798 2003 2851 2046 et
2881 1995 3151 2064 quomodo
3187 1996 3289 2050 hac
3312 1999 3517 2054 ratione

1937 2079 2076 2134 hona
2116 2080 2298 2136 divina
2337 2082 2390 2137 in
2418 2099 2516 2139 nos
2550 2084 2873 2139 redundant.
2913 2087 3142 2162 Quando
3195 2089 3339 2143 enim
3383 2105 3514 2144 sau-

1933 2181 2058 2225 elus
2090 2171 2390 2228 honoratur
2419 2183 2474 2230 et
2510 2175 2716 2231 honore
2745 2177 2962 2247 gaudet,
3020 2179 3345 2234 miraculum
3378 2196 3514 2251 quo-

1935 2277 2038 2331 que
2073 2262 2406 2320 incrementa
2442 2267 2584 2336 capit
2625 2278 2676 2330 et
2709 2279 2967 2338 perpetuo
2999 2273 3257 2339 perdurat
3294 2273 3362 2326 ad
3407 2289 3514 2326 lltt‘-

1937 2354 2111 2406 delam
2149 2355 2344 2410 anima:
2368 2355 2737 2412 desiderantis
2770 2369 2932 2426 atque
2976 2361 3220 2429 corporis
3268 2360 3516 2430 indigen-

1936 2446 2026 2501 tis.
2071 2445 2290 2502 Scimus
2336 2451 2480 2503 enim
2531 2451 2757 2519 gratiam
2816 2451 2906 2505 Dei
2955 2456 3008 2505 tn
3049 2454 3255 2508 sanctis
3292 2455 3516 2523 conSpi-

1933 2555 2090 2596 enam
2121 2540 2286 2595 etiam
2317 2542 2380 2595 ad
2417 2558 2517 2596 nos
2548 2543 2876 2598 redundare.
2905 2543 3023 2598 Non
3051 2545 3389 2614 ignoramus,
3419 2547 3513 2601 sed

1946 2633 2423 2702 persuasissimum
2448 2633 2604 2688 nobis
2649 2634 2930 2698 habemus,
2959 2637 3219 2690 ueneticia
3247 2637 3428 2690 divina
3465 2638 3516 2690 in

1936 2723 2046 2779 illis
2098 2725 2442 2778 accnmulata
2509 2725 2573 2777 ad
2624 2739 2724 2777 nos
2771 2726 3024 2790 transire,
3093 2727 3360 2793 siquidem
3399 2727 3512 2784 ,ὓς-ἰ

1936 2816 2078 2871 servi
2113 2816 2246 2870 nihil
2280 2815 2546 2882 ejusmodi
2580 2832 2716 2884 opus
2750 2817 2950 2870 habent
3001 2816 3102 2869 nisi
3135 2826 3356 2886 propter
3387 2833 3510 2873 nos.

1935 2906 2228 2977 Propterea
2271 2908 2414 2961 enim
2466 2907 2607 2974 quod
2659 2907 2968 2961 facultatem
3017 2907 3398 2962 miraculorum
3425 2923 3520 2977 pa-

1941 3002 2258 3056 trandorum
2315 3010 2666 3071 acceperunt,
2715 3017 2744 3054 a
2782 3000 2936 3054 nobis
2997 3000 3383 3054 honorantur:
3418 3016 3516 3070 pro

1861 3123 1904 3182 α
1937 3095 2151 3149 honore
2199 3102 2380 3148 autem
2430 3092 2692 3148 beneﬁcia
2756 3092 2912 3146 nobis
2961 3091 3281 3160 rependunt.
3313 3091 3515 3146 Eadem

1939 3184 2007 3238 de
2034 3198 2194 3239 causa
2238 3184 2434 3238 salutis
2459 3191 2658 3238 nostrae
2683 3182 2857 3251 gratia
2885 3183 3027 3250 apud
3059 3180 3230 3236 Deum
3276 3181 3516 3234 interce-

1940 3276 2095 3340 dunt,
2123 3289 2420 3344 eorumque
2447 3274 2769 3329 intercessio
2794 3273 3099 3338 exauditur,
3131 3284 3183 3326 et
3208 3272 3517 3328 desiderata

1940 3367 2083 3423 bona
2125 3366 2524 3431 conceduntur,
2574 3380 2806 3434 quorum
2839 3365 3048 3418 utinam
3088 3364 3384 3435 participes
3415 3363 3518 3417 lia-

1945 3475 2065 3514 nius
2109 3458 2200 3514 hic
2249 3467 2304 3512 et
2349 3459 2402 3512 in
2437 3459 2616 3512 l'utura
2652 3458 2785 3524 vita,
2829 3456 3205 3512 intercedente
3239 3457 3519 3512 celebrato

1945 3564 2141 3618 magno
2173 3547 2460 3604 Pbilotheo
2493 3557 2658 3617 atque
2685 3557 2961 3603 annuente
2989 3550 3120 3612 Deo.
3153 3547 3239 3603 cui
3276 3548 3514 3619 hymnus

1943 3651 1995 3697 et
2028 3643 2197 3712 gloria
2227 3642 2282 3697 in
2311 3640 2506 3698 smcula
2534 3639 2884 3697 seculorum.
2915 3640 3111 3697 Amen.

2717 3965 2981 3994 .....¹“¹““”“’“““-⁶“.-
2849 3983 2975 3992 ._..._-.
2990 3965 3228 3990 """_-.._.._..._...
3220 3965 3324 3987 ..⁹-·’.
3269 3957 3504 3990 αις-1....-ι-’⁶’“““““

1025 4156 1142 4267 S.
1235 4151 1937 4266 DEMETBII
2023 4148 2213 4261 MA
2239 4145 2772 4262 RTYBIS

1417 4385 2360 4480 INVOCATIONES.

265 4751 393 4805 Τοῦ
425 4749 615 4804 αὐτοῦ
651 4746 851 4801 κανὼν
880 4748 964 4810 εἰς
993 4746 1098 4798 τὸν
1127 4743 1296 4812 ἅγιον
1341 4737 1830 4812 μεγαλομάρτυρο

1946 4732 2200 4804 Ejusdem
2269 4731 2455 4786 Canon
2503 4733 2601 4812 ad‘
2621 4737 2865 4812 sunt-tum
2924 4747 3176 4802 magnum
3226 4740 3518 4802 martyrrm

879 4815 1228 4886 Δημήτριον.

327 4913 499 4967 man
532 4916 609 4968 A'.
643 4911 818 4982 Ἠχος
848 4911 1081 4976 πλαγίου
1115 4908 1398 4976 τετάρτου.
1432 4901 1702 4969 Σταυρὸν
1730 4915 1838 4968 χα-

243 5022 274 5072 ι
291 5008 459 5068 τιξας
487 5006 737 5070 Μωσῆς.

331 5102 411 5149 α’.
441 5096 501 5146 '0
536 5093 617 5161 τῷ
645 5091 869 5160 πελάγει
895 5090 1007 5144 τῶν
1036 5089 1144 5142 σῶν
1173 5087 1435 5157 ἐγχειρῶν
1465 5084 1666 5146 ἄθλων,
1705 5082 1838 5136 θαυ-

253 5188 547 5258 ματουργὲ
585 5186 889 5254 Δημήτριε,
927 5181 1003 5244 ὡς
1057 5179 1328 5251 εὐθαρσὴς
1384 5178 1686 5247 ἐλέγχεται,
1743 5174 1838 5227 καὶ

250 5280 437 5331 πλέον
473 5277 548 5338 ὡς
595 5275 892 5346 τολμηρὸς,
941 5273 1064 5327 ἐπεὶ
1094 5273 1205 5335 τοῖς
1249 5271 1492 5339 θαύμασι
1554 5266 1837 5338 λιμνάζεις

251 5369 506 5435 ἄπλατα,
541 5369 616 5431 ὡς
651 5368 797 5436 ἔχειν
840 5363 1307 5426 δυσεκπλεύστως,
1333 5362 1382 5414 εί
1423 5360 1518 5430 μὴ.
1556 5399 1569 5413 .
1610 5398 1625 5414 .
1670 5359 1838 5428 νήσας

250 5463 430 5532 ἰσχὺν
507 5460 659 5531 αὐτῷ
732 5458 938 5512 ἄνωθεν
1006 5453 1440 5527 καταπέμψειας,
1501 5451 1854 5521 ἐλλιμενίσιιι¹

250 5557 360 5607 ἐπὶ
392 5555 470 5608 σέ.

333 5643 414 5712 β’.
441 5646 775 5716 Παρὰδεισος
807 5643 880 5706 ὡς
909 5643 1121 5714 τρυφῆς
1157 5640 1220 5694 τὸ
1269 5643 1518 5709 γενναῖον
1550 5639 1710 5709 σῶμα
1736 5637 1834 5692 τοῦ

251 5735 507 5804 ἀθλητοῦ
554 5737 891 5803 πειρύτευται
937 5736 1050 5800 τοῖς
1087 5733 1382 5787 ἀπολαύειν
1431 5733 1664 5787 θέλουσι.
1730 5732 1835 5787 Καὶ

1917 5360 2043 5416 'bes
2095 5358 2375 5421 refertum,
2405 5369 2436 5410 e
2467 5369 2578 5424 quo
2599 5353 2688 5408 vix
2739 5355 3034 5424 emergitur
3063 5355 3188 5408 ni...

2557 4801 2900 4855 Demetrium.

2019 4894 2156 4951 ODE
2194 4895 2236 4951 l.
2270 4892 2450 4948 Sanus
2479 4893 2715 4962 ambigui
2747 4893 2952 4962 quarti.
2985 4891 3203 4948 Crucem
3232 4911 3348 4948 cum
3371 4897 3520 4950 scul-

1947 4991 2134 5058 psiuet
2169 4985 2398 5055 Moyses.

2025 5083 2075 5136 1.
2108 5080 2203 5135 Ille
2234 5081 2324 5148 qui
2359 5093 2459 5148 per
2502 5091 2650 5131 mare
2684 5077 2990 5148 prmliorum
3025 5086 3240 5130 tuorum
3283 5094 3342 5133 se
3371 5094 3522 5133 com-

1950 5176 2135 5238 mittit,
2189 5172 2564 5238 thaumaturge
2590 5167 2850 5234 Demetri,
2888 5179 3144 5238 tanquam
3191 5170 3520 5232 audax,imo

1945 5269 2268 5324 temerarius
2299 5265 2564 5333 arguitur,
2620 5263 2884 5332 siquidem
2920 5264 3178 5332 prodigiis
3209 5277 3355 5317 mare
3385 5276 3518 5330 prae:-

3236 5353 3380 5406 vires
3409 5348 3514 5419 ipsi

1947 5453 2175 5522 desuper
2200 5448 2382 5502 mittas
2410 5455 2470 5500 ut
2498 5451 2790 5500 transmcet
2824 5443 2890 5498 ad
2919 5452 2991 5499 te.

2012 5635 2069 5688 2.
2104 5631 2427 5689 Deliciarum
2449 5639 2704 5698 tanquam
2729 5625 3011 5699 paradisus
3041 5622 3258 5677 liberale
3297 5623 3511 5679 athleta:

1944 5743 2142 5798 Carpus
2207 5724 2474 5781 consitum
2536 5730 2644 5787 est,
2673 5735 2769 5790 pro
2799 5719 2884 5774 his
2920 5717 3013 5785 qui
3045 5715 3149 5769 frui
3192 5715 3407 5770 volunt.
3447 5719 3512 5772 Et
