4012 6226
410 233 507 298 167
1100 224 1511 285 EUS'I‘ATlIII
1541 218 2298 282 TI‘IESS.\LONICENSIS
2339 219 2897 280 METROPOLITIE

1997 335 2046 394 Δ
2141 338 2295 391 ΩΙΔΙΙ
2330 339 2406 391 II'.
2442 339 2784 406 Εὐνῖογεῒτε,
2808 336 3039 401 παῖδες.

475 347 608 400 ODE
638 345 770 401 VIII.
810 343 1070 404 Laudate,
1097 343 1263 408 pueri.

477 444 567 496 ‘25.
599 439 673 492 En
711 453 902 506 usque,
942 444 1162 504 martyr,
1197 431 1454 502 prodigiis
1480 431 1694 486 celeber
1731 430 1971 493 evasisti,

409 545 465 589 ut
501 545 554 588 et
582 532 800 585 Barbari
836 529 930 598 qui
971 542 1074 580 non
1114 527 1256 579 intra
1282 525 1423 577 ovile
1453 523 1794 577 Dominicutn
1823 528 1970 584 sunt,

411 625 791 680 miraculosam
817 623 1066 675 virtutem
1086 627 1230 671 tuam
1252 615 1583 688 proclament
1601 625 1655 669 et
1673 613 1976 682 supplicent

410 735 595 788 pacem
633 725 792 786 perte
837 713 1140 769 obtineant.
1191 711 1282 766 Sic
1311 708 1574 764 mirabilis
1604 716 1716 762 toto
1756 707 1810 762 in
1844 705 1976 762 orbe

411 815 584 864 Iactus
614 823 692 862 es.

479 901 568 954 26.
599 899 891 952 Tormenta
937 909 1057 965 qua:
1109 907 1303 963 passus
1337 905 1394 946 es
1422 890 1614 945 ulcisci
1665 889 1976 944 omnitnode

409 988 653 1060 potuisti.
678 988 734 1040 In
759 1001 979 1040 carcere
1005 984 1147 1038 enim
1182 985 1408 1035 miseros
1443 983 1644 1043 salvas,
1675 991 1728 1034 ct
1761 990 1977 1035 catena-

412 1095 532 1133 rum
561 1092 844 1146 compages
866 1083 1191 1145 potestatem
1223 1081 1368 1126 tuam
1385 1072 1685 1125 mirabilem
1715 1073 1976 1136 sentiunt,

411 1181 464 1223 et
490 1171 711 1238 pulvere
737 1169 882 1222 misti
915 1169 1128 1223 cruoris
1162 1167 1358 1220 ﬂuenta
1387 1166 1583 1228 siccas,
1611 1179 1673 1218 ac
1706 1165 1806 1220 tcln
1833 1163 1980 1218 fran-

413 1263 492 1332 gis
525 1261 905 1314 Barbarorum.

483 1353 572 1405 Q7.
621 1352 997 1420 Apostolorum
1058 1351 1185 1405 olim
1246 1351 1374 1418 ipsa;
1440 1350 1642 1403 umbrat
1696 1347 1978 1402 sanabant.

416 1445 596 1498 Sedet
633 1459 772 1496 nunc
807 1443 994 1497 eadem
1028 1442 1115 1496 bic
1151 1441 1304 1496 fiunt.
1349 1441 1482 1494 Nam
1545 1439 1978 1503 iuuumerabilia,

414 1525 646 1608 martyr,
683 1537 899 1606 perﬁcis
924 1535 1188 1604 prodigia,
1221 1543 1274 1587 et
1323 1536 1375 1587 in
1409 1535 1740 1587 somniorum
1774 1531 1981 1584 umbris

415 1631 585 1691 visus,
613 1629 714 1682 ct'a
751 1627 978 1682 terribili
1008 1627 1328 1681 necessitate
1359 1625 1522 1679 solvis
1545 1638 1795 1678 somnum
1817 1623 1980 1677 Ietlti-

415 1721 586 1772 fcrum
621 1719 671 1770 in
697 1717 975 1786 periculis.
1869 1763 1874 1768 .

479 1810 570 1862 28.
600 1809 730 1861 Boni
762 1809 986 1862 dnouna
1016 1805 1258 1870 adducti,
1289 1820 1516 1874 quorum
1549 1804 1602 1856 in
1631 1801 1807 1856 medio
1829 1799 1978 1856 illum

417 1899 783 1951 accusantium
820 1897 972 1950 stetit
1027 1912 1119 1950 rex
1158 1894 1318 1950 Deus.
1354 1895 1564 1964 Repetit
1599 1893 1856 1948 victorias
1884 1890 1978 1946 Dei

416 1991 606 2055 Mater,
637 1998 690 2046 et
729 1998 808 2054 tu,
847 1989 1108 2055 Demetri,
1155 1989 1226 2043 illi
1264 1989 1352 2057 qni
1410 2000 1608 2042 terram
1642 1986 1977 2042 dominatur.

420 2085 597 2138 Multa:
619 2085 760 2138 enim
792 2082 925 2137 tales
947 2082 1048 2152 ipsi
1079 2081 1315 2150 desuper
1346 2081 1637 2134 dabuntur.

3535 213 3641 278 168

2152 440 2248 486 κε’.
2282 435 2369 492 Ei;
2403 432 2679 496 τοσοῦτον,
2710 431 2939 502 μάρτυς,
2968 431 3030 484 ἐκ
3053 426 3352 495 θαυμάτων
3409 422 3645 487 δεδόξα-

2079 545 2188 581 σαι,
2221 527 2294 584 ὡς
2328 527 2422 578 καὶ
2455 523 2784 594 βαρϐάρους,
2819 523 2987 591 αὐλῆς
3036 521 3136 575 οὐκ
3194 521 3302 572 ἔσω
3332 517 3647 586 θεωνυμου-

2081 621 2250 692 μένης
2289 621 2467 682 ὄντας,
2503 619 2600 688 τὴν
2633 619 2691 671 ὲν
2721 617 2806 670 σοὶ
2827 615 3119 685 κηρύττειν
3145 612 3644 683 θαυματοποίησιν,

2077 715 2172 768 καὶ
2198 711 2512 775 λιτάζεσοαί
2541 727 2621 773 σε,
2655 710 2881 779 εἰρήνην
2907 710 2964 760 ιν
2991 710 3074 760 σοι
3133 705 3434 776 εὑρίσκειν.
3485 703 3648 757 Οὕτω

2077 806 2420 876 τεθαύμασαι
2457 806 2534 867 είς
2561 805 2736 858 πάντα
2767 803 2994 872 κόσμον.

2149 899 2262 964 γ.ς’.
2300 894 2508 968 Οἷσπερ
2530 897 2754 966 πάσχων
2785 894 2964 963 ἔτλης,
3026 891 3326 960 ἐπαμύνειν
3362 887 3650 955 δεδύνησαι

2080 993 2137 1044 ὲν
2194 992 2518 1060 πειρασμοῖς
2581 986 2874 1048 παντοίοις.
2917 983 3154 1053 Είρκτῆς
3201 980 3309 1050 γὰρ
3361 979 3468 1031 ἔσω
3519 979 3654 1038 τοὺς

2081 1079 2565 1150 ταλαιπωροῦντας
2611 1076 2829 1140 σώζεις,
2857 1074 2950 1127 καὶ
2976 1073 3189 1143 δεσμῶν
3222 1070 3439 1132 ἀνέσεις
3479 1084 3652 1135 τερα-

2080 1168 2436 1240 τουργοῦνταί
2473 1185 2577 1231 σοι,
2609 1168 2706 1220 καὶ
2722 1165 3160 1234 λυθροφορήτους
3211 1161 3458 1230 αἱμάτων
3518 1159 3652 1229 ῥοὰς

2082 1263 2379 1333 ξηραίνεις,
2411 1260 2613 1330 δόρατα
2641 1259 2696 1312 δὲ
2722 1255 2944 1326 οραύιις
2969 1255 3038 1307 τὰ
3069 1253 3176 1306 τῶν
3207 1252 3522 1323 βαρϐάρων.

2154 1355 2258 1418 κζ’.
2317 1352 2656 1407 Ἀποστόλιιιν
2701 1349 2869 1404 πάλαι
2929 1351 3026 1402 καὶ
3082 1349 3234 1400 σκιαὶ
3288 1347 3652 1415 ἐθεράπευον.

2095 1447 2253 1500 Ἀλλὰ
2292 1449 2386 1498 καὶ
2437 1444 2532 1498 νῦν
2586 1443 2771 1496 ἐνθάδε
2802 1442 2976 1495 ταύτὰ
3029 1441 3331 1493 τελοῦνται.
3401 1441 3656 1506 Ἄπειρο-

2086 1538 2262 1608 ﬂandi]
2293 1536 2423 1604 γὰρ,
2469 1535 2702 1604 μάρτυς,
2731 1533 2969 1595 ἐκτελεῖς
3003 1534 3230 1602 σημεῖα,
3265 1531 3359 1582 καὶ
3413 1528 3658 1582 ὀπτανό-

2087 1646 2245 1696 μενος
2289 1630 2346 1679 ὲν
2379 1626 2557 1688 σκιαῖς
2584 1625 2826 1694 ὀνείρων,
2859 1624 2954 1676 καὶ
3003 1623 3150 1686 λύεις
3178 1622 3358 1690 δεινῆς
3402 1620 3657 1688 ἀνάγκης

2082 1720 2245 1775 ὕπνον
2283 1720 2582 1788 Θανάσιμον
2610 1721 2722 1780 τοῖς
2747 1719 2804 1769 ὲν
2826 1716 3118 1778 κινδύνοις.

2153 1818 2258 1880 κη’.
2324 1809 2545 1876 Ἀγαοοὶ
2592 1810 2641 1862 οἱ
2704 1809 2798 1860 δύο
2857 1806 3210 1876 συνηγμένοι,
3258 1798 3331 1859 ὧν
3365 1806 3656 1872 ἕστηκενὸ

2084 1903 2334 1973 βασιλεὺς
2362 1902 2420 1952 ὲν
2447 1901 2594 1969 μέσῳ
2620 1900 2752 1962 Θεὸς
2794 1899 3096 1952 αἰτούντων
3149 1897 3360 1950 τοῦτον.
3416 1896 3659 1960 Ἐξαιτεί

2082 2012 2138 2048 τε
2166 1993 2323 2053 νίκας
2351 1990 2446 2043 τοῦ
2476 1991 2610 2043 Θεοῦ
2639 1992 2671 2060 ἡ
2705 1991 2926 2059 Μήτηρ,
2967 1989 3061 2042 καὶ
3093 1990 3178 2053 σὺ,
3227 1989 3528 2057 Δημήτριε,
3573 1988 3659 2056 τῷ

2081 2088 2179 2153 τῆς
2217 2081 2545 2150 οἰκουμένης
2579 2080 2891 2147 κρατοῦντι.
2922 2081 3126 2150 Συχναὶ
3161 2079 3270 2149 γὰρ
3314 2072 3474 2132 αὗται
3502 2079 3658 2132 οὕτω

2081 2176 2393 2242 δοθήσονται
2417 2173 2566 2242 αύτῷ
2603 2171 2820 2240 ὐψῦθεν.

488 2260 621 2314 ODE
656 2257 748 2313 IX.
791 2257 897 2323 Qui
927 2275 1018 2326 per
1041 2257 1492 2314 mdnducationem
1517 2260 1579 2311 de
1607 2259 1766 2328 ligno.

2153 2264 2308 2318 ΩΙΔΗ
2340 2262 2416 2316 ϐ’.
2459 2262 2522 2314 '0
2545 2263 2644 2316 διὰ
2670 2261 2958 2329 βρώσεως
2994 2262 3101 2316 τοῦ
3126 2261 3338 2326 ξύλου.

489 2350 577 2406 9.9.
611 2351 756 2406 Felix
787 2366 881 2420 per
902 2351 1182 2405 vulnerum
1217 2353 1402 2406 decem
1429 2351 1614 2415 millia,
1646 2351 1762 2413 tibi,
1801 2351 1978 2415 beate,

2150 2355 2253 2411 κθ’.
2309 2359 2368 2410 Ὀ
2396 2355 2754 2424 διάτρώσεων
2780 2353 2990 2423 μυρίων
3052 2371 3156 2414 σοι.
3210 2356 3419 2425 μάκαρ.
3483 2371 3659 2424 προσ-

417 2453 570 2516 parta
609 2459 754 2497 mors
785 2444 894 2497 Deo
918 2449 969 2496 te
998 2441 1188 2498 obtulit
1213 2444 1352 2497 sicut
1375 2441 1842 2511 Serapbitnjunum
1865 2443 1981 2512 plu-

2093 2449 2378 2516 γενόμενος
2409 2447 2640 2510 Θάνατος
2671 2448 3012 2516 μακαριστξς
3043 2445 3162 2516 Θεῷ
3197 2463 3255 2498 σε
3288 2449 3654 2516 παρέστησεν,

419 2539 526 2592 ries
550 2535 844 2590 oculatum.
869 2533 1001 2588 Nam
1029 2533 1258 2588 telorum
1284 2534 1501 2589 vulnera
1539 2535 1705 2588 multa
1733 2534 1824 2588 tibi
1854 2550 1981 2604 ape-

2093 2539 2154 2602 bc
2182 2541 2459 2609 Σεραφείμ
2494 2555 2639 2600 τινος
2707 2537 3097 2607 πολυομμάτου
3158 2536 3339 2606 φύσιν.
3407 2537 3486 2590 Τὰ
3543 2539 3660 2606 γὸτρ

421 2634 649 2681 ruerunt
699 2625 977 2679 oculorum
1039 2623 1272 2692 fulgidas
1305 2624 1536 2688 orbitas,
1587 2625 1784 2694 quibus
1838 2625 1980 2682 Deus

2093 2633 2348 2704 τρώματα
2369 2636 2476 2688 τῶν
2504 2635 2744 2706 δοράτων
2775 2635 2974 2698 πολλάς
3008 2652 3090 2688 σοι
3125 2633 3417 2703 ὕπήνοιξαν
3469 2631 3658 2702 ὀμμάο

418 2715 772 2785 θοηεβίθίίητο
2080 2741 2188 2778 των
2217 2725 2558 2793 διαφαύσεις,
2603 2727 2660 2778 ὲν
2689 2721 2771 2788 οἷς
2801 2725 2934 2788 Θεὸς
2963 2725 3333 2778 διοπτάνεται.

490 2807 580 2861 '50.
614 2804 759 2859 .Vita
795 2804 888 2859 tibi
943 2805 1165 2858 omnino
1208 2805 1548 2871 immortalis,
1599 2807 1896 2876 opprobrio
1927 2817 1981 2865 et

2105 2861 2110 2866 .
2150 2817 2214 2871 λ’.
2251 2816 2310 2870 '0
2337 2817 2722 2889 πανακηρατός
2747 2835 2841 2871 σου
2875 2817 3008 2887 βίος,
3068 2815 3303 2886 κηλίδων
3332 2815 3428 2868 καὶ
3470 2813 3664 2885 ῥυπῶ-

421 2896 539 2950 labe
553 2896 699 2950 omni
719 2903 1111 2963 exetnpta,cum
1133 2893 1240 2949 Deo
1265 2904 1314 2962 te
1332 2895 1591 2963 junxit,et
1613 2903 1670 2950 ut
1688 2898 1980 2967 thymiama

2093 2927 2223 2962 :swv
2249 2910 2533 2981 πόρρωθεν
2565 2909 2943 2980 καθεστηκὼς,
2972 2908 3090 2980 Θεῷ
3147 2926 3204 2962 σε
3233 2908 3497 2978 ᾠκείωσε,
3559 2907 3662 2960 καὶ

423 2988 605 3041 multis
642 2985 971 3038 aromatibus
1001 2985 1308 3039 confectum
1346 2986 1446 3055 ipsi
1475 2996 1524 3041 te
1555 2991 1897 3045 consecravit
1928 2991 1979 3046 in

2093 3001 2160 3065 ὡς
2189 3000 2436 3071 θυμίαμα
2453 3001 2751 3072 πολυμιγὲς
2780 3001 2929 3071 αὐτῷ
2960 3017 3018 3054 σε
3061 3001 3396 3072 καθιέρωσεν
3447 3000 3529 3062 είς
3566 3000 3665 3051 δεο

422 3085 632 3147 gratum
675 3073 801 3130 boni
826 3075 1013 3129 odoris
1030 3086 1431 3132 ornamentum.
1465 3079 1632 3148 Igitur
1662 3081 1758 3137 tibi
1793 3081 1981 3141 datum

419 3177 506 3222 est
541 3177 660 3235 post
691 3179 916 3222 mortem
941 3169 1232 3237 unguentis
1255 3169 1537 3226 distillare.

491 3261 581 3314 Si.
617 3259 879 3313 Thesauri
912 3262 1084 3315 instar
1140 3263 1449 3318 recenditus
1496 3281 1554 3318 es
1608 3268 1660 3319 in
1712 3267 1981 3337 sepulcro,

422 3351 563 3419 quod
597 3353 920 3416 sanguineas
953 3353 1440 3424 unguentariasque
1465 3355 1638 3410 undas
1667 3359 1890 3415 emittis.
1920 3359 1984 3414 Ει

421 3444 475 3494 1η
503 3443 568 3494 iis
591 3441 934 3511 cogitandum
957 3452 1041 3497 est
1065 3444 1218 3513 quasi
1243 3447 1695 3502 resurrectionem
1727 3465 1866 3503 novo
1896 3465 1985 3504 or-

421 3531 548 3583 dine
579 3539 633 3585 et
661 3547 845 3586 casum
890 3532 1030 3587 ﬁeri.
1077 3533 1317 3589 Mortuus
1349 3538 1564 3604 quidem
1615 3549 1806 3593 natura
1844 3541 1984 3595 ceci-

421 3621 572 3687 disti,
607 3626 885 3696 sanguinis
916 3642 1042 3680 vero
1067 3625 1280 3682 tluentis
1311 3632 1766 3686 resurrectionem
1801 3642 1986 3687 osten-

421 3712 524 3768 dis.

488 3801 579 3855 32.
623 3801 1027 3872 Imperatorem,
1067 3804 1248 3877 Virgo,
1286 3807 1351 3862 ad
1385 3809 1639 3878 prmelare
1657 3821 1802 3881 gesta
1831 3813 1986 3868 undi-

419 3907 523 3960 que
549 3908 694 3964 rege,
721 3895 982 3952 barbaras
1013 3908 1264 3954 avertens
1291 3899 1566 3966 cohortes,
1593 3900 1985 3959 dominantium

421 3983 709 4042 Dominum
729 3997 783 4042 et
807 3989 1002 4042 Filium
1028 3993 1274 4058 precibus
1303 3993 1408 4046 tuis
1431 3995 1701 4063 placatum
1731 3997 1982 4062 reddens,

423 4083 601 4129 tecum
644 4075 962 4144 legationem
988 4079 1222 4134 obeunte
1245 4091 1506 4151 martyre,
1536 4085 1630 4154 qui
1659 4086 1898 4140 animum
1933 4087 1985 4142 in

423 4164 676 4232 passione
705 4159 1075 4220 dominantem
1115 4170 1348 4238 accepit.

493 4251 723 4308 TONUS
749 4255 985 4327 ambigui
1019 4260 1234 4328 quarti:
1273 4259 1596 4330 Sapientiam
1625 4269 1790 4321 verbi.

384 4427 392 4446 ‘
492 4433 783 4503 Sanguinis
810 4434 911 4498 tui,
947 4446 1172 4506 martyr,
1203 4439 1327 4503 viti,
1353 4449 1406 4494 et
1430 4437 1822 4510 unguentorum
1857 4450 1990 4506 ellu-

421 4528 602 4583 siones
626 4536 820 4580 terram
848 4527 1134 4595 delectant,
1152 4530 1407 4599 Demetri,
1433 4538 1708 4595 etanimas
1725 4555 1987 4609 corpora-

2087 3093 2213 3146 κτὸν
2243 3093 2469 3156 εὐωδίας
2496 3094 2795 3164 ἀγλάϊσμα.
2826 3092 3036 3147 Οὐκοῦν
3085 3109 3168 3146 σοι
3207 3091 3463 3162 ἀντεδόθη
3489 3107 3666 3161 μυρο-

2089 3183 2305 3237 6λυτεῖν
2339 3185 2476 3253 μετὰ
2509 3185 2757 3240 θάνατον.

2158 3275 2262 3329 λα’.
2297 3275 2782 3348 Ἐντεθησαύρισαι
2843 3277 2940 3344 μὲν
2994 3276 3171 3344 τάφῳ,
3207 3275 3323 3328 ἀλλ’
3356 3275 3504 3344 ὅμως
3567 3275 3662 3325 αἷ-

2091 3367 2412 3437 ματόρῤυτα
2450 3365 2698 3436 χεύματα
2728 3367 3107 3436 μυροσλυτεῐς.
3179 3365 3289 3418 Καὶ
3343 3365 3458 3418 ἐστι
3510 3363 3665 3430 λογί-

2091 3459 2287 3512 σασθαι
2315 3457 2502 3527 ὥσπερ
2530 3457 2826 3512 ἀνάστασιν
2859 3457 3240 3524 καινοπρεπῶς
3296 3457 3390 3508 καὶ
3450 3457 3665 3510 πτῶσιν

2086 3551 2148 3604 τὸ
2187 3552 2484 3620 γινόμενον.
2514 3550 2622 3603 Καὶ
2645 3549 2819 3603 θανὼν
2840 3550 2940 3618 μὲν
2962 3549 3121 3610 αὐτὸς
3148 3547 3305 3617 φύσει
3339 3547 3663 3614 πέπτωκας,

2088 3643 2334 3712 αἱμάτων
2360 3641 2420 3695 δὲ
2447 3645 2510 3712 τῇ
2542 3641 2695 3712 χύσει
2723 3641 3055 3713 παραδηλοῖς
3074 3640 3172 3711 τὴν
3201 3639 3520 3693 ἀνάστασιν.

2159 3820 2258 3892 >.β’.
2297 3819 2388 3888 Τῷ
2414 3818 2798 3888 αὐτοκράτορι,
2853 3813 3121 3884 Παρθένε,
3187 3809 3474 3882 βραὸεύοις
3533 3811 3666 3881 άρι⁴

2091 3913 2372 3983 στεύματα
2395 3911 2650 3974 πάντοτε,
2687 3905 3029 3977 βαρϐαρικὰς
3065 3905 3409 3972 ἐκτρέπουσα
3443 3902 3663 3970 φάλαγο

2088 4023 2210 4074 γας,
2243 4002 2336 4056 τδν
2369 3999 2784 4068 παντοκράτορα
2814 3997 2905 4050 καὶ
2927 3995 3022 4048 τδν
3056 3995 3186 4048 Υίδν
3213 3993 3386 4055 λιτοῖς
3435 4009 3532 4044 σου
3565 3993 3628 4045 εὖ
3649 4025 3663 4034 ο

2091 4095 2402 4166 μενίζουσα,
2434 4089 2946 4163 συμπρεσϐεύοντός
2979 4085 3176 4140 σοικαὶ
3216 4084 3311 4138 τοῦ
3345 4083 3661 4154 μάρτυρος,

2089 4187 2146 4250 ὃς
2167 4187 2291 4239 νοῦν
2311 4182 2750 4251 αὐτοκρατοῦντα
2786 4179 2926 4233 κατὰ
2966 4177 3156 4232 παθῶν
3187 4174 3508 4239 ἐνεδείξατο.

2105 4346 2110 4352 ι
2159 4272 2375 4332 *ΗΧΟΣ
2411 4274 2642 4343 πλαγίου
2672 4273 2934 4342 τετάρτου
2958 4288 2972 4303 ·
3008 4269 3126 4337 Τὴν
3148 4268 3373 4335 σοφίαν
3392 4265 3500 4320 τοῦ
3532 4266 3659 4320 .ιό-

2091 4387 2220 4438 γου.

2161 4462 2281 4513 Τῶν
2302 4460 2544 4528 αἱμάτων
2576 4473 2692 4519 σου,
2743 4453 2976 4523 μάρτυς,
3009 4452 3065 4505 αί
3116 4450 3345 4520 προχοαὶ
3387 4448 3481 4500 καὶ
3542 4446 3661 4498 τῶν

2098 4553 2286 4622 μύρων
2315 4551 2348 4619 ἠ
2378 4546 2565 4618 βλύσις
2589 4545 2685 4615 τὴν
2712 4548 2815 4612 γῆν
2865 4542 3168 4611 εὐφραίνει,
3205 4540 3502 4607 Δημήτριε,
3564 4537 3666 4588 καὶ

424 4640 528 4693 que
545 4630 906 4695 sanetiﬂcant,
928 4626 1104 4692 beate,
1126 4628 1363 4698 undique
1386 4645 1497 4700 pra:
1516 4631 1618 4685 Iide
1642 4642 1696 4686 et
1722 4632 1981 4692 desideric

2093 4643 2270 4713 ψυχὰς
2297 4641 2393 4693 καὶ
2419 4639 2488 4692 τὰ
2517 4636 2746 4708 σώματα
2797 4635 3037 4702 ἁγιάζει,
3069 4633 3279 4702 μάκαρ,
3313 4631 3420 4684 τῶν
3471 4627 3667 4682 πίστει

424 4717 505 4771 ιιιί
540 4720 938 4775 accurrentium
973 4719 1040 4774 ad
1071 4721 1324 4789 templum
1357 4733 1601 4778 sanetum
1635 4731 1808 4791 tuum,
1835 4735 1890 4780 ut
1923 4742 1987 4783 ex

423 4810 618 4880 abysso
647 4821 918 4880 unguenta
949 4826 1163 4881 semper
1185 4814 1486 4881 obtineant,
1515 4823 1726 4881 sancte,
1754 4818 1806 4871 in
1839 4834 1984 4873 mor-

429 4900 620 4954 borum
653 4904 1016 4958 sanationem.
1069 4905 1277 4960 Idcirco
1309 4907 1374 4962 ad
1408 4915 1456 4961 te
1483 4908 1804 4977 clamamus,
1840 4911 1988 4980 lega-

427 4997 519 5043 tus
554 4998 737 5046 noster
775 5007 958 5048 coram
991 4995 1096 5050 Deo
1148 4996 1314 5062 adsis,
1345 5006 1398 5050 et
1434 5009 1778 5067 peccatorum
1830 5002 1986 5055 venia

433 5081 594 5135 detur
651 5092 893 5137 sanctam
943 5085 1014 5138 tui
1071 5090 1384 5144 memoriam
1439 5089 1630 5144 festivo
1683 5090 1986 5161 devotaque

424 5173 587 5230 corde
617 5175 1036 5233 celebrantibus.

2097 4739 2190 4790 καὶ
2215 4733 2364 4804 πόοῳ
2393 4748 2474 4784 σοι
2513 4730 2959 4800 προστρεχόντων
2988 4727 3240 4789 πάντοτε,
3270 4724 3348 4794 τῷ
3387 4721 3516 4790 θείῳ
3571 4739 3666 4773 τε·

2101 4825 2249 4894 μένει
2281 4840 2396 4886 σου,
2440 4821 2628 4890 ὥσπερ
2654 4819 2711 4882 ἐξ
2769 4817 3010 4870 ἀϐύσσου
3047 4814 3321 4882 ἑξανύτειν
3387 4813 3456 4867 τά
3511 4815 3670 4883 μύρα

2095 4915 2175 4976 είς
2243 4912 2406 4978 ἴασιν,
2463 4912 2606 4976 ἅγιε,
2651 4907 2970 4977 νοσημάτων
3011 4907 3288 4960 ἑκάστοτε.
3347 4904 3446 4957 Διὰ
3504 4903 3669 4956 τοῦτο

2096 5005 2312 5075 βοῶμέν
2353 5021 2457 5066 σοι,
2491 5000 2757 5071 πρέσϐευε
2810 4999 2888 5068 τῷ
2943 4997 3082 5068 θεῷ,
3145 4996 3254 5050 τῶν
3307 4995 3669 5066 πταισμάτων

2095 5097 2287 5167 άφεσιν
2314 5092 2658 5166 δωρήσεσθαι
2683 5092 2797 5158 τοῖς
2820 5088 3141 5161 ἑορτάζουσι
3168 5089 3320 5160 πόθῳ
3355 5086 3454 5159 τὴν
3499 5084 3668 5154 ἁγίαν

2103 5187 2323 5258 μνήμην
2345 5201 2459 5241 σου.
