  <div class='ocr_page' id='page_1' title='image "/cluster/home/n/w/nwhite01/storage/ocr_20150623/136/hvd.32044054100201/093.png"; bbox 0 0 4012 6226; ppageno 0'>
   <div class='ocr_carea' id='block_1_1' title="bbox 474 320 573 383">
    <p class='ocr_par' dir='ltr' id='par_1_1' title="bbox 474 320 573 383">
     <span class='ocr_line' id='line_1_1' title="bbox 474 320 573 383; baseline 0 -1"><span class='ocrx_word' id='word_1_1' title='bbox 474 320 573 383; x_wconf 75' lang='lat'><strong>171</strong></span> 
     </span>
    </p>
   </div>
   <div class='ocr_carea' id='block_1_2' title="bbox 1134 306 2960 379">
    <p class='ocr_par' dir='ltr' id='par_1_2' title="bbox 1134 306 2960 379">
     <span class='ocr_line' id='line_1_2' title="bbox 1134 306 2960 379; baseline -0.007 0"><span class='ocrx_word' id='word_1_2' title='bbox 1134 315 1551 379; x_wconf 73' lang='lat' dir='ltr'><strong>EUSTATHII</strong></span> <span class='ocrx_word' id='word_1_3' title='bbox 1597 309 2357 376; x_wconf 66' lang='lat' dir='ltr'><strong>THESSALONiCENSlS</strong></span> <span class='ocrx_word' id='word_1_4' title='bbox 2404 306 2960 370; x_wconf 65' lang='lat' dir='ltr'><strong>METROPOLITE</strong></span> 
     </span>
    </p>
   </div>
   <div class='ocr_carea' id='block_1_3' title="bbox 3613 301 3720 370">
    <p class='ocr_par' dir='ltr' id='par_1_3' title="bbox 3613 301 3720 370">
     <span class='ocr_line' id='line_1_3' title="bbox 3613 301 3720 370; baseline 0.019 -2"><span class='ocrx_word' id='word_1_5' title='bbox 3613 301 3720 370; x_wconf 73' lang='grc' dir='ltr'>ΓΞ</span> 
     </span>
    </p>
   </div>
   <div class='ocr_carea' id='block_1_4' title="bbox 539 413 2055 501">
    <p class='ocr_par' dir='ltr' id='par_1_4' title="bbox 539 431 2038 501">
     <span class='ocr_line' id='line_1_4' title="bbox 539 431 2038 501; baseline -0.003 -13"><span class='ocrx_word' id='word_1_6' title='bbox 539 433 593 488; x_wconf 72' lang='grc' dir='ltr'><strong>ὅ.</strong></span> <span class='ocrx_word' id='word_1_7' title='bbox 628 432 748 488; x_wconf 62' lang='grc' dir='ltr'><strong>Ιιιιξς</strong></span> <span class='ocrx_word' id='word_1_8' title='bbox 780 431 994 501; x_wconf 82' lang='lat' dir='ltr'><strong>quidem</strong></span> <span class='ocrx_word' id='word_1_9' title='bbox 1033 441 1185 484; x_wconf 84' lang='lat' dir='ltr'><strong>erant</strong></span> <span class='ocrx_word' id='word_1_10' title='bbox 1210 431 1275 486; x_wconf 88' lang='lat' dir='ltr'><strong>de</strong></span> <span class='ocrx_word' id='word_1_11' title='bbox 1293 431 1489 497; x_wconf 85' lang='lat' dir='ltr'><strong>quibus</strong></span> <span class='ocrx_word' id='word_1_12' title='bbox 1524 431 1654 485; x_wconf 82' lang='lat' dir='ltr'><strong>mihi</strong></span> <span class='ocrx_word' id='word_1_13' title='bbox 1684 431 1958 484; x_wconf 82' lang='lat' dir='ltr'><strong>fastidium</strong></span> <span class='ocrx_word' id='word_1_14' title='bbox 1985 440 2038 483; x_wconf 85' lang='lat' dir='ltr'><strong>ct</strong></span> 
     </span>
    </p>
   </div>
   <div class='ocr_carea' id='block_1_5' title="bbox 2162 413 3722 501">
    <p class='ocr_par' dir='ltr' id='par_1_5' title="bbox 2215 413 3722 494">
     <span class='ocr_line' id='line_1_5' title="bbox 2215 413 3722 494; baseline -0.006 -16"><span class='ocrx_word' id='word_1_15' title='bbox 2215 425 2284 494; x_wconf 84' lang='grc' dir='ltr'><strong>γ’.</strong></span> <span class='ocrx_word' id='word_1_16' title='bbox 2332 425 2493 478; x_wconf 70' lang='grc' dir='ltr'>Ἀλλὰ</span> <span class='ocrx_word' id='word_1_17' title='bbox 2523 422 2692 477; x_wconf 75' lang='grc' dir='ltr'>ταῦτα</span> <span class='ocrx_word' id='word_1_18' title='bbox 2732 422 2850 490; x_wconf 78' lang='grc' dir='ltr'>μὲν,</span> <span class='ocrx_word' id='word_1_19' title='bbox 2892 418 2951 485; x_wconf 73' lang='grc' dir='ltr'><strong>ἐξ</strong></span> <span class='ocrx_word' id='word_1_20' title='bbox 2978 413 3053 473; x_wconf 81' lang='grc' dir='ltr'>ὧν</span> <span class='ocrx_word' id='word_1_21' title='bbox 3086 435 3176 489; x_wconf 90' lang='grc' dir='ltr'><strong>μοι</strong></span> <span class='ocrx_word' id='word_1_22' title='bbox 3204 419 3230 472; x_wconf 85' lang='grc' dir='ltr'><strong>ὁ</strong></span> <span class='ocrx_word' id='word_1_23' title='bbox 3257 418 3434 481; x_wconf 62' lang='lat' dir='ltr'><strong>bit-10;,</strong></span> <span class='ocrx_word' id='word_1_24' title='bbox 3497 420 3595 470; x_wconf 70' lang='grc' dir='ltr'><strong>καὶ</strong></span> <span class='ocrx_word' id='word_1_25' title='bbox 3652 416 3722 470; x_wconf 82' lang='grc' dir='ltr'><strong>δι’</strong></span> 
     </span>
    </p>
   </div>
   <div class='ocr_carea' id='block_1_6' title="bbox 464 521 2042 597">
    <p class='ocr_par' dir='ltr' id='par_1_6' title="bbox 464 521 2042 597">
     <span class='ocr_line' id='line_1_6' title="bbox 464 521 2042 597; baseline -0.003 -19"><span class='ocrx_word' id='word_1_26' title='bbox 464 534 693 597; x_wconf 79' lang='lat' dir='ltr'><strong>prepter</strong></span> <span class='ocrx_word' id='word_1_27' title='bbox 721 541 860 595; x_wconf 72' lang='lat' dir='ltr'><strong>quze,</strong></span> <span class='ocrx_word' id='word_1_28' title='bbox 901 538 1004 577; x_wconf 87' lang='lat' dir='ltr'><strong>non</strong></span> <span class='ocrx_word' id='word_1_29' title='bbox 1036 523 1212 578; x_wconf 83' lang='lat' dir='ltr'><strong>solum</strong></span> <span class='ocrx_word' id='word_1_30' title='bbox 1243 523 1340 577; x_wconf 88' lang='lat' dir='ltr'><strong>bos</strong></span> <span class='ocrx_word' id='word_1_31' title='bbox 1390 521 1625 594; x_wconf 78' lang='lat' dir='ltr'><strong>linguam</strong></span> <span class='ocrx_word' id='word_1_32' title='bbox 1685 522 2042 594; x_wconf 90' lang='lat' dir='ltr'><strong>opprimebat,</strong></span> 
     </span>
    </p>
   </div>
   <div class='ocr_carea' id='block_1_7' title="bbox 476 615 2043 686">
    <p class='ocr_par' dir='ltr' id='par_1_7' title="bbox 476 615 2043 686">
     <span class='ocr_line' id='line_1_7' title="bbox 476 615 2043 686; baseline -0.004 -11"><span class='ocrx_word' id='word_1_33' title='bbox 476 638 504 675; x_wconf 90' lang='lat' dir='ltr'><strong>a</strong></span> <span class='ocrx_word' id='word_1_34' title='bbox 530 635 614 675; x_wconf 87' lang='lat' dir='ltr'><strong>tne</strong></span> <span class='ocrx_word' id='word_1_35' title='bbox 641 619 1009 674; x_wconf 86' lang='lat' dir='ltr'><strong>taciturnitate</strong></span> <span class='ocrx_word' id='word_1_36' title='bbox 1038 618 1194 686; x_wconf 90' lang='lat' dir='ltr'><strong>quasi</strong></span> <span class='ocrx_word' id='word_1_37' title='bbox 1229 615 1402 685; x_wconf 87' lang='lat' dir='ltr'><strong>pretio</strong></span> <span class='ocrx_word' id='word_1_38' title='bbox 1430 625 1632 686; x_wconf 82' lang='lat' dir='ltr'><strong>empta;</strong></span> <span class='ocrx_word' id='word_1_39' title='bbox 1655 625 1800 672; x_wconf 89' lang='lat' dir='ltr'><strong>metu</strong></span> <span class='ocrx_word' id='word_1_40' title='bbox 1837 615 2043 671; x_wconf 74' lang='lat' dir='ltr'><strong>scilicet</strong></span> 
     </span>
    </p>
   </div>
   <div class='ocr_carea' id='block_1_8' title="bbox 467 707 2042 784">
    <p class='ocr_par' dir='ltr' id='par_1_8' title="bbox 467 707 2042 784">
     <span class='ocr_line' id='line_1_8' title="bbox 467 707 2042 784; baseline -0.004 -16"><span class='ocrx_word' id='word_1_41' title='bbox 467 728 572 784; x_wconf 85' lang='lat' dir='ltr'><strong>pro</strong></span> <span class='ocrx_word' id='word_1_42' title='bbox 615 711 846 768; x_wconf 87' lang='lat' dir='ltr'><strong>ludibrio</strong></span> <span class='ocrx_word' id='word_1_43' title='bbox 896 708 1125 764; x_wconf 89' lang='lat' dir='ltr'><strong>abeundi</strong></span> <span class='ocrx_word' id='word_1_44' title='bbox 1186 709 1255 764; x_wconf 87' lang='lat' dir='ltr'><strong>ob</strong></span> <span class='ocrx_word' id='word_1_45' title='bbox 1310 708 1557 763; x_wconf 88' lang='lat' dir='ltr'><strong>inutilem</strong></span> <span class='ocrx_word' id='word_1_46' title='bbox 1637 707 2042 774; x_wconf 84' lang='lat' dir='ltr'><strong>verbositatem,</strong></span> 
     </span>
    </p>
   </div>
   <div class='ocr_carea' id='block_1_9' title="bbox 472 799 2046 868">
    <p class='ocr_par' dir='ltr' id='par_1_9' title="bbox 472 799 2046 868">
     <span class='ocr_line' id='line_1_9' title="bbox 472 799 2046 868; baseline -0.003 -12"><span class='ocrx_word' id='word_1_47' title='bbox 472 803 599 856; x_wconf 85' lang='lat' dir='ltr'><strong>dum</strong></span> <span class='ocrx_word' id='word_1_48' title='bbox 631 802 868 857; x_wconf 88' lang='lat' dir='ltr'><strong>disertus</strong></span> <span class='ocrx_word' id='word_1_49' title='bbox 895 799 1031 854; x_wconf 89' lang='lat' dir='ltr'><strong>alius</strong></span> <span class='ocrx_word' id='word_1_50' title='bbox 1063 799 1339 868; x_wconf 81' lang='lat' dir='ltr'><strong>quispiam</strong></span> <span class='ocrx_word' id='word_1_51' title='bbox 1365 807 1533 864; x_wconf 87' lang='lat' dir='ltr'><strong>esset,</strong></span> <span class='ocrx_word' id='word_1_52' title='bbox 1563 800 1656 854; x_wconf 86' lang='lat' dir='ltr'><strong>sed</strong></span> <span class='ocrx_word' id='word_1_53' title='bbox 1681 799 1844 853; x_wconf 84' lang='lat' dir='ltr'><strong>etiam</strong></span> <span class='ocrx_word' id='word_1_54' title='bbox 1878 810 1934 852; x_wconf 88' lang='lat' dir='ltr'><strong>ut</strong></span> <span class='ocrx_word' id='word_1_55' title='bbox 1959 813 2046 854; x_wconf 86' lang='lat' dir='ltr'><strong>sa-</strong></span> 
     </span>
    </p>
   </div>
   <div class='ocr_carea' id='block_1_10' title="bbox 472 889 2041 960">
    <p class='ocr_par' dir='ltr' id='par_1_10' title="bbox 472 889 2041 960">
     <span class='ocr_line' id='line_1_10' title="bbox 472 889 2041 960; baseline -0.003 -12"><span class='ocrx_word' id='word_1_56' title='bbox 472 908 599 948; x_wconf 80' lang='lat' dir='ltr'><strong>xum</strong></span> <span class='ocrx_word' id='word_1_57' title='bbox 649 891 791 947; x_wconf 85' lang='lat' dir='ltr'><strong>iacui</strong></span> <span class='ocrx_word' id='word_1_58' title='bbox 858 889 1176 958; x_wconf 83' lang='lat' dir='ltr'><strong>impendens</strong></span> <span class='ocrx_word' id='word_1_59' title='bbox 1229 890 1628 958; x_wconf 72' lang='lat' dir='ltr'><strong>navigationem</strong></span> <span class='ocrx_word' id='word_1_60' title='bbox 1693 889 2041 960; x_wconf 86' lang='lat' dir='ltr'><strong>impediebat.</strong></span> 
     </span>
    </p>
   </div>
   <div class='ocr_carea' id='block_1_11' title="bbox 471 983 2044 1054">
    <p class='ocr_par' dir='ltr' id='par_1_11' title="bbox 471 983 2044 1054">
     <span class='ocr_line' id='line_1_11' title="bbox 471 983 2044 1054; baseline -0.002 -14"><span class='ocrx_word' id='word_1_61' title='bbox 471 987 588 1041; x_wconf 80' lang='lat' dir='ltr'><strong>Alia</strong></span> <span class='ocrx_word' id='word_1_62' title='bbox 612 1000 739 1041; x_wconf 82' lang='lat' dir='ltr'><strong>vero</strong></span> <span class='ocrx_word' id='word_1_63' title='bbox 768 983 1001 1040; x_wconf 82' lang='lat' dir='ltr'><strong>volventi</strong></span> <span class='ocrx_word' id='word_1_64' title='bbox 1026 998 1112 1040; x_wconf 87' lang='lat' dir='ltr'><strong>me</strong></span> <span class='ocrx_word' id='word_1_65' title='bbox 1129 999 1234 1039; x_wconf 89' lang='lat' dir='ltr'><strong>non</strong></span> <span class='ocrx_word' id='word_1_66' title='bbox 1269 984 1605 1054; x_wconf 78' lang='lat' dir='ltr'><strong>expeditiora</strong></span> <span class='ocrx_word' id='word_1_67' title='bbox 1627 998 1790 1052; x_wconf 87' lang='lat' dir='ltr'><strong>quam</strong></span> <span class='ocrx_word' id='word_1_68' title='bbox 1827 983 2044 1053; x_wconf 84' lang='lat' dir='ltr'><strong>sapien-</strong></span> 
     </span>
    </p>
   </div>
   <div class='ocr_carea' id='block_1_12' title="bbox 475 1073 2044 1143">
    <p class='ocr_par' dir='ltr' id='par_1_12' title="bbox 475 1073 2044 1143">
     <span class='ocr_line' id='line_1_12' title="bbox 475 1073 2044 1143; baseline 0 -16"><span class='ocrx_word' id='word_1_69' title='bbox 475 1074 634 1137; x_wconf 88' lang='lat' dir='ltr'><strong>tiora,</strong></span> <span class='ocrx_word' id='word_1_70' title='bbox 690 1088 883 1142; x_wconf 85' lang='lat' dir='ltr'><strong>nempe</strong></span> <span class='ocrx_word' id='word_1_71' title='bbox 914 1073 1056 1142; x_wconf 85' lang='lat' dir='ltr'><strong>quod</strong></span> <span class='ocrx_word' id='word_1_72' title='bbox 1083 1081 1207 1127; x_wconf 85' lang='lat' dir='ltr'><strong>ante</strong></span> <span class='ocrx_word' id='word_1_73' title='bbox 1235 1089 1319 1128; x_wconf 88' lang='lat' dir='ltr'><strong>me</strong></span> <span class='ocrx_word' id='word_1_74' title='bbox 1362 1074 1560 1143; x_wconf 85' lang='lat' dir='ltr'><strong>aliquis</strong></span> <span class='ocrx_word' id='word_1_75' title='bbox 1594 1074 1812 1129; x_wconf 87' lang='lat' dir='ltr'><strong>locutus</strong></span> <span class='ocrx_word' id='word_1_76' title='bbox 1854 1073 2044 1139; x_wconf 89' lang='lat' dir='ltr'><strong>fuerit,</strong></span> 
     </span>
    </p>
   </div>
   <div class='ocr_carea' id='block_1_13' title="bbox 474 1164 2044 1234">
    <p class='ocr_par' dir='ltr' id='par_1_13' title="bbox 474 1164 2044 1234">
     <span class='ocr_line' id='line_1_13' title="bbox 474 1164 2044 1234; baseline 0.002 -15"><span class='ocrx_word' id='word_1_77' title='bbox 474 1179 595 1234; x_wconf 62' lang='lat' dir='ltr'><strong>quae</strong></span> <span class='ocrx_word' id='word_1_78' title='bbox 640 1165 875 1219; x_wconf 82' lang='lat' dir='ltr'><strong>tardiora</strong></span> <span class='ocrx_word' id='word_1_79' title='bbox 906 1180 1004 1218; x_wconf 76' lang='lat' dir='ltr'><strong>nec</strong></span> <span class='ocrx_word' id='word_1_80' title='bbox 1042 1181 1070 1218; x_wconf 88' lang='lat' dir='ltr'><strong>a</strong></span> <span class='ocrx_word' id='word_1_81' title='bbox 1124 1165 1388 1234; x_wconf 77' lang='lat' dir='ltr'><strong>sapientia</strong></span> <span class='ocrx_word' id='word_1_82' title='bbox 1441 1164 1664 1220; x_wconf 85' lang='lat' dir='ltr'><strong>omnino</strong></span> <span class='ocrx_word' id='word_1_83' title='bbox 1713 1165 1912 1231; x_wconf 87' lang='lat' dir='ltr'><strong>aliena,</strong></span> <span class='ocrx_word' id='word_1_84' title='bbox 1947 1165 2044 1222; x_wconf 91' lang='lat' dir='ltr'><strong>bos</strong></span> 
     </span>
    </p>
   </div>
   <div class='ocr_carea' id='block_1_14' title="bbox 475 1255 2046 1325">
    <p class='ocr_par' dir='ltr' id='par_1_14' title="bbox 475 1255 2046 1325">
     <span class='ocr_line' id='line_1_14' title="bbox 475 1255 2046 1325; baseline 0.002 -17"><span class='ocrx_word' id='word_1_85' title='bbox 475 1255 708 1325; x_wconf 86' lang='lat' dir='ltr'><strong>pretium</strong></span> <span class='ocrx_word' id='word_1_86' title='bbox 743 1255 1132 1310; x_wconf 85' lang='lat' dir='ltr'><strong>taciturnitatis</strong></span> <span class='ocrx_word' id='word_1_87' title='bbox 1159 1255 1312 1316; x_wconf 86' lang='lat' dir='ltr'><strong>abiit,</strong></span> <span class='ocrx_word' id='word_1_88' title='bbox 1343 1271 1502 1324; x_wconf 88' lang='lat' dir='ltr'><strong>rupes</strong></span> <span class='ocrx_word' id='word_1_89' title='bbox 1536 1257 1783 1311; x_wconf 83' lang='lat' dir='ltr'><strong>devoluta</strong></span> <span class='ocrx_word' id='word_1_90' title='bbox 1833 1265 1939 1322; x_wconf 89' lang='lat' dir='ltr'><strong>est,</strong></span> <span class='ocrx_word' id='word_1_91' title='bbox 1974 1258 2046 1312; x_wconf 85' lang='lat' dir='ltr'><strong>si-</strong></span> 
     </span>
    </p>
   </div>
   <div class='ocr_carea' id='block_1_15' title="bbox 475 1348 2045 1420">
    <p class='ocr_par' dir='ltr' id='par_1_15' title="bbox 475 1348 2045 1420">
     <span class='ocr_line' id='line_1_15' title="bbox 475 1348 2045 1420; baseline 0.002 -18"><span class='ocrx_word' id='word_1_92' title='bbox 475 1348 700 1403; x_wconf 87' lang='lat' dir='ltr'><strong>lentium</strong></span> <span class='ocrx_word' id='word_1_93' title='bbox 725 1348 954 1419; x_wconf 79' lang='lat' dir='ltr'><strong>aufugit,</strong></span> <span class='ocrx_word' id='word_1_94' title='bbox 985 1358 1037 1402; x_wconf 92' lang='lat' dir='ltr'><strong>et</strong></span> <span class='ocrx_word' id='word_1_95' title='bbox 1070 1364 1198 1404; x_wconf 78' lang='lat' dir='ltr'><strong>ecce</strong></span> <span class='ocrx_word' id='word_1_96' title='bbox 1222 1349 1444 1418; x_wconf 89' lang='lat' dir='ltr'><strong>dignum</strong></span> <span class='ocrx_word' id='word_1_97' title='bbox 1479 1351 1531 1403; x_wconf 90' lang='lat' dir='ltr'><strong>in</strong></span> <span class='ocrx_word' id='word_1_98' title='bbox 1579 1351 1837 1420; x_wconf 83' lang='lat' dir='ltr'><strong>martyris</strong></span> <span class='ocrx_word' id='word_1_99' title='bbox 1876 1352 2045 1405; x_wconf 65' lang='lat' dir='ltr'><strong>honoo</strong></span> 
     </span>
    </p>
   </div>
   <div class='ocr_carea' id='block_1_16' title="bbox 473 1440 1129 1495">
    <p class='ocr_par' dir='ltr' id='par_1_16' title="bbox 473 1440 1129 1495">
     <span class='ocr_line' id='line_1_16' title="bbox 473 1440 1129 1495; baseline 0.002 -1"><span class='ocrx_word' id='word_1_100' title='bbox 473 1454 586 1494; x_wconf 85' lang='lat' dir='ltr'><strong>rem</strong></span> <span class='ocrx_word' id='word_1_101' title='bbox 610 1440 895 1495; x_wconf 83' lang='lat' dir='ltr'><strong>verborum</strong></span> <span class='ocrx_word' id='word_1_102' title='bbox 913 1440 1129 1495; x_wconf 83' lang='lat' dir='ltr'><strong>ﬂumen.</strong></span> 
     </span>
    </p>
   </div>
   <div class='ocr_carea' id='block_1_17' title="bbox 541 1532 2043 1602">
    <p class='ocr_par' dir='ltr' id='par_1_17' title="bbox 541 1532 2043 1602">
     <span class='ocr_line' id='line_1_17' title="bbox 541 1532 2043 1602; baseline 0.002 -16"><span class='ocrx_word' id='word_1_103' title='bbox 541 1532 596 1586; x_wconf 75' lang='grc'><strong>4.</strong></span> <span class='ocrx_word' id='word_1_104' title='bbox 623 1532 984 1587; x_wconf 80' lang='lat' dir='ltr'><strong>Ratiocinium</strong></span> <span class='ocrx_word' id='word_1_105' title='bbox 1021 1547 1148 1587; x_wconf 84' lang='lat' dir='ltr'><strong>vero</strong></span> <span class='ocrx_word' id='word_1_106' title='bbox 1181 1533 1318 1601; x_wconf 89' lang='lat' dir='ltr'><strong>quod</strong></span> <span class='ocrx_word' id='word_1_107' title='bbox 1353 1533 1568 1588; x_wconf 66' lang='lat' dir='ltr'><strong>tardinm</strong></span> <span class='ocrx_word' id='word_1_108' title='bbox 1599 1551 1774 1588; x_wconf 88' lang='lat' dir='ltr'><strong>mequ</strong></span> <span class='ocrx_word' id='word_1_109' title='bbox 1807 1538 2043 1602; x_wconf 88' lang='lat' dir='ltr'><strong>sanavit,</strong></span> 
     </span>
    </p>
   </div>
   <div class='ocr_carea' id='block_1_18' title="bbox 471 1622 2044 1693">
    <p class='ocr_par' dir='ltr' id='par_1_18' title="bbox 471 1622 2044 1693">
     <span class='ocr_line' id='line_1_18' title="bbox 471 1622 2044 1693; baseline 0.001 -15"><span class='ocrx_word' id='word_1_110' title='bbox 471 1622 859 1691; x_wconf 74' lang='lat' dir='ltr'><strong>silentiumque</strong></span> <span class='ocrx_word' id='word_1_111' title='bbox 917 1622 1142 1692; x_wconf 80' lang='lat' dir='ltr'><strong>fugavit,</strong></span> <span class='ocrx_word' id='word_1_112' title='bbox 1193 1624 1462 1693; x_wconf 74' lang='lat' dir='ltr'><strong>suggessit</strong></span> <span class='ocrx_word' id='word_1_113' title='bbox 1517 1627 1788 1693; x_wconf 87' lang='lat' dir='ltr'><strong>quomodo</strong></span> <span class='ocrx_word' id='word_1_114' title='bbox 1847 1626 2044 1682; x_wconf 74' lang='lat' dir='ltr'><strong>ctelum</strong></span> 
     </span>
    </p>
   </div>
   <div class='ocr_carea' id='block_1_19' title="bbox 472 1709 2043 1782">
    <p class='ocr_par' dir='ltr' id='par_1_19' title="bbox 472 1709 2043 1782">
     <span class='ocr_line' id='line_1_19' title="bbox 472 1709 2043 1782; baseline 0.005 -20"><span class='ocrx_word' id='word_1_115' title='bbox 472 1724 580 1766; x_wconf 89' lang='lat' dir='ltr'><strong>non</strong></span> <span class='ocrx_word' id='word_1_116' title='bbox 609 1709 783 1765; x_wconf 90' lang='lat' dir='ltr'><strong>solum</strong></span> <span class='ocrx_word' id='word_1_117' title='bbox 819 1711 1068 1765; x_wconf 82' lang='lat' dir='ltr'><strong>maximis</strong></span> <span class='ocrx_word' id='word_1_118' title='bbox 1128 1711 1290 1766; x_wconf 89' lang='lat' dir='ltr'><strong>astris</strong></span> <span class='ocrx_word' id='word_1_119' title='bbox 1321 1722 1373 1767; x_wconf 90' lang='lat' dir='ltr'><strong>et</strong></span> <span class='ocrx_word' id='word_1_120' title='bbox 1406 1711 1618 1782; x_wconf 86' lang='lat' dir='ltr'><strong>fulgore</strong></span> <span class='ocrx_word' id='word_1_121' title='bbox 1652 1723 1768 1782; x_wconf 86' lang='lat' dir='ltr'><strong>post</strong></span> <span class='ocrx_word' id='word_1_122' title='bbox 1808 1715 1920 1770; x_wconf 66' lang='lat' dir='ltr'><strong>haec</strong></span> <span class='ocrx_word' id='word_1_123' title='bbox 1953 1731 2043 1770; x_wconf 86' lang='lat' dir='ltr'><strong>se-</strong></span> 
     </span>
    </p>
   </div>
   <div class='ocr_carea' id='block_1_20' title="bbox 474 1783 2119 1874">
    <p class='ocr_par' dir='ltr' id='par_1_20' title="bbox 474 1783 2119 1874">
     <span class='ocr_line' id='line_1_20' title="bbox 474 1783 2119 1874; baseline 0.004 -19"><span class='ocrx_word' id='word_1_124' title='bbox 474 1800 686 1865; x_wconf 86' lang='lat' dir='ltr'><strong>cundis,</strong></span> <span class='ocrx_word' id='word_1_125' title='bbox 705 1802 797 1855; x_wconf 89' lang='lat' dir='ltr'><strong>sed</strong></span> <span class='ocrx_word' id='word_1_126' title='bbox 819 1811 871 1856; x_wconf 91' lang='lat' dir='ltr'><strong>et</strong></span> <span class='ocrx_word' id='word_1_127' title='bbox 893 1801 1101 1869; x_wconf 76' lang='lat' dir='ltr'><strong>exiguis</strong></span> <span class='ocrx_word' id='word_1_128' title='bbox 1122 1802 1348 1857; x_wconf 85' lang='lat' dir='ltr'><strong>stellulis</strong></span> <span class='ocrx_word' id='word_1_129' title='bbox 1367 1804 1588 1858; x_wconf 85' lang='lat' dir='ltr'><strong>emicat:</strong></span> <span class='ocrx_word' id='word_1_130' title='bbox 1619 1820 1740 1874; x_wconf 71' lang='lat' dir='ltr'><strong>qua:</strong></span> <span class='ocrx_word' id='word_1_131' title='bbox 1757 1806 2046 1874; x_wconf 80' lang='lat' dir='ltr'><strong>aliquando</strong></span> <span class='ocrx_word' id='word_1_132' title='bbox 2082 1783 2119 1839; x_wconf 63' lang='grc' dir='ltr'><strong>θ</strong></span> 
     </span>
    </p>
   </div>
   <div class='ocr_carea' id='block_1_21' title="bbox 475 1891 2046 1965">
    <p class='ocr_par' dir='ltr' id='par_1_21' title="bbox 475 1891 2046 1965">
     <span class='ocr_line' id='line_1_21' title="bbox 475 1891 2046 1965; baseline 0.003 -19"><span class='ocrx_word' id='word_1_133' title='bbox 475 1902 526 1946; x_wconf 87' lang='lat' dir='ltr'><strong>et</strong></span> <span class='ocrx_word' id='word_1_134' title='bbox 565 1891 836 1961; x_wconf 85' lang='lat' dir='ltr'><strong>refulgens</strong></span> <span class='ocrx_word' id='word_1_135' title='bbox 866 1893 994 1961; x_wconf 74' lang='lat' dir='ltr'><strong>quid</strong></span> <span class='ocrx_word' id='word_1_136' title='bbox 1040 1893 1250 1962; x_wconf 88' lang='lat' dir='ltr'><strong>signum</strong></span> <span class='ocrx_word' id='word_1_137' title='bbox 1283 1903 1431 1948; x_wconf 90' lang='lat' dir='ltr'><strong>sunt.</strong></span> <span class='ocrx_word' id='word_1_138' title='bbox 1476 1893 1662 1965; x_wconf 88' lang='lat' dir='ltr'><strong>Itaque</strong></span> <span class='ocrx_word' id='word_1_139' title='bbox 1719 1896 1911 1949; x_wconf 76' lang='lat' dir='ltr'><strong>emittm</strong></span> <span class='ocrx_word' id='word_1_140' title='bbox 1947 1911 2046 1950; x_wconf 79' lang='lat' dir='ltr'><strong>no-</strong></span> 
     </span>
    </p>
   </div>
   <div class='ocr_carea' id='block_1_22' title="bbox 479 1981 2050 2052">
    <p class='ocr_par' dir='ltr' id='par_1_22' title="bbox 479 1981 2050 2052">
     <span class='ocr_line' id='line_1_22' title="bbox 479 1981 2050 2052; baseline 0.001 -14"><span class='ocrx_word' id='word_1_141' title='bbox 479 1991 674 2040; x_wconf 77' lang='lat' dir='ltr'><strong>atrum.</strong></span> <span class='ocrx_word' id='word_1_142' title='bbox 695 1981 787 2036; x_wconf 91' lang='lat' dir='ltr'><strong>Del</strong></span> <span class='ocrx_word' id='word_1_143' title='bbox 810 1981 1074 2046; x_wconf 84' lang='lat' dir='ltr'><strong>Ecclesia,</strong></span> <span class='ocrx_word' id='word_1_144' title='bbox 1101 1981 1488 2052; x_wconf 81' lang='lat' dir='ltr'><strong>fulgentissima</strong></span> <span class='ocrx_word' id='word_1_145' title='bbox 1513 1993 1655 2038; x_wconf 89' lang='lat' dir='ltr'><strong>astra</strong></span> <span class='ocrx_word' id='word_1_146' title='bbox 1684 1986 1865 2051; x_wconf 80' lang='lat' dir='ltr'><strong>habet,</strong></span> <span class='ocrx_word' id='word_1_147' title='bbox 1888 1985 2050 2040; x_wconf 83' lang='lat' dir='ltr'><strong>habet</strong></span> 
     </span>
    </p>
   </div>
   <div class='ocr_carea' id='block_1_23' title="bbox 481 2076 2048 2147">
    <p class='ocr_par' dir='ltr' id='par_1_23' title="bbox 481 2076 2048 2147">
     <span class='ocr_line' id='line_1_23' title="bbox 481 2076 2048 2147; baseline 0.003 -19"><span class='ocrx_word' id='word_1_148' title='bbox 481 2085 754 2144; x_wconf 88' lang='lat' dir='ltr'><strong>utcunque</strong></span> <span class='ocrx_word' id='word_1_149' title='bbox 808 2085 862 2130; x_wconf 79' lang='lat' dir='ltr'><strong>et</strong></span> <span class='ocrx_word' id='word_1_150' title='bbox 897 2076 1174 2131; x_wconf 83' lang='lat' dir='ltr'><strong>infetiora.</strong></span> <span class='ocrx_word' id='word_1_151' title='bbox 1220 2076 1430 2131; x_wconf 83' lang='lat' dir='ltr'><strong>Pariter</strong></span> <span class='ocrx_word' id='word_1_152' title='bbox 1456 2077 1719 2147; x_wconf 88' lang='lat' dir='ltr'><strong>gloriatur</strong></span> <span class='ocrx_word' id='word_1_153' title='bbox 1756 2079 1845 2146; x_wconf 85' lang='lat' dir='ltr'><strong>qui</strong></span> <span class='ocrx_word' id='word_1_154' title='bbox 1875 2081 2048 2132; x_wconf 87' lang='lat' dir='ltr'><strong>tenui-</strong></span> 
     </span>
    </p>
   </div>
   <div class='ocr_carea' id='block_1_24' title="bbox 482 2165 2048 2238">
    <p class='ocr_par' dir='ltr' id='par_1_24' title="bbox 482 2165 2048 2238">
     <span class='ocr_line' id='line_1_24' title="bbox 482 2165 2048 2238; baseline 0.003 -21"><span class='ocrx_word' id='word_1_155' title='bbox 482 2177 565 2220; x_wconf 84' lang='lat' dir='ltr'><strong>ter</strong></span> <span class='ocrx_word' id='word_1_156' title='bbox 594 2165 824 2236; x_wconf 88' lang='lat' dir='ltr'><strong>refulget</strong></span> <span class='ocrx_word' id='word_1_157' title='bbox 855 2167 1104 2222; x_wconf 62' lang='lat' dir='ltr'><strong>scintilla:</strong></span> <span class='ocrx_word' id='word_1_158' title='bbox 1139 2170 1309 2222; x_wconf 86' lang='lat' dir='ltr'><strong>instar</strong></span> <span class='ocrx_word' id='word_1_159' title='bbox 1333 2168 1398 2222; x_wconf 88' lang='lat' dir='ltr'><strong>ab</strong></span> <span class='ocrx_word' id='word_1_160' title='bbox 1427 2168 1551 2236; x_wconf 79' lang='lat' dir='ltr'><strong>igne</strong></span> <span class='ocrx_word' id='word_1_161' title='bbox 1594 2168 1843 2238; x_wconf 68' lang='lat' dir='ltr'><strong>rejecltnz</strong></span> <span class='ocrx_word' id='word_1_162' title='bbox 1873 2179 1925 2224; x_wconf 92' lang='lat' dir='ltr'><strong>et</strong></span> <span class='ocrx_word' id='word_1_163' title='bbox 1952 2186 2048 2223; x_wconf 88' lang='lat' dir='ltr'><strong>vo-</strong></span> 
     </span>
    </p>
   </div>
   <div class='ocr_carea' id='block_1_25' title="bbox 479 2256 2046 2326">
    <p class='ocr_par' dir='ltr' id='par_1_25' title="bbox 479 2256 2046 2326">
     <span class='ocr_line' id='line_1_25' title="bbox 479 2256 2046 2326; baseline 0.004 -18"><span class='ocrx_word' id='word_1_164' title='bbox 479 2256 600 2310; x_wconf 89' lang='lat' dir='ltr'><strong>lans</strong></span> <span class='ocrx_word' id='word_1_165' title='bbox 634 2257 832 2324; x_wconf 75' lang='lat' dir='ltr'><strong>ignitus</strong></span> <span class='ocrx_word' id='word_1_166' title='bbox 855 2271 1020 2326; x_wconf 83' lang='lat' dir='ltr'><strong>vapor</strong></span> <span class='ocrx_word' id='word_1_167' title='bbox 1037 2256 1230 2312; x_wconf 83' lang='lat' dir='ltr'><strong>sideris</strong></span> <span class='ocrx_word' id='word_1_168' title='bbox 1256 2258 1307 2310; x_wconf 88' lang='lat' dir='ltr'><strong>in</strong></span> <span class='ocrx_word' id='word_1_169' title='bbox 1340 2258 1559 2312; x_wconf 90' lang='lat' dir='ltr'><strong>modum</strong></span> <span class='ocrx_word' id='word_1_170' title='bbox 1588 2256 1809 2322; x_wconf 76' lang='lat' dir='ltr'><strong>effulsit,</strong></span> <span class='ocrx_word' id='word_1_171' title='bbox 1834 2267 1889 2313; x_wconf 88' lang='lat' dir='ltr'><strong>et</strong></span> <span class='ocrx_word' id='word_1_172' title='bbox 1914 2260 2046 2315; x_wconf 86' lang='lat' dir='ltr'><strong>astri</strong></span> 
     </span>
    </p>
   </div>
   <div class='ocr_carea' id='block_1_26' title="bbox 479 2352 2046 2424">
    <p class='ocr_par' dir='ltr' id='par_1_26' title="bbox 479 2352 2046 2424">
     <span class='ocr_line' id='line_1_26' title="bbox 479 2352 2046 2424; baseline -0.003 -17"><span class='ocrx_word' id='word_1_173' title='bbox 479 2353 835 2408; x_wconf 87' lang='lat' dir='ltr'><strong>similitudine</strong></span> <span class='ocrx_word' id='word_1_174' title='bbox 863 2355 1016 2422; x_wconf 86' lang='lat' dir='ltr'><strong>quasi</strong></span> <span class='ocrx_word' id='word_1_175' title='bbox 1051 2356 1234 2424; x_wconf 84' lang='lat' dir='ltr'><strong>gravis</strong></span> <span class='ocrx_word' id='word_1_176' title='bbox 1286 2355 1555 2422; x_wconf 67' lang='lat' dir='ltr'><strong>prmstitit.</strong></span> <span class='ocrx_word' id='word_1_177' title='bbox 1600 2352 1915 2422; x_wconf 87' lang='lat' dir='ltr'><strong>Composita</strong></span> <span class='ocrx_word' id='word_1_178' title='bbox 1950 2368 2046 2406; x_wconf 90' lang='lat' dir='ltr'><strong>na-</strong></span> 
     </span>
    </p>
   </div>
   <div class='ocr_carea' id='block_1_27' title="bbox 481 2444 2048 2514">
    <p class='ocr_par' dir='ltr' id='par_1_27' title="bbox 481 2444 2048 2514">
     <span class='ocr_line' id='line_1_27' title="bbox 481 2444 2048 2514; baseline -0.001 -16"><span class='ocrx_word' id='word_1_179' title='bbox 481 2451 598 2498; x_wconf 80' lang='lat' dir='ltr'><strong>tura</strong></span> <span class='ocrx_word' id='word_1_180' title='bbox 650 2445 828 2500; x_wconf 91' lang='lat' dir='ltr'><strong>omnis</strong></span> <span class='ocrx_word' id='word_1_181' title='bbox 863 2447 1082 2514; x_wconf 80' lang='lat' dir='ltr'><strong>generis</strong></span> <span class='ocrx_word' id='word_1_182' title='bbox 1130 2447 1382 2501; x_wconf 86' lang='lat' dir='ltr'><strong>animalia</strong></span> <span class='ocrx_word' id='word_1_183' title='bbox 1435 2456 1488 2501; x_wconf 91' lang='lat' dir='ltr'><strong>et</strong></span> <span class='ocrx_word' id='word_1_184' title='bbox 1515 2446 1721 2514; x_wconf 88' lang='lat' dir='ltr'><strong>reliqua</strong></span> <span class='ocrx_word' id='word_1_185' title='bbox 1769 2444 2048 2514; x_wconf 77' lang='lat' dir='ltr'><strong>produxit,</strong></span> 
     </span>
    </p>
   </div>
   <div class='ocr_carea' id='block_1_28' title="bbox 482 2535 2046 2608">
    <p class='ocr_par' dir='ltr' id='par_1_28' title="bbox 482 2535 2046 2608">
     <span class='ocr_line' id='line_1_28' title="bbox 482 2535 2046 2608; baseline 0.001 -22"><span class='ocrx_word' id='word_1_186' title='bbox 482 2536 581 2588; x_wconf 89' lang='lat' dir='ltr'><strong>alia</strong></span> <span class='ocrx_word' id='word_1_187' title='bbox 612 2535 663 2589; x_wconf 95' lang='lat' dir='ltr'><strong>iu</strong></span> <span class='ocrx_word' id='word_1_188' title='bbox 704 2536 925 2592; x_wconf 84' lang='lat' dir='ltr'><strong>honoris</strong></span> <span class='ocrx_word' id='word_1_189' title='bbox 962 2537 1257 2608; x_wconf 82' lang='lat' dir='ltr'><strong>fastigium,</strong></span> <span class='ocrx_word' id='word_1_190' title='bbox 1299 2538 1403 2591; x_wconf 88' lang='lat' dir='ltr'><strong>alia</strong></span> <span class='ocrx_word' id='word_1_191' title='bbox 1429 2535 1564 2591; x_wconf 82' lang='lat' dir='ltr'><strong>infra</strong></span> <span class='ocrx_word' id='word_1_192' title='bbox 1595 2538 1660 2591; x_wconf 89' lang='lat' dir='ltr'><strong>ad</strong></span> <span class='ocrx_word' id='word_1_193' title='bbox 1691 2537 2046 2606; x_wconf 88' lang='lat' dir='ltr'><strong>ignominiam</strong></span> 
     </span>
    </p>
   </div>
   <div class='ocr_carea' id='block_1_29' title="bbox 481 2627 2051 2691">
    <p class='ocr_par' dir='ltr' id='par_1_29' title="bbox 481 2627 2051 2691">
     <span class='ocr_line' id='line_1_29' title="bbox 481 2627 2051 2691; baseline 0.002 -13"><span class='ocrx_word' id='word_1_194' title='bbox 481 2628 746 2691; x_wconf 81' lang='lat' dir='ltr'><strong>seposita;</strong></span> <span class='ocrx_word' id='word_1_195' title='bbox 796 2642 892 2681; x_wconf 91' lang='lat' dir='ltr'><strong>nec</strong></span> <span class='ocrx_word' id='word_1_196' title='bbox 927 2627 1240 2682; x_wconf 87' lang='lat' dir='ltr'><strong>defecerunt</strong></span> <span class='ocrx_word' id='word_1_197' title='bbox 1278 2629 1358 2682; x_wconf 88' lang='lat' dir='ltr'><strong>vel</strong></span> <span class='ocrx_word' id='word_1_198' title='bbox 1397 2628 1502 2682; x_wconf 87' lang='lat' dir='ltr'><strong>ista</strong></span> <span class='ocrx_word' id='word_1_199' title='bbox 1542 2629 1944 2683; x_wconf 81' lang='lat' dir='ltr'><strong>inconsiderate</strong></span> <span class='ocrx_word' id='word_1_200' title='bbox 1972 2627 2051 2682; x_wconf 84' lang='lat' dir='ltr'><strong>sic</strong></span> 
     </span>
    </p>
   </div>
   <div class='ocr_carea' id='block_1_30' title="bbox 481 2717 2050 2786">
    <p class='ocr_par' dir='ltr' id='par_1_30' title="bbox 481 2717 2050 2786">
     <span class='ocr_line' id='line_1_30' title="bbox 481 2717 2050 2786; baseline 0.004 -19"><span class='ocrx_word' id='word_1_201' title='bbox 481 2717 692 2785; x_wconf 76' lang='lat' dir='ltr'><strong>ahjecta</strong></span> <span class='ocrx_word' id='word_1_202' title='bbox 721 2718 771 2771; x_wconf 94' lang='lat' dir='ltr'><strong>in</strong></span> <span class='ocrx_word' id='word_1_203' title='bbox 799 2717 1121 2786; x_wconf 84' lang='lat' dir='ltr'><strong>gl0riatione</strong></span> <span class='ocrx_word' id='word_1_204' title='bbox 1141 2719 1434 2773; x_wconf 73' lang='lat' dir='ltr'><strong>creationis</strong></span> <span class='ocrx_word' id='word_1_205' title='bbox 1468 2737 1484 2773; x_wconf 87' lang='lat'><strong>:</strong></span> <span class='ocrx_word' id='word_1_206' title='bbox 1519 2734 1647 2775; x_wconf 80' lang='lat' dir='ltr'><strong>ecce</strong></span> <span class='ocrx_word' id='word_1_207' title='bbox 1667 2719 1821 2773; x_wconf 76' lang='lat' dir='ltr'><strong>culex</strong></span> <span class='ocrx_word' id='word_1_208' title='bbox 1854 2720 2050 2774; x_wconf 82' lang='lat' dir='ltr'><strong>vilissi-</strong></span> 
     </span>
    </p>
   </div>
   <div class='ocr_carea' id='block_1_31' title="bbox 484 2807 2053 2878">
    <p class='ocr_par' dir='ltr' id='par_1_31' title="bbox 484 2807 2053 2878">
     <span class='ocr_line' id='line_1_31' title="bbox 484 2807 2053 2878; baseline 0.004 -19"><span class='ocrx_word' id='word_1_209' title='bbox 484 2824 627 2859; x_wconf 89' lang='lat' dir='ltr'><strong>mum</strong></span> <span class='ocrx_word' id='word_1_210' title='bbox 677 2807 876 2861; x_wconf 83' lang='lat' dir='ltr'><strong>animal</strong></span> <span class='ocrx_word' id='word_1_211' title='bbox 928 2807 1120 2877; x_wconf 86' lang='lat' dir='ltr'><strong>aliquo</strong></span> <span class='ocrx_word' id='word_1_212' title='bbox 1179 2811 1354 2878; x_wconf 85' lang='lat' dir='ltr'><strong>pretio</strong></span> <span class='ocrx_word' id='word_1_213' title='bbox 1401 2807 1596 2878; x_wconf 88' lang='lat' dir='ltr'><strong>dignus</strong></span> <span class='ocrx_word' id='word_1_214' title='bbox 1648 2811 1892 2863; x_wconf 88' lang='lat' dir='ltr'><strong>habetur.</strong></span> <span class='ocrx_word' id='word_1_215' title='bbox 1935 2807 2053 2866; x_wconf 78' lang='lat' dir='ltr'><strong>Pie-</strong></span> 
     </span>
    </p>
   </div>
   <div class='ocr_carea' id='block_1_32' title="bbox 486 2899 2053 2967">
    <p class='ocr_par' dir='ltr' id='par_1_32' title="bbox 486 2899 2053 2967">
     <span class='ocr_line' id='line_1_32' title="bbox 486 2899 2053 2967; baseline 0.004 -18"><span class='ocrx_word' id='word_1_216' title='bbox 486 2914 712 2967; x_wconf 83' lang='lat' dir='ltr'><strong>rumque</strong></span> <span class='ocrx_word' id='word_1_217' title='bbox 751 2900 1151 2954; x_wconf 79' lang='lat' dir='ltr'><strong>multitudinem</strong></span> <span class='ocrx_word' id='word_1_218' title='bbox 1210 2899 1459 2954; x_wconf 88' lang='lat' dir='ltr'><strong>stimulat</strong></span> <span class='ocrx_word' id='word_1_219' title='bbox 1480 2899 1866 2952; x_wconf 84' lang='lat' dir='ltr'><strong>animaiculum</strong></span> <span class='ocrx_word' id='word_1_220' title='bbox 1898 2903 2053 2955; x_wconf 66' lang='lat' dir='ltr'><strong>audi«</strong></span> 
     </span>
    </p>
   </div>
   <div class='ocr_carea' id='block_1_33' title="bbox 487 2988 2053 3057">
    <p class='ocr_par' dir='ltr' id='par_1_33' title="bbox 487 2988 2053 3057">
     <span class='ocr_line' id='line_1_33' title="bbox 487 2988 2053 3057; baseline 0.003 -17"><span class='ocrx_word' id='word_1_221' title='bbox 487 3001 622 3054; x_wconf 88' lang='lat' dir='ltr'><strong>tum,</strong></span> <span class='ocrx_word' id='word_1_222' title='bbox 673 2990 890 3057; x_wconf 86' lang='lat' dir='ltr'><strong>quando</strong></span> <span class='ocrx_word' id='word_1_223' title='bbox 936 2988 1190 3045; x_wconf 92' lang='lat' dir='ltr'><strong>bombum</strong></span> <span class='ocrx_word' id='word_1_224' title='bbox 1239 3004 1397 3043; x_wconf 91' lang='lat' dir='ltr'><strong>suum</strong></span> <span class='ocrx_word' id='word_1_225' title='bbox 1439 2989 1728 3053; x_wconf 82' lang='lat' dir='ltr'><strong>buccinat;</strong></span> <span class='ocrx_word' id='word_1_226' title='bbox 1775 2997 1904 3043; x_wconf 90' lang='lat' dir='ltr'><strong>sunt</strong></span> <span class='ocrx_word' id='word_1_227' title='bbox 1925 3006 2053 3045; x_wconf 89' lang='lat' dir='ltr'><strong>vero</strong></span> 
     </span>
    </p>
   </div>
   <div class='ocr_carea' id='block_1_34' title="bbox 483 3080 2052 3148">
    <p class='ocr_par' dir='ltr' id='par_1_34' title="bbox 483 3080 2052 3148">
     <span class='ocr_line' id='line_1_34' title="bbox 483 3080 2052 3148; baseline 0.003 -17"><span class='ocrx_word' id='word_1_228' title='bbox 483 3082 573 3146; x_wconf 85' lang='lat' dir='ltr'><strong>qui</strong></span> <span class='ocrx_word' id='word_1_229' title='bbox 603 3090 820 3148; x_wconf 85' lang='lat' dir='ltr'><strong>propter</strong></span> <span class='ocrx_word' id='word_1_230' title='bbox 839 3096 1034 3134; x_wconf 85' lang='lat' dir='ltr'><strong>sonum</strong></span> <span class='ocrx_word' id='word_1_231' title='bbox 1067 3096 1253 3146; x_wconf 84' lang='lat' dir='ltr'><strong>parum</strong></span> <span class='ocrx_word' id='word_1_232' title='bbox 1279 3081 1358 3134; x_wconf 88' lang='lat' dir='ltr'><strong>vel</strong></span> <span class='ocrx_word' id='word_1_233' title='bbox 1381 3080 1526 3134; x_wconf 92' lang='lat' dir='ltr'><strong>nullo</strong></span> <span class='ocrx_word' id='word_1_234' title='bbox 1545 3080 1703 3133; x_wconf 90' lang='lat' dir='ltr'><strong>modo</strong></span> <span class='ocrx_word' id='word_1_235' title='bbox 1726 3090 2052 3148; x_wconf 81' lang='lat' dir='ltr'><strong>respectant,</strong></span> 
     </span>
    </p>
   </div>
   <div class='ocr_carea' id='block_1_35' title="bbox 486 3170 2052 3242">
    <p class='ocr_par' dir='ltr' id='par_1_35' title="bbox 486 3170 2052 3242">
     <span class='ocr_line' id='line_1_35' title="bbox 486 3170 2052 3242; baseline 0.004 -20"><span class='ocrx_word' id='word_1_236' title='bbox 486 3173 538 3223; x_wconf 88' lang='lat' dir='ltr'><strong>id</strong></span> <span class='ocrx_word' id='word_1_237' title='bbox 563 3171 1009 3233; x_wconf 87' lang='lat' dir='ltr'><strong>vcrointenduut,</strong></span> <span class='ocrx_word' id='word_1_238' title='bbox 1033 3175 1176 3242; x_wconf 88' lang='lat' dir='ltr'><strong>quod</strong></span> <span class='ocrx_word' id='word_1_239' title='bbox 1197 3171 1328 3228; x_wconf 90' lang='lat' dir='ltr'><strong>utile</strong></span> <span class='ocrx_word' id='word_1_240' title='bbox 1347 3170 1439 3228; x_wconf 86' lang='lat' dir='ltr'><strong>sit.</strong></span> <span class='ocrx_word' id='word_1_241' title='bbox 1462 3171 1584 3226; x_wconf 84' lang='lat' dir='ltr'><strong>Sint</strong></span> <span class='ocrx_word' id='word_1_242' title='bbox 1608 3187 1735 3242; x_wconf 84' lang='lat' dir='ltr'><strong>ergo</strong></span> <span class='ocrx_word' id='word_1_243' title='bbox 1757 3172 1869 3226; x_wconf 67' lang='lat' dir='ltr'><strong>haec</strong></span> <span class='ocrx_word' id='word_1_244' title='bbox 1890 3173 1995 3239; x_wconf 89' lang='lat' dir='ltr'><strong>ita;</strong></span> <span class='ocrx_word' id='word_1_245' title='bbox 2024 3189 2052 3228; x_wconf 84' lang='lat' dir='ltr'><strong>a</strong></span> 
     </span>
    </p>
   </div>
   <div class='ocr_carea' id='block_1_36' title="bbox 486 3263 2049 3334">
    <p class='ocr_par' dir='ltr' id='par_1_36' title="bbox 486 3263 2049 3334">
     <span class='ocr_line' id='line_1_36' title="bbox 486 3263 2049 3334; baseline 0.003 -20"><span class='ocrx_word' id='word_1_246' title='bbox 486 3263 694 3316; x_wconf 79' lang='lat' dir='ltr'><strong>fortiori</strong></span> <span class='ocrx_word' id='word_1_247' title='bbox 729 3266 886 3317; x_wconf 85' lang='lat' dir='ltr'><strong>homo</strong></span> <span class='ocrx_word' id='word_1_248' title='bbox 916 3275 1189 3328; x_wconf 86' lang='lat' dir='ltr'><strong>sensatus,</strong></span> <span class='ocrx_word' id='word_1_249' title='bbox 1216 3265 1491 3334; x_wconf 88' lang='lat' dir='ltr'><strong>quomodo</strong></span> <span class='ocrx_word' id='word_1_250' title='bbox 1514 3263 1698 3319; x_wconf 89' lang='lat' dir='ltr'><strong>divina</strong></span> <span class='ocrx_word' id='word_1_251' title='bbox 1732 3276 1878 3320; x_wconf 89' lang='lat' dir='ltr'><strong>recto</strong></span> <span class='ocrx_word' id='word_1_252' title='bbox 1903 3279 2049 3319; x_wconf 92' lang='lat' dir='ltr'><strong>more</strong></span> 
     </span>
    </p>
   </div>
   <div class='ocr_carea' id='block_1_37' title="bbox 487 3354 1377 3426">
    <p class='ocr_par' dir='ltr' id='par_1_37' title="bbox 487 3354 1377 3426">
     <span class='ocr_line' id='line_1_37' title="bbox 487 3354 1377 3426; baseline 0.004 -21"><span class='ocrx_word' id='word_1_253' title='bbox 487 3364 687 3418; x_wconf 81' lang='lat' dir='ltr'><strong>cantet,</strong></span> <span class='ocrx_word' id='word_1_254' title='bbox 729 3355 795 3407; x_wconf 90' lang='lat' dir='ltr'><strong>sit</strong></span> <span class='ocrx_word' id='word_1_255' title='bbox 835 3354 1138 3410; x_wconf 88' lang='lat' dir='ltr'><strong>attentione</strong></span> <span class='ocrx_word' id='word_1_256' title='bbox 1165 3356 1377 3426; x_wconf 86' lang='lat' dir='ltr'><strong>dignus.</strong></span> 
     </span>
    </p>
   </div>
   <div class='ocr_carea' id='block_1_38' title="bbox 2147 513 3724 590">
    <p class='ocr_par' dir='ltr' id='par_1_38' title="bbox 2147 513 3724 590">
     <span class='ocr_line' id='line_1_38' title="bbox 2147 513 3724 590; baseline -0.006 -15"><span class='ocrx_word' id='word_1_257' title='bbox 2147 517 2243 586; x_wconf 81' lang='grc' dir='ltr'><strong>ὧν,</strong></span> <span class='ocrx_word' id='word_1_258' title='bbox 2283 520 2346 574; x_wconf 79' lang='grc' dir='ltr'>οὐ</span> <span class='ocrx_word' id='word_1_259' title='bbox 2387 519 2550 590; x_wconf 87' lang='grc' dir='ltr'>μόνον</span> <span class='ocrx_word' id='word_1_260' title='bbox 2588 536 2606 569; x_wconf 87' lang='grc' dir='ltr'><strong>ι</strong></span> <span class='ocrx_word' id='word_1_261' title='bbox 2647 516 2774 586; x_wconf 90' lang='grc' dir='ltr'>βους</span> <span class='ocrx_word' id='word_1_262' title='bbox 2825 516 2920 568; x_wconf 67' lang='grc' dir='ltr'>ἐπὶ</span> <span class='ocrx_word' id='word_1_263' title='bbox 2971 515 3211 586; x_wconf 75' lang='grc' dir='ltr'>γλώττῃ,</span> <span class='ocrx_word' id='word_1_264' title='bbox 3251 533 3268 565; x_wconf 76' lang='grc' dir='ltr'><strong>ι</strong></span> <span class='ocrx_word' id='word_1_265' title='bbox 3330 513 3491 568; x_wconf 84' lang='grc' dir='ltr'>τοῦτο</span> <span class='ocrx_word' id='word_1_266' title='bbox 3541 513 3607 584; x_wconf 76' lang='grc' dir='ltr'><strong>δὴ</strong></span> <span class='ocrx_word' id='word_1_267' title='bbox 3661 514 3724 566; x_wconf 80' lang='grc' dir='ltr'>τὸ</span> 
     </span>
    </p>
   </div>
   <div class='ocr_carea' id='block_1_39' title="bbox 2148 606 3725 685">
    <p class='ocr_par' dir='ltr' id='par_1_39' title="bbox 2148 606 3725 685">
     <span class='ocr_line' id='line_1_39' title="bbox 2148 606 3725 685; baseline -0.007 -15"><span class='ocrx_word' id='word_1_268' title='bbox 2148 615 2390 685; x_wconf 87' lang='grc' dir='ltr'>σκῶμμα</span> <span class='ocrx_word' id='word_1_269' title='bbox 2423 613 2518 666; x_wconf 81' lang='grc' dir='ltr'>τοῦ</span> <span class='ocrx_word' id='word_1_270' title='bbox 2552 611 2699 682; x_wconf 76' lang='grc' dir='ltr'>ἀργὰ</span> <span class='ocrx_word' id='word_1_271' title='bbox 2726 610 2928 674; x_wconf 80' lang='grc' dir='ltr'>λαλεῖν,</span> <span class='ocrx_word' id='word_1_272' title='bbox 2955 609 3030 672; x_wconf 78' lang='grc' dir='ltr'>ὡς</span> <span class='ocrx_word' id='word_1_273' title='bbox 3063 609 3158 661; x_wconf 71' lang='grc' dir='ltr'><strong>ἐάν</strong></span> <span class='ocrx_word' id='word_1_274' title='bbox 3185 626 3268 672; x_wconf 87' lang='grc' dir='ltr'><strong>τις</strong></span> <span class='ocrx_word' id='word_1_275' title='bbox 3311 608 3400 677; x_wconf 78' lang='grc' dir='ltr'>εἴη</span> <span class='ocrx_word' id='word_1_276' title='bbox 3448 606 3725 678; x_wconf 75' lang='grc' dir='ltr'>βούγλωσο</span> 
     </span>
    </p>
   </div>
   <div class='ocr_carea' id='block_1_40' title="bbox 2151 700 3723 771">
    <p class='ocr_par' dir='ltr' id='par_1_40' title="bbox 2151 700 3723 771">
     <span class='ocr_line' id='line_1_40' title="bbox 2151 700 3723 771; baseline -0.005 -11"><span class='ocrx_word' id='word_1_277' title='bbox 2151 725 2262 770; x_wconf 78' lang='grc' dir='ltr'>σος.</span> <span class='ocrx_word' id='word_1_278' title='bbox 2298 705 2432 760; x_wconf 79' lang='grc' dir='ltr'><strong>ἀλλά</strong></span> <span class='ocrx_word' id='word_1_279' title='bbox 2461 706 2556 758; x_wconf 73' lang='grc' dir='ltr'>καὶ</span> <span class='ocrx_word' id='word_1_280' title='bbox 2577 703 2720 766; x_wconf 81' lang='grc' dir='ltr'><strong>λίθος</strong></span> <span class='ocrx_word' id='word_1_281' title='bbox 2749 702 2882 756; x_wconf 76' lang='grc' dir='ltr'>ὡσεὶ</span> <span class='ocrx_word' id='word_1_282' title='bbox 2909 703 3008 755; x_wconf 72' lang='grc' dir='ltr'>καὶ</span> <span class='ocrx_word' id='word_1_283' title='bbox 3051 700 3240 770; x_wconf 83' lang='grc' dir='ltr'>λάκκῳ</span> <span class='ocrx_word' id='word_1_284' title='bbox 3269 700 3723 771; x_wconf 75' lang='grc' dir='ltr'>δυσχρηστουμέο</span> 
     </span>
    </p>
   </div>
   <div class='ocr_carea' id='block_1_41' title="bbox 2149 791 3724 864">
    <p class='ocr_par' dir='ltr' id='par_1_41' title="bbox 2149 791 3724 864">
     <span class='ocr_line' id='line_1_41' title="bbox 2149 791 3724 864; baseline -0.004 -12"><span class='ocrx_word' id='word_1_285' title='bbox 2149 817 2242 853; x_wconf 88' lang='grc' dir='ltr'><strong>νου</strong></span> <span class='ocrx_word' id='word_1_286' title='bbox 2283 798 2474 861; x_wconf 78' lang='grc' dir='ltr'>ὓδατος</span> <span class='ocrx_word' id='word_1_287' title='bbox 2505 796 2774 852; x_wconf 79' lang='grc' dir='ltr'>ἐπέκειτο.</span> <span class='ocrx_word' id='word_1_288' title='bbox 2811 793 3174 864; x_wconf 82' lang='grc' dir='ltr'>Αογισαμένῳ</span> <span class='ocrx_word' id='word_1_289' title='bbox 3201 791 3259 846; x_wconf 81' lang='grc' dir='ltr'>δέ</span> <span class='ocrx_word' id='word_1_290' title='bbox 3297 809 3387 861; x_wconf 88' lang='grc' dir='ltr'><strong>μοι</strong></span> <span class='ocrx_word' id='word_1_291' title='bbox 3413 792 3600 862; x_wconf 76' lang='grc' dir='ltr'>ἕτερα,</span> <span class='ocrx_word' id='word_1_292' title='bbox 3659 794 3724 846; x_wconf 82' lang='grc' dir='ltr'>οὐ</span> 
     </span>
    </p>
   </div>
   <div class='ocr_carea' id='block_1_42' title="bbox 2155 882 3725 962">
    <p class='ocr_par' dir='ltr' id='par_1_42' title="bbox 2155 882 3725 962">
     <span class='ocr_line' id='line_1_42' title="bbox 2155 882 3725 962; baseline -0.005 -18"><span class='ocrx_word' id='word_1_293' title='bbox 2155 912 2172 944; x_wconf 79' lang='grc' dir='ltr'><strong>ε</strong></span> <span class='ocrx_word' id='word_1_294' title='bbox 2205 891 2480 962; x_wconf 77' lang='grc' dir='ltr'><strong>ταχύτερα</strong></span> <span class='ocrx_word' id='word_1_295' title='bbox 2507 889 2726 960; x_wconf 79' lang='grc' dir='ltr'>μᾶλλον,</span> <span class='ocrx_word' id='word_1_296' title='bbox 2753 887 2898 958; x_wconf 72' lang='grc' dir='ltr'>ἥπερ</span> <span class='ocrx_word' id='word_1_297' title='bbox 2931 882 3236 955; x_wconf 80' lang='grc' dir='ltr'>σοφώτερα,</span> <span class='ocrx_word' id='word_1_298' title='bbox 3277 902 3296 937; x_wconf 75' lang='grc' dir='ltr'><strong>ι</strong></span> <span class='ocrx_word' id='word_1_299' title='bbox 3331 884 3359 937; x_wconf 82' lang='grc' dir='ltr'><strong>ὃ</strong></span> <span class='ocrx_word' id='word_1_300' title='bbox 3380 884 3444 955; x_wconf 83' lang='grc' dir='ltr'><strong>δή</strong></span> <span class='ocrx_word' id='word_1_301' title='bbox 3501 901 3586 947; x_wconf 78' lang='grc' dir='ltr'><strong>τις</strong></span> <span class='ocrx_word' id='word_1_302' title='bbox 3625 886 3725 938; x_wconf 73' lang='grc' dir='ltr'>καὶ</span> 
     </span>
    </p>
   </div>
   <div class='ocr_carea' id='block_1_43' title="bbox 2149 973 3723 1056">
    <p class='ocr_par' dir='ltr' id='par_1_43' title="bbox 2149 973 3723 1056">
     <span class='ocr_line' id='line_1_43' title="bbox 2149 973 3723 1056; baseline -0.006 -18"><span class='ocrx_word' id='word_1_303' title='bbox 2149 985 2255 1056; x_wconf 80' lang='grc' dir='ltr'>πρὸ</span> <span class='ocrx_word' id='word_1_304' title='bbox 2295 984 2402 1037; x_wconf 86' lang='grc' dir='ltr'><strong>τῶν</strong></span> <span class='ocrx_word' id='word_1_305' title='bbox 2430 980 2719 1052; x_wconf 75' lang='grc' dir='ltr'><strong>ἡμετέρων</strong></span> <span class='ocrx_word' id='word_1_306' title='bbox 2768 975 3090 1047; x_wconf 74' lang='grc' dir='ltr'>ἐφθέγξατο,</span> <span class='ocrx_word' id='word_1_307' title='bbox 3134 973 3441 1044; x_wconf 83' lang='grc' dir='ltr'>βραδύτερα</span> <span class='ocrx_word' id='word_1_308' title='bbox 3490 973 3570 1038; x_wconf 69' lang='grc' dir='ltr'><strong>δὲ,</strong></span> <span class='ocrx_word' id='word_1_309' title='bbox 3624 977 3723 1028; x_wconf 70' lang='grc' dir='ltr'><strong>καὶ</strong></span> 
     </span>
    </p>
   </div>
   <div class='ocr_carea' id='block_1_44' title="bbox 2147 1067 3727 1141">
    <p class='ocr_par' dir='ltr' id='par_1_44' title="bbox 2147 1067 3727 1141">
     <span class='ocr_line' id='line_1_44' title="bbox 2147 1067 3727 1141; baseline -0.008 -11"><span class='ocrx_word' id='word_1_310' title='bbox 2147 1076 2268 1130; x_wconf 69' lang='grc' dir='ltr'><strong>οὐδὲ</strong></span> <span class='ocrx_word' id='word_1_311' title='bbox 2302 1077 2441 1131; x_wconf 84' lang='grc' dir='ltr'>πάνυ</span> <span class='ocrx_word' id='word_1_312' title='bbox 2468 1075 2573 1139; x_wconf 76' lang='grc' dir='ltr'>ἔξω</span> <span class='ocrx_word' id='word_1_313' title='bbox 2607 1073 2824 1141; x_wconf 76' lang='grc' dir='ltr'>σοφίας,</span> <span class='ocrx_word' id='word_1_314' title='bbox 2852 1073 2881 1124; x_wconf 86' lang='grc' dir='ltr'><strong>ό</strong></span> <span class='ocrx_word' id='word_1_315' title='bbox 2907 1068 3034 1140; x_wconf 75' lang='grc' dir='ltr'>βοῦς</span> <span class='ocrx_word' id='word_1_316' title='bbox 3080 1085 3139 1122; x_wconf 90' lang='grc' dir='ltr'><strong>τε</strong></span> <span class='ocrx_word' id='word_1_317' title='bbox 3188 1067 3495 1136; x_wconf 80' lang='grc' dir='ltr'><strong>ἀπανέστη,</strong></span> <span class='ocrx_word' id='word_1_318' title='bbox 3545 1070 3643 1122; x_wconf 74' lang='grc' dir='ltr'><strong>καὶ</strong></span> <span class='ocrx_word' id='word_1_319' title='bbox 3699 1070 3727 1118; x_wconf 82' lang='grc' dir='ltr'>ὁ</span> 
     </span>
    </p>
   </div>
   <div class='ocr_carea' id='block_1_45' title="bbox 2149 1161 3728 1236">
    <p class='ocr_par' dir='ltr' id='par_1_45' title="bbox 2149 1161 3728 1236">
     <span class='ocr_line' id='line_1_45' title="bbox 2149 1161 3728 1236; baseline -0.003 -15"><span class='ocrx_word' id='word_1_320' title='bbox 2149 1167 2295 1232; x_wconf 89' lang='grc' dir='ltr'>λίθος</span> <span class='ocrx_word' id='word_1_321' title='bbox 2330 1165 2669 1236; x_wconf 67' lang='grc' dir='ltr'>ἐξεκυλίσθη,</span> <span class='ocrx_word' id='word_1_322' title='bbox 2716 1163 2811 1219; x_wconf 75' lang='grc' dir='ltr'><strong>καὶ</strong></span> <span class='ocrx_word' id='word_1_323' title='bbox 2845 1165 2878 1235; x_wconf 80' lang='grc' dir='ltr'><strong>ὴ</strong></span> <span class='ocrx_word' id='word_1_324' title='bbox 2907 1162 3087 1232; x_wconf 78' lang='grc' dir='ltr'>σιωπὴ</span> <span class='ocrx_word' id='word_1_325' title='bbox 3146 1161 3355 1231; x_wconf 86' lang='grc' dir='ltr'>ἀπῆλθε</span> <span class='ocrx_word' id='word_1_326' title='bbox 3383 1177 3400 1192; x_wconf 73' lang='grc' dir='ltr'><strong>ο</strong></span> <span class='ocrx_word' id='word_1_327' title='bbox 3456 1163 3556 1215; x_wconf 70' lang='grc' dir='ltr'>καὶ</span> <span class='ocrx_word' id='word_1_328' title='bbox 3614 1162 3728 1218; x_wconf 77' lang='grc' dir='ltr'>ίδοὺ</span> 
     </span>
    </p>
   </div>
   <div class='ocr_carea' id='block_1_46' title="bbox 2147 1254 3407 1328">
    <p class='ocr_par' dir='ltr' id='par_1_46' title="bbox 2147 1254 3407 1328">
     <span class='ocr_line' id='line_1_46' title="bbox 2147 1254 3407 1328; baseline -0.001 -17"><span class='ocrx_word' id='word_1_329' title='bbox 2147 1257 2324 1326; x_wconf 59' lang='grc' dir='ltr'>λόγουξ</span> <span class='ocrx_word' id='word_1_330' title='bbox 2348 1257 2526 1328; x_wconf 80' lang='grc' dir='ltr'>ῥεῦμα</span> <span class='ocrx_word' id='word_1_331' title='bbox 2552 1256 2864 1327; x_wconf 81' lang='grc' dir='ltr'>σύμμετρον</span> <span class='ocrx_word' id='word_1_332' title='bbox 2901 1257 2980 1319; x_wconf 89' lang='grc' dir='ltr'><strong>είς</strong></span> <span class='ocrx_word' id='word_1_333' title='bbox 2998 1254 3090 1309; x_wconf 81' lang='grc' dir='ltr'>τὸν</span> <span class='ocrx_word' id='word_1_334' title='bbox 3130 1254 3407 1326; x_wconf 85' lang='grc' dir='ltr'>μάρτυρα.</span> 
     </span>
    </p>
   </div>
   <div class='ocr_carea' id='block_1_47' title="bbox 2220 1519 3730 1591">
    <p class='ocr_par' dir='ltr' id='par_1_47' title="bbox 2220 1519 3730 1591">
     <span class='ocr_line' id='line_1_47' title="bbox 2220 1519 3730 1591; baseline -0.001 -16"><span class='ocrx_word' id='word_1_335' title='bbox 2220 1521 2280 1575; x_wconf 84' lang='grc' dir='ltr'><strong>δ’.</strong></span> <span class='ocrx_word' id='word_1_336' title='bbox 2309 1523 2372 1576; x_wconf 85' lang='lat'><strong>&#39;0</strong></span> <span class='ocrx_word' id='word_1_337' title='bbox 2391 1519 2446 1575; x_wconf 82' lang='grc' dir='ltr'><em>δέ</em></span> <span class='ocrx_word' id='word_1_338' title='bbox 2482 1539 2572 1591; x_wconf 89' lang='grc' dir='ltr'><strong>μοι</strong></span> <span class='ocrx_word' id='word_1_339' title='bbox 2597 1521 2875 1590; x_wconf 72' lang='grc' dir='ltr'>λογισμὸς,</span> <span class='ocrx_word' id='word_1_340' title='bbox 2903 1521 2931 1572; x_wconf 88' lang='grc' dir='ltr'><strong>ό</strong></span> <span class='ocrx_word' id='word_1_341' title='bbox 2982 1521 3076 1573; x_wconf 79' lang='grc' dir='ltr'>τὸν</span> <span class='ocrx_word' id='word_1_342' title='bbox 3103 1519 3265 1574; x_wconf 76' lang='grc' dir='ltr'>ὄκνον</span> <span class='ocrx_word' id='word_1_343' title='bbox 3291 1519 3730 1589; x_wconf 76' lang='grc' dir='ltr'>ἐκθεραπεύσας,</span> 
     </span>
    </p>
   </div>
   <div class='ocr_carea' id='block_1_48' title="bbox 2152 1611 3730 1684">
    <p class='ocr_par' dir='ltr' id='par_1_48' title="bbox 2152 1611 3730 1684">
     <span class='ocr_line' id='line_1_48' title="bbox 2152 1611 3730 1684; baseline -0.001 -16"><span class='ocrx_word' id='word_1_344' title='bbox 2152 1615 2246 1668; x_wconf 74' lang='grc' dir='ltr'><strong>καὶ</strong></span> <span class='ocrx_word' id='word_1_345' title='bbox 2279 1616 2378 1682; x_wconf 63' lang='grc' dir='ltr'><strong>τὴν</strong></span> <span class='ocrx_word' id='word_1_346' title='bbox 2410 1615 2571 1684; x_wconf 81' lang='grc' dir='ltr'>σιγὴν</span> <span class='ocrx_word' id='word_1_347' title='bbox 2602 1613 2929 1681; x_wconf 81' lang='grc' dir='ltr'>ἀπαγαγὼν,</span> <span class='ocrx_word' id='word_1_348' title='bbox 2952 1611 3179 1666; x_wconf 83' lang='grc' dir='ltr'>τοιαῦτα</span> <span class='ocrx_word' id='word_1_349' title='bbox 3205 1613 3510 1676; x_wconf 73' lang='grc' dir='ltr'><strong>ὑπέτεινεν,</strong></span> <span class='ocrx_word' id='word_1_350' title='bbox 3544 1614 3619 1675; x_wconf 77' lang='grc' dir='ltr'>ὡς</span> <span class='ocrx_word' id='word_1_351' title='bbox 3643 1615 3730 1666; x_wconf 85' lang='grc' dir='ltr'>ὅτι</span> 
     </span>
    </p>
   </div>
   <div class='ocr_carea' id='block_1_49' title="bbox 2152 1705 3733 1776">
    <p class='ocr_par' dir='ltr' id='par_1_49' title="bbox 2152 1705 3733 1776">
     <span class='ocr_line' id='line_1_49' title="bbox 2152 1705 3733 1776; baseline 0 -17"><span class='ocrx_word' id='word_1_352' title='bbox 2152 1707 2246 1759; x_wconf 69' lang='grc' dir='ltr'><strong>καὶ</strong></span> <span class='ocrx_word' id='word_1_353' title='bbox 2267 1707 2490 1772; x_wconf 66' lang='grc' dir='ltr'>οὐρανὸς</span> <span class='ocrx_word' id='word_1_354' title='bbox 2521 1707 2580 1758; x_wconf 77' lang='grc' dir='ltr'>οὐ</span> <span class='ocrx_word' id='word_1_355' title='bbox 2619 1709 2732 1768; x_wconf 83' lang='grc' dir='ltr'>τοῖς</span> <span class='ocrx_word' id='word_1_356' title='bbox 2789 1707 3067 1774; x_wconf 75' lang='grc' dir='ltr'><strong>μεγίστοις</strong></span> <span class='ocrx_word' id='word_1_357' title='bbox 3107 1705 3416 1776; x_wconf 55' lang='lat' dir='ltr'><strong>cptum/59m;</strong></span> <span class='ocrx_word' id='word_1_358' title='bbox 3465 1707 3561 1759; x_wconf 73' lang='grc' dir='ltr'>καὶ</span> <span class='ocrx_word' id='word_1_359' title='bbox 3617 1708 3733 1770; x_wconf 75' lang='grc' dir='ltr'>τοῖς</span> 
     </span>
    </p>
   </div>
   <div class='ocr_carea' id='block_1_50' title="bbox 2154 1793 3732 1866">
    <p class='ocr_par' dir='ltr' id='par_1_50' title="bbox 2154 1793 3732 1866">
     <span class='ocr_line' id='line_1_50' title="bbox 2154 1793 3732 1866; baseline 0 -18"><span class='ocrx_word' id='word_1_360' title='bbox 2154 1797 2273 1864; x_wconf 79' lang='grc' dir='ltr'>μετ’</span> <span class='ocrx_word' id='word_1_361' title='bbox 2301 1796 2496 1858; x_wconf 72' lang='grc' dir='ltr'>αὐτοὺς</span> <span class='ocrx_word' id='word_1_362' title='bbox 2525 1793 2953 1860; x_wconf 77' lang='grc' dir='ltr'>δευτερεύουσιν.</span> <span class='ocrx_word' id='word_1_363' title='bbox 3009 1794 3142 1848; x_wconf 87' lang='grc' dir='ltr'><strong>ἀλλά</strong></span> <span class='ocrx_word' id='word_1_364' title='bbox 3193 1797 3287 1848; x_wconf 73' lang='grc' dir='ltr'><strong>καὶ</strong></span> <span class='ocrx_word' id='word_1_365' title='bbox 3334 1797 3732 1866; x_wconf 79' lang='grc' dir='ltr'>σμικροτάτοις</span> 
     </span>
    </p>
   </div>
   <div class='ocr_carea' id='block_1_51' title="bbox 2155 1888 3734 1960">
    <p class='ocr_par' dir='ltr' id='par_1_51' title="bbox 2155 1888 3734 1960">
     <span class='ocr_line' id='line_1_51' title="bbox 2155 1888 3734 1960; baseline 0.002 -19"><span class='ocrx_word' id='word_1_366' title='bbox 2155 1889 2402 1958; x_wconf 82' lang='grc' dir='ltr'>ἀστρίοι;</span> <span class='ocrx_word' id='word_1_367' title='bbox 2432 1888 2811 1956; x_wconf 74' lang='grc' dir='ltr'>ἐναγλαϊζεται</span> <span class='ocrx_word' id='word_1_368' title='bbox 2852 1903 2864 1917; x_wconf 86' lang='grc'>⁶</span> <span class='ocrx_word' id='word_1_369' title='bbox 2898 1891 2992 1942; x_wconf 84' lang='grc' dir='ltr'><strong>καί</strong></span> <span class='ocrx_word' id='word_1_370' title='bbox 3016 1907 3116 1941; x_wconf 85' lang='grc' dir='ltr'><strong>που</strong></span> <span class='ocrx_word' id='word_1_371' title='bbox 3142 1891 3234 1941; x_wconf 81' lang='grc' dir='ltr'>καὶ</span> <span class='ocrx_word' id='word_1_372' title='bbox 3276 1889 3416 1942; x_wconf 80' lang='grc' dir='ltr'>αὒτά</span> <span class='ocrx_word' id='word_1_373' title='bbox 3444 1892 3501 1942; x_wconf 79' lang='grc' dir='ltr'>ἐν</span> <span class='ocrx_word' id='word_1_374' title='bbox 3549 1891 3734 1960; x_wconf 79' lang='grc' dir='ltr'>καιρῷ</span> 
     </span>
    </p>
   </div>
   <div class='ocr_carea' id='block_1_52' title="bbox 2157 1977 3730 2048">
    <p class='ocr_par' dir='ltr' id='par_1_52' title="bbox 2157 1977 3730 2048">
     <span class='ocr_line' id='line_1_52' title="bbox 2157 1977 3730 2048; baseline 0.003 -18"><span class='ocrx_word' id='word_1_375' title='bbox 2157 1979 2668 2048; x_wconf 80' lang='grc' dir='ltr'>παρασημαίνονταί</span> <span class='ocrx_word' id='word_1_376' title='bbox 2699 1995 2750 2029; x_wconf 91' lang='grc' dir='ltr'><strong>τι</strong></span> <span class='ocrx_word' id='word_1_377' title='bbox 2787 1977 3069 2045; x_wconf 68' lang='grc' dir='ltr'>ἐπιφανές.</span> <span class='ocrx_word' id='word_1_378' title='bbox 3113 1977 3321 2030; x_wconf 68' lang='grc' dir='ltr'><strong>Οὔκοῦν</strong></span> <span class='ocrx_word' id='word_1_379' title='bbox 3370 1980 3462 2031; x_wconf 74' lang='grc' dir='ltr'><strong>καὶ</strong></span> <span class='ocrx_word' id='word_1_380' title='bbox 3512 1981 3541 2032; x_wconf 84' lang='grc' dir='ltr'><strong>ό</strong></span> <span class='ocrx_word' id='word_1_381' title='bbox 3597 1982 3730 2034; x_wconf 73' lang='grc' dir='ltr'>καθ’</span> 
     </span>
    </p>
   </div>
   <div class='ocr_carea' id='block_1_53' title="bbox 2157 2068 3735 2140">
    <p class='ocr_par' dir='ltr' id='par_1_53' title="bbox 2157 2068 3735 2140">
     <span class='ocr_line' id='line_1_53' title="bbox 2157 2068 3735 2140; baseline 0.002 -18"><span class='ocrx_word' id='word_1_382' title='bbox 2157 2071 2303 2137; x_wconf 71' lang='grc' dir='ltr'>ἡμᾶς</span> <span class='ocrx_word' id='word_1_383' title='bbox 2361 2069 2608 2140; x_wconf 76' lang='grc' dir='ltr'>οὐρανὸς,</span> <span class='ocrx_word' id='word_1_384' title='bbox 2660 2073 2693 2138; x_wconf 76' lang='grc' dir='ltr'>ἡ</span> <span class='ocrx_word' id='word_1_385' title='bbox 2744 2069 2840 2122; x_wconf 82' lang='grc' dir='ltr'><strong>τοῦ</strong></span> <span class='ocrx_word' id='word_1_386' title='bbox 2891 2068 3028 2122; x_wconf 83' lang='grc' dir='ltr'>Θεοῦ</span> <span class='ocrx_word' id='word_1_387' title='bbox 3066 2068 3390 2137; x_wconf 81' lang='grc' dir='ltr'>Ἐκκλησία,</span> <span class='ocrx_word' id='word_1_388' title='bbox 3449 2070 3564 2139; x_wconf 76' lang='grc' dir='ltr'>ἔχει</span> <span class='ocrx_word' id='word_1_389' title='bbox 3632 2073 3735 2139; x_wconf 64' lang='grc' dir='ltr'>μιν</span> 
     </span>
    </p>
   </div>
   <div class='ocr_carea' id='block_1_54' title="bbox 2156 2161 3724 2233">
    <p class='ocr_par' dir='ltr' id='par_1_54' title="bbox 2156 2161 3724 2233">
     <span class='ocr_line' id='line_1_54' title="bbox 2156 2161 3724 2233; baseline 0.002 -16"><span class='ocrx_word' id='word_1_390' title='bbox 2156 2169 2252 2218; x_wconf 71' lang='grc' dir='ltr'>καὶ</span> <span class='ocrx_word' id='word_1_391' title='bbox 2282 2165 2510 2233; x_wconf 76' lang='grc' dir='ltr'><strong>ἀστέρας</strong></span> <span class='ocrx_word' id='word_1_392' title='bbox 2552 2166 2677 2227; x_wconf 65' lang='grc' dir='ltr'>τοὺς</span> <span class='ocrx_word' id='word_1_393' title='bbox 2711 2163 3045 2230; x_wconf 81' lang='grc' dir='ltr'>φανοτάτους</span> <span class='ocrx_word' id='word_1_394' title='bbox 3083 2161 3324 2227; x_wconf 66' lang='grc' dir='ltr'>ἐκείνους</span> <span class='ocrx_word' id='word_1_395' title='bbox 3356 2179 3371 2196; x_wconf 79' lang='grc' dir='ltr'><strong>ο</strong></span> <span class='ocrx_word' id='word_1_396' title='bbox 3405 2164 3516 2233; x_wconf 77' lang='grc' dir='ltr'>ἔχει</span> <span class='ocrx_word' id='word_1_397' title='bbox 3543 2163 3600 2218; x_wconf 65' lang='grc' dir='ltr'><strong>δὲ</strong></span> <span class='ocrx_word' id='word_1_398' title='bbox 3625 2170 3724 2220; x_wconf 68' lang='grc' dir='ltr'>καὶ</span> 
     </span>
    </p>
   </div>
   <div class='ocr_carea' id='block_1_55' title="bbox 2155 2255 3725 2326">
    <p class='ocr_par' dir='ltr' id='par_1_55' title="bbox 2155 2255 3725 2326">
     <span class='ocr_line' id='line_1_55' title="bbox 2155 2255 3725 2326; baseline 0.002 -18"><span class='ocrx_word' id='word_1_399' title='bbox 2155 2258 2279 2317; x_wconf 77' lang='grc' dir='ltr'>τοὺς</span> <span class='ocrx_word' id='word_1_400' title='bbox 2315 2255 2435 2326; x_wconf 77' lang='grc' dir='ltr'>μετ’</span> <span class='ocrx_word' id='word_1_401' title='bbox 2461 2255 2680 2319; x_wconf 73' lang='grc' dir='ltr'>αὐτούς.</span> <span class='ocrx_word' id='word_1_402' title='bbox 2717 2255 3050 2326; x_wconf 84' lang='grc' dir='ltr'>Σεμνύνεται</span> <span class='ocrx_word' id='word_1_403' title='bbox 3078 2255 3134 2309; x_wconf 76' lang='grc' dir='ltr'><strong>δὲ</strong></span> <span class='ocrx_word' id='word_1_404' title='bbox 3174 2257 3345 2324; x_wconf 85' lang='grc' dir='ltr'>ὅμως,</span> <span class='ocrx_word' id='word_1_405' title='bbox 3409 2258 3502 2311; x_wconf 73' lang='grc' dir='ltr'><strong>καὶ</strong></span> <span class='ocrx_word' id='word_1_406' title='bbox 3545 2261 3601 2312; x_wconf 85' lang='grc' dir='ltr'>εῐ</span> <span class='ocrx_word' id='word_1_407' title='bbox 3641 2276 3725 2323; x_wconf 83' lang='grc' dir='ltr'><strong>τις</strong></span> 
     </span>
    </p>
   </div>
   <div class='ocr_carea' id='block_1_56' title="bbox 2157 2346 3736 2420">
    <p class='ocr_par' dir='ltr' id='par_1_56' title="bbox 2157 2346 3736 2420">
     <span class='ocr_line' id='line_1_56' title="bbox 2157 2346 3736 2420; baseline -0.003 -18"><span class='ocrx_word' id='word_1_408' title='bbox 2157 2348 2396 2417; x_wconf 78' lang='grc' dir='ltr'>ἀμυδρόν</span> <span class='ocrx_word' id='word_1_409' title='bbox 2421 2366 2476 2400; x_wconf 88' lang='grc' dir='ltr'><strong>τι</strong></span> <span class='ocrx_word' id='word_1_410' title='bbox 2504 2346 2735 2416; x_wconf 73' lang='grc' dir='ltr'>λάμπει,</span> <span class='ocrx_word' id='word_1_411' title='bbox 2804 2347 2947 2400; x_wconf 80' lang='grc' dir='ltr'>καθά</span> <span class='ocrx_word' id='word_1_412' title='bbox 2986 2363 3088 2400; x_wconf 79' lang='grc' dir='ltr'><strong>που</strong></span> <span class='ocrx_word' id='word_1_413' title='bbox 3123 2350 3219 2401; x_wconf 69' lang='grc' dir='ltr'><strong>καὶ</strong></span> <span class='ocrx_word' id='word_1_414' title='bbox 3269 2348 3505 2418; x_wconf 71' lang='grc' dir='ltr'>σπινθὴρ</span> <span class='ocrx_word' id='word_1_415' title='bbox 3559 2351 3736 2420; x_wconf 61' lang='grc' dir='ltr'>πυρξς</span> 
     </span>
    </p>
   </div>
   <div class='ocr_carea' id='block_1_57' title="bbox 2157 2438 3738 2510">
    <p class='ocr_par' dir='ltr' id='par_1_57' title="bbox 2157 2438 3738 2510">
     <span class='ocr_line' id='line_1_57' title="bbox 2157 2438 3738 2510; baseline -0.001 -17"><span class='ocrx_word' id='word_1_416' title='bbox 2157 2439 2602 2508; x_wconf 85' lang='grc' dir='ltr'>ἀποπαλλόμενος</span> <span class='ocrx_word' id='word_1_417' title='bbox 2633 2455 2647 2471; x_wconf 88' lang='grc'><strong>·</strong></span> <span class='ocrx_word' id='word_1_418' title='bbox 2675 2439 2766 2490; x_wconf 77' lang='grc' dir='ltr'>καὶ</span> <span class='ocrx_word' id='word_1_419' title='bbox 2800 2438 3028 2508; x_wconf 79' lang='grc' dir='ltr'>διᾴττων</span> <span class='ocrx_word' id='word_1_420' title='bbox 3050 2439 3105 2492; x_wconf 83' lang='grc' dir='ltr'>δέ</span> <span class='ocrx_word' id='word_1_421' title='bbox 3156 2457 3241 2503; x_wconf 89' lang='grc' dir='ltr'><strong>τις</strong></span> <span class='ocrx_word' id='word_1_422' title='bbox 3289 2439 3516 2510; x_wconf 82' lang='grc' dir='ltr'><strong>πυρόεις</strong></span> <span class='ocrx_word' id='word_1_423' title='bbox 3562 2439 3738 2510; x_wconf 83' lang='grc' dir='ltr'>ἀτμδς</span> 
     </span>
    </p>
   </div>
   <div class='ocr_carea' id='block_1_58' title="bbox 2159 2528 3731 2600">
    <p class='ocr_par' dir='ltr' id='par_1_58' title="bbox 2159 2528 3731 2600">
     <span class='ocr_line' id='line_1_58' title="bbox 2159 2528 3731 2600; baseline -0.001 -15"><span class='ocrx_word' id='word_1_424' title='bbox 2159 2532 2365 2600; x_wconf 80' lang='grc' dir='ltr'>ἀστέρα</span> <span class='ocrx_word' id='word_1_425' title='bbox 2386 2531 2679 2597; x_wconf 77' lang='grc' dir='ltr'>έφάντασε,</span> <span class='ocrx_word' id='word_1_426' title='bbox 2733 2529 2830 2582; x_wconf 76' lang='grc' dir='ltr'><strong>καὶ</strong></span> <span class='ocrx_word' id='word_1_427' title='bbox 2852 2528 2996 2584; x_wconf 78' lang='grc' dir='ltr'>οὕτω</span> <span class='ocrx_word' id='word_1_428' title='bbox 3023 2530 3080 2583; x_wconf 84' lang='grc' dir='ltr'>τὺ</span> <span class='ocrx_word' id='word_1_429' title='bbox 3109 2531 3309 2600; x_wconf 72' lang='grc' dir='ltr'>σεμνὸν</span> <span class='ocrx_word' id='word_1_430' title='bbox 3329 2530 3409 2600; x_wconf 78' lang='grc' dir='ltr'>τῷ</span> <span class='ocrx_word' id='word_1_431' title='bbox 3443 2532 3731 2600; x_wconf 79' lang='grc' dir='ltr'>ἀστεροειο</span> 
     </span>
    </p>
   </div>
   <div class='ocr_carea' id='block_1_59' title="bbox 2158 2621 3738 2692">
    <p class='ocr_par' dir='ltr' id='par_1_59' title="bbox 2158 2621 3738 2692">
     <span class='ocr_line' id='line_1_59' title="bbox 2158 2621 3738 2692; baseline -0.001 -14"><span class='ocrx_word' id='word_1_432' title='bbox 2158 2625 2240 2678; x_wconf 72' lang='grc' dir='ltr'><strong>δεῖ</strong></span> <span class='ocrx_word' id='word_1_433' title='bbox 2264 2621 2620 2692; x_wconf 72' lang='grc' dir='ltr'><strong>ἀπηνέγκατο</strong></span> <span class='ocrx_word' id='word_1_434' title='bbox 2654 2621 2750 2676; x_wconf 75' lang='grc' dir='ltr'><strong>καὶ</strong></span> <span class='ocrx_word' id='word_1_435' title='bbox 2774 2621 2960 2684; x_wconf 76' lang='grc' dir='ltr'>αὑτός.</span> <span class='ocrx_word' id='word_1_436' title='bbox 2982 2621 3147 2686; x_wconf 73' lang='grc' dir='ltr'>Φὺσις</span> <span class='ocrx_word' id='word_1_437' title='bbox 3201 2623 3560 2692; x_wconf 76' lang='grc' dir='ltr'>ἔπιταχθεῐσα</span> <span class='ocrx_word' id='word_1_438' title='bbox 3599 2640 3738 2678; x_wconf 68' lang='grc' dir='ltr'><strong>⁴παν-ι</strong></span> 
     </span>
    </p>
   </div>
   <div class='ocr_carea' id='block_1_60' title="bbox 2159 2711 3737 2785">
    <p class='ocr_par' dir='ltr' id='par_1_60' title="bbox 2159 2711 3737 2785">
     <span class='ocr_line' id='line_1_60' title="bbox 2159 2711 3737 2785; baseline 0 -17"><span class='ocrx_word' id='word_1_439' title='bbox 2159 2716 2283 2769; x_wconf 76' lang='grc' dir='ltr'>τοῖα</span> <span class='ocrx_word' id='word_1_440' title='bbox 2315 2712 2430 2775; x_wconf 78' lang='grc' dir='ltr'>ζῶα</span> <span class='ocrx_word' id='word_1_441' title='bbox 2467 2711 2564 2766; x_wconf 73' lang='grc' dir='ltr'>καὶ</span> <span class='ocrx_word' id='word_1_442' title='bbox 2587 2711 2754 2766; x_wconf 80' lang='grc' dir='ltr'>λοιπά</span> <span class='ocrx_word' id='word_1_443' title='bbox 2789 2713 3086 2782; x_wconf 80' lang='grc' dir='ltr'><strong>παρήγαγε</strong></span> <span class='ocrx_word' id='word_1_444' title='bbox 3135 2713 3460 2785; x_wconf 82' lang='grc' dir='ltr'>πράγματα,</span> <span class='ocrx_word' id='word_1_445' title='bbox 3505 2715 3576 2768; x_wconf 87' lang='grc' dir='ltr'><strong>τά</strong></span> <span class='ocrx_word' id='word_1_446' title='bbox 3632 2715 3737 2783; x_wconf 68' lang='grc' dir='ltr'>μὲν</span> 
     </span>
    </p>
   </div>
   <div class='ocr_carea' id='block_1_61' title="bbox 2161 2805 3738 2876">
    <p class='ocr_par' dir='ltr' id='par_1_61' title="bbox 2161 2805 3738 2876">
     <span class='ocr_line' id='line_1_61' title="bbox 2161 2805 3738 2876; baseline -0.001 -15"><span class='ocrx_word' id='word_1_447' title='bbox 2161 2809 2242 2869; x_wconf 85' lang='grc' dir='ltr'><strong>είς</strong></span> <span class='ocrx_word' id='word_1_448' title='bbox 2273 2805 2404 2874; x_wconf 72' lang='grc' dir='ltr'>ὕψος</span> <span class='ocrx_word' id='word_1_449' title='bbox 2436 2806 2784 2875; x_wconf 83' lang='grc' dir='ltr'>ἀνῳκισμένα</span> <span class='ocrx_word' id='word_1_450' title='bbox 2813 2806 3000 2876; x_wconf 70' lang='grc' dir='ltr'>τιμῆς,</span> <span class='ocrx_word' id='word_1_451' title='bbox 3036 2805 3102 2859; x_wconf 80' lang='grc' dir='ltr'><strong>τά</strong></span> <span class='ocrx_word' id='word_1_452' title='bbox 3133 2806 3190 2859; x_wconf 81' lang='grc' dir='ltr'><strong>δὲ</strong></span> <span class='ocrx_word' id='word_1_453' title='bbox 3225 2806 3374 2860; x_wconf 87' lang='grc' dir='ltr'><strong>κάτω</strong></span> <span class='ocrx_word' id='word_1_454' title='bbox 3425 2807 3519 2860; x_wconf 78' lang='grc' dir='ltr'><strong>τοῦ</strong></span> <span class='ocrx_word' id='word_1_455' title='bbox 3567 2807 3738 2875; x_wconf 75' lang='grc' dir='ltr'>τιμᾶ-</span> 
     </span>
    </p>
   </div>
   <div class='ocr_carea' id='block_1_62' title="bbox 2163 2895 3740 2966">
    <p class='ocr_par' dir='ltr' id='par_1_62' title="bbox 2163 2895 3740 2966">
     <span class='ocr_line' id='line_1_62' title="bbox 2163 2895 3740 2966; baseline -0.001 -16"><span class='ocrx_word' id='word_1_456' title='bbox 2163 2897 2288 2951; x_wconf 84' lang='grc' dir='ltr'>σθαι</span> <span class='ocrx_word' id='word_1_457' title='bbox 2323 2898 2554 2966; x_wconf 85' lang='grc' dir='ltr'>μένοντα</span> <span class='ocrx_word' id='word_1_458' title='bbox 2590 2913 2604 2927; x_wconf 84' lang='grc'><strong>·</strong></span> <span class='ocrx_word' id='word_1_459' title='bbox 2630 2900 2725 2950; x_wconf 60' lang='grc' dir='ltr'>καὶ</span> <span class='ocrx_word' id='word_1_460' title='bbox 2770 2897 2868 2948; x_wconf 76' lang='grc' dir='ltr'>οὐκ</span> <span class='ocrx_word' id='word_1_461' title='bbox 2910 2895 3276 2963; x_wconf 67' lang='grc' dir='ltr'>ἐπιλέλοιπεν,</span> <span class='ocrx_word' id='word_1_462' title='bbox 3326 2895 3447 2949; x_wconf 79' lang='grc' dir='ltr'><strong>οὐδὲ</strong></span> <span class='ocrx_word' id='word_1_463' title='bbox 3495 2895 3740 2966; x_wconf 82' lang='grc' dir='ltr'>ταχύδην</span> 
     </span>
    </p>
   </div>
   <div class='ocr_carea' id='block_1_63' title="bbox 2162 2986 3738 3058">
    <p class='ocr_par' dir='ltr' id='par_1_63' title="bbox 2162 2986 3738 3058">
     <span class='ocr_line' id='line_1_63' title="bbox 2162 2986 3738 3058; baseline 0.003 -18"><span class='ocrx_word' id='word_1_464' title='bbox 2162 2987 2305 3040; x_wconf 73' lang='grc' dir='ltr'>οὕτω</span> <span class='ocrx_word' id='word_1_465' title='bbox 2355 2989 2674 3057; x_wconf 89' lang='grc' dir='ltr'>συρόμενα,</span> <span class='ocrx_word' id='word_1_466' title='bbox 2741 2986 3080 3056; x_wconf 82' lang='grc' dir='ltr'>σεμνύνοντα</span> <span class='ocrx_word' id='word_1_467' title='bbox 3148 2988 3245 3058; x_wconf 81' lang='grc' dir='ltr'>τὴν</span> <span class='ocrx_word' id='word_1_468' title='bbox 3313 2988 3738 3058; x_wconf 83' lang='grc' dir='ltr'>κοσμογένειαν.</span> 
     </span>
    </p>
   </div>
   <div class='ocr_carea' id='block_1_64' title="bbox 2167 3078 3738 3150">
    <p class='ocr_par' dir='ltr' id='par_1_64' title="bbox 2167 3078 3738 3150">
     <span class='ocr_line' id='line_1_64' title="bbox 2167 3078 3738 3150; baseline 0.003 -17"><span class='ocrx_word' id='word_1_469' title='bbox 2167 3080 2306 3148; x_wconf 82' lang='grc' dir='ltr'><strong>Ἤδη</strong></span> <span class='ocrx_word' id='word_1_470' title='bbox 2339 3081 2434 3133; x_wconf 77' lang='grc' dir='ltr'>καὶ</span> <span class='ocrx_word' id='word_1_471' title='bbox 2466 3078 2664 3148; x_wconf 76' lang='grc' dir='ltr'>κώνωψ</span> <span class='ocrx_word' id='word_1_472' title='bbox 2681 3081 2741 3132; x_wconf 73' lang='grc' dir='ltr'>τὸ</span> <span class='ocrx_word' id='word_1_473' title='bbox 2770 3079 3107 3147; x_wconf 79' lang='grc' dir='ltr'>φαυλότατον</span> <span class='ocrx_word' id='word_1_474' title='bbox 3130 3081 3372 3144; x_wconf 79' lang='grc' dir='ltr'>ἀξιοῦται</span> <span class='ocrx_word' id='word_1_475' title='bbox 3392 3082 3551 3150; x_wconf 81' lang='grc' dir='ltr'>λόγου</span> <span class='ocrx_word' id='word_1_476' title='bbox 3579 3083 3738 3137; x_wconf 75' lang='grc' dir='ltr'>ποτέ.</span> 
     </span>
    </p>
   </div>
   <div class='ocr_carea' id='block_1_65' title="bbox 2113 3170 3742 3241">
    <p class='ocr_par' dir='ltr' id='par_1_65' title="bbox 2113 3170 3742 3241">
     <span class='ocr_line' id='line_1_65' title="bbox 2113 3170 3742 3241; baseline -0.001 -15"><span class='ocrx_word' id='word_1_477' title='bbox 2113 3173 2126 3189; x_wconf 88' lang='grc'><strong><em>¹</em></strong></span> <span class='ocrx_word' id='word_1_478' title='bbox 2161 3173 2270 3226; x_wconf 76' lang='lat' dir='ltr'><strong>Kal</strong></span> <span class='ocrx_word' id='word_1_479' title='bbox 2303 3171 2369 3224; x_wconf 80' lang='grc' dir='ltr'><strong>τά</strong></span> <span class='ocrx_word' id='word_1_480' title='bbox 2398 3170 2567 3224; x_wconf 82' lang='grc' dir='ltr'>πολλὰ</span> <span class='ocrx_word' id='word_1_481' title='bbox 2597 3170 2697 3241; x_wconf 86' lang='grc' dir='ltr'><strong>μὲν</strong></span> <span class='ocrx_word' id='word_1_482' title='bbox 2734 3170 2890 3240; x_wconf 76' lang='grc' dir='ltr'>ὄχλον</span> <span class='ocrx_word' id='word_1_483' title='bbox 2924 3172 3146 3238; x_wconf 75' lang='grc' dir='ltr'>ἐμποιεῖ</span> <span class='ocrx_word' id='word_1_484' title='bbox 3197 3171 3256 3225; x_wconf 86' lang='grc' dir='ltr'><strong>τδ</strong></span> <span class='ocrx_word' id='word_1_485' title='bbox 3310 3171 3551 3241; x_wconf 77' lang='grc' dir='ltr'>ζωύφιον</span> <span class='ocrx_word' id='word_1_486' title='bbox 3607 3171 3742 3238; x_wconf 78' lang='grc' dir='ltr'>ὲεαο</span> 
     </span>
    </p>
   </div>
   <div class='ocr_carea' id='block_1_66' title="bbox 2159 3261 3737 3334">
    <p class='ocr_par' dir='ltr' id='par_1_66' title="bbox 2159 3261 3737 3334">
     <span class='ocr_line' id='line_1_66' title="bbox 2159 3261 3737 3334; baseline 0.003 -18"><span class='ocrx_word' id='word_1_487' title='bbox 2159 3264 2479 3332; x_wconf 86' lang='grc' dir='ltr'>κουόμενον,</span> <span class='ocrx_word' id='word_1_488' title='bbox 2513 3262 2601 3314; x_wconf 82' lang='grc' dir='ltr'><strong>ὅτε</strong></span> <span class='ocrx_word' id='word_1_489' title='bbox 2641 3261 2732 3314; x_wconf 87' lang='grc' dir='ltr'><strong>τδν</strong></span> <span class='ocrx_word' id='word_1_490' title='bbox 2763 3261 2958 3316; x_wconf 76' lang='grc' dir='ltr'>ἑαυτοῦ</span> <span class='ocrx_word' id='word_1_491' title='bbox 2985 3264 3149 3331; x_wconf 86' lang='grc' dir='ltr'>νόμον</span> <span class='ocrx_word' id='word_1_492' title='bbox 3183 3264 3432 3330; x_wconf 74' lang='grc' dir='ltr'>σαλπίζει</span> <span class='ocrx_word' id='word_1_493' title='bbox 3462 3283 3476 3298; x_wconf 87' lang='grc'><strong>·</strong></span> <span class='ocrx_word' id='word_1_494' title='bbox 3508 3267 3613 3320; x_wconf 79' lang='grc' dir='ltr'>είσὶ</span> <span class='ocrx_word' id='word_1_495' title='bbox 3650 3268 3737 3334; x_wconf 77' lang='grc' dir='ltr'><strong>δι,</strong></span> 
     </span>
    </p>
   </div>
   <div class='ocr_carea' id='block_1_67' title="bbox 2153 3353 3742 3427">
    <p class='ocr_par' dir='ltr' id='par_1_67' title="bbox 2153 3353 3742 3427">
     <span class='ocr_line' id='line_1_67' title="bbox 2153 3353 3742 3427; baseline 0.003 -18"><span class='ocrx_word' id='word_1_496' title='bbox 2153 3358 2205 3410; x_wconf 78' lang='grc' dir='ltr'>οἳ</span> <span class='ocrx_word' id='word_1_497' title='bbox 2235 3355 2328 3408; x_wconf 71' lang='grc' dir='ltr'><strong>τοῦ</strong></span> <span class='ocrx_word' id='word_1_498' title='bbox 2351 3354 2527 3424; x_wconf 80' lang='grc' dir='ltr'>ψόφου</span> <span class='ocrx_word' id='word_1_499' title='bbox 2561 3354 2662 3424; x_wconf 67' lang='grc' dir='ltr'>μὲν</span> <span class='ocrx_word' id='word_1_500' title='bbox 2689 3353 2923 3424; x_wconf 79' lang='grc' dir='ltr'>μικράῆ</span> <span class='ocrx_word' id='word_1_501' title='bbox 2963 3354 3115 3409; x_wconf 80' lang='grc' dir='ltr'>οὐδὲν</span> <span class='ocrx_word' id='word_1_502' title='bbox 3170 3356 3613 3427; x_wconf 74' lang='grc' dir='ltr'>έπιστρέφονται,</span> <span class='ocrx_word' id='word_1_503' title='bbox 3642 3360 3742 3414; x_wconf 56' lang='grc' dir='ltr'>ἀλ.</span> 
     </span>
    </p>
   </div>
   <div class='ocr_carea' id='block_1_68' title="bbox 482 3443 3749 3520">
    <p class='ocr_par' dir='ltr' id='par_1_68' title="bbox 482 3443 3749 3520">
     <span class='ocr_line' id='line_1_68' title="bbox 482 3443 3749 3520; baseline 0.003 -24"><span class='ocrx_word' id='word_1_504' title='bbox 482 3443 589 3506; x_wconf 82' lang='grc' dir='ltr'><strong>λως</strong></span> <span class='ocrx_word' id='word_1_505' title='bbox 647 3444 704 3496; x_wconf 79' lang='grc' dir='ltr'>δὲ</span> <span class='ocrx_word' id='word_1_506' title='bbox 758 3445 888 3498; x_wconf 74' lang='grc' dir='ltr'>αὑτδ</span> <span class='ocrx_word' id='word_1_507' title='bbox 947 3447 1388 3504; x_wconf 74' lang='grc' dir='ltr'>έπιτκέπτονται,</span> <span class='ocrx_word' id='word_1_508' title='bbox 1447 3451 1552 3518; x_wconf 80' lang='grc' dir='ltr'>ὅπη</span> <span class='ocrx_word' id='word_1_509' title='bbox 1609 3452 1702 3502; x_wconf 65' lang='grc' dir='ltr'>καὶ</span> <span class='ocrx_word' id='word_1_510' title='bbox 1758 3451 2049 3520; x_wconf 63' lang='grc' dir='ltr'>χρήσιμον.</span> <span class='ocrx_word' id='word_1_511' title='bbox 2095 3448 2158 3502; x_wconf 82' lang='lat' dir='ltr'><strong>El</strong></span> <span class='ocrx_word' id='word_1_512' title='bbox 2216 3446 2396 3500; x_wconf 83' lang='grc' dir='ltr'>τοίνυν</span> <span class='ocrx_word' id='word_1_513' title='bbox 2451 3445 2630 3507; x_wconf 74' lang='grc' dir='ltr'>τοῦτο,</span> <span class='ocrx_word' id='word_1_514' title='bbox 2663 3444 2742 3514; x_wconf 85' lang='grc' dir='ltr'><strong>τῷ</strong></span> <span class='ocrx_word' id='word_1_515' title='bbox 2777 3445 2939 3498; x_wconf 80' lang='grc' dir='ltr'>παντὶ</span> <span class='ocrx_word' id='word_1_516' title='bbox 2975 3447 3140 3499; x_wconf 85' lang='grc' dir='ltr'>πλέον</span> <span class='ocrx_word' id='word_1_517' title='bbox 3197 3449 3398 3501; x_wconf 71' lang='grc' dir='ltr'>όκατὶι</span> <span class='ocrx_word' id='word_1_518' title='bbox 3457 3449 3617 3516; x_wconf 79' lang='grc' dir='ltr'>λόγον</span> <span class='ocrx_word' id='word_1_519' title='bbox 3644 3452 3749 3506; x_wconf 68' lang='grc' dir='ltr'>ἀνι</span> 
     </span>
    </p>
   </div>
   <div class='ocr_carea' id='block_1_69' title="bbox 490 3535 3150 3612">
    <p class='ocr_par' dir='ltr' id='par_1_69' title="bbox 490 3535 3150 3612">
     <span class='ocr_line' id='line_1_69' title="bbox 490 3535 3150 3612; baseline 0.004 -29"><span class='ocrx_word' id='word_1_520' title='bbox 490 3535 730 3603; x_wconf 60' lang='grc' dir='ltr'>θρωπος,</span> <span class='ocrx_word' id='word_1_521' title='bbox 766 3537 911 3600; x_wconf 70' lang='grc' dir='ltr'>ὅπως</span> <span class='ocrx_word' id='word_1_522' title='bbox 945 3539 1010 3592; x_wconf 83' lang='grc' dir='ltr'>ἂν</span> <span class='ocrx_word' id='word_1_523' title='bbox 1038 3539 1132 3593; x_wconf 71' lang='grc' dir='ltr'>καὶ</span> <span class='ocrx_word' id='word_1_524' title='bbox 1158 3539 1273 3611; x_wconf 82' lang='grc' dir='ltr'>ᾄδοι</span> <span class='ocrx_word' id='word_1_525' title='bbox 1327 3540 1395 3595; x_wconf 87' lang='grc' dir='ltr'><strong>τά</strong></span> <span class='ocrx_word' id='word_1_526' title='bbox 1429 3542 1548 3596; x_wconf 77' lang='grc' dir='ltr'>θεῖα</span> <span class='ocrx_word' id='word_1_527' title='bbox 1602 3542 1736 3608; x_wconf 83' lang='grc' dir='ltr'>πρὸς</span> <span class='ocrx_word' id='word_1_528' title='bbox 1786 3542 1943 3612; x_wconf 72' lang='grc' dir='ltr'>ὀρθὸν</span> <span class='ocrx_word' id='word_1_529' title='bbox 1973 3541 2154 3611; x_wconf 84' lang='grc' dir='ltr'>μέντοι</span> <span class='ocrx_word' id='word_1_530' title='bbox 2185 3540 2368 3608; x_wconf 84' lang='grc' dir='ltr'>νόμον,</span> <span class='ocrx_word' id='word_1_531' title='bbox 2399 3539 2484 3608; x_wconf 83' lang='grc' dir='ltr'><strong>είη</strong></span> <span class='ocrx_word' id='word_1_532' title='bbox 2514 3537 2582 3592; x_wconf 80' lang='grc' dir='ltr'><strong>ἀν</strong></span> <span class='ocrx_word' id='word_1_533' title='bbox 2611 3536 2946 3608; x_wconf 68' lang='grc' dir='ltr'>ἐπιστροφῆς</span> <span class='ocrx_word' id='word_1_534' title='bbox 2983 3537 3150 3606; x_wconf 66' lang='grc' dir='ltr'>ἄξιος.</span> 
     </span>
    </p>
   </div>
   <div class='ocr_carea' id='block_1_70' title="bbox 560 3625 2064 3703">
    <p class='ocr_par' dir='ltr' id='par_1_70' title="bbox 560 3625 2064 3703">
     <span class='ocr_line' id='line_1_70' title="bbox 560 3625 2064 3703; baseline 0.008 -26"><span class='ocrx_word' id='word_1_535' title='bbox 560 3625 613 3678; x_wconf 83' lang='grc'><strong>5.</strong></span> <span class='ocrx_word' id='word_1_536' title='bbox 643 3626 851 3682; x_wconf 79' lang='lat' dir='ltr'><strong>Veteris</strong></span> <span class='ocrx_word' id='word_1_537' title='bbox 885 3629 1014 3698; x_wconf 81' lang='lat' dir='ltr'><strong>legis</strong></span> <span class='ocrx_word' id='word_1_538' title='bbox 1057 3631 1461 3687; x_wconf 85' lang='lat' dir='ltr'><strong>tabernaculum</strong></span> <span class='ocrx_word' id='word_1_539' title='bbox 1499 3635 1738 3688; x_wconf 75' lang='lat' dir='ltr'><strong>materirc</strong></span> <span class='ocrx_word' id='word_1_540' title='bbox 1778 3649 2064 3703; x_wconf 77' lang='lat' dir='ltr'><strong>compunc-</strong></span> 
     </span>
    </p>
   </div>
   <div class='ocr_carea' id='block_1_71' title="bbox 491 3718 2060 3794">
    <p class='ocr_par' dir='ltr' id='par_1_71' title="bbox 491 3718 2060 3794">
     <span class='ocr_line' id='line_1_71' title="bbox 491 3718 2060 3794; baseline 0.004 -24"><span class='ocrx_word' id='word_1_541' title='bbox 491 3718 620 3772; x_wconf 83' lang='lat' dir='ltr'><strong>bant</strong></span> <span class='ocrx_word' id='word_1_542' title='bbox 651 3721 896 3785; x_wconf 71' lang='lat' dir='ltr'><strong>pretioste</strong></span> <span class='ocrx_word' id='word_1_543' title='bbox 918 3730 972 3775; x_wconf 89' lang='lat' dir='ltr'><strong>et</strong></span> <span class='ocrx_word' id='word_1_544' title='bbox 1003 3732 1148 3778; x_wconf 83' lang='lat' dir='ltr'><strong>certe</strong></span> <span class='ocrx_word' id='word_1_545' title='bbox 1177 3723 1358 3793; x_wconf 89' lang='lat' dir='ltr'><strong>plures</strong></span> <span class='ocrx_word' id='word_1_546' title='bbox 1386 3739 1493 3778; x_wconf 91' lang='lat' dir='ltr'><strong>non</strong></span> <span class='ocrx_word' id='word_1_547' title='bbox 1525 3728 1689 3791; x_wconf 87' lang='lat' dir='ltr'><strong>tales;</strong></span> <span class='ocrx_word' id='word_1_548' title='bbox 1717 3734 1770 3780; x_wconf 84' lang='lat' dir='ltr'><strong>et</strong></span> <span class='ocrx_word' id='word_1_549' title='bbox 1804 3727 2060 3794; x_wconf 86' lang='lat' dir='ltr'><strong>templum</strong></span> 
     </span>
    </p>
   </div>
   <div class='ocr_carea' id='block_1_72' title="bbox 489 3810 2061 3883">
    <p class='ocr_par' dir='ltr' id='par_1_72' title="bbox 489 3810 2061 3883">
     <span class='ocr_line' id='line_1_72' title="bbox 489 3810 2061 3883; baseline 0.006 -21"><span class='ocrx_word' id='word_1_550' title='bbox 489 3810 632 3865; x_wconf 86' lang='lat' dir='ltr'><strong>istud</strong></span> <span class='ocrx_word' id='word_1_551' title='bbox 680 3811 1008 3867; x_wconf 85' lang='lat' dir='ltr'><strong>celebratum</strong></span> <span class='ocrx_word' id='word_1_552' title='bbox 1059 3829 1164 3870; x_wconf 88' lang='lat' dir='ltr'><strong>non</strong></span> <span class='ocrx_word' id='word_1_553' title='bbox 1203 3815 1610 3883; x_wconf 86' lang='lat' dir='ltr'><strong>pretiosissimis</strong></span> <span class='ocrx_word' id='word_1_554' title='bbox 1651 3818 1702 3871; x_wconf 88' lang='lat' dir='ltr'><strong>in</strong></span> <span class='ocrx_word' id='word_1_555' title='bbox 1743 3827 1927 3880; x_wconf 90' lang='lat' dir='ltr'><strong>totum,</strong></span> <span class='ocrx_word' id='word_1_556' title='bbox 1969 3817 2061 3871; x_wconf 84' lang='lat' dir='ltr'><strong>sed</strong></span> 
     </span>
    </p>
   </div>
   <div class='ocr_carea' id='block_1_73' title="bbox 489 3903 2064 3975">
    <p class='ocr_par' dir='ltr' id='par_1_73' title="bbox 489 3903 2064 3975">
     <span class='ocr_line' id='line_1_73' title="bbox 489 3903 2064 3975; baseline 0.004 -20"><span class='ocrx_word' id='word_1_557' title='bbox 489 3904 686 3974; x_wconf 88' lang='lat' dir='ltr'><strong>partim</strong></span> <span class='ocrx_word' id='word_1_558' title='bbox 725 3903 923 3975; x_wconf 87' lang='lat' dir='ltr'><strong>lapillis</strong></span> <span class='ocrx_word' id='word_1_559' title='bbox 953 3905 1186 3960; x_wconf 77' lang='lat' dir='ltr'><strong>exilibus</strong></span> <span class='ocrx_word' id='word_1_560' title='bbox 1213 3905 1574 3972; x_wconf 86' lang='lat' dir='ltr'><strong>conflabatur,</strong></span> <span class='ocrx_word' id='word_1_561' title='bbox 1609 3917 1662 3963; x_wconf 92' lang='lat' dir='ltr'><strong>et</strong></span> <span class='ocrx_word' id='word_1_562' title='bbox 1691 3919 1953 3964; x_wconf 66' lang='lat' dir='ltr'><strong>caemcnto</strong></span> <span class='ocrx_word' id='word_1_563' title='bbox 1981 3910 2064 3962; x_wconf 60' lang='lat' dir='ltr'><strong>in.</strong></span> 
     </span>
    </p>
   </div>
   <div class='ocr_carea' id='block_1_74' title="bbox 491 3997 2063 4070">
    <p class='ocr_par' dir='ltr' id='par_1_74' title="bbox 491 3997 2063 4070">
     <span class='ocr_line' id='line_1_74' title="bbox 491 3997 2063 4070; baseline 0.004 -20"><span class='ocrx_word' id='word_1_564' title='bbox 491 4008 638 4050; x_wconf 83' lang='lat' dir='ltr'><strong>serto</strong></span> <span class='ocrx_word' id='word_1_565' title='bbox 663 4005 716 4052; x_wconf 90' lang='lat' dir='ltr'><strong>et</strong></span> <span class='ocrx_word' id='word_1_566' title='bbox 755 3997 969 4064; x_wconf 90' lang='lat' dir='ltr'><strong>plumbo</strong></span> <span class='ocrx_word' id='word_1_567' title='bbox 1005 3998 1055 4052; x_wconf 92' lang='lat' dir='ltr'><strong>iu</strong></span> <span class='ocrx_word' id='word_1_568' title='bbox 1080 3999 1365 4064; x_wconf 87' lang='lat' dir='ltr'><strong>juncturas</strong></span> <span class='ocrx_word' id='word_1_569' title='bbox 1395 3999 1630 4070; x_wconf 85' lang='lat' dir='ltr'><strong>lapidum</strong></span> <span class='ocrx_word' id='word_1_570' title='bbox 1664 4002 1865 4058; x_wconf 85' lang='lat' dir='ltr'><strong>infuso.</strong></span> <span class='ocrx_word' id='word_1_571' title='bbox 1895 4001 2009 4054; x_wconf 81' lang='lat' dir='ltr'><strong>Non</strong></span> <span class='ocrx_word' id='word_1_572' title='bbox 2034 4017 2063 4056; x_wconf 91' lang='lat' dir='ltr'><strong>e</strong></span> 
     </span>
    </p>
   </div>
   <div class='ocr_carea' id='block_1_75' title="bbox 493 4087 2064 4162">
    <p class='ocr_par' dir='ltr' id='par_1_75' title="bbox 493 4087 2064 4162">
     <span class='ocr_line' id='line_1_75' title="bbox 493 4087 2064 4162; baseline 0.004 -22"><span class='ocrx_word' id='word_1_573' title='bbox 493 4090 706 4156; x_wconf 82' lang='lat' dir='ltr'><strong>magnis</strong></span> <span class='ocrx_word' id='word_1_574' title='bbox 738 4097 943 4142; x_wconf 88' lang='lat' dir='ltr'><strong>tantum</strong></span> <span class='ocrx_word' id='word_1_575' title='bbox 973 4087 1166 4141; x_wconf 82' lang='lat' dir='ltr'><strong>insulis</strong></span> <span class='ocrx_word' id='word_1_576' title='bbox 1198 4105 1346 4144; x_wconf 88' lang='lat' dir='ltr'><strong>mare</strong></span> <span class='ocrx_word' id='word_1_577' title='bbox 1373 4091 1644 4145; x_wconf 77' lang='lat' dir='ltr'><strong>mentione</strong></span> <span class='ocrx_word' id='word_1_578' title='bbox 1674 4093 1835 4159; x_wconf 83' lang='lat' dir='ltr'><strong>digna</strong></span> <span class='ocrx_word' id='word_1_579' title='bbox 1865 4091 2064 4162; x_wconf 54' lang='lat' dir='ltr'><strong>produc</strong></span> 
     </span>
    </p>
   </div>
   <div class='ocr_carea' id='block_1_76' title="bbox 491 4180 2063 4250">
    <p class='ocr_par' dir='ltr' id='par_1_76' title="bbox 491 4180 2063 4250">
     <span class='ocr_line' id='line_1_76' title="bbox 491 4180 2063 4250; baseline 0.001 -16"><span class='ocrx_word' id='word_1_580' title='bbox 491 4182 587 4242; x_wconf 88' lang='lat' dir='ltr'><strong>cit,</strong></span> <span class='ocrx_word' id='word_1_581' title='bbox 613 4182 705 4232; x_wconf 87' lang='lat' dir='ltr'><strong>sed</strong></span> <span class='ocrx_word' id='word_1_582' title='bbox 725 4186 778 4230; x_wconf 83' lang='lat' dir='ltr'><strong>et</strong></span> <span class='ocrx_word' id='word_1_583' title='bbox 799 4195 976 4246; x_wconf 75' lang='lat' dir='ltr'><strong>parva:</strong></span> <span class='ocrx_word' id='word_1_584' title='bbox 997 4180 1241 4247; x_wconf 73' lang='lat' dir='ltr'><strong>quaedam</strong></span> <span class='ocrx_word' id='word_1_585' title='bbox 1271 4181 1336 4234; x_wconf 90' lang='lat' dir='ltr'><strong>de</strong></span> <span class='ocrx_word' id='word_1_586' title='bbox 1367 4182 1505 4235; x_wconf 92' lang='lat' dir='ltr'><strong>miro</strong></span> <span class='ocrx_word' id='word_1_587' title='bbox 1530 4181 1763 4250; x_wconf 88' lang='lat' dir='ltr'><strong>quodam</strong></span> <span class='ocrx_word' id='word_1_588' title='bbox 1793 4192 2063 4238; x_wconf 87' lang='lat' dir='ltr'><strong>ostentato</strong></span> 
     </span>
    </p>
   </div>
   <div class='ocr_carea' id='block_1_77' title="bbox 492 4268 2064 4340">
    <p class='ocr_par' dir='ltr' id='par_1_77' title="bbox 492 4268 2064 4340">
     <span class='ocr_line' id='line_1_77' title="bbox 492 4268 2064 4340; baseline 0.006 -18"><span class='ocrx_word' id='word_1_589' title='bbox 492 4270 808 4338; x_wconf 82' lang='lat' dir='ltr'><strong>gloriantur.</strong></span> <span class='ocrx_word' id='word_1_590' title='bbox 833 4269 927 4323; x_wconf 86' lang='lat' dir='ltr'><strong>Est</strong></span> <span class='ocrx_word' id='word_1_591' title='bbox 948 4268 1086 4324; x_wconf 89' lang='lat' dir='ltr'><strong>forte</strong></span> <span class='ocrx_word' id='word_1_592' title='bbox 1109 4271 1264 4338; x_wconf 84' lang='lat' dir='ltr'><strong>lapis,</strong></span> <span class='ocrx_word' id='word_1_593' title='bbox 1291 4286 1396 4326; x_wconf 92' lang='lat' dir='ltr'><strong>non</strong></span> <span class='ocrx_word' id='word_1_594' title='bbox 1428 4273 1604 4340; x_wconf 87' lang='lat' dir='ltr'><strong>magni</strong></span> <span class='ocrx_word' id='word_1_595' title='bbox 1634 4274 1946 4339; x_wconf 66' lang='lat' dir='ltr'><strong>aestimatus,</strong></span> <span class='ocrx_word' id='word_1_596' title='bbox 1973 4275 2064 4331; x_wconf 81' lang='lat' dir='ltr'><strong>sed</strong></span> 
     </span>
    </p>
   </div>
   <div class='ocr_carea' id='block_1_78' title="bbox 495 4360 2064 4433">
    <p class='ocr_par' dir='ltr' id='par_1_78' title="bbox 495 4360 2064 4433">
     <span class='ocr_line' id='line_1_78' title="bbox 495 4360 2064 4433; baseline 0.003 -19"><span class='ocrx_word' id='word_1_597' title='bbox 495 4376 606 4429; x_wconf 64' lang='lat' dir='ltr'><strong>pra:</strong></span> <span class='ocrx_word' id='word_1_598' title='bbox 633 4360 700 4414; x_wconf 89' lang='lat' dir='ltr'><strong>iis</strong></span> <span class='ocrx_word' id='word_1_599' title='bbox 743 4361 834 4430; x_wconf 88' lang='lat' dir='ltr'><strong>qui</strong></span> <span class='ocrx_word' id='word_1_600' title='bbox 877 4360 1278 4417; x_wconf 83' lang='lat' dir='ltr'><strong>existimatione</strong></span> <span class='ocrx_word' id='word_1_601' title='bbox 1305 4362 1448 4430; x_wconf 81' lang='lat' dir='ltr'><strong>digni</strong></span> <span class='ocrx_word' id='word_1_602' title='bbox 1486 4363 1752 4426; x_wconf 88' lang='lat' dir='ltr'><strong>videntur,</strong></span> <span class='ocrx_word' id='word_1_603' title='bbox 1787 4365 2064 4433; x_wconf 89' lang='lat' dir='ltr'><strong>pulchrum</strong></span> 
     </span>
    </p>
   </div>
   <div class='ocr_carea' id='block_1_79' title="bbox 493 4451 2060 4521">
    <p class='ocr_par' dir='ltr' id='par_1_79' title="bbox 493 4451 2060 4521">
     <span class='ocr_line' id='line_1_79' title="bbox 493 4451 2060 4521; baseline 0.002 -16"><span class='ocrx_word' id='word_1_604' title='bbox 493 4453 782 4520; x_wconf 86' lang='lat' dir='ltr'><strong>quemdam</strong></span> <span class='ocrx_word' id='word_1_605' title='bbox 827 4451 1064 4506; x_wconf 88' lang='lat' dir='ltr'><strong>vaiorem</strong></span> <span class='ocrx_word' id='word_1_606' title='bbox 1109 4452 1291 4518; x_wconf 90' lang='lat' dir='ltr'><strong>habet,</strong></span> <span class='ocrx_word' id='word_1_607' title='bbox 1316 4452 1542 4521; x_wconf 85' lang='lat' dir='ltr'><strong>ideoque</strong></span> <span class='ocrx_word' id='word_1_608' title='bbox 1599 4467 1703 4507; x_wconf 93' lang='lat' dir='ltr'><strong>non</strong></span> <span class='ocrx_word' id='word_1_609' title='bbox 1747 4454 2060 4520; x_wconf 87' lang='lat' dir='ltr'><strong>despicitur.</strong></span> 
     </span>
    </p>
   </div>
   <div class='ocr_carea' id='block_1_80' title="bbox 492 4541 2062 4604">
    <p class='ocr_par' dir='ltr' id='par_1_80' title="bbox 492 4541 2062 4604">
     <span class='ocr_line' id='line_1_80' title="bbox 492 4541 2062 4604; baseline 0.001 -8"><span class='ocrx_word' id='word_1_610' title='bbox 492 4541 718 4598; x_wconf 75' lang='lat' dir='ltr'><strong>Ferrum</strong></span> <span class='ocrx_word' id='word_1_611' title='bbox 749 4560 881 4598; x_wconf 90' lang='lat' dir='ltr'><strong>auro</strong></span> <span class='ocrx_word' id='word_1_612' title='bbox 917 4544 1173 4598; x_wconf 86' lang='lat' dir='ltr'><strong>collatum</strong></span> <span class='ocrx_word' id='word_1_613' title='bbox 1214 4544 1421 4598; x_wconf 85' lang='lat' dir='ltr'><strong>honore</strong></span> <span class='ocrx_word' id='word_1_614' title='bbox 1445 4544 1734 4604; x_wconf 80' lang='lat' dir='ltr'><strong>nihilerat,</strong></span> <span class='ocrx_word' id='word_1_615' title='bbox 1764 4545 1867 4599; x_wconf 86' lang='lat' dir='ltr'><strong>nisi</strong></span> <span class='ocrx_word' id='word_1_616' title='bbox 1900 4561 2062 4600; x_wconf 81' lang='lat' dir='ltr'><strong>accu-</strong></span> 
     </span>
    </p>
   </div>
   <div class='ocr_carea' id='block_1_81' title="bbox 492 4635 2064 4706">
    <p class='ocr_par' dir='ltr' id='par_1_81' title="bbox 492 4635 2064 4706">
     <span class='ocr_line' id='line_1_81' title="bbox 492 4635 2064 4706; baseline 0.001 -18"><span class='ocrx_word' id='word_1_617' title='bbox 492 4646 609 4690; x_wconf 91' lang='lat' dir='ltr'><strong>rate</strong></span> <span class='ocrx_word' id='word_1_618' title='bbox 631 4637 695 4689; x_wconf 76' lang='lat' dir='ltr'><strong>ad</strong></span> <span class='ocrx_word' id='word_1_619' title='bbox 720 4650 853 4702; x_wconf 86' lang='lat' dir='ltr'><strong>opus</strong></span> <span class='ocrx_word' id='word_1_620' title='bbox 875 4637 1150 4704; x_wconf 84' lang='lat' dir='ltr'><strong>quidpiam</strong></span> <span class='ocrx_word' id='word_1_621' title='bbox 1180 4649 1372 4706; x_wconf 85' lang='lat' dir='ltr'><strong>magna</strong></span> <span class='ocrx_word' id='word_1_622' title='bbox 1399 4649 1564 4706; x_wconf 88' lang='lat' dir='ltr'><strong>egens</strong></span> <span class='ocrx_word' id='word_1_623' title='bbox 1591 4635 1886 4692; x_wconf 89' lang='lat' dir='ltr'><strong>attentione</strong></span> <span class='ocrx_word' id='word_1_624' title='bbox 1915 4646 2064 4704; x_wconf 85' lang='lat' dir='ltr'><strong>apta-</strong></span> 
     </span>
    </p>
   </div>
   <div class='ocr_carea' id='block_1_82' title="bbox 492 4721 2065 4794">
    <p class='ocr_par' dir='ltr' id='par_1_82' title="bbox 492 4721 2065 4794">
     <span class='ocr_line' id='line_1_82' title="bbox 492 4721 2065 4794; baseline 0.003 -19"><span class='ocrx_word' id='word_1_625' title='bbox 492 4734 661 4776; x_wconf 87' lang='lat' dir='ltr'><strong>retur.</strong></span> <span class='ocrx_word' id='word_1_626' title='bbox 700 4721 871 4777; x_wconf 67' lang='lat' dir='ltr'><strong>Tibiae</strong></span> <span class='ocrx_word' id='word_1_627' title='bbox 903 4735 1075 4778; x_wconf 71' lang='lat' dir='ltr'><strong>acutae</strong></span> <span class='ocrx_word' id='word_1_628' title='bbox 1105 4724 1428 4794; x_wconf 83' lang='lat' dir='ltr'><strong>quandoque</strong></span> <span class='ocrx_word' id='word_1_629' title='bbox 1465 4733 1520 4778; x_wconf 89' lang='lat' dir='ltr'><strong>et</strong></span> <span class='ocrx_word' id='word_1_630' title='bbox 1555 4724 1606 4776; x_wconf 88' lang='lat' dir='ltr'><strong>in</strong></span> <span class='ocrx_word' id='word_1_631' title='bbox 1650 4724 1843 4778; x_wconf 90' lang='lat' dir='ltr'><strong>minori</strong></span> <span class='ocrx_word' id='word_1_632' title='bbox 1876 4725 2065 4779; x_wconf 91' lang='lat' dir='ltr'><strong>ordine</strong></span> 
     </span>
    </p>
   </div>
   <div class='ocr_carea' id='block_1_83' title="bbox 492 4813 2066 4884">
    <p class='ocr_par' dir='ltr' id='par_1_83' title="bbox 492 4813 2066 4884">
     <span class='ocr_line' id='line_1_83' title="bbox 492 4813 2066 4884; baseline 0 -18"><span class='ocrx_word' id='word_1_633' title='bbox 492 4827 682 4866; x_wconf 85' lang='lat' dir='ltr'><strong>sonum</strong></span> <span class='ocrx_word' id='word_1_634' title='bbox 711 4815 908 4868; x_wconf 78' lang='lat' dir='ltr'><strong>habent</strong></span> <span class='ocrx_word' id='word_1_635' title='bbox 932 4829 948 4879; x_wconf 89' lang='lat'><strong>;</strong></span> <span class='ocrx_word' id='word_1_636' title='bbox 977 4813 1231 4868; x_wconf 89' lang='lat' dir='ltr'><strong>similiter</strong></span> <span class='ocrx_word' id='word_1_637' title='bbox 1260 4813 1432 4882; x_wconf 88' lang='lat' dir='ltr'><strong>major</strong></span> <span class='ocrx_word' id='word_1_638' title='bbox 1461 4813 1587 4867; x_wconf 90' lang='lat' dir='ltr'><strong>tibia</strong></span> <span class='ocrx_word' id='word_1_639' title='bbox 1615 4813 1680 4867; x_wconf 87' lang='lat' dir='ltr'><strong>ad</strong></span> <span class='ocrx_word' id='word_1_640' title='bbox 1701 4816 1944 4884; x_wconf 87' lang='lat' dir='ltr'><strong>graviora</strong></span> <span class='ocrx_word' id='word_1_641' title='bbox 1973 4815 2066 4867; x_wconf 86' lang='lat' dir='ltr'><strong>de-</strong></span> 
     </span>
    </p>
   </div>
   <div class='ocr_carea' id='block_1_84' title="bbox 493 4903 2066 4961">
    <p class='ocr_par' dir='ltr' id='par_1_84' title="bbox 493 4903 2066 4961">
     <span class='ocr_line' id='line_1_84' title="bbox 493 4903 2066 4961; baseline 0.001 -1"><span class='ocrx_word' id='word_1_642' title='bbox 493 4906 761 4960; x_wconf 70' lang='lat' dir='ltr'><strong>scendens</strong></span> <span class='ocrx_word' id='word_1_643' title='bbox 796 4915 852 4959; x_wconf 92' lang='lat' dir='ltr'><strong>et</strong></span> <span class='ocrx_word' id='word_1_644' title='bbox 878 4907 960 4960; x_wconf 87' lang='lat' dir='ltr'><strong>sic</strong></span> <span class='ocrx_word' id='word_1_645' title='bbox 989 4905 1231 4960; x_wconf 86' lang='lat' dir='ltr'><strong>modulos</strong></span> <span class='ocrx_word' id='word_1_646' title='bbox 1273 4905 1618 4960; x_wconf 84' lang='lat' dir='ltr'><strong>harmonicos</strong></span> <span class='ocrx_word' id='word_1_647' title='bbox 1658 4905 1852 4960; x_wconf 86' lang='lat' dir='ltr'><strong>reddit.</strong></span> <span class='ocrx_word' id='word_1_648' title='bbox 1893 4903 2066 4961; x_wconf 77' lang='lat' dir='ltr'><strong>Voces</strong></span> 
     </span>
    </p>
   </div>
   <div class='ocr_carea' id='block_1_85' title="bbox 494 4995 2064 5066">
    <p class='ocr_par' dir='ltr' id='par_1_85' title="bbox 494 4995 2064 5066">
     <span class='ocr_line' id='line_1_85' title="bbox 494 4995 2064 5066; baseline 0.001 -17"><span class='ocrx_word' id='word_1_649' title='bbox 494 5013 600 5051; x_wconf 91' lang='lat' dir='ltr'><strong>non</strong></span> <span class='ocrx_word' id='word_1_650' title='bbox 621 4995 871 5051; x_wconf 88' lang='lat' dir='ltr'><strong>omnibus</strong></span> <span class='ocrx_word' id='word_1_651' title='bbox 893 4997 1108 5066; x_wconf 87' lang='lat' dir='ltr'><strong>penitus</strong></span> <span class='ocrx_word' id='word_1_652' title='bbox 1124 4997 1347 5062; x_wconf 55' lang='lat' dir='ltr'><strong>eadem,</strong></span> <span class='ocrx_word' id='word_1_653' title='bbox 1363 5012 1467 5050; x_wconf 90' lang='lat' dir='ltr'><strong>non</strong></span> <span class='ocrx_word' id='word_1_654' title='bbox 1497 4995 1633 5050; x_wconf 89' lang='lat' dir='ltr'><strong>lucet</strong></span> <span class='ocrx_word' id='word_1_655' title='bbox 1658 4997 1908 5051; x_wconf 87' lang='lat' dir='ltr'><strong>omnibus</strong></span> <span class='ocrx_word' id='word_1_656' title='bbox 1925 4997 2064 5052; x_wconf 87' lang='lat' dir='ltr'><strong>idem</strong></span> 
     </span>
    </p>
   </div>
   <div class='ocr_carea' id='block_1_86' title="bbox 495 5091 794 5158">
    <p class='ocr_par' dir='ltr' id='par_1_86' title="bbox 495 5091 794 5158">
     <span class='ocr_line' id='line_1_86' title="bbox 495 5091 794 5158; baseline -0.01 -14"><span class='ocrx_word' id='word_1_657' title='bbox 495 5091 794 5158; x_wconf 88' lang='lat' dir='ltr'><strong>ingenium.</strong></span> 
     </span>
    </p>
   </div>
   <div class='ocr_carea' id='block_1_87' title="bbox 563 5353 2065 5424">
    <p class='ocr_par' dir='ltr' id='par_1_87' title="bbox 563 5353 2065 5424">
     <span class='ocr_line' id='line_1_87' title="bbox 563 5353 2065 5424; baseline 0 -14"><span class='ocrx_word' id='word_1_658' title='bbox 563 5359 616 5413; x_wconf 83' lang='lat'><strong>6.</strong></span> <span class='ocrx_word' id='word_1_659' title='bbox 646 5357 960 5411; x_wconf 89' lang='lat' dir='ltr'><strong>Sermonem</strong></span> <span class='ocrx_word' id='word_1_660' title='bbox 981 5364 1036 5410; x_wconf 90' lang='lat' dir='ltr'><strong>et</strong></span> <span class='ocrx_word' id='word_1_661' title='bbox 1052 5355 1210 5409; x_wconf 61' lang='lat' dir='ltr'><strong>altius</strong></span> <span class='ocrx_word' id='word_1_662' title='bbox 1229 5355 1434 5424; x_wconf 83' lang='lat' dir='ltr'><strong>erigere</strong></span> <span class='ocrx_word' id='word_1_663' title='bbox 1460 5355 1648 5408; x_wconf 90' lang='lat' dir='ltr'><strong>audeo.</strong></span> <span class='ocrx_word' id='word_1_664' title='bbox 1685 5353 1826 5410; x_wconf 85' lang='lat' dir='ltr'><strong>inter</strong></span> <span class='ocrx_word' id='word_1_665' title='bbox 1852 5355 2065 5410; x_wconf 81' lang='lat' dir='ltr'><strong>ordines</strong></span> 
     </span>
    </p>
   </div>
   <div class='ocr_carea' id='block_1_88' title="bbox 497 5449 2060 5520">
    <p class='ocr_par' dir='ltr' id='par_1_88' title="bbox 497 5449 2060 5520">
     <span class='ocr_line' id='line_1_88' title="bbox 497 5449 2060 5520; baseline -0.001 -15"><span class='ocrx_word' id='word_1_666' title='bbox 497 5452 908 5520; x_wconf 75' lang='lat' dir='ltr'><strong>supercmiestes</strong></span> <span class='ocrx_word' id='word_1_667' title='bbox 943 5449 1284 5520; x_wconf 87' lang='lat' dir='ltr'><strong>reperiuntur</strong></span> <span class='ocrx_word' id='word_1_668' title='bbox 1327 5449 1637 5520; x_wconf 77' lang='lat' dir='ltr'><strong>superiores</strong></span> <span class='ocrx_word' id='word_1_669' title='bbox 1665 5460 1717 5504; x_wconf 92' lang='lat' dir='ltr'><strong>ct</strong></span> <span class='ocrx_word' id='word_1_670' title='bbox 1757 5449 2060 5506; x_wconf 85' lang='lat' dir='ltr'><strong>inferiores.</strong></span> 
     </span>
    </p>
   </div>
   <div class='ocr_carea' id='block_1_89' title="bbox 500 5540 2066 5612">
    <p class='ocr_par' dir='ltr' id='par_1_89' title="bbox 500 5540 2066 5612">
     <span class='ocr_line' id='line_1_89' title="bbox 500 5540 2066 5612; baseline 0.001 -17"><span class='ocrx_word' id='word_1_671' title='bbox 500 5541 618 5595; x_wconf 75' lang='lat' dir='ltr'><strong>Nnn</strong></span> <span class='ocrx_word' id='word_1_672' title='bbox 651 5558 834 5598; x_wconf 80' lang='lat' dir='ltr'><strong>omnes</strong></span> <span class='ocrx_word' id='word_1_673' title='bbox 869 5541 1163 5612; x_wconf 66' lang='lat' dir='ltr'><strong>propheta,</strong></span> <span class='ocrx_word' id='word_1_674' title='bbox 1197 5556 1304 5596; x_wconf 88' lang='lat' dir='ltr'><strong>non</strong></span> <span class='ocrx_word' id='word_1_675' title='bbox 1341 5555 1527 5597; x_wconf 83' lang='lat' dir='ltr'><strong>omnes</strong></span> <span class='ocrx_word' id='word_1_676' title='bbox 1557 5540 1805 5609; x_wconf 90' lang='lat' dir='ltr'><strong>apostoli.</strong></span> <span class='ocrx_word' id='word_1_677' title='bbox 1844 5540 1982 5595; x_wconf 85' lang='lat' dir='ltr'><strong>Sunt</strong></span> <span class='ocrx_word' id='word_1_678' title='bbox 2012 5549 2066 5595; x_wconf 89' lang='lat' dir='ltr'><strong>et</strong></span> 
     </span>
    </p>
   </div>
   <div class='ocr_carea' id='block_1_90' title="bbox 501 5629 2065 5704">
    <p class='ocr_par' dir='ltr' id='par_1_90' title="bbox 501 5629 2065 5704">
     <span class='ocr_line' id='line_1_90' title="bbox 501 5629 2065 5704; baseline 0.001 -19"><span class='ocrx_word' id='word_1_679' title='bbox 501 5635 515 5686; x_wconf 91' lang='lat' dir='ltr'><strong>l</strong></span> <span class='ocrx_word' id='word_1_680' title='bbox 541 5648 801 5702; x_wconf 82' lang='lat' dir='ltr'><strong>nguarum</strong></span> <span class='ocrx_word' id='word_1_681' title='bbox 820 5635 1126 5700; x_wconf 74' lang='lat' dir='ltr'><strong>varietates,</strong></span> <span class='ocrx_word' id='word_1_682' title='bbox 1145 5632 1272 5702; x_wconf 88' lang='lat' dir='ltr'><strong>quia</strong></span> <span class='ocrx_word' id='word_1_683' title='bbox 1286 5644 1339 5689; x_wconf 89' lang='lat' dir='ltr'><strong>et</strong></span> <span class='ocrx_word' id='word_1_684' title='bbox 1356 5631 1614 5704; x_wconf 83' lang='lat' dir='ltr'><strong>gentium.</strong></span> <span class='ocrx_word' id='word_1_685' title='bbox 1631 5629 1725 5686; x_wconf 69' lang='lat' dir='ltr'><strong>lla:</strong></span> <span class='ocrx_word' id='word_1_686' title='bbox 1739 5644 1931 5688; x_wconf 84' lang='lat' dir='ltr'><strong>suaves</strong></span> <span class='ocrx_word' id='word_1_687' title='bbox 1941 5647 2065 5687; x_wconf 89' lang='lat' dir='ltr'><strong>cum</strong></span> 
     </span>
    </p>
   </div>
   <div class='ocr_carea' id='block_1_91' title="bbox 499 5725 2064 5798">
    <p class='ocr_par' dir='ltr' id='par_1_91' title="bbox 499 5725 2064 5798">
     <span class='ocr_line' id='line_1_91' title="bbox 499 5725 2064 5798; baseline 0.003 -21"><span class='ocrx_word' id='word_1_688' title='bbox 499 5725 832 5794; x_wconf 72' lang='lat' dir='ltr'><strong>iucunditate</strong></span> <span class='ocrx_word' id='word_1_689' title='bbox 862 5727 916 5782; x_wconf 92' lang='lat' dir='ltr'><strong>in</strong></span> <span class='ocrx_word' id='word_1_690' title='bbox 946 5742 1109 5798; x_wconf 88' lang='lat' dir='ltr'><strong>grave</strong></span> <span class='ocrx_word' id='word_1_691' title='bbox 1139 5725 1419 5792; x_wconf 87' lang='lat' dir='ltr'><strong>tolluntur,</strong></span> <span class='ocrx_word' id='word_1_692' title='bbox 1446 5732 1659 5795; x_wconf 82' lang='lat' dir='ltr'><strong>gutture</strong></span> <span class='ocrx_word' id='word_1_693' title='bbox 1689 5739 1881 5793; x_wconf 84' lang='lat' dir='ltr'><strong>aspero</strong></span> <span class='ocrx_word' id='word_1_694' title='bbox 1901 5727 2064 5782; x_wconf 79' lang='lat' dir='ltr'><strong>emit-</strong></span> 
     </span>
    </p>
   </div>
   <div class='ocr_carea' id='block_1_92' title="bbox 2231 3627 3748 3704">
    <p class='ocr_par' dir='ltr' id='par_1_92' title="bbox 2231 3627 3748 3704">
     <span class='ocr_line' id='line_1_92' title="bbox 2231 3627 3748 3704; baseline 0.003 -21"><span class='ocrx_word' id='word_1_695' title='bbox 2231 3637 2293 3686; x_wconf 83' lang='grc' dir='ltr'><strong>ε’.</strong></span> <span class='ocrx_word' id='word_1_696' title='bbox 2327 3632 2439 3699; x_wconf 84' lang='grc' dir='ltr'><strong>Τὴν</strong></span> <span class='ocrx_word' id='word_1_697' title='bbox 2468 3631 2526 3684; x_wconf 79' lang='grc' dir='ltr'>ὲν</span> <span class='ocrx_word' id='word_1_698' title='bbox 2560 3631 2638 3699; x_wconf 82' lang='grc' dir='ltr'>τῷ</span> <span class='ocrx_word' id='word_1_699' title='bbox 2661 3629 2879 3697; x_wconf 83' lang='grc' dir='ltr'>παλαιῷ</span> <span class='ocrx_word' id='word_1_700' title='bbox 2903 3631 3057 3701; x_wconf 81' lang='grc' dir='ltr'>νόμῳ</span> <span class='ocrx_word' id='word_1_701' title='bbox 3090 3633 3300 3701; x_wconf 81' lang='grc' dir='ltr'>σκηνὴν</span> <span class='ocrx_word' id='word_1_702' title='bbox 3327 3627 3447 3686; x_wconf 77' lang='grc' dir='ltr'>ὗλαι</span> <span class='ocrx_word' id='word_1_703' title='bbox 3480 3634 3748 3704; x_wconf 73' lang='grc' dir='ltr'>συνεκρό-</span> 
     </span>
    </p>
   </div>
   <div class='ocr_carea' id='block_1_93' title="bbox 2163 3722 3744 3796">
    <p class='ocr_par' dir='ltr' id='par_1_93' title="bbox 2163 3722 3744 3796">
     <span class='ocr_line' id='line_1_93' title="bbox 2163 3722 3744 3796; baseline 0.003 -19"><span class='ocrx_word' id='word_1_704' title='bbox 2163 3740 2290 3777; x_wconf 87' lang='grc' dir='ltr'>τουν</span> <span class='ocrx_word' id='word_1_705' title='bbox 2321 3723 2514 3777; x_wconf 81' lang='grc' dir='ltr'>πολλοῦ</span> <span class='ocrx_word' id='word_1_706' title='bbox 2547 3739 2606 3775; x_wconf 89' lang='grc' dir='ltr'><strong>τε</strong></span> <span class='ocrx_word' id='word_1_707' title='bbox 2630 3722 2964 3792; x_wconf 86' lang='grc' dir='ltr'>τιμώμεναι,</span> <span class='ocrx_word' id='word_1_708' title='bbox 2997 3724 3092 3777; x_wconf 74' lang='grc' dir='ltr'>καὶ</span> <span class='ocrx_word' id='word_1_709' title='bbox 3137 3725 3245 3794; x_wconf 76' lang='grc' dir='ltr'>μὴν</span> <span class='ocrx_word' id='word_1_710' title='bbox 3269 3727 3361 3778; x_wconf 72' lang='grc' dir='ltr'>καὶ</span> <span class='ocrx_word' id='word_1_711' title='bbox 3380 3725 3454 3796; x_wconf 81' lang='grc' dir='ltr'>μὴ</span> <span class='ocrx_word' id='word_1_712' title='bbox 3485 3727 3744 3782; x_wconf 81' lang='grc' dir='ltr'>τοιαῦται</span> 
     </span>
    </p>
   </div>
   <div class='ocr_carea' id='block_1_94' title="bbox 2167 3811 3744 3884">
    <p class='ocr_par' dir='ltr' id='par_1_94' title="bbox 2167 3811 3744 3884">
     <span class='ocr_line' id='line_1_94' title="bbox 2167 3811 3744 3884; baseline 0.003 -19"><span class='ocrx_word' id='word_1_713' title='bbox 2167 3813 2409 3876; x_wconf 84' lang='grc' dir='ltr'>πλείονες</span> <span class='ocrx_word' id='word_1_714' title='bbox 2434 3829 2448 3844; x_wconf 88' lang='grc'><strong>·</strong></span> <span class='ocrx_word' id='word_1_715' title='bbox 2485 3813 2579 3865; x_wconf 73' lang='grc' dir='ltr'>καὶ</span> <span class='ocrx_word' id='word_1_716' title='bbox 2638 3812 2768 3865; x_wconf 81' lang='grc' dir='ltr'>ναὸν</span> <span class='ocrx_word' id='word_1_717' title='bbox 2815 3811 2872 3865; x_wconf 74' lang='grc' dir='ltr'><strong>δὲ</strong></span> <span class='ocrx_word' id='word_1_718' title='bbox 2910 3813 3118 3867; x_wconf 74' lang='grc' dir='ltr'>ἐκεῖνον</span> <span class='ocrx_word' id='word_1_719' title='bbox 3151 3815 3242 3868; x_wconf 75' lang='grc' dir='ltr'>τὸν</span> <span class='ocrx_word' id='word_1_720' title='bbox 3287 3816 3633 3884; x_wconf 80' lang='grc' dir='ltr'>ὑμνούμενον</span> <span class='ocrx_word' id='word_1_721' title='bbox 3676 3819 3744 3869; x_wconf 77' lang='grc' dir='ltr'>οὐ</span> 
     </span>
    </p>
   </div>
   <div class='ocr_carea' id='block_1_95' title="bbox 2162 3901 3748 3977">
    <p class='ocr_par' dir='ltr' id='par_1_95' title="bbox 2162 3901 3748 3977">
     <span class='ocr_line' id='line_1_95' title="bbox 2162 3901 3748 3977; baseline 0.004 -23"><span class='ocrx_word' id='word_1_722' title='bbox 2162 3901 2231 3955; x_wconf 81' lang='grc' dir='ltr'><strong>τά</strong></span> <span class='ocrx_word' id='word_1_723' title='bbox 2261 3901 2674 3971; x_wconf 81' lang='grc' dir='ltr'>τιμαλφέστερα</span> <span class='ocrx_word' id='word_1_724' title='bbox 2724 3901 2924 3964; x_wconf 82' lang='grc' dir='ltr'>διόλου.</span> <span class='ocrx_word' id='word_1_725' title='bbox 2985 3904 3124 3958; x_wconf 86' lang='grc' dir='ltr'><strong>ἀλλά</strong></span> <span class='ocrx_word' id='word_1_726' title='bbox 3182 3922 3286 3959; x_wconf 88' lang='grc' dir='ltr'><strong>που</strong></span> <span class='ocrx_word' id='word_1_727' title='bbox 3344 3906 3500 3977; x_wconf 81' lang='grc' dir='ltr'>χάλιξ</span> <span class='ocrx_word' id='word_1_728' title='bbox 3539 3909 3748 3973; x_wconf 71' lang='grc' dir='ltr'>λεπτος</span> 
     </span>
    </p>
   </div>
   <div class='ocr_carea' id='block_1_96' title="bbox 2164 3993 3741 4068">
    <p class='ocr_par' dir='ltr' id='par_1_96' title="bbox 2164 3993 3741 4068">
     <span class='ocr_line' id='line_1_96' title="bbox 2164 3993 3741 4068; baseline 0.004 -21"><span class='ocrx_word' id='word_1_729' title='bbox 2164 3993 2455 4063; x_wconf 76' lang='grc' dir='ltr'>ἀπήρτιζε,</span> <span class='ocrx_word' id='word_1_730' title='bbox 2491 3995 2585 4049; x_wconf 76' lang='grc' dir='ltr'>καὶ</span> <span class='ocrx_word' id='word_1_731' title='bbox 2619 3994 3013 4066; x_wconf 73' lang='grc' dir='ltr'>παραδυομένη</span> <span class='ocrx_word' id='word_1_732' title='bbox 3052 3997 3289 4062; x_wconf 75' lang='grc' dir='ltr'>τίτανος,</span> <span class='ocrx_word' id='word_1_733' title='bbox 3333 4001 3426 4052; x_wconf 76' lang='grc' dir='ltr'><strong>καὶ</strong></span> <span class='ocrx_word' id='word_1_734' title='bbox 3454 3999 3741 4068; x_wconf 75' lang='grc' dir='ltr'>μόλιϐδος,</span> 
     </span>
    </p>
   </div>
   <div class='ocr_carea' id='block_1_97' title="bbox 2167 4087 3747 4159">
    <p class='ocr_par' dir='ltr' id='par_1_97' title="bbox 2167 4087 3747 4159">
     <span class='ocr_line' id='line_1_97' title="bbox 2167 4087 3747 4159; baseline 0.002 -18"><span class='ocrx_word' id='word_1_735' title='bbox 2167 4089 2286 4151; x_wconf 84' lang='grc' dir='ltr'>ταῖς</span> <span class='ocrx_word' id='word_1_736' title='bbox 2314 4087 2424 4140; x_wconf 86' lang='grc' dir='ltr'><strong>τῶν</strong></span> <span class='ocrx_word' id='word_1_737' title='bbox 2453 4087 2614 4140; x_wconf 88' lang='grc' dir='ltr'>λίθων</span> <span class='ocrx_word' id='word_1_738' title='bbox 2637 4087 2931 4158; x_wconf 78' lang='grc' dir='ltr'>ἁρμονίαις</span> <span class='ocrx_word' id='word_1_739' title='bbox 2964 4089 3427 4159; x_wconf 79' lang='grc' dir='ltr'>παρεγχεόμενος.</span> <span class='ocrx_word' id='word_1_740' title='bbox 3477 4089 3747 4144; x_wconf 69' lang='grc' dir='ltr'>Θάλασσα</span> 
     </span>
    </p>
   </div>
   <div class='ocr_carea' id='block_1_98' title="bbox 2169 4179 3743 4252">
    <p class='ocr_par' dir='ltr' id='par_1_98' title="bbox 2169 4179 3743 4252">
     <span class='ocr_line' id='line_1_98' title="bbox 2169 4179 3743 4252; baseline 0.004 -21"><span class='ocrx_word' id='word_1_741' title='bbox 2169 4180 2270 4232; x_wconf 77' lang='grc' dir='ltr'><strong>οὐκ</strong></span> <span class='ocrx_word' id='word_1_742' title='bbox 2303 4179 2368 4231; x_wconf 68' lang='grc' dir='ltr'>ἐκ</span> <span class='ocrx_word' id='word_1_743' title='bbox 2405 4179 2582 4247; x_wconf 88' lang='grc' dir='ltr'>μόνων</span> <span class='ocrx_word' id='word_1_744' title='bbox 2629 4179 2880 4248; x_wconf 80' lang='grc' dir='ltr'>μεγάλων</span> <span class='ocrx_word' id='word_1_745' title='bbox 2931 4179 3112 4250; x_wconf 80' lang='grc' dir='ltr'>νήσων</span> <span class='ocrx_word' id='word_1_746' title='bbox 3167 4182 3402 4252; x_wconf 78' lang='grc' dir='ltr'>προάγει</span> <span class='ocrx_word' id='word_1_747' title='bbox 3453 4183 3522 4238; x_wconf 85' lang='grc' dir='ltr'><strong>τά</strong></span> <span class='ocrx_word' id='word_1_748' title='bbox 3571 4185 3743 4252; x_wconf 89' lang='grc' dir='ltr'>λόγου</span> 
     </span>
    </p>
   </div>
   <div class='ocr_carea' id='block_1_99' title="bbox 2171 4271 3745 4353">
    <p class='ocr_par' dir='ltr' id='par_1_99' title="bbox 2171 4271 3745 4353">
     <span class='ocr_line' id='line_1_99' title="bbox 2171 4271 3745 4353; baseline 0.004 -29"><span class='ocrx_word' id='word_1_749' title='bbox 2171 4271 2320 4334; x_wconf 78' lang='grc' dir='ltr'>ἀξια,</span> <span class='ocrx_word' id='word_1_750' title='bbox 2344 4271 2478 4324; x_wconf 83' lang='grc' dir='ltr'><strong>ἀλλά</strong></span> <span class='ocrx_word' id='word_1_751' title='bbox 2502 4272 2594 4324; x_wconf 74' lang='grc' dir='ltr'>καὶ</span> <span class='ocrx_word' id='word_1_752' title='bbox 2625 4271 2820 4340; x_wconf 84' lang='grc' dir='ltr'>μικραί</span> <span class='ocrx_word' id='word_1_753' title='bbox 2843 4287 2988 4331; x_wconf 83' lang='grc' dir='ltr'>τινες</span> <span class='ocrx_word' id='word_1_754' title='bbox 3010 4271 3090 4334; x_wconf 82' lang='grc' dir='ltr'><strong>είς</strong></span> <span class='ocrx_word' id='word_1_755' title='bbox 3131 4272 3394 4342; x_wconf 73' lang='grc' dir='ltr'>ἐκφανσιν</span> <span class='ocrx_word' id='word_1_756' title='bbox 3427 4275 3745 4353; x_wconf 73' lang='grc' dir='ltr'>θαυμασίου</span> 
     </span>
    </p>
   </div>
   <div class='ocr_carea' id='block_1_100' title="bbox 2093 4358 3750 4450">
    <p class='ocr_par' dir='ltr' id='par_1_100' title="bbox 2093 4358 3750 4450">
     <span class='ocr_line' id='line_1_100' title="bbox 2093 4358 3750 4450; baseline 0.006 -37"><span class='ocrx_word' id='word_1_757' title='bbox 2093 4391 2143 4450; x_wconf 76' lang='lat' dir='ltr'><strong><em>D</em></strong></span> <span class='ocrx_word' id='word_1_758' title='bbox 2170 4360 2314 4423; x_wconf 75' lang='grc' dir='ltr'>τινος</span> <span class='ocrx_word' id='word_1_759' title='bbox 2343 4360 2688 4431; x_wconf 68' lang='grc' dir='ltr'>ἁϐρύνονται.</span> <span class='ocrx_word' id='word_1_760' title='bbox 2719 4362 2831 4414; x_wconf 77' lang='grc' dir='ltr'>Καὶ</span> <span class='ocrx_word' id='word_1_761' title='bbox 2855 4360 3002 4414; x_wconf 82' lang='grc' dir='ltr'>ἔστιν</span> <span class='ocrx_word' id='word_1_762' title='bbox 3027 4358 3089 4416; x_wconf 74' lang='grc' dir='ltr'>οὗ</span> <span class='ocrx_word' id='word_1_763' title='bbox 3115 4365 3210 4417; x_wconf 86' lang='grc' dir='ltr'><strong>καί</strong></span> <span class='ocrx_word' id='word_1_764' title='bbox 3232 4363 3376 4426; x_wconf 86' lang='grc' dir='ltr'>λίθος</span> <span class='ocrx_word' id='word_1_765' title='bbox 3407 4366 3466 4417; x_wconf 80' lang='grc' dir='ltr'>οὗ</span> <span class='ocrx_word' id='word_1_766' title='bbox 3520 4369 3750 4423; x_wconf 77' lang='grc' dir='ltr'>πολυτέ-</span> 
     </span>
    </p>
   </div>
   <div class='ocr_carea' id='block_1_101' title="bbox 2172 4451 3745 4528">
    <p class='ocr_par' dir='ltr' id='par_1_101' title="bbox 2172 4451 3745 4528">
     <span class='ocr_line' id='line_1_101' title="bbox 2172 4451 3745 4528; baseline -0.006 -11"><span class='ocrx_word' id='word_1_767' title='bbox 2172 4469 2364 4522; x_wconf 78' lang='grc' dir='ltr'>μητος.</span> <span class='ocrx_word' id='word_1_768' title='bbox 2397 4452 2533 4506; x_wconf 85' lang='grc' dir='ltr'><strong>ἀλλά</strong></span> <span class='ocrx_word' id='word_1_769' title='bbox 2561 4451 2670 4505; x_wconf 83' lang='grc' dir='ltr'><strong>τῶν</strong></span> <span class='ocrx_word' id='word_1_770' title='bbox 2699 4451 3004 4506; x_wconf 78' lang='grc' dir='ltr'>δοκούντων</span> <span class='ocrx_word' id='word_1_771' title='bbox 3033 4454 3297 4522; x_wconf 77' lang='grc' dir='ltr'>ἠξιῶσθαι</span> <span class='ocrx_word' id='word_1_772' title='bbox 3350 4455 3535 4523; x_wconf 69' lang='grc' dir='ltr'>ὀλίγου</span> <span class='ocrx_word' id='word_1_773' title='bbox 3565 4461 3745 4528; x_wconf 69' lang='grc' dir='ltr'>τινος,</span> 
     </span>
    </p>
   </div>
   <div class='ocr_carea' id='block_1_102' title="bbox 2165 4541 3747 4619">
    <p class='ocr_par' dir='ltr' id='par_1_102' title="bbox 2165 4541 3747 4619">
     <span class='ocr_line' id='line_1_102' title="bbox 2165 4541 3747 4619; baseline 0.007 -25"><span class='ocrx_word' id='word_1_774' title='bbox 2165 4541 2290 4610; x_wconf 78' lang='grc' dir='ltr'>ισχε</span> <span class='ocrx_word' id='word_1_775' title='bbox 2315 4558 2366 4595; x_wconf 87' lang='grc' dir='ltr'><strong>τι</strong></span> <span class='ocrx_word' id='word_1_776' title='bbox 2398 4542 2564 4594; x_wconf 76' lang='grc' dir='ltr'>καλὸν</span> <span class='ocrx_word' id='word_1_777' title='bbox 2592 4542 2877 4612; x_wconf 70' lang='grc' dir='ltr'>ἐνέργημα</span> <span class='ocrx_word' id='word_1_778' title='bbox 2898 4557 2913 4573; x_wconf 87' lang='grc'><strong>·</strong></span> <span class='ocrx_word' id='word_1_779' title='bbox 2955 4543 3050 4596; x_wconf 75' lang='grc' dir='ltr'><strong>καὶ</strong></span> <span class='ocrx_word' id='word_1_780' title='bbox 3077 4543 3143 4596; x_wconf 81' lang='grc' dir='ltr'><strong>δι’</strong></span> <span class='ocrx_word' id='word_1_781' title='bbox 3169 4545 3303 4598; x_wconf 74' lang='grc' dir='ltr'>αὐτὸ</span> <span class='ocrx_word' id='word_1_782' title='bbox 3324 4548 3386 4599; x_wconf 73' lang='grc' dir='ltr'>οὐ</span> <span class='ocrx_word' id='word_1_783' title='bbox 3436 4548 3747 4619; x_wconf 81' lang='grc' dir='ltr'>παρεώρα-</span> 
     </span>
    </p>
   </div>
   <div class='ocr_carea' id='block_1_103' title="bbox 2163 4631 3750 4712">
    <p class='ocr_par' dir='ltr' id='par_1_103' title="bbox 2163 4631 3750 4712">
     <span class='ocr_line' id='line_1_103' title="bbox 2163 4631 3750 4712; baseline 0.006 -28"><span class='ocrx_word' id='word_1_784' title='bbox 2163 4649 2252 4684; x_wconf 81' lang='grc' dir='ltr'><strong>ται</strong></span> <span class='ocrx_word' id='word_1_785' title='bbox 2277 4631 2388 4686; x_wconf 80' lang='grc' dir='ltr'><strong>οὐδ’</strong></span> <span class='ocrx_word' id='word_1_786' title='bbox 2425 4633 2610 4696; x_wconf 86' lang='grc' dir='ltr'>αὑτός.</span> <span class='ocrx_word' id='word_1_787' title='bbox 2642 4633 2866 4703; x_wconf 74' lang='grc' dir='ltr'>Σίίηρος</span> <span class='ocrx_word' id='word_1_788' title='bbox 2894 4634 3378 4704; x_wconf 78' lang='grc' dir='ltr'>παρασαλλόμενος</span> <span class='ocrx_word' id='word_1_789' title='bbox 3425 4638 3618 4709; x_wconf 79' lang='grc' dir='ltr'>χρυσῷ</span> <span class='ocrx_word' id='word_1_790' title='bbox 3667 4637 3750 4712; x_wconf 78' lang='grc' dir='ltr'>ἦν</span> 
     </span>
    </p>
   </div>
   <div class='ocr_carea' id='block_1_104' title="bbox 2165 4720 3748 4797">
    <p class='ocr_par' dir='ltr' id='par_1_104' title="bbox 2165 4720 3748 4797">
     <span class='ocr_line' id='line_1_104' title="bbox 2165 4720 3748 4797; baseline 0.006 -23"><span class='ocrx_word' id='word_1_791' title='bbox 2165 4720 2232 4774; x_wconf 80' lang='grc' dir='ltr'>ἄν</span> <span class='ocrx_word' id='word_1_792' title='bbox 2270 4721 2423 4774; x_wconf 78' lang='grc' dir='ltr'>οὐδὲν</span> <span class='ocrx_word' id='word_1_793' title='bbox 2449 4723 2530 4784; x_wconf 79' lang='grc' dir='ltr'>εἰς</span> <span class='ocrx_word' id='word_1_794' title='bbox 2560 4722 2873 4790; x_wconf 90' lang='grc' dir='ltr'>τιμιότητα,</span> <span class='ocrx_word' id='word_1_795' title='bbox 2917 4724 2965 4776; x_wconf 76' lang='grc' dir='ltr'>εἰ</span> <span class='ocrx_word' id='word_1_796' title='bbox 3011 4722 3086 4793; x_wconf 80' lang='grc' dir='ltr'>μὴ</span> <span class='ocrx_word' id='word_1_797' title='bbox 3118 4725 3257 4794; x_wconf 82' lang='grc' dir='ltr'>πρός</span> <span class='ocrx_word' id='word_1_798' title='bbox 3286 4743 3340 4779; x_wconf 89' lang='grc' dir='ltr'><strong>τι</strong></span> <span class='ocrx_word' id='word_1_799' title='bbox 3371 4727 3534 4797; x_wconf 75' lang='grc' dir='ltr'>ἔργον</span> <span class='ocrx_word' id='word_1_800' title='bbox 3563 4744 3748 4784; x_wconf 81' lang='grc' dir='ltr'>σπου-</span> 
     </span>
    </p>
   </div>
   <div class='ocr_carea' id='block_1_105' title="bbox 2164 4807 3750 4892">
    <p class='ocr_par' dir='ltr' id='par_1_105' title="bbox 2164 4807 3750 4892">
     <span class='ocr_line' id='line_1_105' title="bbox 2164 4807 3750 4892; baseline 0.008 -28"><span class='ocrx_word' id='word_1_801' title='bbox 2164 4812 2314 4864; x_wconf 84' lang='grc' dir='ltr'>δαῖον</span> <span class='ocrx_word' id='word_1_802' title='bbox 2341 4811 2594 4880; x_wconf 80' lang='grc' dir='ltr'>ἐμμελῶς</span> <span class='ocrx_word' id='word_1_803' title='bbox 2635 4807 2748 4883; x_wconf 72' lang='grc' dir='ltr'>εἶχε</span> <span class='ocrx_word' id='word_1_804' title='bbox 2779 4813 3159 4884; x_wconf 74' lang='grc' dir='ltr'>ρυθμίζισθαι.</span> <span class='ocrx_word' id='word_1_805' title='bbox 3212 4818 3376 4871; x_wconf 77' lang='grc' dir='ltr'>Δῠλοὶ</span> <span class='ocrx_word' id='word_1_806' title='bbox 3405 4822 3750 4892; x_wconf 82' lang='grc' dir='ltr'>προέχοντες</span> 
     </span>
    </p>
   </div>
   <div class='ocr_carea' id='block_1_106' title="bbox 2167 4902 3750 4983">
    <p class='ocr_par' dir='ltr' id='par_1_106' title="bbox 2167 4902 3750 4983">
     <span class='ocr_line' id='line_1_106' title="bbox 2167 4902 3750 4983; baseline 0.008 -27"><span class='ocrx_word' id='word_1_807' title='bbox 2167 4902 2348 4974; x_wconf 73' lang='grc' dir='ltr'>ἔχουσί</span> <span class='ocrx_word' id='word_1_808' title='bbox 2374 4921 2501 4958; x_wconf 88' lang='grc' dir='ltr'>ποτε</span> <span class='ocrx_word' id='word_1_809' title='bbox 2536 4907 2629 4958; x_wconf 72' lang='grc' dir='ltr'><strong>καὶ</strong></span> <span class='ocrx_word' id='word_1_810' title='bbox 2655 4906 2744 4958; x_wconf 84' lang='grc' dir='ltr'>τὸν</span> <span class='ocrx_word' id='word_1_811' title='bbox 2770 4909 2827 4960; x_wconf 81' lang='grc' dir='ltr'>ἐν</span> <span class='ocrx_word' id='word_1_812' title='bbox 2858 4907 3098 4961; x_wconf 72' lang='grc' dir='ltr'>ἐλάττονι</span> <span class='ocrx_word' id='word_1_813' title='bbox 3121 4909 3269 4974; x_wconf 80' lang='grc' dir='ltr'>τάξει</span> <span class='ocrx_word' id='word_1_814' title='bbox 3294 4926 3308 4941; x_wconf 78' lang='grc'><strong><em>⁸</em></strong></span> <span class='ocrx_word' id='word_1_815' title='bbox 3337 4912 3583 4966; x_wconf 74' lang='grc' dir='ltr'>τοιοῦτον</span> <span class='ocrx_word' id='word_1_816' title='bbox 3603 4917 3750 4983; x_wconf 78' lang='grc' dir='ltr'>γοῦν</span> 
     </span>
    </p>
   </div>
   <div class='ocr_carea' id='block_1_107' title="bbox 2167 4995 3750 5070">
    <p class='ocr_par' dir='ltr' id='par_1_107' title="bbox 2167 4995 3750 5070">
     <span class='ocr_line' id='line_1_107' title="bbox 2167 4995 3750 5070; baseline 0.007 -22"><span class='ocrx_word' id='word_1_817' title='bbox 2167 4999 2200 5067; x_wconf 79' lang='grc' dir='ltr'><strong>η</strong></span> <span class='ocrx_word' id='word_1_818' title='bbox 2242 4995 2438 5066; x_wconf 80' lang='grc' dir='ltr'>σύριγξ</span> <span class='ocrx_word' id='word_1_819' title='bbox 2497 4996 2865 5051; x_wconf 76' lang='grc' dir='ltr'>ὑποϐαίνουσα</span> <span class='ocrx_word' id='word_1_820' title='bbox 2917 4999 3062 5053; x_wconf 86' lang='grc' dir='ltr'>κο.τά</span> <span class='ocrx_word' id='word_1_821' title='bbox 3117 4999 3387 5070; x_wconf 81' lang='grc' dir='ltr'>βαθμίδας</span> <span class='ocrx_word' id='word_1_822' title='bbox 3434 5005 3610 5066; x_wconf 73' lang='grc' dir='ltr'>τινὰς.</span> <span class='ocrx_word' id='word_1_823' title='bbox 3641 5009 3750 5060; x_wconf 79' lang='grc' dir='ltr'><strong>καὶ</strong></span> 
     </span>
    </p>
   </div>
   <div class='ocr_carea' id='block_1_108' title="bbox 2165 5084 3749 5158">
    <p class='ocr_par' dir='ltr' id='par_1_108' title="bbox 2165 5084 3749 5158">
     <span class='ocr_line' id='line_1_108' title="bbox 2165 5084 3749 5158; baseline 0.006 -20"><span class='ocrx_word' id='word_1_824' title='bbox 2165 5084 2308 5138; x_wconf 79' lang='grc' dir='ltr'>οὕτω</span> <span class='ocrx_word' id='word_1_825' title='bbox 2337 5085 2769 5156; x_wconf 80' lang='grc' dir='ltr'>ὐποσυρίττουσα</span> <span class='ocrx_word' id='word_1_826' title='bbox 2818 5088 3160 5158; x_wconf 66' lang='grc' dir='ltr'>ἐναρμόνιον.</span> <span class='ocrx_word' id='word_1_827' title='bbox 3197 5090 3378 5144; x_wconf 72' lang='grc' dir='ltr'>Φωναὶ</span> <span class='ocrx_word' id='word_1_828' title='bbox 3419 5092 3484 5144; x_wconf 85' lang='grc' dir='ltr'>οὐ</span> <span class='ocrx_word' id='word_1_829' title='bbox 3517 5091 3749 5158; x_wconf 78' lang='grc' dir='ltr'>πάντως</span> 
     </span>
    </p>
   </div>
   <div class='ocr_carea' id='block_1_109' title="bbox 2168 5177 3752 5248">
    <p class='ocr_par' dir='ltr' id='par_1_109' title="bbox 2168 5177 3752 5248">
     <span class='ocr_line' id='line_1_109' title="bbox 2168 5177 3752 5248; baseline 0.006 -17"><span class='ocrx_word' id='word_1_830' title='bbox 2168 5178 2370 5231; x_wconf 73' lang='grc' dir='ltr'>ἅπασιν</span> <span class='ocrx_word' id='word_1_831' title='bbox 2397 5177 2453 5228; x_wconf 83' lang='grc' dir='ltr'><strong>αί</strong></span> <span class='ocrx_word' id='word_1_832' title='bbox 2485 5177 2686 5231; x_wconf 64' lang='lat' dir='ltr'><strong>aurai“</strong></span> <span class='ocrx_word' id='word_1_833' title='bbox 2734 5179 2860 5240; x_wconf 75' lang='grc' dir='ltr'>νοῦς</span> <span class='ocrx_word' id='word_1_834' title='bbox 2916 5179 3016 5231; x_wconf 82' lang='grc' dir='ltr'><strong>οὐκ</strong></span> <span class='ocrx_word' id='word_1_835' title='bbox 3058 5179 3427 5248; x_wconf 80' lang='grc' dir='ltr'>ὲναστράπτει</span> <span class='ocrx_word' id='word_1_836' title='bbox 3467 5181 3684 5238; x_wconf 70' lang='grc' dir='ltr'>ἅπασιν</span> <span class='ocrx_word' id='word_1_837' title='bbox 3717 5193 3752 5240; x_wconf 79' lang='grc' dir='ltr'><strong>ό</strong></span> 
     </span>
    </p>
   </div>
   <div class='ocr_carea' id='block_1_110' title="bbox 2167 5269 2349 5330">
    <p class='ocr_par' dir='ltr' id='par_1_110' title="bbox 2167 5269 2349 5330">
     <span class='ocr_line' id='line_1_110' title="bbox 2167 5269 2349 5330; baseline 0 -8"><span class='ocrx_word' id='word_1_838' title='bbox 2167 5269 2349 5330; x_wconf 84' lang='grc' dir='ltr'>αὑτός.</span> 
     </span>
    </p>
   </div>
   <div class='ocr_carea' id='block_1_111' title="bbox 2243 5359 3752 5434">
    <p class='ocr_par' dir='ltr' id='par_1_111' title="bbox 2243 5359 3752 5434">
     <span class='ocr_line' id='line_1_111' title="bbox 2243 5359 3752 5434; baseline 0.007 -20"><span class='ocrx_word' id='word_1_839' title='bbox 2243 5359 2318 5425; x_wconf 82' lang='grc' dir='ltr'><strong>ς’.</strong></span> <span class='ocrx_word' id='word_1_840' title='bbox 2355 5361 2548 5430; x_wconf 85' lang='grc' dir='ltr'>Τολμῶ</span> <span class='ocrx_word' id='word_1_841' title='bbox 2593 5370 2688 5414; x_wconf 82' lang='grc' dir='ltr'><strong>και</strong></span> <span class='ocrx_word' id='word_1_842' title='bbox 2734 5361 2994 5414; x_wconf 73' lang='grc' dir='ltr'>ἀνωτάτω</span> <span class='ocrx_word' id='word_1_843' title='bbox 3046 5364 3240 5434; x_wconf 69' lang='grc' dir='ltr'>ἐξᾶραι</span> <span class='ocrx_word' id='word_1_844' title='bbox 3288 5367 3380 5418; x_wconf 75' lang='grc' dir='ltr'>τὸν</span> <span class='ocrx_word' id='word_1_845' title='bbox 3417 5366 3598 5432; x_wconf 80' lang='grc' dir='ltr'>λόγον.</span> <span class='ocrx_word' id='word_1_846' title='bbox 3656 5369 3752 5424; x_wconf 80' lang='grc' dir='ltr'>Ἔν</span> 
     </span>
    </p>
   </div>
   <div class='ocr_carea' id='block_1_112' title="bbox 2170 5453 3751 5530">
    <p class='ocr_par' dir='ltr' id='par_1_112' title="bbox 2170 5453 3751 5530">
     <span class='ocr_line' id='line_1_112' title="bbox 2170 5453 3751 5530; baseline 0.006 -26"><span class='ocrx_word' id='word_1_847' title='bbox 2170 5455 2280 5515; x_wconf 81' lang='grc' dir='ltr'>τοῖς</span> <span class='ocrx_word' id='word_1_848' title='bbox 2307 5453 2727 5523; x_wconf 83' lang='grc' dir='ltr'>ὐπερουρανίοις</span> <span class='ocrx_word' id='word_1_849' title='bbox 2762 5453 3039 5523; x_wconf 83' lang='grc' dir='ltr'>τάγμασιν</span> <span class='ocrx_word' id='word_1_850' title='bbox 3072 5456 3187 5509; x_wconf 78' lang='grc' dir='ltr'>εστι</span> <span class='ocrx_word' id='word_1_851' title='bbox 3217 5455 3285 5510; x_wconf 79' lang='grc' dir='ltr'>τὰ</span> <span class='ocrx_word' id='word_1_852' title='bbox 3321 5457 3422 5526; x_wconf 77' lang='grc' dir='ltr'>μὲν</span> <span class='ocrx_word' id='word_1_853' title='bbox 3471 5458 3751 5530; x_wconf 78' lang='grc' dir='ltr'>ὕπερθεν.</span> 
     </span>
    </p>
   </div>
   <div class='ocr_carea' id='block_1_113' title="bbox 2171 5543 3751 5618">
    <p class='ocr_par' dir='ltr' id='par_1_113' title="bbox 2171 5543 3751 5618">
     <span class='ocr_line' id='line_1_113' title="bbox 2171 5543 3751 5618; baseline 0.004 -20"><span class='ocrx_word' id='word_1_854' title='bbox 2171 5545 2240 5598; x_wconf 78' lang='grc' dir='ltr'><strong>τὰ</strong></span> <span class='ocrx_word' id='word_1_855' title='bbox 2269 5544 2324 5596; x_wconf 78' lang='grc' dir='ltr'>δι</span> <span class='ocrx_word' id='word_1_856' title='bbox 2351 5543 2686 5611; x_wconf 76' lang='grc' dir='ltr'>ὑποϐέϐηκε.</span> <span class='ocrx_word' id='word_1_857' title='bbox 2735 5545 2827 5615; x_wconf 74' lang='grc' dir='ltr'><strong>Μὴ</strong></span> <span class='ocrx_word' id='word_1_858' title='bbox 2859 5547 3055 5608; x_wconf 80' lang='grc' dir='ltr'>πάντες</span> <span class='ocrx_word' id='word_1_859' title='bbox 3083 5548 3387 5618; x_wconf 77' lang='grc' dir='ltr'>προφῆται,</span> <span class='ocrx_word' id='word_1_860' title='bbox 3423 5549 3497 5618; x_wconf 75' lang='grc' dir='ltr'><strong>μὴ</strong></span> <span class='ocrx_word' id='word_1_861' title='bbox 3536 5550 3751 5613; x_wconf 73' lang='grc' dir='ltr'>πάντες</span> 
     </span>
    </p>
   </div>
   <div class='ocr_carea' id='block_1_114' title="bbox 2172 5634 3757 5708">
    <p class='ocr_par' dir='ltr' id='par_1_114' title="bbox 2172 5634 3757 5708">
     <span class='ocr_line' id='line_1_114' title="bbox 2172 5634 3757 5708; baseline 0.004 -20"><span class='ocrx_word' id='word_1_862' title='bbox 2172 5634 2480 5688; x_wconf 80' lang='grc' dir='ltr'>ἀπόστολοι.</span> <span class='ocrx_word' id='word_1_863' title='bbox 2534 5634 2654 5689; x_wconf 79' lang='lat' dir='ltr'><strong>Eial</strong></span> <span class='ocrx_word' id='word_1_864' title='bbox 2719 5638 2816 5688; x_wconf 71' lang='grc' dir='ltr'>καὶ</span> <span class='ocrx_word' id='word_1_865' title='bbox 2870 5636 3133 5705; x_wconf 83' lang='grc' dir='ltr'>γλωσσῶν</span> <span class='ocrx_word' id='word_1_866' title='bbox 3179 5637 3455 5708; x_wconf 73' lang='grc' dir='ltr'>διαφοραὶ,</span> <span class='ocrx_word' id='word_1_867' title='bbox 3512 5640 3595 5693; x_wconf 78' lang='grc' dir='ltr'>ὅτι</span> <span class='ocrx_word' id='word_1_868' title='bbox 3648 5642 3757 5694; x_wconf 78' lang='grc' dir='ltr'>καὶ</span> 
     </span>
    </p>
   </div>
   <div class='ocr_carea' id='block_1_115' title="bbox 2171 5723 3756 5797">
    <p class='ocr_par' dir='ltr' id='par_1_115' title="bbox 2171 5723 3756 5797">
     <span class='ocr_line' id='line_1_115' title="bbox 2171 5723 3756 5797; baseline 0.004 -21"><span class='ocrx_word' id='word_1_869' title='bbox 2171 5723 2364 5778; x_wconf 68' lang='grc' dir='ltr'>ἱθνῶν.</span> <span class='ocrx_word' id='word_1_870' title='bbox 2396 5723 2502 5778; x_wconf 76' lang='lat' dir='ltr'><strong>Kal</strong></span> <span class='ocrx_word' id='word_1_871' title='bbox 2529 5726 2584 5777; x_wconf 85' lang='grc' dir='ltr'><strong>αί</strong></span> <span class='ocrx_word' id='word_1_872' title='bbox 2613 5724 2713 5793; x_wconf 80' lang='grc' dir='ltr'>μὲν</span> <span class='ocrx_word' id='word_1_873' title='bbox 2740 5725 2893 5787; x_wconf 58' lang='grc' dir='ltr'>λείως</span> <span class='ocrx_word' id='word_1_874' title='bbox 2922 5726 3129 5791; x_wconf 78' lang='grc' dir='ltr'>έγουσι,</span> <span class='ocrx_word' id='word_1_875' title='bbox 3156 5727 3250 5782; x_wconf 85' lang='grc' dir='ltr'><strong>καὶ</strong></span> <span class='ocrx_word' id='word_1_876' title='bbox 3281 5728 3399 5794; x_wconf 76' lang='grc' dir='ltr'>μεθ’</span> <span class='ocrx_word' id='word_1_877' title='bbox 3420 5727 3756 5797; x_wconf 75' lang='grc' dir='ltr'>ἱλαρότητος</span> 
     </span>
    </p>
   </div>
  </div>
