4012 6226
257 246 356 308 173

1410 253 1799 315 LAUDATIO
1852 254 1911 316 S.
1954 254 2345 320 DEMETRll.

3408 233 3507 334 1'74

249 365 325 421 εἰς
342 361 513 428 ὄγκον
538 358 844 429 διαίρονται
865 374 879 389 ·
907 362 963 413 ai
997 359 1054 413 δὲ
1088 364 1260 433 τραχὺ
1289 364 1691 437 γαργαρίξουσι
1719 368 1813 422 καὶ

1929 375 2073 420 tnntu
2083 382 2125 431 r,
2151 369 2251 423 illae
2271 378 2325 423 et
2347 369 2616 425 rusticiter
2632 385 2724 442 per
2742 372 2803 427 ba
2813 370 2997 427 rbaros
3012 387 3175 430 sonos
3191 380 3507 444 procedunt.

248 452 629 521 ἐξαγριοῦνται
657 453 747 506 διὰ
784 454 847 507 τὸ
882 454 1336 525 βαρϐαρόφωνον.
1370 458 1485 511 Kal.
1514 459 1663 528 ὅμως
1696 462 1826 514 ἕκα-

250 563 373 599 στον
404 546 579 608 ἔθνος,
614 553 674 598 το
699 562 761 599 τε
790 546 1034 614 εὐγενῶς
1065 548 1281 613 λαλοῦν,
1322 550 1417 603 καὶ
1442 551 1502 603 τὸ
1528 550 1826 622 βάρϐαρον,

248 639 506 705 μένουσιν
534 638 635 690 οὐκ
661 637 1099 707 ἁπαλειφόμενα.
1151 641 1259 694 Καὶ
1282 641 1565 696 διαπλέκει
1612 644 1707 697 καὶ
1739 644 1833 699 οῦ·

244 744 354 790 τως
386 728 419 795 ἡ
448 725 675 795 πρόνοια
699 726 761 778 τὸ
777 727 872 781 τοῦ
896 727 1013 797 βίου
1034 729 1431 801 πολύστροφον.
1465 732 1678 802 Ὥσπερ
1704 735 1831 787 πολ-

244 818 339 872 λαὶ
371 822 536 886 μοναὶ
584 820 870 891 σωτήριοι,
911 820 1057 876 οὕτω
1111 825 1208 877 καὶ
1236 825 1485 898 διάφοροι
1525 828 1832 881 σπουδαίων

246 909 421 975 λόγων
458 913 809 978 καταγωγαὶ,
858 913 957 967 καὶ
980 914 1099 985 Θεῷ
1139 916 1232 968 καὶ
1264 919 1378 979 τοῖς
1402 916 1499 970 τοῦ
1539 917 1674 971 Θεοῦ
1728 919 1831 971 οὐκ

246 999 572 1070 ἀπόϐλητοι.
605 1002 791 1055 Καλὸν
821 1008 1066 1073 ποταμοὶ
1092 1005 1418 1074 πλήθοντες,
1466 1008 1560 1061 καὶ
1589 1008 1671 1070 εἰς
1702 1009 1833 1062 πο).-

244 1094 370 1158 λοὺς
400 1093 714 1165 σχιζόμενοι
752 1096 965 1162 κλῶνας
989 1116 1004 1131 ·
1060 1100 1163 1153 οὐκ
1197 1099 1361 1171 ἄχαρι
1392 1100 1451 1153 δὲ
1489 1101 1612 1154 οὐδὲ
1652 1103 1829 1170 πηγαὶ

247 1184 609 1252 μονάζουσαι.
650 1186 814 1239 Ἐὄόα
841 1206 947 1254 τις,
974 1189 1102 1243 ὅσον
1140 1190 1292 1244 ἄλλοι
1324 1192 1667 1262 πεντήκοντα
1689 1208 1704 1223 ·
1734 1193 1827 1244 καὶ

244 1282 303 1332 τὸ
334 1280 575 1350 φώνημα
605 1281 949 1352 Στεντόρειον
1003 1282 1215 1354 ᾄδεται.
1266 1286 1375 1338 Καὶ
1424 1285 1525 1338 οὐκ
1558 1285 1658 1356 ἤδη
1714 1285 1826 1337 τῶν

244 1374 421 1436 ἄλλως
455 1373 780 1441 φωνούντων
826 1376 1160 1444 ἀποτέμνειν
1208 1377 1316 1430 εδει
1355 1379 1484 1440 τοὺς
1519 1378 1823 1448 λάρυγγας.

249 1465 523 1519 Ἐϐλεπεν
539 1467 727 1538 ἕτερος
742 1485 835 1521 και
865 1470 935 1523 τὰ
965 1469 1109 1524 κατὰ
1149 1472 1271 1539 γῆς,
1300 1472 1395 1524 καὶ
1414 1471 1666 1536 σταδίοις,
1700 1474 1828 1525 6πὸ-

248 1577 361 1621 σοις
417 1561 597 1623 οὐδεὶς
643 1560 802 1623 ἄλλος
832 1600 848 1625 ,
886 1563 1226 1632 παρεμέτρει
1277 1564 1377 1633 τὴν
1427 1564 1658 1633 ὅρασινο
1689 1564 1827 1618 ἀλλὰ

246 1652 471 1713 πλείους
496 1653 576 1713 είς
606 1651 857 1722 ἄπειρον,
884 1651 935 1704 οἳ
968 1653 1198 1724 ἑτεροῐοι
1226 1655 1326 1723 τὴν
1358 1654 1483 1723 ὄψιν
1521 1654 1695 1720 ὄντες,
1728 1656 1825 1723 τὴν
1884 1713 1890 1720 ,

1938 459 2200 512 Similiter
2227 473 2279 515 et
2315 477 2652 534 unaquaque
2684 479 2834 536 gens,
2866 467 2970 521 alia
3010 482 3254 537 venuste,
3284 467 3510 527 barb‘are

1935 550 2036 603 alia
2072 553 2318 617 loquens,
2346 566 2564 610 nument
2589 571 2686 611 nec
2708 573 2737 612 e
2761 558 2937 613 medio
2962 559 3245 617 tolluntur.
3275 561 3367 617 Sic
3389 564 3511 617 vitre

1937 645 2287 699 mobilitatem
2328 646 2669 703 Providentia
2706 649 3006 706 intertexit.
3046 654 3509 718 Quemadmodum

1935 737 2115 790 unum:
2145 738 2198 791 in
2230 739 2419 793 salutis
2450 741 2641 796 ordine
2670 743 2997 806 mansiones.
3027 746 3107 800 sic
3142 746 3274 800 varii
3308 761 3511 801 sermo-

1934 845 2061 883 num
2100 840 2380 885 acutorum
2405 844 2694 903 apparatus
2717 850 2819 890 nec
2854 836 2919 890 de
2954 837 3088 904 Deo,
3119 853 3217 895 nec
3250 838 3316 893 de
3350 840 3511 895 rebus

1933 919 2139 975 divinis
2172 921 2531 991 itnprohandi.
2565 923 2793 979 Pulchra
2826 941 2984 982 amne
3016 928 3172 997 pleno
3203 929 3421 985 ﬂumina
3458 944 3514 988 et

1935 1012 1985 1064 in
2010 1012 2200 1067 nmltos
2219 1012 2418 1068 rivulos
2443 1015 2631 1079 divisa,
2651 1030 2748 1071 nec
2774 1017 2976 1085 absque
2999 1022 3311 1078 amoenitate
3335 1020 3513 1081 fontes

1934 1103 2117 1156 rivulis
2140 1106 2707 1162 carentes.Clamahat
2731 1109 2923 1178 aliquis
2939 1124 3195 1176 quantum
3237 1114 3327 1168 alii
3355 1118 3513 1185 quin-

1930 1193 2181 1261 quaginta
2214 1203 2266 1248 ct
2288 1210 2389 1249 vox
2418 1202 2686 1251 stentorea
2721 1199 3044 1253 celebratur.
3081 1200 3188 1256 Nec
3213 1203 3332 1258 ideo
3356 1206 3514 1260 aliter

1934 1284 2261 1353 loquentium
2304 1288 2425 1351 gula
2484 1291 2738 1346 secanda.
2776 1289 2998 1346 Videbat
3032 1294 3166 1347 alius
3200 1310 3317 1366 quae
3354 1312 3515 1367 super

1935 1386 2134 1431 terram
2166 1391 2217 1432 et
2242 1380 2539 1434 stadiorum
2572 1396 2794 1435 numero
2825 1397 2930 1451 quo
2965 1384 3139 1437 nullus
3171 1386 3307 1440 alius
3338 1387 3513 1441 visum

1932 1465 2329 1532 perpendebat;
2373 1470 2467 1520 sed
2506 1451 2771 1535 plures'in
2824 1470 3034 1525 infinito
3079 1488 3305 1529 numero
3356 1476 3513 1547 longe

1931 1556 2019 1608 alii
2052 1558 2226 1623 quoad
2262 1557 2432 1611 visum
2467 1566 2615 1623 sunt,
2650 1574 2746 1613 nec
2799 1560 3013 1617 videndi
3058 1562 3315 1619 facultate
3368 1567 3513 1619 frau-

1932 1646 2146 1698 dantur.
2181 1644 2290 1699 Nec
2320 1655 2465 1700 certe
2497 1647 2644 1714 talpa
2676 1648 2799 1716 quia
2838 1663 2981 1704 caeca
3023 1652 3262 1707 nascitur
3292 1664 3345 1708 et
3379 1656 3512 1711 vivit

251 1744 315 1809 οὐ
326 1760 413 1795 σιν
440 1741 534 1797 τοῦ
566 1741 785 1811 βλέπειν
803 1744 864 1796 οὐ
888 1742 1196 1811 ψεύδονται.
1236 1746 1345 1798 Kal
1366 1745 1473 1815 μὴν
1501 1745 1620 1798 οὐδὲ
1639 1746 1820 1798 ἀσπά-

1930 1738 2165 1803 t‘ollitur;
2196 1753 2227 1791 e
2257 1748 2463 1794 contra
2500 1750 2703 1794 natura:
2756 1740 2874 1811 lege
2922 1753 3171 1798 servatur
3199 1746 3515 1803 creationis-

247 1835 367 1899 λαξ.
398 1836 482 1889 ὅτι
504 1835 705 1902 τυφλὸν
738 1835 855 1904 ἅμα
891 1835 1128 1902 γενέσει,
1153 1837 1249 1889 καὶ
1281 1837 1371 1890 διὰ
1414 1837 1531 1906 βίου
1570 1838 1625 1890 δὲ
1647 1836 1823 1891 τοιοῦ-

247 1943 338 1979 τον
372 1926 672 1994 ἡςάνισται
694 1940 709 1956 ο
742 1925 878 1979 ἀλλὰ
916 1929 1265 1996 συντηρεῖται
1300 1927 1377 1996 τῷ
1410 1927 1687 1997 λόγῳ“τῆς
1714 1928 1816 1995 cth-

249 2035 407 2081 σεως,
466 2019 560 2070 καὶ
622 2017 939 2087 συμπληροῖ
999 2018 1059 2070 τὸ
1112 2019 1359 2072 ποικίλον
1411 2021 1508 2089 τῆς
1563 2021 1816 2083 κτίσεως.

247 2111 490 2163 Ἠκουεν
520 2110 728 2178 ἕτεροο,
759 2110 860 2165 ὅσα
907 2108 1099 2179 μηδεὶς
1147 2108 1454 2180 ἄνθρωπος.
1497 2111 1563 2164 Τί
1598 2111 1818 2176 τοίνυν;

247 2201 543 2254 Κλειστέον
568 2202 676 2271 ἄρα
702 2202 800 2264 τὰς
827 2201 1025 2265 λοιπὰς
1058 2201 1252 2265 ἀκοὰς,
1283 2202 1366 2255 ὅτι
1404 2202 1480 2272 μὴ
1506 2204 1818 2273 εὐπορώτε-

247 2311 333 2360 ρον
395 2291 494 2345 τοῦ
550 2294 794 2363 ἕνεργεῖν
845 2292 1066 2363 Excitat;
1107 2296 1213 2349 Καὶ
1257 2296 1487 2365 στρατὸς
1522 2294 1587 2347 ἔκ
1633 2311 1691 2346 τε
1722 2296 1819 2346 ἀν⁴

245 2386 465 2454 ὅρείων,
513 2385 579 2439 ἐκ
619 2404 679 2439 τε
712 2386 789 2455 μὴ
834 2387 1095 2441 τοιούτων
1148 2387 1608 2457 συγκεκρότηται.
1642 2387 1820 2457 ’ᾼδων

244 2478 403 2532 Δαυῖδ
426 2478 529 2531 οὐκ
551 2480 784 2548 ἀπηξίου
815 2481 938 2542 τοὺς
978 2481 1429 2549 συγχορεύοντας.
1466 2478 1577 2531 Καὶ
1613 2478 1717 2548 μὴν
1755 2479 1818 2531 οὐ

244 2573 358 2626 κατ’
392 2574 610 2626 ἐκεῖνον
646 2574 741 2627 κα)⁸
778 2570 933 2626 αὐτοὶ
964 2570 1223 2640 ἔμελπον.
1274 2570 1540 2642 ’Δρμονία
1570 2568 1734 2639 χοροῦ
1757 2573 1821 2622 ὲκ

1932 1845 2039 1902 que
2078 1831 2395 1886 varietatem
2441 1832 2699 1901 complet.
2744 1832 2964 1889 Audivit
3013 1835 3149 1891 alius
3183 1852 3299 1905 qua:
3332 1839 3513 1895 nullus

1931 1924 2110 1979 homo.
2137 1923 2275 1989 Quid
2312 1924 2511 1993 igitur?
2543 1926 2676 1987 Num
2723 1929 3032 1983 claudenda:
3072 1930 3289 2001 reliquae
3328 1946 3507 1998 aures,

1928 2019 2187 2087 quia-non
2220 2018 2516 2074 faciliorem
2552 2022 2751 2076 habent
2793 2022 3113 2091 energiam?
3155 2022 3218 2077 Et
3244 2026 3512 2079 exercitus

1934 2120 2047 2164 tum
2079 2124 2111 2165 ο
2139 2112 2391 2177 fortibus,
2426 2121 2533 2166 tum
2570 2127 2599 2168 e
2634 2129 2739 2168 non
2792 2113 2991 2171 talibus
3025 2115 3241 2170 coaluit.
3274 2115 3511 2170 Cantans

1926 2199 2094 2256 David
2126 2202 2412 2258 saltatores
2443 2220 2548 2258 non
2580 2204 2901 2275 dedignatus
2933 2216 3033 2261 est.
3067 2206 3176 2263 Nec
3208 2221 3395 2262 revera
3422 2223 3510 2264 se—

1923 2293 2157 2347 cundum
2206 2309 2331 2348 eum
2377 2296 2466 2349 alii
2515 2296 2914 2366 hyrnnizahant.
2946 2298 3109 2353 Chori
3150 2299 3435 2353 harmonia
3480 2314 3513 2354 e

1921 2384 2171 2445 diversis.
2202 2385 2331 2454 quin
2366 2386 2471 2437 imn
2501 2402 2529 2439 e
2555 2386 2787 2441 dissonis
2815 2396 2867 2441 et
2894 2387 3156 2457 separatis
3186 2388 3361 2443 modis
3387 2400 3514 2458 pro-

1920 2475 2239 2530 cedentibus
2269 2488 2633 2542 comparatur,
2667 2488 2720 2530 ut
2750 2478 2900 2532 aiunt
2931 2480 3019 2545 qui
3057 2481 3202 2534 hisce
3246 2480 3513 2540 scientiis.

1926 2567 2078 2623 hisce
2107 2567 2315 2622 artibus
2344 2565 2565 2636 pollent.

240 2667 539 2735 διαφόρων,
574 2664 674 2732 ήδη
721 2663 779 2717 δὲ
812 2663 910 2717 καὶ
939 2660 1000 2725 ἑξ
1026 2661 1348 2731 ἀντιφώνων
1400 2661 1492 2716 καὶ
1520 2660 1646 2731 δίχα
1691 2659 2032 2731 φρονεόντων
2056 2659 2414 2731 ἁρμόττεται,
2464 2660 2541 2723 ὥς
2596 2677 2761 2728 φασιν
2789 2661 2837 2713 ei
2907 2661 2975 2714 τὰ
3050 2659 3279 2713 τοιαῦτα
3334 2661 3511 2730 σοςοῖι

238 2760 283 2812 οἱ
314 2778 381 2812 πε
392 2760 453 2828 pl
482 2758 701 2828 τέχνας.
1803 2827 1809 2832 ,

304 2850 375 2913 ζ’.
405 2851 529 2903 Οὐκ
584 2847 696 2903 ἐσθ’
730 2847 877 2911 ὅπως
923 2846 1165 2909 ἅπαντες
1198 2845 1560 2917 συνδράμοιεν
1615 2846 1684 2900 ἂν
1742 2847 1821 2910 είς

236 2941 453 3010 ὅμοιον.
491 2939 881 3010 Περιφέρονται
904 2938 1166 3010 Σειρῆνες
1199 2941 1258 2992 ὲν
1278 2942 1391 3002 τοῖς
1420 2940 1591 2992 πάλαι
1618 2938 1822 3008 λόγοις,

235 3034 447 3096 αἵτινές
478 3049 609 3085 ποτε
646 3025 826 3091 αὗταιο
860 3031 1076 3085 δοκοῦσι
1127 3030 1185 3085 δὲ
1218 3030 1326 3102 ἄρα
1367 3032 1510 3101 μέγα
1540 3047 1592 3083 τι
1629 3029 1821 3100 χρῆμα

236 3130 451 3180 ἐκεῖναι
488 3121 649 3179 εἶναι.
688 3125 796 3179 Καὶ
823 3127 851 3178 ὁ
892 3123 1018 3179 ’1ὼό
1045 3124 1146 3178 οὐκ
1201 3125 1585 3195 ἀπηχρείωσεν
1623 3124 1817 3189 αὑτὰς,

232 3214 356 3268 οὐδὲ
385 3213 618 3278 ὲξέσαλε
647 3213 740 3266 τοῦ
770 3212 1032 3284 ᾀδομένου
1079 3212 1460 3284 σεμνώματος,
1508 3213 1671 3283 ἑτέρᾳ
1701 3214 1819 3264 Σει.

235 3306 381 3373 ρῆνι,
419 3306 725 3375 μικροφυεί
775 3302 994 3373 ζωῖδῖῳ,
1052 3306 1177 3368 τοὺς
1226 3304 1426 3358 ἑαυτοῦ
1482 3302 1817 3373 ὲξομοιώσας

233 3396 583 3465 κλαυθμοὺς.
616 3384 852 3463 Ἤρεσεν
888 3395 1222 3465 ἀνθρώποις,
1287 3397 1540 3466 ὲγκρῖναι
1597 3398 1679 3459 είς
1717 3413 1815 3464 με-

230 3488 448 3554 λῳδοίις
482 3489 573 3540 καὶ
603 3488 695 3541 τδν
726 3489 967 3555 τέττιγαο
1000 3490 1096 3542 καὶ
1124 3489 1224 3542 οὐκ
1260 3490 1517 3553 ἐξέπεσεν
1558 3490 1590 3559 ὴ
1637 3487 1818 3558 ἀηδὼν

232 3582 331 3644 τῆς
372 3581 735 3650 σεμνότητος.
773 3578 966 3648 Ύμνεῐ
986 3578 1119 3632 Θεὸν
1160 3580 1255 3633 καὶ
1288 3581 1355 3635 τὰ
1386 3580 1579 3647 ἄλογα,
1606 3579 1705 3649 οὐχ
1734 3574 1818 3642 οἷς

232 3673 377 3724 αὐτά
420 3669 727 3740 φωνοῦσιν,
783 3671 899 3722 ἀλλ’
956 3667 1036 3733 οἷς
1096 3671 1306 3723 ἐκεῖνον
1360 3670 1715 3741 γεραίρουσιν
1768 3673 1818 3723 oi

233 3763 587 3836 Θεωροῦντες
625 3761 787 3821 αὐτὰ.
815 3763 908 3813 καὶ
932 3761 994 3812 τὸ
1018 3763 1119 3831 τῆς
1144 3761 1357 3828 φύσεως
1397 3760 1819 3830 φιλοσοφοῦντες

230 3854 549 3923 εὔκοσμον,
609 3852 793 3904 ὁποῖόν
827 3868 881 3903 τι
928 3851 1208 3906 κάνταῦθα
1238 3852 1412 3906 ἔσται.
1477 3854 1536 3907 El
1572 3854 1682 3923 γὰρ
1724 3853 1818 3907 τοῦ

231 3950 371 4017 μηδὲ
404 3949 600 4002 δοκεῖν
626 3946 829 4009 λέγειν,
860 3937 941 4006 οἷς
970 3942 1239 4012 ἀκόμψως
1265 3943 1357 3999 τοῦ
1388 3944 1569 3999 λαλεῖν
1597 3945 1818 4014 ἔχομεν,

225 4039 611 4111 ἁλισκόμεθα,
651 4032 731 4100 οἷς
765 4035 896 4102 γοῦν
929 4037 957 4087 ὁ
986 4036 1260 4106 ἀκροατὴς
1310 4036 1447 4107 πρὸς
1492 4039 1628 4108 ἡμῖν
1679 4035 1820 4106 ἔχων

222 4136 313 4185 τὸν
347 4134 495 4187 νοῦν
530 4127 963 4198 ὲκπεπλὴξεται,
998 4129 1078 4180 ὅτι
1106 4127 1243 4197 πρὸς
1267 4128 1433 4196 ζῆλον
1462 4129 1599 4191 ὅλως
1640 4127 1820 4181 τοιοῦ-

216 4242 310 4277 τον
342 4228 375 4277 δ
406 4222 813 4292 εθηρμήναμεν
850 4220 1100 4283 ἑαυτοὺς,
1130 4218 1207 4288 τῷ
1234 4219 1505 4289 κρείττονι
1531 4219 1818 4287 Θαυμάσας

219 4320 406 4386 ἁναθή
421 4332 514 4369 σει
539 4315 598 4366 τὸ
625 4315 820 4367 αττιον⁸
848 4312 907 4375 ὃς
933 4312 1026 4365 καὶ
1051 4312 1232 4378 αὐτὸς,
1259 4312 1355 4381 οὐχ
1378 4313 1460 4365 ὅτι
1490 4311 1623 4382 πρὸς
1640 4312 1820 4377 ἀξίαν,

211 4412 334 4463 ἀλλ’
363 4414 479 4464 ὅτι
506 4407 625 4476 μετ’
657 4404 922 4475 εὐψυχίας
974 4405 1249 4473 ὑμνεῖται,
1298 4406 1423 4468 τοὺς
1481 4406 1560 4469 είς
1604 4406 1825 4475 εὐχαρι-

1999 2843 2051 2897 7.
2083 2841 2199 2897 Νοιι
2248 2849 2330 2896 est
2382 2839 2524 2911 quod
2564 2840 2618 2893 in
2664 2805 2894 2908 idipsum
2942 2838 3119 2894 cuncti
3164 2848 3507 2894 concurrant.

1923 2936 2294 2992 Memorantur
2329 2932 2550 2988 Sirenes
2587 2932 2638 2986 in
2687 2931 2881 3001 priscis
2915 2930 3132 3000 scriptis
3176 2946 3512 3002 quaecunque
3608 3004 3609 3007 η

1920 3037 2122 3091 essent,
2153 3027 2276 3079 inde
2331 3039 2582 3093 magnum
2636 3023 2765 3091 quid
2807 3035 2927 3076 esse
2971 3021 3237 3075 videntur.
3266 3018 3377 3074 Nec
3419 3034 3512 3074 eas

1918 3119 2021 3174 Job
2044 3119 2361 3187 dedignatus
2382 3124 2487 3184 est,
2517 3129 2615 3170 nec
2641 3130 2669 3169 e
2694 3113 2971 3170 celebrato
3007 3112 3203 3183 repulit
3224 3126 3515 3166 ornamen-

1921 3223 1994 3276 to,
2022 3209 2133 3275 alii,
2166 3209 2366 3272 Sireni,
2396 3207 2524 3262 exili
2577 3204 2921 3270 animalcnlo,
2954 3218 3079 3259 suas
3112 3217 3399 3273 exmquans
3432 3202 3507 3255 la~

1924 3301 2304 3357 mentationes.
2329 3298 2651 3353 Hominibus
2673 3297 2874 3367 placuit
2902 3297 3043 3350 inter
3073 3295 3311 3349 musicos
3344 3304 3396 3349 et
3431 3295 3511 3348 ci-

1919 3395 2109 3450 cadam
2142 3405 2534 3455 annumerare;
2576 3404 2674 3444 nec
2702 3389 2962 3460 dignitate
3013 3387 3211 3441 excidit
3258 3386 3507 3440 luscinia.

1922 3486 2029 3541 Deo
2046 3485 2335 3539 concinunt
2350 3492 2407 3539 et
2424 3482 2807 3537 irrationabilia
2830 3497 2934 3534 non
2952 3495 3016 3535 eo
3034 3482 3174 3548 quod
3192 3479 3304 3547 ipsa
3322 3494 3507 3534 vocem

1917 3576 2188 3642 emittant,
2214 3576 2307 3629 sed
2335 3576 2474 3644 quod
2510 3575 2671 3629 Deum
2710 3574 2971 3627 honorent
3002 3573 3089 3641 qui
3124 3571 3211 3624 illa
3241 3572 3511 3624 mirantur

1918 3676 1972 3724 et
1996 3668 2087 3737 qui
2126 3666 2478 3722 excellentem
2510 3675 2718 3718 naturae
2742 3664 2991 3717 ordinem
3032 3663 3208 3731 quatis.
3239 3671 3291 3714 et
3334 3662 3405 3715 ibi
3437 3662 3509 3715 sit

1918 3761 2209 3816 aestimant.
2237 3757 2480 3825 Namque
2494 3756 2537 3810 si
2568 3754 2700 3809 nihil
2724 3754 3026 3808 dicentibus
3052 3751 3254 3804 similes
3279 3767 3397 3803 enm
3426 3754 3508 3802 n.-

1920 3862 2132 3922 compta
2159 3850 2318 3904 verba
2347 3848 2608 3903 habemus
2629 3844 3024 3908 convincimur,
3051 3858 3174 3896 cum
3202 3842 3414 3895 auditor
3441 3845 3507 3894 ad

1921 3959 2019 4000 nos
2052 3943 2233 3997 animo
2278 3939 2560 3995 attemlens
2581 3936 2819 4005 stupebit
2850 3935 3000 4004 quia,
3034 3942 3183 3987 tanto
3232 3933 3349 3985 esto
3382 3947 3509 3987 nos-

1922 4045 2031 4090 met
2064 4035 2208 4104 ipsos
2230 4030 2656 4094 accenderitnus,
2690 4027 2896 4083 meliori
2932 4026 3135 4079 mirans
3167 4025 3382 4094 culpam
3408 4027 3509 4077 im.

1922 4126 2164 4197 putabit,
2202 4124 2398 4194 quippe
2426 4122 2514 4190 qui
2550 4136 2653 4174 non
2686 4117 2827 4188 quod
2853 4117 3007 4186 juxta
3040 4117 3384 4186 dignitatem,
3409 4116 3505 4171 sed

1923 4219 2064 4290 quod
2093 4221 2232 4274 bono
2260 4216 2442 4269 animo
2475 4214 2583 4269 Deo
2614 4211 2902 4273 benedicit,
2930 4210 2983 4263 in
3012 4211 3306 4279 gratiarum
3336 4209 3504 4264 actio-

1924 4325 2047 4364 nem
2097 4307 2455 4378 psallentibus
2507 4302 2817 4374 reapondet.
2866 4303 2944 4357 Ita
2996 4312 3049 4356 et
3101 4310 3284 4357 noster
3329 4315 3507 4356 sermo

1928 4401 2159 4470 aliquam
2195 4399 2639 4469 approbationem
2679 4395 2942 4451 inveniet.

210 4510 386 4557 στὶαν
418 4495 730 4563 λαλοῦντὲς
759 4497 1071 4564 ἀμείϐεται.
1103 4499 1212 4550 Kal.
1234 4497 1375 4551 οὕτω
1400 4499 1495 4553 καὶ
1524 4500 1659 4568 ἡμῖν
1686 4501 1823 4569 τάχι

202 4595 336 4647 τινὶ
383 4596 419 4646 ὁ
455 4591 617 4659 λ-ἰγος
649 4592 872 4660 εὑρήσει
896 4590 1141 4643 ἔπαινον.
1849 4622 1894 4678 D

279 4682 361 4753 η’.
404 4681 613 4735 Ταῦτα
648 4682 708 4735 ὲν
738 4680 895 4751 θυμῷ
928 4680 1241 4751 βαλόμενος,
1270 4682 1362 4733 καὶ
1388 4678 1595 4734 τοιαῦθ’
1627 4680 1811 4749 ἕτερα,

197 4775 272 4828 δι’
298 4768 393 4829 ὧν
437 4770 750 4842 θαρρητέον
777 4772 902 4834 τοὺς
939 4771 1335 4841 ὐστερολόγους
1370 4771 1467 4823 καὶ
1498 4771 1815 4836 ταπεινοὺς,

198 4870 267 4920 οὐ
309 4869 485 4923 πάνυ
540 4864 735 4936 πόρρω
788 4863 897 4917 τῶν
948 4863 1167 4932 ὑψηλῶς
1212 4862 1446 4931 λαλῆσαι
1492 4862 1818 4933 φθασάντων

196 4958 595 5032 immiscear,
626 4958 676 5009 εί
706 4956 864 5026 μόνον
891 4956 1026 5024 πρὸς
1052 4954 1212 5023 ὀρθὸν
1239 4956 1500 5023 λογισμὸν
1556 4955 1815 5023 φθέγξον..

187 5068 317 5113 ται,
386 5046 504 5100 καὶ
561 5043 709 5100 οῦτω
761 5046 1109 5108 συσκευάσας
1167 5046 1247 5107 είς
1295 5045 1496 5114 Θάρσος
1552 5045 1815 5113 ἐμαυτὸν,

188 5143 477 5211 καθίημι
508 5139 601 5190 τὸν
647 5138 826 5206 λύγον,
861 5131 918 5189 οἷ
951 5136 1285 5205 προεθέμην,
1337 5139 1431 5188 καὶ
1479 5135 1574 5190 τοῦ
1609 5138 1816 5190 σκοποῦ

184 5239 489 5303 γίνομαι,
520 5231 620 5299 οὐχ
671 5231 810 5298 ὑπὲρ
864 5230 990 5293 τοὺς
1024 5229 1216 5291 ἄλλους
1265 5227 1547 5283 διαθέσθαι
1581 5245 1635 5281 τι
1678 5245 1815 5299 προ-

186 5329 582 5401 ποσάμενος
633 5323 856 5394 (μανίας
909 5324 1017 5392 γὰρ
1064 5323 1229 5389 ἔγγὺς
1284 5322 1317 5391 ἡ
1372 5321 1481 5375 τῶν
1537 5321 1817 5375 ἀδυνάτων

185 5416 744 5486 κατεπ.κεὶρησις),
789 5414 966 5484 ψυχῆς
998 5415 1052 5466 δὲ
1086 5414 1233 5477 ζέσιν
1284 5412 1580 5481 ὲκφαίνων,
1633 5414 1725 5465 καὶ
1758 5413 1819 5464 τὸ

183 5517 285 5570 τοῦ
313 5516 524 5585 ζήλου
558 5507 802 5569 διακαὲς,
828 5509 923 5560 καὶ
957 5505 1097 5561 οῦτω
1128 5505 1366 5575 τολμῶν,
1403 5506 1494 5557 καὶ
1525 5504 1625 5575 τὴν
1657 5503 1819 5573 φύτιν

182 5602 550 5681 τυραννῶν,
581 5599 976 5668 εὐλαϐέστερον
1008 5596 1181 5659 ἄλλως
1236 5597 1303 5649 τά
1353 5612 1414 5665 γε
1449 5593 1676 5648 τοιαῦτα
1705 5595 1821 5649 δια-

186 5704 474 5771 θεμένην
522 5697 586 5748 τὰ
619 5695 741 5748 κατ’
768 5695 888 5763 ἐμέ.

1993 4685 2049 4740 8.
2083 4684 2207 4739 Haec
2234 4683 2287 4737 in
2312 4695 2528 4751 pectore
2546 4680 2832 4735 volvenset
2852 4676 3276 4748 ah‘aihujusmodi
3307 4675 3507 4748 quibus

1924 4776 2186 4832 modestis
2231 4783 2284 4829 et
2319 4773 2612 4827 humilibus
2645 4771 2856 4825 animus
2884 4779 2968 4824 est
3013 4767 3365 4839 injiciendus,
3397 4783 3505 4823 non

1926 4871 2147 4924 omnino
2166 4867 2320 4936 longe
2345 4882 2371 4918 ιι
2402 4864 2770 4935 grandiloquis
2794 4863 3069 4931 ponendos
3094 4874 3234 4925 esse,
3260 4860 3507 4916 dummo-

1927 4962 1994 5015 do
2019 4972 2168 5016 recm
2190 4959 2474 5014 ratiocinio
2500 4958 2807 5026 loquantur,
2830 4955 2909 5009 sic
2933 4955 3115 5010 animo
3137 4952 3261 5008 forti
3285 4964 3507 5023 paratus

1926 5065 2229 5107 sermonem
2266 5049 2473 5113 emitto,
2500 5058 2654 5116 prout
2680 5048 2958 5115 proposui,
2989 5054 3045 5100 et
3074 5047 3139 5099 ad
3180 5045 3502 5100 destinatum

1923 5142 2203 5214 pervenio,
2233 5156 2339 5195 non
2357 5141 2475 5194 aliis
2501 5139 2691 5193 altiora
2711 5140 3083 5209 expositurum
3110 5151 3195 5193 me
3229 5136 3507 5193 conlidens

1923 5234 2052 5305 (non
2086 5234 2271 5304 promtl
2306 5233 2447 5288 enim
2484 5233 2548 5285 ab
2580 5232 2787 5286 inszinia
2823 5230 2976 5286 abest
3033 5228 3388 5301 impossibilia
3419 5226 3501 5280 vi-

1924 5329 2075 5383 rihus
2098 5326 2361 5397 aggredi),
2383 5326 2573 5379 anima:
2599 5340 2723 5379 vero
2746 5334 2938 5379 :estunt
2961 5324 3170 5394 zelique
3192 5318 3500 5375 incendium

1923 5422 2267 5491 depromens,
2302 5420 2485 5487 sicque
2516 5422 2769 5474 audacter
2826 5429 3067 5473 naturam
3101 5422 3346 5475 domans,
3379 5409 3504 5464 reli-

1931 5515 2149 5584 giosiori
2182 5516 2531 5570 nihilominus
2563 5516 2627 5570 de
2661 5518 2851 5569 talibus
2899 5510 3114 5581 ingenio
3152 5505 3296 5577 quod
3334 5505 3383 5560 in
3413 5517 3499 5558 me

1929 5616 2012 5663 est
2031 5606 2350 5661 accinctum.
2884 5596 2887 5597 ⁷
