4002 6208
480 314 596 387 ἶἸὸ

1156 319 1574 381 EUSTATHII
1615 311 2361 377 THESSALONICENSIS
2408 305 2965 368 METROPOLITE

3612 292 3722 358 176

550 432 606 489 9.
636 432 821 503 Itaque
845 439 973 501 quot
1004 430 1261 487 miracula
1290 438 1498 501 martyr
1525 430 1711 485 iecerit
1736 428 2046 497 singulatim

2222 427 2286 478 θ’.
2334 421 2721 493 Περιηγεῖςθαι
2764 421 2862 489 μὲν
2905 417 3023 481 οὖν,
3077 416 3176 468 ὅσα
3229 412 3524 483 θαυμαστά
3582 413 3726 483 πρὸς

485 540 764 590 enarrare,
792 524 932 578 idem
979 532 1123 579 esset
1173 537 1237 577 ae
1258 523 1305 576 si
1354 522 1480 593 quis
1531 531 1727 576 terram
1781 521 2051 573 aurariam

485 616 763 672 dilaudare
794 615 999 679 volens,
1034 628 1139 668 non
1178 628 1244 668 ex
1281 627 1348 668 eo
1373 613 1514 684 quod
1544 625 1678 666 auro
1714 621 1827 667 tota
1858 619 1969 665 tum
2002 612 2053 663 in

484 704 791 776 superﬁcie,
828 713 937 757 tum
979 703 1032 757 in
1064 703 1187 757 imis
1216 702 1473 767 abundet.
1501 701 1730 764 extollit,
1765 700 1859 757 sed
1886 699 2061 771 pugil-

485 795 567 852 los
591 796 792 851 metalli
812 796 1174 865 prehendens,
1197 810 1262 849 ex
1290 794 1374 849 his
1396 793 1506 848 alta
1530 809 1659 850 voce
1688 792 1848 849 infert
1875 792 2059 847 multis

486 886 691 942 divitiis
723 887 1131 941 redundantem.
1158 884 1257 940 ilic
1289 899 1424 955 opus
1446 894 1528 940 est
1555 899 1661 941 non
1701 884 1803 948 sic,
1829 884 1925 939 sed
1955 884 2057 938 ho—

488 978 712 1033 norifice
752 986 1001 1044 tractare,
1034 976 1354 1031 aurifodinaa
1409 990 1572 1045 opera
1600 974 1927 1044 quibuslibet
1964 989 2053 1030 re-

452 1136 459 1141 .
490 1067 828 1137 linquentes;
869 1076 924 1123 et
962 1067 1091 1122 inibi
1138 1066 1394 1137 martyris
1444 1074 1561 1121 aeta
1595 1080 1699 1119 non
1750 1079 1845 1133 per
1877 1076 2059 1134 partes

486 1160 695 1225 mirari,
723 1162 817 1214 sed
843 1158 1051 1213 discere
1071 1157 1222 1227 quasi
1243 1172 1339 1225 per
1357 1157 1606 1227 figuram,
1626 1166 1755 1224 quot
1784 1165 1839 1211 et
1860 1165 2056 1225 ψωιιιι

485 1251 697 1320 operari
730 1252 867 1304 valet
897 1250 1161 1320 prodigia,
1190 1250 1327 1304 nolle
1375 1264 1503 1302 vero
1531 1251 1597 1319 de
1628 1248 1857 1316 singulis
1914 1249 2062 1301 insu-

491 1341 638 1405 dare,
674 1342 971 1408 praesertim
1027 1341 1094 1394 de
1143 1340 1225 1393 his
1277 1339 1343 1391 ad
1394 1354 1513 1408 qure
1558 1339 1823 1405 prioribus
1867 1339 1957 1389 alii
2005 1346 2059 1391 et

486 1431 803 1484 melioribus
818 1431 1159 1484 sermonibus
1174 1430 1551 1483 iucubueruut.
1568 1428 1876 1483 Cavendum
1893 1429 2057 1490 enim,

483 1537 556 1575 ne
593 1530 685 1575 aut
731 1522 1094 1588 disputatione
1131 1523 1426 1589 gaudentes
1462 1535 1776 1588 arguamur,
1818 1522 1861 1573 si
1898 1521 2054 1588 quasi

489 1613 751 1665 adversus
779 1611 986 1666 hostem
1014 1612 1248 1681 priorem
1284 1610 1534 1666 inceJere
1568 1619 1660 1665 aut
1691 1613 1982 1679 argriamur
2014 1615 2060 1668 si

2157 518 2417 577 ἑκάστους
2442 518 2467 567 ὁ
2500 516 2713 583 μάρτυς
2738 512 3057 582 ἐργάζεται,
3083 508 3179 562 καὶ
3213 510 3291 570 είς
3327 504 3565 578 ἀριθμοῦ
3591 522 3655 558 κε
3668 522 3728 573 ρ-

2159 609 2411 679 ματίζειν
2438 607 2767 674 λεπτότητα,
2802 605 3011 673 ὅμοιον,
3032 602 3109 663 ὡς
3139 600 3186 652 εί
3217 599 3312 652 καὶ
3338 596 3445 666 γῆν
3474 599 3728 666 χρυσῖτιν

2155 701 2542 770 χρηστολογεῖν
2570 696 2932 766 προθέμενος,
2978 693 3081 746 οὐκ
3126 691 3187 753 ἐξ
3215 689 3383 744 αὐτοῦ
3411 690 3506 742 τοῦ
3542 690 3733 741 πᾶσαν

2157 792 2222 844 ὲκ
2278 791 2388 844 τῶν
2431 789 2697 854 ἐπιπολῆς
2751 787 2848 839 καὶ
2894 788 2975 847 είς
3023 783 3187 855 βάθος
3242 779 3432 852 χρυσῷ
3471 781 3732 850 εὐφορεῖν

2159 879 2417 950 σεμνύνει
2455 895 2561 942 τις,
2592 876 2727 930 ἀλλά
2759 874 2971 945 δράκας
2994 872 3150 934 τινὰς
3185 872 3280 924 τοῦ
3316 869 3579 940 μετάλλου
3609 885 3734 939 χει·

2164 971 2469 1043 ριζόμενος,
2517 969 2576 1032 ἐξ
2616 967 2795 1021 αὐτῶν
2826 965 3093 1035 ὑψηγορεῖ
3120 962 3219 1031 τὴν
3261 960 3458 1014 πολλοῦ
3492 959 3735 1013 πλούτου

2160 1062 2461 1131 γέμουσαν.
2496 1060 2603 1110 Καὶ
2635 1060 2753 1111 ἐκεῖ
2798 1056 2907 1125 γὰρ
2961 1054 3163 1125 χρεὼν,
3209 1052 3284 1121 μὴ
3332 1051 3477 1103 οὓτω
3527 1052 3731 1113 ποιεῖν,

2161 1153 2277 1206 ἀλλ’
2306 1152 2438 1205 αὐτὸ
2462 1151 2521 1203 τὸ
2558 1152 2796 1221 πρᾶγμα
2834 1146 3202 1215 σεμνολογεῖ-ι,
3242 1143 3469 1211 ἀφιέντα
3498 1143 3602 1212 τὴν
3632 1158 3736 1210 με·

2162 1245 2425 1312 ταλλικὴν
2461 1241 2813 1313 χειρουργίαν
2839 1241 2949 1300 τοῖς
2980 1238 3217 1290 (ieiunat:
3245 1237 3339 1288 καὶ
3373 1235 3607 1288 ἐνταῦθα
3635 1233 3696 1285 δὲ
3717 1273 3734 1293 ,

2161 1339 2231 1390 τά
2259 1336 2352 1389 τοῦ
2377 1334 2758 1406 μάρτυροτμὴ
2779 1334 2891 1393 τοῖς
2918 1332 2982 1382 ὲκ
3008 1331 3208 1398 μέρους
3236 1326 3563 1395 θαυμάζειν,
3592 1326 3738 1378 ἀλλά

2161 1430 2432 1483 διδάσκειν
2462 1429 2561 1496 μὲν
2614 1426 2803 1493 ὥσπερ
2848 1424 2967 1474 κατ’
3001 1419 3165 1485 εἶδος,
3220 1422 3321 1473 ὅσα
3368 1419 3581 1488 μεγάλα
3636 1418 3739 1469 καὶ

2146 1518 2250 1574 ,οἶα
2277 1521 2668 1591 τερατουργεῖν
2704 1518 2953 1583 δύναται,
3010 1515 3084 1585 μὴ
3132 1514 3336 1566 ἐθέλειν
3360 1514 3417 1565 δὲ
3449 1511 3739 1564 πονεῖσθαι

2165 1613 2295 1681 περὶ
2325 1612 2394 1662 τά
2433 1609 2555 1662 καθ’
2586 1610 2817 1673 ἕκαστα,
2843 1608 2938 1661 καὶ
2964 1599 3278 1675 μάλισθ’ὥς
3305 1604 3481 1673 ἕτεροι
3505 1605 3742 1655 ἐπιστα-

484 1701 752 1755 incertum
783 1701 907 1769 quia
944 1715 1049 1754 non
1092 1698 1249 1754 facile
1280 1709 1385 1762 est.
1417 1715 1699 1756 sermones
1733 1701 2064 1756 aedificcmus

2172 1703 2337 1766 τικῶς
2397 1702 2490 1754 τὸν
2533 1702 2693 1767 λόγον
2742 1698 3219 1768 ἑναπησχόλησαν.
3270 1696 3577 1749 Φυλακτέον
3623 1695 3740 1762 γὰρ

490 1806 558 1847 ue
588 1805 751 1858 super
784 1792 1129 1846 fundamenta
1158 1792 1331 1846 aliena
1360 1807 1642 1848 sermones
1669 1786 2027 1849 stabiliamus.

2172 1795 2346 1849 ταῦτά
2369 1811 2455 1861 γε,
2487 1795 2682 1864 μήπως
2714 1793 2748 1863 ἦ
2784 1791 2861 1862 τῷ
2887 1791 3067 1860 φίλερι
3099 1788 3471 1858 ἐγκληθῶμεν,
3503 1788 3579 1850 ὡς
3602 1790 3741 1840 ἀκτ-

490 1885 857 1954 επεξαγεσθαι
912 1887 1026 1948 τοῖς
1095 1886 1519 1957 προῖστορηκόσι
1574 1887 2043 1957 φιλοτιμούμενοι,
2076 1888 2109 1958 ἢ
2141 1890 2202 1943 τὸ
2231 1889 2460 1958 ἄπορον,
2489 1888 2564 1950 ὼς
2598 1887 2694 1957 ’μὴ
2723 1886 2948 1956 εὐχερὲς
3011 1884 3092 1949 ὃν,
3147 1883 3339 1950 λόγους
3404 1880 3735 1951 οἰκοδομεῖν·

490 1979 541 2032 εί
566 1978 648 2048 μὴ
679 1978 770 2030 ἐπὶ
817 1976 1087 2048 θεμελίοις
1120 1978 1349 2043 ὀθνείοις
1387 1979 1919 2051 προῦποτιθεμένοις
1951 1981 2154 2045 αὐτοὺς
2179 1982 2504 2051 ἑδράζομεν.

563 2071 650 2125 10.
679 2069 974 2126 Confestim
1004 2080 1059 2125 et
1081 2072 1334 2143 martyris
1356 2073 1613 2127 continua
1644 2075 1907 2143 unguenti
1930 2072 2066 2128 etfu-

494 2165 578 2219 sio
602 2178 850 2234 magnam
875 2177 983 2231 pra:
1004 2160 1126 2218 aliis
1146 2171 1199 2218 et
1221 2163 1272 2217 in
1293 2164 1544 2219 omnibus
1565 2164 1743 2220 ciebat
1767 2174 2066 2234 stuporem,

494 2267 547 2311 et
576 2257 854 2311 thesauros
889 2254 1274 2325 cogitationum
1309 2257 1653 2311 inveniebant
1681 2265 1946 2322 oratores,
1971 2272 2067 2312 au-

497 2347 758 2404 ditoribus
795 2346 1072 2412 studiosis,
1109 2347 1245 2403 scite
1280 2357 1631 2418 exponentes.
1668 2346 1778 2403 Nec
1811 2357 1892 2403 est
1923 2350 2067 2417 quod

496 2441 780 2511 quisquam
810 2456 842 2497 e
869 2440 1026 2497 nobis
1061 2440 1271 2496 fructus
1303 2440 1583 2497 uberiores
1614 2439 1906 2510 percipiat,
1935 2441 2067 2496 licet

495 2530 584 2584 diu
631 2530 685 2584 in
725 2529 907 2586 labore
939 2529 1295 2586 iusudaverit.
1342 2528 1516 2584 Simili
1553 2530 1713 2585 modo
1761 2530 1851 2600 qui
1883 2530 2064 2585 divina

2245 2080 2298 2130 ι’.
2327 2073 2535 2127 Αὐτίκα
2566 2072 2662 2126 καὶ
2690 2072 2721 2141 ἡ
2750 2069 2842 2125 τοῦ
2865 2067 3155 2138 ἀειϐρύτου
3196 2063 3528 2138 μαρτυρικοῦ
3556 2062 3741 2132 μύρου

2173 2169 2437 2238 πρόχυσις
2496 2166 2700 2237 μυρίαν
2753 2164 2863 2232 πρὸ
2900 2164 3009 2216 τῶν
3065 2161 3240 2215 ἄλλων
3290 2158 3599 2228 ἐπηγάγετο
3638 2158 3745 2210 καὶ

2173 2262 2312 2332 πρὸς
2342 2254 2604 2322 ἁπάντων,
2624 2257 2723 2328 τὴν
2754 2255 3038 2327 ἔκπληξιν,
3070 2254 3166 2306 καὶ
3196 2252 3502 2321 θησαυροὺς
3533 2250 3747 2318 νοημάα

2171 2370 2281 2408 των
2325 2352 2548 2424 ἐξεῦρον
2584 2353 2637 2404 οί
2670 2350 3127 2422 ῥητορεύσαντες,
3178 2346 3290 2409 τοῖς
3336 2343 3742 2413 φιλακροάμοσι

2171 2444 2510 2513 τεχνηέντως
2558 2443 2690 2497 αὐτὸ
2742 2441 3253 2509 διασκευασάμενοι.
3313 2438 3418 2491 Καὶ
3458 2435 3564 2491 οὐκ
3614 2434 3741 2486 ἔστι

2171 2537 2279 2590 τῶν
2307 2536 2431 2589 καθ’
2463 2536 2609 2604 ἡμᾶς
2637 2551 2760 2587 τινα
2791 2529 3240 2602 προσευπρῆσαι
3274 2527 3518 2588 κάλλιον,
3558 2527 3604 2577 εί
3638 2525 3739 2575 καὶ

493 2624 710 2692 sapiunt
732 2633 787 2679 et
814 2623 881 2679 de
907 2622 1126 2692 reliquis
1149 2622 1365 2678 victoris
1390 2622 1649 2693 prodigiis
1672 2622 2063 2689 disseruerunt,

2178 2628 2367 2698 μακρὰ
2394 2626 2673 2695 ὲνιδρὼσει
2701 2624 2779 2695 τῷ
2810 2625 3105 2693 πονήματι.
3130 2622 3234 2673 Τδν
3254 2621 3438 2688 ὅμοιον
3460 2617 3515 2670 δὲ
3534 2615 3747 2686 τρόπον

494 2725 609 2770 arte
640 2716 843 2785 optima
880 2714 1063 2770 Iaudes
1094 2714 1464 2782 celebrantes;
1501 2716 1643 2770 unde
1666 2716 1758 2785 qui
1793 2725 1942 2771 recte
1978 2728 2065 2770 co-

2172 2722 2217 2774 οί
2243 2722 2310 2774 τὰ
2345 2720 2463 2772 θεῖα
2520 2720 2678 2786 σοφοὶ
2733 2720 2830 2770 καὶ
2881 2718 2993 2779 τοῖς
3039 2715 3249 2776 λοιποῖς
3299 2710 3591 2781 ἐπεξῆλθον
3641 2706 3742 2759 τοῦ

494 2808 665 2878 gitant
710 2807 988 2876 ignoscent
1036 2805 1302 2870 benevoli,
1337 2806 1380 2860 si
1422 2806 1864 2874 supervenientes
1931 2820 2065 2861 nova

2172 2810 2466 2880 ἀθλοφόρου
2506 2808 2799 2879 θαύμασιν.
2856 2803 2915 2861 εὖ
2965 2806 3111 2875 μάλα
3143 2804 3631 2874 τεχνολογήσαντες
3668 2798 3742 2852 τά

496 2900 638 2954 nulla
703 2899 1028 2970 reperimus,
1086 2897 1182 2952 sed
1228 2897 1351 2952 aliis
1399 2910 1634 2951 consona
1690 2896 1972 2966 loquamur
2016 2907 2065 2951 et

2172 2904 2445 2973 ἑγκὼμιω
2484 2902 2610 2956 ὅθεν
2658 2904 2706 2955 oi
2760 2902 2896 2970 ὀρθά
2925 2898 3248 2971 φρονοῦντες
3302 2892 3742 2965 συγγνώσονται,

495 3000 644 3046 retro
676 3000 795 3059 post
821 2989 956 3043 alios
984 2997 1267 3043 currentes
1303 3001 1493 3041 eorum
1544 2994 1604 3041 ut
1654 2989 1895 3058 vestigiis
1941 2989 2065 3043 insi-

2172 2997 2330 3066 ειπερ
2352 2994 2568 3065 ὕστεροι
2597 2993 2975 3055 διεκπεσόντες
3003 2994 3187 3061 ἡμεῖς,
3222 2991 3299 3060 μὴ
3324 2987 3486 3043 καινά
3504 2982 3750 3055 προσεξ-

492 3091 733 3137 ειεηιυε.
756 3077 870 3136 Non
901 3079 1045 3134 enim
1070 3077 1271 3134 furtum
1306 3092 1413 3143 res,
1449 3092 1548 3133 nec
1575 3085 1660 3133 est
1688 3080 1829 3149 quod
1861 3079 1927 3135 ab
1952 3078 2065 3136 aliis

2177 3088 2453 3158 εὕρωμεν,
2488 3087 2627 3141 ἀλλά
2674 3104 2777 3138 που
2812 3087 2904 3138 καὶ
2936 3085 3207 3154 σύμφωνα
3231 3085 3341 3145 τοῖς
3373 3081 3551 3141 ἄλλοις
3576 3079 3748 3148 λαλή-

499 3172 886 3242 subripiamus,
918 3171 1011 3226 sed
1053 3170 1326 3235 fortuitus,
1362 3171 1649 3240 utopinor,
1680 3170 2069 3240 cogitationum

495 3278 817 3319 concursus.
842 3261 1216 3329 PhilosOphice
1240 3261 1382 3317 enim
1409 3262 1752 3333 cngitandum
1772 3261 1911 3340 quo.d
1930 3276 2073 3330 stupe

503 3375 532 3408 ει
567 3356 798 3411 diversis
831 3355 972 3410 idem
1016 3368 1210 3409 sensus
1258 3362 1496 3420 emanat,
1526 3362 1584 3409 et
1614 3355 1735 3424 quis
1780 3364 2069 3423 antequam

498 3445 698 3500 diluvio
748 3444 1102 3500 iuundaretur
1155 3444 1280 3514 (sic
1333 3444 1478 3499 enim
1533 3446 1875 3500 statuendum
1929 3444 2068 3513 est)

499 3548 667 3594 artem
695 3537 929 3610 aliquam
980 3536 1276 3592 adittveuit.
1308 3534 1439 3592 Tale
1466 3540 1605 3607 quod
1631 3535 1685 3591 in
1718 3551 1810 3592 eos
1832 3536 2068 3605 quicum

497 3632 609 3688 Noe
638 3639 792 3688 crant
816 3631 1156 3701 penetrabat,
1184 3631 1234 3684 in
1268 3644 1455 3685 eorum
1491 3631 1652 3685 corda
1684 3640 1737 3684 et
1765 3628 1985 3683 intravit
2015 3637 2072 3684 et

500 3725 745 3781 intrabit.
775 3723 939 3795 Igitur
967 3724 1056 3793 qui
1083 3725 1427 3778 sermonesin
1455 3724 1705 3794 martyris
1737 3731 2065 3791 unguentum

498 3818 613 3871 sive
642 3816 903 3886 reliquum
930 3813 1295 3886 prodigiorum
1328 3828 1474 3868 mare
1508 3822 1756 3882 mergunt
1788 3812 1927 3891 nihil
1943 3813 2071 3867 novi

500 3907 875 3976 perfecissent,
904 3907 1005 3961 nisi
1044 3909 1187 3962 sicut
1223 3907 1314 3976 qui
1366 3922 1557 3961 manus
1589 3907 1655 3961 ad
1690 3907 1865 3961 locum
1902 3921 2068 3960 unum

492 4000 732 4072 jungunt
758 4000 1214 4069 appropinquant,
1246 4000 1326 4053 sic
1354 4008 1416 4052 et
1448 3997 1521 4052 illi
1553 3999 1801 4053 manibus
1828 3997 2072 4052 scriben-

504 4106 585 4147 tes
615 4092 670 4146 iu
702 4106 865 4146 unum
898 4092 1235 4153 incumbant,
1266 4090 1359 4144 alii
1397 4089 1626 4144 aliorum
1655 4090 2072 4160 cogitationibus

502 4183 784 4252 propiores
833 4182 985 4239 facti.

2175 3192 2363 3245 σομεν,
2389 3180 2486 3231 καὶ
2511 3178 2740 3231 κατόπιν
2769 3178 2980 3239 θέοντες
3009 3176 3209 3245 ἐτέρων
3235 3174 3384 3228 ἐστιν
3406 3174 3540 3227 ὅπου
3563 3173 3743 3243 ἴχνεσι

2176 3270 2623 3340 συμπεσούμεθα.
2654 3268 2731 3324 Οὐ
2757 3271 2866 3340 γὰρ
2893 3269 3068 3338 κλοπὴ
3094 3270 3155 3321 τὸ
3178 3269 3431 3338 πρᾶγμα,
3456 3267 3565 3320 οὐδ’
3588 3267 3748 3318 ἔστιν

2173 3363 2472 3433 ἀλλοτρίων
2503 3361 3038 3434 παρανοσφίσασθαι,
3090 3361 3207 3414 ἀλλ’
3239 3360 3544 3429 αὐτόματος
3581 3355 3743 3425 οἶμαι

2174 3455 2459 3524 νοημάτων
2498 3456 2899 3529 συνέμπτωσις.
2935 3455 3222 3522 Λογιττέον
3275 3454 3385 3522 γὰρ
3433 3450 3744 3518 φιλοσοφὼ-

2173 3562 2351 3612 τερον,
2400 3546 2477 3608 ὡς
2532 3548 2593 3598 τὸ
2653 3546 2782 3597 αύτὺ
2833 3546 3012 3613 νόημα
3054 3545 3311 3607 πολλάκις
3342 3544 3422 3606 είς
3445 3543 3747 3611 διαφόρους

2175 3637 2323 3691 ἔστιν
2353 3637 2618 3700 ἀνελθεῖν,
2649 3639 2741 3692 καί
2776 3655 2877 3700 τις,
2914 3640 3045 3705 πρὶν
3085 3638 3117 3706 ἦ
3163 3635 3604 3705 κατακλυσθῆναι
3638 3635 3745 3702 τὴν

2173 3733 2277 3799 γῆν
2308 3729 2513 3799 (θετέον
2558 3731 2666 3800 γάρ
2691 3729 2856 3797 οὕτω)
2877 3773 2890 3794 ,
2926 3730 3205 3798 ἐλογίσατό
3240 3748 3291 3781 τι
3344 3728 3526 3795 σοφόν.
3583 3727 3659 3779 Τὸ
3688 3727 3750 3778 δὲ

2174 3818 2261 3893 ἦν,
2300 3824 2481 3875 ὁποῖον
2537 3825 2629 3876 καὶ
2679 3824 2759 3884 εἰς
2787 3823 2914 3887 τοὺς
2948 3824 3082 3891 μετᾶ
3107 3824 3197 3873 τὸν
3244 3822 3369 3873 Νῶε
3412 3818 3750 3872 καταόαῖνον

2175 3917 2254 3977 εἰς
2277 3916 2377 3979 τάς
2416 3914 2641 3969 ἐκείνων
2693 3915 2919 3986 καρδίας
2950 3917 3041 3967 καὶ
3073 3915 3237 3981 ἀνέϐη
3269 3914 3361 3966 καὶ
3386 3912 3748 3982 ἀνδόήσεται.

2173 4006 2287 4058 Καὶ
2324 4005 2506 4058 τοίνυν
2543 4005 2639 4059 καὶ
2682 4007 2731 4058 oi
2776 4007 2900 4065 τοὺς
2929 4005 3117 4073 λόγους
3168 4007 3247 4067 εἰς
3288 4005 3347 4056 τὸ
3376 4003 3468 4056 τοῦ
3528 4004 3755 4072 μάρτυ-

2180 4094 2319 4165 ροςῆ
2348 4095 2538 4166 μύρον,
2581 4097 2615 4166 ἢ
2644 4097 2744 4166 τὴν
2771 4096 2960 4166 λοιπὴν
2986 4097 3093 4148 τῶν
3123 4097 3419 4165 θαυμάτων
3464 4095 3755 4146 θάλασσαν

2175 4186 2491 4255 βάπτοντες,
2531 4189 2632 4243 οὐκ
2678 4189 2745 4243 ἂν
2772 4191 3220 4259 καινοπραγοῖεν,
3265 4189 3382 4253 ἐὰν,
3412 4188 3668 4255 καθάπερ
3696 4189 3753 4240 οἱ

502 4280 601 4341 τὰς
642 4279 831 4348 χεῖρας
859 4280 939 4342 είς
971 4280 1135 4334 τόπον
1172 4280 1269 4334 ἕνα
1304 4278 1704 4348 συμϐάλλοντες
1739 4279 2067 4348 ἐγγίζουσιν,
2101 4280 2242 4337 οὕτω
2290 4287 2384 4340 καὶ
2437 4285 2591 4339 αὐτοὶ
2645 4290 3135 4358 χειρογραφοῦντες
3194 4288 3273 4349 είς
3327 4285 3386 4337 ἒν
3433 4284 3752 4344 ἅπτωνται,

504 4365 614 4425 οἷον
639 4372 886 4441 ἀλλήλων
914 4373 1024 4435 τοῖς
1047 4372 1280 4442 νοήμασι
1320 4371 1724 4441 πλησιάζοντες.

574 4465 662 4517 Η.
691 4462 817 4517 Mihi
855 4477 1005 4530 ergo,
1039 4463 1129 4530 qui
1183 4475 1490 4516 sermonem
1546 4460 1615 4515 de
1659 4463 1913 4534 martyris
1947 4478 2065 4532 ope-

2253 4462 2572 4532 ια’.Ἐμοιγ’
2591 4463 2703 4528 οὖν,
2726 4464 2883 4531 λόγον
2910 4466 3009 4534 μέν
3024 4482 3140 4517 τινα
3167 4464 3257 4516 ἐπὶ
3279 4466 3390 4527 τοῖς
3408 4464 3501 4516 τοῦ
3539 4466 3759 4533 μάρτυ-

502 4555 656 4611 ribus
674 4569 868 4609 novum
884 4564 939 4609 et
962 4553 1288 4624 exquisitum
1315 4568 1627 4622 comparare
1655 4564 1881 4610 conatus
1902 4572 2069 4619 cram,

2182 4570 2270 4623 ρος
2300 4556 2493 4624 νεαρδν
2521 4557 2611 4609 καὶ
2642 4556 2951 4625 πρόσφατον
2971 4558 3048 4617 εἰς
3067 4557 3345 4627 ἐξεύρημα
3367 4562 3757 4626 κατεργασμέ-

502 4645 752 4717 gloriatio
775 4654 895 4700 erat
924 4645 1078 4713 quasi
1111 4643 1431 4699 reccntioris
1462 4643 1588 4698 dicti
1646 4641 1989 4709 inventionis,
2022 4655 2065 4700 el

2178 4663 2273 4716 νῳ,
2329 4646 2587 4718 καύχημα
2644 4648 2702 4700 τὸ
2767 4651 2998 4720 πρᾶγμα
3031 4644 3099 4718 ἦν
3157 4648 3241 4713 ἂν,
3294 4648 3372 4710 ὡς
3424 4650 3754 4717 καινοτέρου

503 4736 845 4808 contingebat
874 4744 931 4791 ut
956 4736 1244 4807 gauderem
1275 4736 1399 4805 quia
1429 4737 1623 4793 anima:
1651 4754 1869 4807 campus
1893 4738 2065 4807 spicas

2176 4737 2522 4806 ἀκούσματος
2570 4740 2792 4812 εὑρεθῇ,
2853 4742 2947 4793 καὶ
2977 4728 3245 4812 ἐπήρχετο
3275 4742 3341 4794 ἂν
3368 4738 3602 4811 χαίρειν,
3665 4742 3753 4795 ὅτι

503 4828 839 4899 germinabat
864 4842 968 4882 non
1005 4826 1443 4885 contemnendas.
1473 4828 1801 4883 Incidentem
1832 4843 1957 4883 vero
1986 4843 2065 4883 me

2180 4846 2269 4898 μοι
2303 4831 2362 4881 τὸ
2387 4830 2483 4898 τῆς
2504 4831 2681 4902 ψυχῆς
2712 4832 2862 4901 λήϊον
2885 4833 3157 4901 ἀστάχυας
3187 4833 3310 4900 φύει
3342 4836 3441 4886 οὐκ
3473 4836 3751 4899 ἀγεννεῖς,

505 4919 557 4972 iu
583 4918 760 4988 aliqua
787 4918 974 4973 eadem
1018 4932 1137 4986 qua:
1166 4917 1532 4987 praecellentcr
1561 4917 1898 4987 scripserunt
1957 4918 2065 4983 alii,

2181 4920 2301 4973 οὐδὲ
2353 4922 2498 4986 οἴους
2545 4924 2975 4995 ὲξαθερίζεσθαι.
3011 4926 3414 4995 Συνεμπεσόντι
3464 4926 3519 4978 δέ.
3576 4942 3751 4992 τισιν,

502 5027 603 5068 nec
632 5014 760 5069 illud
782 5013 936 5085 longe
963 5029 992 5070 a
1011 5014 1327 5084 gloriatione
1351 5014 1685 5069 convenienti
1717 5013 1921 5081 rejieit;
1949 5015 2065 5083 qu'a

2178 5003 2251 5063 ὧν
2274 5012 2752 5084 ἐκαλλιγράφησαν
2773 5018 2968 5085 ἕτεροι,
2995 5016 3113 5069 οὐδὲ
3141 5018 3297 5069 τοῦτο
3317 5016 3420 5082 ἔξω
3455 5018 3521 5069 ἂν
3553 5015 3756 5071 πίπτοι

502 5118 556 5160 et
572 5105 686 5175 ipse
704 5106 1098 5160 sermocinandi
1126 5115 1347 5161 ornatus
1369 5120 1492 5161 sum
1514 5106 1739 5169 honore,
1756 5106 1894 5160 sicut
1921 5116 2072 5159 aute-

501 5212 749 5255 cessores
798 5195 1010 5259 diserti,
1044 5206 1099 5250 et
1151 5196 1411 5251 orationis
1456 5195 1710 5264 scapham
1748 5196 1798 5248 in
1847 5196 2068 5251 eosdem

501 5304 690 5344 amnes
719 5299 925 5354 tenens,
957 5288 1145 5342 eodem
1181 5288 1291 5340 fere
1348 5288 1563 5341 tramite
1592 5286 1857 5355 navigavi.

575 5470 660 5524 l2.
700 5467 789 5523 Sic
820 5484 947 5538 ergo
976 5468 1038 5521 ad
1063 5469 1258 5523 bonum
1286 5469 1611 5523 confirmato
1639 5469 1818 5523 animo
1840 5484 1985 5533 meo,
2019 5478 2073 5521 et

505 5560 714 5616 fortiter
735 5572 937 5625 erecto,
953 5561 1003 5613 in
1028 5559 1212 5629 primis
1232 5563 1515 5632 cxumiuo(
1535 5564 1667 5615 ratio
1680 5562 1819 5615 enim
1839 5560 2003 5630 exigit
2022 5571 2077 5615 ut

506 5652 595 5719 qui
614 5654 790 5708 tlefitit
809 5656 957 5722 prius
977 5655 1241 5709 defectum
1271 5663 1529 5722 quantum
1559 5664 1733 5721 potest
1762 5653 1994 5721 deponat
2024 5664 2078 5706 et

503 5755 571 5795 ex
606 5741 792 5798 ordine
823 5754 1015 5800 tractet
1046 5750 1103 5817 );
1140 5762 1242 5816 qua
1281 5748 1337 5799 ﬁt
1369 5755 1423 5798 ut
1452 5755 1525 5799 tot
1551 5753 1602 5798 et
1633 5745 1794 5796 tantis
1834 5759 1929 5811 pro
1965 5743 2073 5798 Duo

2178 5102 2271 5154 τοῦ
2295 5102 2520 5165 δεόντως
2546 5105 2753 5174 αὐχεῖν,
2807 5106 2891 5158 ὅτι
2922 5108 3015 5159 καὶ
3046 5108 3208 5169 αὐτὸς
3255 5107 3491 5176 ὴξίωμαι
3519 5106 3756 5174 λογίσα-

2181 5194 2324 5259 σθαι,
2354 5196 2454 5249 ὅσα
2490 5199 2586 5250 καὶ
2618 5200 2667 5251 oi
2703 5199 3004 5267 φθάσαντες
3033 5199 3222 5267 λόγιοι,
3259 5203 3353 5253 καὶ
3377 5201 3435 5253 τὸ
3463 5201 3556 5252 τοῦ
3581 5200 3753 5266 λιζγου

2183 5285 2390 5354 σκάφος
2413 5290 2491 5347 είς
2524 5288 2614 5342 τὸν
2651 5290 2813 5342 αὑτὸν
2842 5290 3073 5353 ἐκείνοις
3117 5291 3244 5360 ῥοῦν
3276 5290 3504 5359 ὲπαςρεὶς
3550 5291 3757 5361 ετεμόν

2182 5391 2285 5428 που
2321 5380 2420 5431 καὶ
2451 5380 2551 5447 τὴν
2580 5382 2751 5451 αὐτὴν
2786 5385 2927 5436 κατὰ
2952 5402 3071 5437 τινα
3106 5384 3435 5452 συνδρομήν.

2255 5470 2341 5543 ιβ’.
2370 5470 2527 5526 Οὕτω
2557 5472 2688 5538 γοῦν
2719 5475 2953 5543 ἐμαυτὸν
2980 5477 3326 5545 καταστήσας
3346 5477 3403 5527 ἐν
3436 5473 3587 5542 καλῷ
3618 5473 3761 5525 κάν-

2183 5566 2377 5630 ταῦθα,
2410 5565 2505 5617 καὶ
2533 5565 2595 5617 τὸ
2629 5565 2852 5634 θαρρεῖν
2879 5564 3060 5633 λέγειν
3088 5565 3391 5629 ἀναλαῦὼν,
3424 5568 3483 5619 ἐν
3510 5566 3760 5633 πρώτοις

2188 5654 2513 5722 σιδννοοῦμαι
2547 5642 2807 5723 (χρ-η’γὰρ
2833 5654 3066 5723 ὲλλόγως
3081 5656 3433 5725 ἀπορήσαντα
3459 5654 3756 5724 πρότερον,

2183 5745 2275 5797 καὶ
2313 5745 2411 5813 τὴν
2443 5745 2692 5813 ἀπορίαν,
2755 5746 2862 5816 ὅπη
2900 5745 3141 5813 δυνατὸν,
3192 5745 3608 5815 ἐπιλυσάμενον,
3637 5761 3756 5814 χω-
