4002 6208
268 369 377 433 177

1419 317 1804 422 LAUoATIo
1830 360 1890 417 s.
1935 355 2335 418 DEMETRII.

3407 352 3533 418 178ίή

268 481 389 547 ρεῖν
430 473 528 527 ἐπὶ
563 473 626 526 τά
661 474 832 543 ἐξῆς),
879 473 1023 537 ὅπως
1058 474 1187 544 ἄρα,
1228 475 1435 528 πολλῶν
1477 475 1566 528 καὶ
1601 474 1850 543 μεγάλων

1976 471 2184 524 mimam
2233 467 2553 539 ponentibus
2602 479 2653 522 et
2683 468 2890 538 magnis
2922 466 2972 521 in
3029 465 3513 545 prta-liiS'insudnn;

269 567 416 637 ὑπὲρ
442 564 580 617 Θεοῦ
610 564 936 617 τεθεικότων
962 564 1057 629 τὰς
1087 563 1283 636 ψυχάς,
1312 565 1405 619 καὶ
1437 565 1711 633 μεγίστοις
1736 567 1844 615 ενι-

269 657 565 727 δρωκότων
611 655 810 721 ἀγῶσι,
852 658 960 718 τοῖς
998 656 1096 727 μὲν
1125 658 1261 723 μετὰ
1291 657 1382 709 καὶ
1408 658 1733 724 τραυμάτων
1757 656 1848 710 καὶ

271 750 527 817 αἱμάτων
575 747 684 800 τῶν
733 749 793 815 ἐξ
845 747 1161 817 ἀθλήσεως,
1204 749 1319 810 τοῖς
1373 747 1428 800 δὲ
1477 748 1568 800 καὶ
1589 747 1760 810 ἄλλως
1791 748 1847 814 ἐξ

272 842 589 912 ἀσκήσεως,
618 840 716 909 οὑχ
756 839 959 892 ἅπασιν
993 841 1025 909 ἠ
1055 826 1147 891 τοῦ
1183 838 1356 909 μύρου
1409 838 1596 909 βλύσις
1626 839 1850 905 πεφιλο-

268 933 528 1000 τίμηται,
580 930 717 986 ἀλλά
771 947 883 983 τισι
940 932 1253 1000 μετρητοῖς,
1305 931 1398 983 καὶ
1447 929 1536 993 οὓς
1575 933 1702 1001 ῥᾷόν
1733 932 1846 984 ἐστι

273 1022 698 1089 καθυπαγαγεῖν
728 1020 983 1094 ἀριθμῷ·
1039 1023 1096 1073 ἐν
1147 1016 1226 1082 οἷς
1260 1021 1352 1072 καὶ
1401 1021 1459 1072 τὸ
1489 1026 1584 1091 τῆς
1633 1023 1852 1090 ἁπάσης

279 1114 388 1182 μὲν
414 1114 697 1182 ἐξαίρετον
730 1113 982 1182 ἄκουσμα
1016 1113 1172 1181 τῆσδε
1214 1112 1338 1165 καθ’
1368 1114 1511 1183 ἡμᾶς
1544 1112 1748 1184 ταύτης
1771 1114 1852 1167 oi-

280 1207 562 1274 κουμένης
591 1207 689 1258 καὶ
718 1204 809 1257 ἐπὶ
840 1203 1002 1257 πλέον
1027 1202 1323 1273 ἀγλάϊσμα.
1363 1205 1472 1257 Καὶ
1504 1203 1726 1276 φέρεται
1754 1204 1853 1275 μὲν

280 1296 444 1362 λόγος
470 1293 861 1364 πρεσϐυτικὺς,
899 1293 1173 1346 καθιστῶν
1209 1294 1307 1358 τὴν
1351 1293 1444 1346 τοῦ
1478 1294 1851 1366 ἀπορουμένου

281 1384 491 1453 δεσμοῦ
532 1384 689 1436 λύσιν
718 1384 799 1445 εἰς
839 1383 901 1435 τὸ
942 1382 1180 1453 καθαρὸν
1225 1382 1319 1436 τοῦ
1366 1383 1485 1453 βίου
1531 1384 1624 1436 καὶ
1657 1384 1735 1446 εἰς
1765 1385 1871 1437 τὸν

282 1478 456 1537 ἔλεον,
513 1470 595 1537 οἷς
638 1474 1002 1542 ἰνευδοκιμῶν
1047 1490 1213 1542 φασιν
1257 1473 1523 1543 ὑπερλίαν
1561 1474 1588 1526 6
1618 1473 1857 1545 ἀθλητὴς

280 1569 446 1636 ἔλαχε
482 1566 681 1618 θεόθεν
722 1567 801 1629 εἰς
836 1568 1004 1635 γέρας
1035 1566 1135 1636 τὴν
1182 1564 1277 1618 τοῦ
1339 1565 1511 1635 μύρου
1577 1564 1854 1620 ἓκδλυσιν.

281 1661 399 1714 Καὶ
434 1659 636 1729 σεμνὸς
684 1658 786 1728 μὲν
824 1658 853 1709 ὁ
906 1658 1065 1725 λόγος
1098 1653 1277 1723 οὗτος,
1304 1658 1507 1727 φλέϐας
1535 1657 1687 1719 τινὰς
1714 1642 1856 1710 ὑπαέ

282 1751 508 1819 νοίγων,
546 1749 607 1814 ἐξ
649 1743 724 1803 ὧν
756 1748 852 1802 καὶ
881 1749 1063 1802 αὑτῶν
1115 1748 1261 1801 ἔστιν
1307 1748 1769 1819 ἀναρρυἲσκεσθαι
1800 1748 1860 1802 τὸ

280 1843 387 1896 τοῦ
436 1842 610 1912 μύρου
658 1841 862 1895 καλόν
909 1842 1034 1910 ἐμοὶ
1083 1839 1140 1893 δὲ
1186 1841 1245 1893 τὸ
1298 1839 1480 1910 ζητεῖν
1534 1840 1593 1895 οὑ
1623 1840 1762 1894 πάνυ
1812 1858 1863 1897 τι
1893 1821 1937 1877 Β

282 1934 521 1987 ἔπαυσε.
552 1932 787 2000 Μυρίοις
814 1930 923 2000 γὰρ
954 1930 1101 1993 ὅσοις
1135 1929 1203 1983 τὰ
1226 1930 1406 1998 ἀγαθά
1445 1930 1543 2000 μὲν
1575 1927 1745 1983 ταῦτα
1770 1926 1863 1983 καὶ

282 2028 367 2086 ei;
395 2022 705 2093 ὑπερϐολὴν
738 2022 1116 2092 ὲνέλαμψεν,ὴ
1157 2023 1215 2074 ὲν
1248 2022 1348 2091 βίῳ
1385 2025 1524 2091 φημῖ
1557 2021 1864 2092 καθαρότης

285 2119 385 2169 καὶ
409 2118 438 2169 ό
466 2115 617 2177 ἕλεος
638 2129 653 2144 ·
690 2114 790 2184 οὑχ
816 2113 990 2167 ἅπασι
1019 2113 1075 2166 δὲ
1110 2116 1144 2184 ἡ
1174 2111 1267 2166 τοῦ
1318 2114 1491 2184 μύρου
1518 2114 1660 2176 δόσις
1705 2131 1865 2182 πεφι-

286 2208 609 2276 λοτίμηται.
1392 2189 1401 2199 ’

366 2304 461 2363 ιγ’.
488 2295 762 2366 Ζητητέον
790 2293 883 2347 οὖν
927 2294 1022 2347 καὶ
1072 2293 1274 2364 ἑτέρων
1318 2295 1659 2367 ἀνακαλύψαι
1693 2298 1752 2348 τὸ
1779 2314 1870 2350 κε-

289 2386 619 2454 κρυμμένον
645 2384 741 2453 τῆς
770 2382 1001 2445 λύσεως.
1036 2381 1149 2434 Καὶ
1199 2383 1409 2452 μήποτε
1434 2379 1556 2436 οὐδὲ
1581 2384 1737 2437 τοῦτο
1765 2384 1868 2451 ἔξω

283 2474 390 2527 τοῦ
426 2471 741 2542 προσφιλοῦς
762 2511 777 2535 ,
824 2470 900 2533 ὡς
944 2469 1055 2539 ἄρα
1082 2471 1267 2529 τόποις
1310 2485 1369 2522 τε
1405 2470 1499 2522 καὶ
1532 2470 1873 2540 προσώποις,

285 2566 432 2634 παρ’
458 2560 541 2624 οἷς
564 2564 617 2615 οἱ
650 2560 884 2614 τοιοῦτοι
910 2564 1117 2614 κεῖνται
1151 2561 1439 2637 θησαυροὶ,
1477 2563 1558 2623 εἰς
1589 2561 1707 2615 δέον
1729 2561 1870 2615 ἄνωο

287 2657 395 2708 θεν
447 2653 797 2724 ἐπεψηφίσθη
850 2652 912 2704 τὸ
964 2652 1460 2723 θαυματούργημα.
1525 2654 1724 2725 Ἐχρῆν
1759 2654 1870 2724 γάρ

284 2749 418 2815 ἤτοι
448 2743 695 2814 ἀρχῆθεν
726 2743 888 2806 εὐθὺς
914 2743 995 2806 είς
1026 2742 1157 2795 Θεὸν
1183 2743 1557 2812 στειλαμένοις
1585 2747 1695 2807 τοῖς
1725 2742 1871 2798 Exsi-

287 2854 395 2890 νου
450 2837 816 2904 θεραπευταῖς
873 2834 1314 2902 ἐπακολουθῆσαι
1364 2836 1459 2887 καὶ
1494 2835 1734 2889 τοιοῦτον
1774 2853 1872 2913 σητ-

290 2928 459 2996 μεῐον
489 2928 570 2988 εἰς
600 2926 852 2993 ἐντάφιον
876 2926 1267 3004 ¹ιξολυτίμητον,
1298 2926 1329 2994 ἢ
1374 2926 1469 2978 καὶ
1508 2928 1648 2994 μετὰ
1680 2929 1871 2999 καιρὸν

287 3019 534 3085 ὕστερον
554 3034 570 3049 ·
623 3017 720 3070 καὶ
763 3016 943 3079 τοῦτο,
976 3016 1104 3069 ἔνθα
1137 3018 1274 3086 πρὸς
1318 3017 1523 3086 ἀγαθοῦ
1558 3013 1627 3088 ἦν
1657 3019 1753 3071 καὶ
1781 3019 1875 3071 εὑ-

278 3113 585 3179 ησύμφορον
630 3110 744 3170 τοῖς
771 3108 1093 3177 περιοίκοις,
1129 3109 1333 3162 τοιόνδε
1367 3109 1756 3179 κληρώσασθαι
1782 3126 1872 3164 τε·

295 3200 667 3270 ρατούργημα
690 3214 706 3230 ·
735 3197 812 3261 ὡς
844 3197 909 3252 ἂν
940 3198 1019 3268 τῷ
1060 3198 1198 3267 πρὸς
1244 3199 1504 3260 ἀπίστους
1540 3199 1743 3263 εὐθέτῳ
1775 3215 1872 3265 ση-

296 3290 451 3361 μείῳ
479 3288 832 3358 στερεωθεῖεν
858 3289 905 3341 oi
939 3286 1169 3340 τοιοῦτοι
1198 3291 1263 3339 τὰ
1313 3290 1391 3349 είς
1439 3288 1539 3354 τὴν
1568 3287 1716 3339 θείαν
1742 3289 1877 3357 θρη-

296 3380 522 3441 σκείαν,
554 3381 646 3432 καὶ
692 3376 1073 3447 θεμελιωθεῐεν
1101 3376 1409 3446 σαθρότητα
1435 3376 1718 3445 λογισμοῦ.
1768 3376 1877 3430 Καὶ

293 3472 493 3525 τοίνυν
523 3468 965 3541 ἑτερατουργήθη
1010 3468 1133 3520 τότε
1162 3468 1220 3519 τι
1258 3467 1492 3531 ἐξαίσιον
1517 3468 1736 3536 ἀγαθὸν,
1766 3469 1876 3520 εἴτε

297 3566 377 3631 τῇ
412 3561 743 3631 μεταστάσει
786 3561 1117 3629 συγχρόνως,
1150 3557 1259 3609 εἴτε
1289 3561 1381 3609 καὶ
1412 3559 1529 3624 μετ’
1552 3559 1723 3628 αὑτήν
1744 3576 1758 3589 ·
1783 3558 1877 3610 καὶ

298 3650 467 3704 δοθὲν
488 3654 822 3720 παρέμενεν,
845 3650 933 3702 ἴνα
963 3649 1042 3718 τῷ
1078 3648 1211 3718 θείῳ
1235 3664 1293 3700 τε
1324 3647 1623 3717 χαρίσματι
1654 3648 1714 3699 τὸ
1739 3651 1878 3718 άμε-

300 3741 623 3810 ταμέλητον
666 3737 1062 3807 περισώζοιτο,
1113 3739 1210 3789 καὶ
1257 3738 1307 3789 oi
1339 3735 1687 3799 πιστεύοντες
1738 3735 1880 3789 οὕτω

304 3834 694 3886 πλατύνοιντο.
723 3829 1130 3898 Ἐπαυξομένης
1151 3829 1206 3881 δὲ
1222 3827 1474 3881 ἐντεῦθεν
1496 3828 1596 3897 τῆς
1622 3827 1878 3893 πίστεως,

301 3919 394 3983 οἷς
424 3924 470 3971 oi
496 3920 777 3989 ἅνθρωποι
807 3915 945 3972 εἶδον
987 3917 1265 3986 θαυμάσια
1292 3918 1509 3985 καὶτῆς
1541 3918 1681 3970 κατὰ
1706 3916 1882 3988 ψυχὴν

304 4016 395 4075 εἰς
429 4014 564 4065 Θεὸν
590 4013 687 4065 καὶ
710 4013 779 4064 τά
807 4010 928 4064 θεῖα
958 4009 1413 4077 ύπαναπτδμὲνης
1453 4009 1783 4078 θερμότητος
1805 4009 1885 4079 τῷ

307 4103 626 4170 παραμόνῳ
668 4099 761 4151 τοῦ
797 4099 1094 4167 θαύματος,
1142 4098 1235 4149 καὶ
1280 4098 1676 4167 ὲκφαινομένης
1718 4100 1798 4160 είς
1824 4096 1884 4149 τὸ

308 4193 722 4262 λαμπρότερον,
778 4190 1095 4260 ὲστηρίχθη,
1154 4188 1250 4241 καὶ
1312 4190 1392 4250 εἰς
1438 4187 1656 4243 αἰώνιον
1712 4205 1885 4259 παρε-

310 4287 482 4354 τάιη,
518 4285 612 4336 καὶ
643 4283 870 4334 ἁένναον
899 4285 1142 4349 κέχυται.

392 4391 440 4428 ιο
455 4377 481 4429 ⁸.
522 4377 633 4429 Καὶ
653 4374 814 4426 τοῦτο
844 4374 941 4442 μὲν
967 4373 1136 4433 οὕτως
1168 4371 1235 4424 ἂν
1273 4373 1385 4442 ἔχοι
1418 4375 1479 4424 τὸ
1518 4370 1738 4439 εὔλογον
1760 4387 1773 4403 ·
1811 4374 1885 4427 el-

1955 564 2113 628 tibns,
2146 562 2247 616 illis
2300 560 2606 615 vulneribus
2662 570 2713 615 et
2748 574 2944 616 eruore
2970 561 3109 615 inter
3142 561 3512 628 praeliandum,

1951 653 2034 706 his
2060 653 2194 706 alias
2223 650 2289 705 ad
2319 651 2719 705 meditationem
2751 665 2810 707 se
2836 651 3240 718 exercentibus,
3272 666 3379 706 non
3401 667 3518 706 om-

1953 744 2107 797 nibus
2159 730 2551 811 u'ngnentorutn
2581 740 2770 796 effusio
2822 743 3056 813 gloriosa
3106 742 3391 807 habeatur.
3420 743 3516 800 sed

1953 832 2298 901 quibusdam,
2323 844 2375 889 et
2411 834 2462 887 in
2500 849 2770 896 mensura.
2804 843 2859 891 et
2884 837 2974 906 qui
3021 835 3175 911 facile
3203 847 3388 892 essent
3416 853 3517 892 nu-

1957 939 2105 978 mero
2152 926 2471 990 aestimandi,
2498 926 2793 997 de.quibus
2847 937 2956 982 tum
2990 927 3205 997 quidem
3239 931 3299 985 lit
3331 943 3521 985 rumor

1953 1015 2155 1071 electus
2185 1032 2279 1085 per
2309 1019 2613 1073 universam
2661 1030 2881 1087 terram,
2915 1032 3024 1077 tum
3057 1036 3184 1077 vero
3208 1036 3308 1091 per
3339 1023 3518 1092 regio-

1958 1119 2077 1158 nem
2105 1105 2241 1160 hanc
2268 1119 2503 1161 nostram
2529 1117 2582 1162 et
2609 1107 2837 1178 amplior
2867 1108 3136 1178 splendor.
3156 1109 3223 1167 Et
3251 1110 3304 1164 in
3329 1126 3519 1167 senum

1955 1193 2212 1248 concione
2238 1192 2409 1250 fertur
2460 1195 2797 1251 vinculorum
2825 1198 3146 1256 solutionem
3188 1200 3244 1254 in
3273 1199 3397 1257 vita:
3424 1216 3523 1269 pn-

1954 1283 2116 1339 ritate
2168 1284 2626 1344 constituentibus
2683 1296 2737 1344 et
2790 1290 2844 1345 in
2898 1291 3294 1354 misericordia.
3325 1292 3523 1362 quibus

1958 1379 2462 1446 superabundanter
2521 1382 2842 1450 nitescebat,
2882 1384 3136 1440 athletam
3179 1401 3209 1440 a
3247 1383 3355 1438 Deo
3385 1400 3523 1442 mer-

1958 1469 2145 1523 cedem
2183 1473 2441 1540 unguenti
2472 1472 2787 1529 eﬂusionem
2818 1476 3139 1533 obtinuisse.
3166 1476 3360 1534 Gravis
3395 1477 3523 1550 qui:

1959 1560 2077 1614 dem
2108 1561 2218 1615 haec
2247 1563 2507 1628 narratio,
2533 1580 2695 1622 venas
2721 1568 3025 1638 aperiens,e
3053 1569 3248 1643 quibus
3290 1571 3524 1627 scaturit

1960 1652 2214 1720 unguenti
2235 1651 2403 1719 odor;
2432 1654 2562 1709 mihi
2590 1671 2717 1712 vero
2744 1655 3137 1728 disquisitionis
3164 1675 3274 1716 non
3303 1662 3525 1719 omnino

1967 1738 2067 1793 fuit
2091 1735 2369 1797 cessandte
2396 1758 2583 1800 causa.
2608 1746 2824 1801 Etenim
2851 1747 2908 1803 in
2938 1747 3123 1805 decem
3148 1752 3389 1807 millibus
3409 1753 3525 1809 htec

1968 1831 2188 1899 quidem
2219 1833 2361 1888 bona
2386 1845 2441 1890 et
2466 1851 2633 1908 supra
2666 1840 2882 1896 modum
2901 1842 3241 1910 enituerunt,
3261 1844 3380 1899 dico
3401 1845 3526 1899 vita

1969 1923 2179 1991 puritas
2202 1934 2259 1980 et
2294 1927 2691 1998 misericordia,
2733 1946 2840 1988 non
2878 1933 3131 1990 omnibus
3187 1945 3370 2009 autem
3411 1935 3527 2008 glo-

1970 2013 2112 2068 riosa
2137 2018 2400 2086 unguenti
2415 2018 2607 2076 effusio
2636 2022 2839 2079 tributa
2860 2034 2963 2082 est.

2043 2278 2128 2334 15.
2164 2278 2526 2346 Quaerendum
2554 2295 2764 2356 ergo,et
2817 2290 2884 2343 ab
2934 2289 3053 2345 aliis
3088 2291 3526 2362 patefaciendum

1971 2370 2261 2426 solutionis
2283 2387 2561 2430 arcanum.
2591 2375 2700 2432 Nec
2724 2378 2855 2433 illud
2891 2378 3030 2436 forte
3052 2390 3203 2437 extra
3234 2385 3315 2443 rei
3363 2388 3530 2441 ratio-

1976 2469 2122 2519 nem,
2162 2471 2361 2527 nempe
2400 2459 2452 2513 in
2477 2460 2613 2517 locis
2643 2472 2696 2517 et
2718 2465 2987 2531 personis,
3016 2467 3072 2522 in
3112 2469 3310 2538 quibus
3340 2472 3531 2543 hujus-

1974 2548 2118 2601 modi
2148 2550 2523 2606 reconduntur
2556 2552 2792 2608 thesauri
2832 2568 3138 2625 opportune
3159 2561 3227 2616 ab
3276 2564 3388 2633 alto
3441 2566 3535 2618 de-

1975 2647 2186 2692 cretum
2208 2640 2651 2697 estmiraculum.
2678 2644 2759 2700 Ab
2796 2646 2952 2702 initio
2980 2651 3125 2704 enim
3159 2654 3439 2720 oportebat
3466 2659 3539 2711 ad

1973 2730 2142 2785 Deum
2167 2732 2365 2789 missos
2392 2733 2509 2803 ejus
2531 2749 2717 2792 servos
2743 2737 3052 2808 hujusmodi
3102 2742 3379 2813 signorum
3440 2763 3528 2805 cce

1974 2820 2168 2874 mitatu
2198 2820 2393 2891 stipari
2422 2823 2476 2876 in
2508 2823 2841 2892 sepulturam
2876 2825 3190 2897 gloriosam,
3230 2842 3327 2887 aut
3367 2835 3530 2893 etiam

1977 2927 2073 2983 per
2097 2912 2438 2982 subsequens
2488 2922 2727 2985 tempus.
2777 2918 2923 2987 quod
2957 2919 3032 2974 ibi
3077 2936 3175 2992 pro
3227 2923 3368 2981 bono
3415 2936 3536 2983 erat

1978 3005 2283 3077 vicinisque
2317 3007 2469 3062 valde
2495 3009 2625 3063 utile
2654 3008 2796 3064 hanc
2848 3013 3077 3081 prodigii
3129 3016 3318 3073 venire
3367 3021 3541 3079 lia-ree

1977 3098 2238 3165 ditatem;
2268 3099 2341 3153 ita
2379 3108 2437 3153 ut
2468 3100 2570 3155 hoe
2606 3101 2674 3156 ad
2725 3101 2966 3159 infideles
2996 3115 3125 3175 apto
3155 3107 3309 3180 signo
3341 3114 3538 3165 contir-

1992 3198 2277 3244 marentur
2307 3191 2474 3245 vicini
2507 3191 2743 3247 incultu
2791 3196 2997 3262 divino,
3037 3210 3091 3253 et
3141 3202 3412 3258 ratiocinii
3457 3206 3543 3260 in-

1978 3280 2219 3335 firmitati
2246 3279 2657 3339 fundamentum
2687 3297 2852 3346 esset.
2872 3289 3057 3363 itaque
3082 3295 3537 3364 prodigiosetunc

1984 3370 2185 3426 factum
2220 3381 2303 3426 est
2340 3374 2542 3428 bonum
2580 3380 3073 3446 extraordinarium
3104 3383 3218 3439 sive
3266 3402 3364 3454 pro
3398 3403 3536 3444 core.

1982 3467 2159 3520 laneis
2187 3466 2674 3530 vicissitudinibus.
2699 3470 2813 3526 sive
2840 3486 2936 3541 pro
2961 3477 3288 3546 temporibus
3309 3494 3544 3549 sequen-

1982 3557 2152 3623 tibus,
2212 3568 2266 3611 et
2300 3560 2502 3612 mansit
2556 3559 2756 3615 donum
2799 3573 2859 3617 ut
2920 3566 3103 3619 divina
3147 3569 3389 3626 bonitate
3423 3574 3542 3629 sine

1981 3648 2299 3717 paenitentia
2330 3648 2589 3703 donatum
2633 3661 2967 3721 servaretur,
2991 3662 3045 3709 et
3076 3657 3155 3711 sic
3183 3658 3542 3719 dilatarentur

1989 3738 2198 3793 lldeles.
2229 3737 2523 3795 Crescente
2547 3749 2728 3795 autem
2757 3743 2861 3797 tide
2880 3758 2945 3797 ex
2979 3758 3046 3798 eo
3102 3748 3245 3815 quod
3270 3750 3544 3807 mirabilia

1983 3828 2231 3884 viderent
2258 3831 2507 3886 homines
2539 3834 2808 3887 etanima:
2842 3835 2950 3889 Deo
2997 3836 3303 3909 divinisque
3359 3843 3544 3898 adita:—

1983 3929 2137 3975 rente
2187 3924 2382 3977 ardore
2434 3923 2504 3977 ob
2547 3924 2668 3977 miri
2729 3928 3163 3995 permansionem
3208 3941 3265 3986 et
3306 3933 3547 4002 Splendi-

1987 4014 2105 4069 dius
2123 4014 2455 4081 luceseente,
2481 4017 2751 4071 ﬁrmatum
2777 4029 2861 4074 est
2877 4020 3100 4087 bonum,
3126 4023 3178 4079 in
3197 4027 3393 4081 srecula
3409 4041 3545 4087 con-

1986 4113 2258 4160 servatum
2281 4114 2336 4160 et
2358 4116 2615 4176 perpetuo
2652 4123 2900 4179 sparsum
2928 4120 3033 4170 est.

2061 4372 2149 4426 M.
2195 4371 2286 4427 Sic
2328 4374 2544 4442 quidem
2599 4374 2729 4430 illud
2762 4390 2868 4430 non
2903 4376 3018 4432 sine
3059 4395 3220 4435 causa
3272 4397 3391 4440 esse
3447 4403 3549 4455 pa-

312 4472 407 4530 zu,
438 4470 517 4529 δὲ,
548 4468 642 4519 καὶ
671 4470 798 4527 τοὺς
838 4466 1206 4536 μυροϐλύτυυς
1243 4467 1377 4534 πρὸς
1399 4465 1528 4518 Θεοῦ
1557 4465 1617 4517 τὸ
1651 4464 1874 4517 τοιοῦτοι

2000 4473 2112 4527 tet;
2138 4462 2430 4517 verisimile
2469 4472 2648 4518 autem
2685 4473 2767 4519 est
2788 4476 3064 4534 unguento
3097 4470 3362 4530 stillantes
3389 4475 3548 4532 aDeo

315 4561 613 4630 μεγαλεῖον
665 4558 860 4620 αὐτοὺς
905 4557 1315 4626 ἐξαιτήσασθαι.
1373 4558 1480 4609 Καὶ
1527 4553 1596 4628 ἦν
1627 4558 1686 4608 τὸ
1728 4559 1887 4627 ἔργον

320 4652 611 4723 φιλοτίμου
643 4649 843 4719 ψυχῆς.
872 4650 991 4719 Χρὴ
1023 4651 1152 4717 γὰρ,
1195 4648 1384 4719 ὥσπερ
1414 4649 1635 4716 βασιλέα
1661 4651 1752 4701 τὸν
1797 4666 1888 4717 με-

318 4743 843 4812 γαλοπρεπέστατον
902 4740 1106 4793 ἐθέλειν
1160 4740 1372 4810 μεγάλα
1419 4740 1553 4809 πρὸς
1588 4740 1694 4792 τῶν
1724 4740 1889 4802 ἀξίων

316 4838 615 4899 αἰτεῖσθαι,
651 4837 745 4887 καὶ
776 4834 986 4902 χαίρειν
1026 4834 1451 4901 ἀπαιτούμενον,
1482 4832 1623 4884 οὑτω
1647 4833 1740 4884 καὶ
1768 4833 1891 4884 ὅσον

317 4932 382 4981 εν
406 4928 672 4995 ὑπηκόοις
727 4925 1028 4993 φιλότιμον,
1091 4923 1165 4993 μὴ
1211 4923 1646 4992 σμικρολογικῶς
1700 4922 1890 4989 ἐκείνῳ

322 5015 756 5089 προσφέρεσθαι,
786 5014 902 5068 ἀλλ’
937 5014 1079 5083 ὑπὲρ
1108 5015 1358 5083 μεγάλων
1388 5015 1760 5084 ἐντυγχάνειν,
1797 5015 1892 5066 καὶ

318 5110 472 5179 ᾇπερ
504 5109 572 5163 ἂν
605 5109 691 5161 διὰ
718 5105 915 5161 πολλοῦ
942 5106 1219 5174 θαύματος
1239 5106 1444 5172 ἄγοιτο.
1470 5104 1679 5157 υὺκοῦν
1716 5105 1890 5157 οἴδασι

320 5205 419 5256 καὶ
445 5203 497 5253 οἱ
528 5200 606 5270 τῷ
634 5200 793 5270 μύρῳ
826 5196 1181 5260 πλουτοῦντες
1227 5196 1373 5264 ἅγιοι
1404 5196 1777 5266 μεγαλόδωρον
1801 5197 1891 5249 τὸν

321 5291 682 5362 παμ6ασιλέα
727 5291 885 5356 Θεὸν,
922 5290 1019 5341 καὶ
1044 5293 1157 5352 τοῖς
1185 5288 1439 5351 ὲπάθλοις
1476 5288 1893 5357 ὲμπλατυνόμε-

320 5404 438 5440 νον.
474 5384 641 5439 Ὅθεν
683 5383 823 5451 πρὸς
865 5385 985 5444 ταῖς
1037 5383 1244 5434 ἐκεῖθεν
1269 5380 1502 5448 δωρεαῖς
1533 5381 1628 5432 καὶ
1672 5382 1778 5432 τῶν
1812 5385 1895 5432 ὲν-

319 5478 507 5532 ταὺθά
544 5491 601 5528 τι
642 5473 1107 5543 προσεπιτεθῆναι
1147 5471 1351 5533 αὐτοῖς,
1378 5470 1674 5540 φιλοτίμως
1699 5473 1748 5522 οἱ
1795 5471 1892 5540 μὲν

320 5574 623 5642 ᾐτήσαντο,
654 5568 682 5620 ό
711 5568 767 5620 δὲ
806 5567 1106 5635 ὑπήκουσε.
1163 5566 1271 5615 Καὶ
1313 5561 1504 5631 φθόνος
1537 5567 1648 5624 τοῖς
1687 5564 1892 5632 ἑτέροις

322 5665 522 5725 ούδεὶς,
559 5662 734 5723 ἄλλως
762 5659 1245 5727 ὲνιυθηνουμένοις
1274 5658 1388 5718 τοῖς
1436 5655 1594 5716 θείοις
1635 5655 1892 5725 δωρημα-

327 5770 433 5807 σιν.
471 5754 605 5807 Οὐδὲ
627 5753 731 5821 γάρ
758 5751 915 5804 ἔστιν
932 5750 1105 5802 εἰπεῖν
1132 5750 1320 5803 οἱδέκι
1346 5746 1452 5801 τῶν
1482 5747 1729 5801 ἁπάντων
1756 5753 1894 5801 imi.

1991 4554 2287 4623 pretiosam
2312 4555 2566 4608 virtutem
2596 4556 2930 4624 poposcisse.
2966 4557 3321 4630 Magnanimm
3351 4570 3548 4624 mentis

1995 4662 2131 4716 opus
2162 4656 2283 4701 erat
2309 4646 2460 4699 illud.
2481 4645 2709 4714 Oportet
2732 4647 2900 4715 enim,
2936 4651 3080 4704 sicut
3115 4668 3291 4721 regem
3321 4673 3545 4725 magna-

1993 4741 2193 4794 nimum
2226 4738 2404 4800 decet,
2447 4737 2583 4791 velle
2623 4747 2682 4791 ut
2708 4754 2903 4807 magna
2956 4756 3053 4810 pro
3115 4743 3291 4813 dignis
3339 4763 3546 4807 παθη-ους

1989 4843 2277 4899 poscatur,
2327 4840 2382 4885 et
2439 4831 2677 4901 gaudere
2737 4833 2858 4899 quia
2900 4836 3181 4902 poscitur,
3252 4838 3331 4893 sic
3375 4842 3539 4897 etiam

1992 4928 2047 4978 in
2101 4927 2332 4980 subditis
2385 4944 2580 4993 magno
2632 4928 2814 4982 animo
2872 4944 2980 4982 non
3043 4929 3110 4984 de
3160 4931 3542 4990 minutissimis

1992 5022 2133 5087 apud
2162 5033 2283 5070 cum
2321 5019 2485 5071 verba
2512 5018 2852 5082 submittere,
2905 5019 2999 5073 sed
3031 5019 3099 5072 de
3141 5024 3348 5090 magnis
3399 5025 3549 5078 adire

1993 5117 2047 5161 et
2069 5109 2136 5161 de
2166 5108 2253 5162 his
2290 5122 2409 5177 qua:
2460 5123 2730 5163 summam
2785 5108 3197 5164 admirationem
3254 5112 3548 5167 concitant.

1992 5200 2722 5269 Igiturnoveruntungnento
2736 5201 3058 5257 ditescentes
3076 5202 3245 5257 sancti
3265 5202 3544 5258 liberalem

1995 5294 2047 5347 in
2074 5295 2227 5347 donis
2243 5292 2441 5361 Regem
2475 5308 2657 5360 regum
2680 5291 2871 5357 Deum,
2907 5302 2962 5348 et
2990 5294 3300 5348 braviorum
3322 5293 3548 5362 largito-

1994 5400 2123 5442 rem.
2153 5386 2301 5439 l‘nde
2319 5384 2477 5454 hujus
2494 5385 2676 5439 mundi
2701 5386 2856 5441 donis
2871 5387 3138 5455 etaliquid
3164 5403 3194 5438 e
3210 5387 3348 5440 coelo
3365 5387 3443 5439 eis
3460 5399 3556 5439 su-

1994 5474 2211 5544 peraddi
2246 5474 2340 5544 ipsi
2377 5474 2594 5542 quidem
2613 5475 2920 5541 petierunt;
2952 5476 3040 5529 ille
3059 5491 3183 5529 vero
3201 5474 3553 5540 adjudicavit.

1996 5567 2104 5621 Nec
2153 5567 2365 5623 invidia:
2418 5568 2567 5621 locus
2616 5569 2670 5621 in
2704 5568 3104 5621 abundantibus
3136 5566 3330 5619 divinis
3378 5567 3555 5622 donis.

1996 5655 2109 5710 Non
2139 5663 2222 5711 est
2269 5656 2410 5710 enim
2462 5658 2603 5724 quod
2650 5658 2713 5710 de
2745 5656 2984 5723 quolibet
3013 5668 3043 5707 e
3095 5653 3304 5707 cunctis
3353 5657 3556 5709 sanctis

1998 5750 2145 5804 dicas
2171 5765 2338 5817 quare
2365 5750 2647 5815 unguentis
2687 5748 2874 5809 stillat,
2917 5746 3009 5800 sed
3041 5747 3245 5815 absque
3286 5749 3383 5802 hoc
3415 5749 3562 5817 quod
