4002 6208
356 320 454 388 181

1501 308 1886 374 LAUDATIO
1923 311 1984 373 S.
2013 309 2408 374 DEMETRH.

3501 309 3600 376 182

346 434 744 510 πρωτοτυσιξαν
811 431 1068 498 σώζεται,
1114 430 1228 486 ἀλλ’
1277 432 1310 502 ή
1370 430 1428 485 ῖν
1486 430 1736 490 ὠτειλαῖς
1790 427 1926 489 ὅλως

2062 428 2336 497 ympatliia
2355 444 2459 499 qua
2495 429 2692 498 gaudet
2727 430 2869 486 Deus
2901 428 3115 486 zelosus
3169 429 3421 483 miraculi
3455 430 3601 482 simi-

347 526 606 586 ὁπωσοῦν
646 524 982 596 συμπάθεια,
1073 521 1254 593 χαίρει
1286 521 1504 583 πάντως
1527 519 1658 582 Θεὸς
1685 521 1712 571 ὁ
1736 517 1931 588 ζηλού-

353 639 550 692 μενος,
578 619 876 689 ὁμοιότητα
904 615 1192 686 τεραστίου
1218 614 1496 684 ὲξέφηνενυ
1528 613 1555 666 ὃ
1573 611 1638 683 δὴ
1670 611 1774 680 πρὸ
1801 612 1933 663 πάν-

351 691 466 767 των
498 712 610 765 τῶν
631 691 842 779 ⁴ὁμοίων
872 707 967 762 καὶ
996 707 1136 777 πρὸς
1171 706 1433 762 ἁπάντων
1477 705 1757 774 ἀμύθητον
1799 703 1935 756 ἐπά-

353 826 516 878 γεται
567 804 853 873 ἔκπληξιν.
906 800 1086 855 Καλὸν
1132 799 1236 870 μὲν
1286 797 1396 868 γὰρ
1445 797 1540 851 καὶ
1579 796 1726 866 ὕδωρ
1777 794 1934 864 ἃγιον

355 901 638 968 λειψάνων
683 895 848 966 ἱερῶν
897 884 998 949 ὅσα
1044 893 1140 946 καὶ
1188 885 1378 961 πηγῶν
1408 888 1738 958 ὲξαπορῤέον
1783 887 1932 950 ἰδεῖν,

354 994 456 1048 καὶ
483 990 760 1060 διψῶντας
793 983 1168 1057 ἐκθεραπεῦον
1195 982 1379 1046 λαοὺς,
1413 982 1489 1043 ὠς
1522 981 1584 1033 τὸ
1625 978 1727 1051 μὲν
1759 978 1938 1050 πηγά-

352 1083 451 1148 ζον
509 1083 682 1150 πήχει
738 1074 1207 1149 περιγεγράφθω,
1261 1072 1368 1126 εῐτε
1423 1069 1694 1142 βραχίονι,
1748 1068 1934 1140 ἢάλλ’

355 1175 536 1243 ἑτέρῳ
573 1174 683 1225 τινὶ
723 1167 1027 1240 στερεμνίῳ
1072 1165 1167 1218 τοῦ
1207 1164 1479 1233 σώματος·
1527 1161 1588 1215 τὸ
1625 1161 1680 1215 δὲ
1727 1160 1937 1215 ἐκεῖθεν

355 1259 628 1323 ὲκϐλύζον
688 1255 830 1310 κατά
880 1271 1003 1308 τινα
1050 1255 1258 1323 κρήνην
1297 1253 1604 1323 ἀπόρρυτον
1653 1249 1939 1322 ἐκτρέχειν

355 1351 614 1414 ἀένναον,
645 1348 743 1402 καὶ
790 1345 1075 1416 ἑμπιπλᾷν
1108 1344 1284 1398 πάντα
1319 1345 1412 1396 τὸν
1451 1342 1832 1413 προσιέμενον,
1864 1341 1942 1405 ὼς

359 1444 459 1495 ἐὰν
492 1442 590 1495 καὶ
647 1439 801 1509 φωνή
833 1453 918 1500 τις
964 1434 1178 1488 ἐκεῖθεν
1209 1434 1479 1504 ἐξηχεῖτο,
1522 1431 1939 1512 προκαλουμένη

360 1537 489 1595 τοὺς
514 1531 790 1601 διψῶντας
829 1527 1108 1600 ἔρχεσθαι.
1141 1525 1437 1598 Τεράστιον
1477 1524 1558 1591 δὲ,
1587 1525 1684 1580 καὶ
1719 1523 1944 1578 εἰκόνων

363 1622 758 1680 ἀπολείϐεσθαι
792 1620 964 1692 μύρον
1012 1618 1234 1685 εὐῶδες,
1285 1618 1418 1670 ὡσεὶ
1461 1618 1555 1672 καὶ
1604 1618 1669 1672 ἐκ
1716 1619 1942 1687 στερεᾶς

2033 520 2320 577 litudinem
2389 523 2689 586 revelavit;
2763 525 2908 594 quod
2980 523 3207 592 proinde
3243 536 3353 594 prie
3395 523 3598 575 .omni-

2034 611 2138 666 bus
2172 613 2426 670 similiter
2453 614 2663 672 effectis
2713 623 2768 671 et
2799 631 2900 686 pro
2964 615 3218 671 omnibus
3275 611 3602 668 ineffabilem

2037 701 2244 756 inducit
2266 714 2564 772 stuporem.
2592 705 2806 760 Etenim
2836 705 2993 762 dulce
3022 713 3109 760 est
3133 718 3332 775 aquam
3354 715 3602 758 sanetam

2035 805 2066 846 e
2093 791 2340 862 reliquiis
2368 794 2543 850 sacris
2577 804 2834 861 tanquam
2860 811 2891 852 e
2920 795 3164 852 fontibus
3207 795 3601 850 scaturientem

2036 883 2221 940 videre
2257 894 2312 939 et
2350 885 2598 943 sitientes
2627 888 3192 957 sanantem‘populos,
3226 888 3365 943 sicut
3389 901 3421 965 e
3455 885 3600 940 rabie

2047 983 2102 1028 ιο
2145 989 2374 1030 manans
2408 978 2607 1047 scripta
2639 987 2743 1044 est,
2780 989 2942 1034 tumo
2978 977 3220 1040 brachio.
3256 988 3367 1032 tum
3390 992 3421 1032 e
3469 991 3606 1044 qua-

2041 1063 2296 1119 libetalia
2327 1069 2571 1136 corporis
2608 1068 2776 1123 solida
2803 1077 2987 1138 parte;
3035 1073 3179 1138 quod
3221 1083 3348 1122 vero
3410 1065 3609 1120 exinde

2041 1156 2324 1211 scaturivit
2358 1158 2525 1214 fontis
2559 1158 2779 1215 ﬂuentis
2808 1159 2981 1216 instar
3006 1160 3073 1214 ad
3105 1173 3322 1226 semper
3373 1171 3599 1211 curren-

2043 1245 2172 1302 dum
2211 1256 2266 1303 et
2295 1248 2626 1319 implendum
2650 1263 2866 1305 omnem
2901 1249 3289 1319 accipientem,
3353 1241 3609 1318 tanquam

2045 1355 2148 1396 vox
2175 1341 2372 1396 exinde
2406 1343 2752 1416 personabat,
2817 1358 3124 1400 convocans
3171 1343 3414 1399 sitientes
3459 1351 3516 1394 ut
3543 1340 3609 1392 ad

2056 1433 2232 1501 ipsum
2262 1433 2534 1488 venirent.
2564 1433 2936 1504 Prodigiosum
2959 1449 3089 1490 vero
3125 1446 3179 1490 et
3200 1451 3265 1489 ex
3291 1432 3614 1502 imaginibus

2043 1524 2250 1581 Stillare
2285 1525 2438 1580 suavi
2489 1526 2656 1582 odore
2715 1519 3045 1593 unguentum
3112 1534 3428 1596 tanquame
3481 1538 3614 1577 saxo

2048 1616 2342 1675 durissimo
2382 1617 2586 1673 oleum.
2622 1617 2727 1674 Sed
2763 1618 2950 1673 inirius
2993 1619 3229 1676 divinm
3283 1631 3481 1684 corpus
3532 1631 3617 1667 re-

365 1712 573 1782 πέτρας
607 1709 807 1764 ἔλαιον.
851 1707 992 1761 Ἀλλ’
1033 1708 1128 1760 ἐπὶ
1173 1706 1336 1758 πλέον
1379 1706 1460 1759 ἔτι
1507 1706 1834 1776 Θαυμάσιον,
1881 1706 1945 1758 sb

2062 1708 2325 1762 :onditum
2372 1708 2516 1779 legi,
2564 1718 2620 1764 et
2671 1709 2976 1778 sepulcrum
3043 1708 3238 1764 flumen
3287 1709 3453 1761 videri
3520 1722 3620 1759 un-

369 1804 472 1872 μὲν
499 1802 643 1855 θεῖον
673 1800 836 1871 σῶμα
860 1800 1238 1872 κρυπτόμενον
1270 1797 1587 1866 στέγεσθαι,
1618 1798 1710 1851 τὸν
1755 1798 1813 1850 δὲ
1846 1796 1945 1850 τάν

367 1913 470 1964 φον
515 1894 760 1962 ποταμὸν
809 1891 1132 1962 θεωρεῖσθαι
1168 1890 1348 1962 μύρου
1395 1893 1509 1955 τοῖς
1546 1889 1810 1960 ἀρύεσθαι
1857 1889 1945 1943 θέο

364 1986 552 2039 λουσιν
593 1982 877 2046 εὐθύμιον.
911 1981 1097 2035 Ταῦτα
1128 1983 1490 2052 τερατουργεῖ
1540 1981 1635 2034 καὶ
1679 1980 1708 2032 ὁ
1736 1981 1856 2043 ταῖς
1885 1981 1946 2033 ὲν

366 2076 550 2146 Λυκίᾳ
574 2075 888 2143 πελαγιζων
910 2071 1084 2144 μύρου
1111 2071 1433 2144 προχύσεσι,
1456 2071 1551 2125 καὶ
1576 2073 1608 2142 η
1635 2071 1776 2142 σοφὴ
1806 2088 1945 2143 παρ⁸

366 2169 733 2238 θενόμαρτυς,
765 2166 834 2234 ήν
858 2165 936 2234 τῷ
982 2163 1182 2232 Σιναίῳ
1213 2160 1568 2229 ὲνεφύτευσεν
1597 2161 1713 2231 ὄρει
1743 2161 1945 2228 ζωογό-

367 2278 460 2312 νον
486 2258 654 2327 φυτὸν
684 2258 713 2309 δ
749 2257 902 2324 Θεὸς,
934 2255 1028 2310 καὶ
1055 2255 1231 2324 ἕτεροι
1259 2252 1498 2318 πλείους,
1522 2252 1578 2306 ἐν
1605 2269 1667 2306 τε
1695 2251 1947 2322 ἀνδράσιν

366 2350 598 2417 ἡλιῶδες
627 2350 694 2402 τά
718 2351 793 2411 εἰς
817 2347 1018 2419 ἀρετήν
1041 2344 1486 2417 προλάμψαντες,
1517 2343 1574 2396 ἐν
1595 2361 1654 2396 τε
1677 2341 1942 2413 γυναιξίν.

377 2441 446 2496 '0
481 2443 539 2494 δὲ
566 2441 834 2510 ήμέτερος
863 2438 1150 2509 πολιοῦχος
1176 2437 1304 2501 τοὺς
1335 2436 1436 2506 μὲν
1473 2436 1548 2507 μὴ
1581 2436 1946 2498 πλουτοῦντας

365 2536 448 2601 τῷ
479 2533 638 2604 μύρῳ
669 2534 733 2603 τῇ
784 2530 1036 2601 δαψιλείᾳ
1070 2527 1262 2582 τούτου
1309 2527 1795 2600 ὑπεραναϐέϐηκεν
1820 2545 1833 2558 ·
1865 2524 1945 2592 οἷς

370 2627 484 2680 δὶδ
522 2623 618 2677 τοῦ
663 2623 838 2693 μύρου
893 2620 1124 2683 πλοῦτος
1168 2617 1520 2690 πληθύνεται,
1574 2619 1712 2674 ἀλλά
1737 2619 1948 2682 τούτοις

373 2716 886 2788 παραϐαλλόμενος,
914 2713 1074 2784 αὐχεῖ
1099 2711 1161 2764 τὸ
1197 2711 1492 2779 ὲπιμάλλον
1527 2711 1760 2777 ἐξαίσιον
1785 2717 1852 2764 τά
1885 2728 1944 2764 τε

2047 1801 2228 1871 guenti
2256 1801 2475 1855 haurire
2495 1802 2864 1869 cupientibus.
2917 1801 3046 1856 Haec
3064 1799 3306 1868 prodigia
3366 1807 3620 1866 operatur

2060 1901 2114 1945 et
2136 1893 2228 1961 qui
2252 1893 2305 1946 in
2329 1890 2492 1965 Lycia
2513 1895 2768 1963 unguenti
2795 1910 2945 1952 mare
2983 1892 3279 1962 profundit,
3306 1900 3360 1946 et
3400 1891 3620 1960 sapiens

2046 1982 2195 2054 virgo
2238 1993 2442 2056 martyr
2471 1999 2634 2054 quam
2666 1986 2719 2039 in
2754 1985 2887 2040 Sina
2918 1994 3156 2040 montem
3216 1985 3448 2039 vividum
3502 1999 3622 2052 ger-

2044 2090 2168 2130 men
2200 2077 2463 2147 plantavit
2495 2078 2658 2143 Deus,
2719 2088 2774 2133 et
2811 2079 2902 2132 alii
2927 2078 3108 2149 plures
3135 2089 3247 2132 tum
3274 2078 3372 2130 viri
3424 2079 3620 2130 virtttlc

2040 2167 2184 2222 sicut
2211 2169 2293 2224 sol
2323 2167 2590 2239 {lugentes
2613 2180 2726 2224 tum
2793 2169 3067 2226 mulieros.
3115 2169 3362 2225 Civitatis
3423 2177 3623 2222 nostra:

2053 2269 2333 2328 protector
2359 2276 2456 2317 eos
2485 2264 2577 2332 qui
2625 2263 2883 2334 unguenti
2949 2263 3151 2318 divitiis
3198 2271 3390 2318 carent
3448 2263 3625 2316 abun-

2051 2350 2236 2409 dantia
2263 2353 2354 2408 illa
2371 2361 2588 2422 praestat
2612 2371 2630 2410 :
2659 2355 2817 2426 siqui
2840 2369 2966 2412 vero
2984 2355 3242 2426 unguenti
3279 2354 3481 2409 divitiis
3491 2367 3622 2422 gau—

2054 2444 2186 2501 dent
2245 2446 2382 2516 ipsis
2409 2457 2596 2503 noster
2633 2450 3018 2519 requiparatus,
3039 2448 3111 2505 de
3138 2448 3306 2503 multo
3328 2448 3504 2516 magis
3527 2459 3623 2500 ex-

2055 2536 2334 2593 traordina
2346 2537 2428 2593 rio
2449 2538 2624 2607 quoad
2655 2540 2764 2594 alia
2792 2540 3090 2610 gloriatur;
3119 2541 3241 2596 etsi
3265 2539 3357 2609 qui
3389 2537 3628 2593 victoria)

2053 2629 2316 2697 sanguine
2337 2629 2497 2684 nimis
2520 2640 2758 2696 manant,
2777 2639 3052 2701 unguento
3071 2629 3626 2698 immisto,pulelirum

2056 2719 2290 2787 pulchro
2327 2729 2381 2775 et
2417 2721 2620 2776 divitiis
2660 2724 2963 2778 animarum
3007 2723 3208 2777 divitia:
3235 2723 3624 2791 ponderantur.

372 2813 536 2878 me,
571 2812 666 2865 καὶ
686 2803 768 2871 οἷς
793 2805 854 2860 τδ
873 2803 1166 2874 ἀθλητικὸν
1191 2799 1332 2873 αἷμα
1364 2803 1640 2874 πλήσμιον
1663 2803 1949 2875 άνᾳϐρύει,
1979 2809 2076 2863 καὶ
2140 2815 2219 2881 τῷ
2283 2813 2442 2884 μύρῳ
2497 2815 2893 2884 συμμίσγεται,
2951 2814 3116 2869 καλὸν
3165 2815 3258 2867 in;
3313 2811 3462 2881 καλῷ
3536 2816 3630 2867 καὶ

378 2903 615 2959 πλοῦτον
643 2898 834 2971 ψυχῶν
860 2899 952 2952 ἐπὶ
984 2894 1204 2967 πλούτῳ
1233 2894 1535 2965 τιθέμενος.

454 2994 544 3058 ιζ’.
575 2961 688 3047 Καὶ
721 2961 840 3044 οἶδα
872 2987 971 3058 μὲν
1007 2987 1100 3040 καὶ
1133 2961 1342 3056 ἑτέροις
1358 2961 1485 3039 ’τῶν
1514 2986 1956 3058 καθωσιωμινων

2133 2993 2219 3047 17.
2251 2993 2384 3048 Novi
2412 2961 2627 3063 quidem
2654 2995 2800 3050 inter
2820 3011 2914 3051 eos
2937 2998 3026 3066 qui
3054 2996 3165 3053 Deo
3222 3011 3283 3052 se
3336 3011 3622 3054 consecra-

378 3088 507 3156 θεῷ
535 3082 790 3153 τοιαύτην
826 3081 988 3151 χάριν
1037 3075 1428 3148 βραϐευθεῖσαν
1461 3078 1599 3146 μετά
1626 3077 1725 3147 τὴν
1753 3081 1816 3131 ὲκ
1845 3077 1962 3148 βίου

381 3178 789 3239 ἀπανάστασιν,
819 3172 877 3223 ὲν
912 3163 996 3233 οἷς
1031 3170 1124 3222 καὶ
1161 3169 1197 3239 ή
1221 3168 1316 3222 τοῦ
1363 3169 1734 3238 εύφημεῖσθαι.
1756 3168 1963 3221 ἐπώνυ-

389 3287 517 3340 μος,
540 3271 576 3339 ή
609 3268 722 3329 τοῖς
747 3263 1004 3334 ἀληθέσιν
1038 3262 1188 3332 ὅροις
1219 3261 1357 3330 μετά
1388 3261 1616 3313 θάνατον
1652 3261 1736 3329 (τὸ
1789 3279 1964 3331 παραυ

388 3362 696 3428 δοξότατον)
751 3357 845 3410 καὶ
889 3353 1294 3425 μαρτυρήσασα
1343 3351 1437 3405 καὶ
1490 3351 1777 3406 δικάσασα.
1823 3352 1962 3418 Ἐγὼ

393 3453 619 3507 δὲάλλά
670 3449 851 3521 καιρῷ
898 3447 1092 3517 ἐκείνῳ
1150 3445 1344 3516 βραχεῖ
1399 3445 1850 3514 ἀντιπαραθεῖναι
1904 3441 1966 3498 ea

393 3548 644 3611 aidmov,
675 3544 708 3615 ἢ
737 3544 832 3596 καὶ
867 3541 1294 3612 παραμετρῆσαι
1330 3539 1464 3610 πρὸς
1498 3539 1684 3592 λιϐάδα
1712 3538 1772 3591 τὸ
1799 3539 1966 3593 πελα-

397 3639 552 3710 γίζον
598 3639 898 3707 ὀκνήσαιμι
933 3637 1000 3690 ἂν
1045 3633 1186 3688 οὓτω
1218 3632 1358 3686 κατὰ
1402 3632 1616 3686 πάντων
1645 3631 1754 3684 τῶν
1790 3631 1965 3686 τοιού·

389 3751 524 3787 των.

466 3831 559 3894 ιη’,
605 3822 868 3890 Ἱλήκοιεν
888 3819 946 3872 δὲ
969 3820 1016 3872 οἱ
1045 3816 1477 3888 θαυματουργοὶ,
1507 3814 1592 3884 ἐφ’
1622 3808 1702 3878 οἷς
1732 3813 1964 3884 ἀκριῦὴς

392 3919 428 3987 ἦ
463 3915 835 3984 παραύχησις.
881 3911 940 3965 '0
986 3912 1251 3980 ἡμέτερος
1303 3906 1541 3978 ἀθλητὴς
1589 3907 1830 3972 πλουτεῖ,
1876 3906 1969 3960 λα-

391 4009 507 4080 χὼν
537 4009 602 4060 ὲκ
649 4003 784 4059 Θεοῦ
812 4003 873 4055 τὸ
902 3999 1358 4071 ἀπαρεξέταστον,
1405 3997 1482 4068 τῷ
1506 3997 1603 4066 τῆς
1633 3997 1966 4068 μυροχυσίας

389 4116 449 4150 τε
485 4095 691 4164 πολλῷ,
716 4094 794 4163 τῷ
823 4091 1058 4163 ἀπείρῳ,
1088 4089 1165 4159 τῷ
1190 4088 1471 4157 πλήθοντι,
1495 4085 1573 4156 τῷ
1597 4087 1966 4154 πελαγίζοντι,

393 4191 493 4242 καὶ
530 4187 610 4258 τῷ
638 4183 1092 4246 συναναϐλύζοντι
1120 4181 1337 4250 αἵματι,
1371 4180 1463 4232 καὶ
1491 4182 1602 4242 τοῖς
1631 4178 1823 4248 μύροις
1847 4194 1971 4229 συν-

391 4281 782 4345 διαιωνιζοντι,
816 4280 909 4330 καὶ
957 4274 1365 4346 παραδηλοῦντι
1400 4273 1459 4326 τὸ
1503 4272 1602 4341 τῆς
1636 4271 1782 4341 ζωῆς
1818 4271 1968 4340 μόνι-

2067 3086 2351 3150 runl,aliis
2376 3087 2536 3141 talem
2570 3104 2600 3142 a
2635 3103 2847 3144 snnnno
2875 3089 3056 3160 judice
3099 3090 3350 3144 collatam
3400 3093 3629 3160 gratiam

2065 3194 2096 3233 e
2129 3180 2234 3234 vita
2268 3181 2651 3250 migrantibus,
2687 3181 2894 3237 scilicet
2944 3184 3172 3252 gratiam
3231 3194 3345 3236 tum
3395 3184 3632 3238 nominis

2066 3270 2215 3325 cultu
2253 3271 2508 3342 religioso
2551 3273 2774 3342 recepti,
2831 3281 2943 3327 tum
2979 3275 3185 3328 veritati
3225 3284 3345 3344 post
3405 3285 3629 3328 mortem

2069 3363 2433 3419 testimonium
2451 3372 2505 3419 et
2569 3364 2830 3434 judicium
2876 3368 2901 3435 (
2941 3383 2972 3420 ο
3039 3368 3296 3437 mirum!)
3358 3367 3632 3421 reddendi.

2070 3451 2180 3522 Ego
2204 3470 2355 3519 vero,
2386 3458 2612 3524 tempori
2672 3457 2746 3511 illi
2779 3459 2926 3511 brevi
2975 3460 3311 3527 aequiparare
3360 3460 3635 3512 :eternita-

2079 3555 2206 3611 tem,
2242 3557 2334 3600 aut
2355 3557 2508 3616 gutta
2539 3563 2692 3602 mare
2749 3550 2923 3603 metiri
2973 3550 3159 3604 eodem
3217 3550 3376 3604 modo
3425 3551 3490 3604 de
3553 3551 3637 3604 liis

2066 3636 2446 3694 erubescerent
2479 3639 2753 3694 omnibus.

2153 3817 2241 3872 18.
2279 3817 2506 3887 Propitii
2539 3819 2648 3872 sint
2677 3822 2768 3873 tlta
2783 3821 3072 3888 umaturgi,
3126 3823 3169 3874 si
3204 3838 3328 3874 vera
3351 3823 3632 3888 gloriatio.

2070 3908 2285 3962 Atlileta
2318 3918 2506 3963 noster
2529 3907 2679 3963 dives
2700 3919 2802 3972 est,
2841 3923 2870 3960 a
2891 3907 3430 3977 Deoincouiparabile
3453 3921 3640 3964 nactus

2072 4014 2192 4053 cum
2219 4000 2472 4068 unguenti
2516 3998 2815 4052 abundanti
2857 3997 3136 4065 efl'nsione,
3200 4001 3428 4064 infinita,
3481 4001 3636 4070 plena

2075 4103 2130 4143 ut
2162 4105 2310 4144 mare
2339 4102 2450 4144 tum
2487 4103 2741 4144 manante
2799 4090 2955 4144 simul
2981 4093 3238 4160 sanguine
3259 4103 3312 4146 et
3373 4110 3473 4145 una
3517 4109 3638 4147 cum

2075 4192 2347 4250 unguento
2383 4193 2643 4252 perpetuo
2689 4196 3072 4253 perseverante
3095 4195 3150 4238 et
3201 4188 3320 4240 vita:
3367 4186 3638 4240 stabilita-

2078 4285 2182 4327 teut
2215 4277 2554 4329 ostendente.
2587 4273 2641 4328 Si
2667 4282 2842 4328 autem
2869 4263 3216 4344 supercilium
3239 4281 3456 4344 bonum,
3482 4288 3535 4332 et
3557 4293 3643 4332 se-

396 4379 501 4446 μόν
537 4392 594 4428 τε
626 4373 723 4428 καὶ
778 4372 1021 4438 συνεχές.
1074 4369 1135 4421 Εἰ
1175 4366 1230 4420 δέ
1267 4383 1396 4419 ποτε
1445 4369 1539 4418 καὶ
1590 4365 1956 4433 ὑπερεκχεῖται

2076 4361 2322 4429 pulcrum
2367 4361 2876 4417 circumitiscribere
2914 4366 3173 4419 honorem
3210 4367 3358 4431 velit,
3399 4383 3642 4436 unguen-

393 4472 455 4522 τὸ
484 4466 715 4536 ἀγαθὸν,
744 4464 836 4516 καὶ
870 4464 898 4517 ὁ
920 4462 1088 4528 τάφος
1140 4459 1238 4529 μὲν
1274 4456 1642 4528 περιγράφειν
1684 4457 1859 4508 ἐθέλει
1908 4455 1970 4507 τὸ

401 4563 608 4631 τίμιον,
645 4557 708 4610 τὸ
742 4555 799 4608 δὲ
830 4555 926 4615 τὰς
969 4550 1242 4622 κρηπῖδας
1291 4548 1630 4618 ύπονομεῦον
1667 4547 1836 4617 μύρον
1880 4549 1971 4599 ὲκ-

400 4652 663 4715 κενωθὲν,
696 4645 1016 4721 ᾁσματικὼς
1064 4645 1264 4706 εἰπεῖν,
1308 4641 1519 4710 γίνεται
1566 4641 1659 4694 καὶ
1694 4643 1773 4703 εἰς
1826 4641 1972 4711 ζωὴν

400 4744 674 4816 ἁλλομένη
704 4739 880 4810 πηγὴ,
908 4739 1002 4790 καὶ
1036 4734 1363 4804 διεκτρέχει,
1399 4733 1472 4795 ὼς
1503 4727 1615 4786 οἷον
1645 4733 1975 4801 ὲκκυμαινό-

399 4855 586 4909 μενον,
615 4835 713 4889 καὶ
747 4832 1051 4901 πράγματα
1069 4829 1184 4888 τοῖς
1213 4825 1428 4879 ἀντλεῖν
1455 4824 1701 4878 ἐθέλουσι
1734 4824 1971 4888 δίδωσιν,

397 4929 530 4986 ἄλλο
562 4926 724 4980 τοῦτο
763 4925 926 4993 τέρας
969 4921 1062 4973 καὶ
1106 4917 1345 4971 ἀϐύσσου
1397 4915 1682 4984 ἔκφανσις,
1729 4915 1974 4968 κάτωθεν

396 5021 643 5089 ἑκπηδᾷν
691 5017 935 5084 ἀνιείσης
989 5010 1051 5063 τὸ
1106 5009 1297 5079 μύρον,
1330 5008 1424 5060 καὶ
1469 5006 1596 5076 διχῆ
1643 5006 1975 5076 μεριςούσης

398 5114 532 5167 αὐτὸ
562 5112 642 5174 εἷς
693 5126 753 5161 τε
800 5107 890 5159 τὸν
947 5106 1139 5172 τάφον,
1194 5101 1288 5154 καὶ
1337 5099 1406 5152 τὰ
1456 5098 1650 5150 τούτου
1706 5112 1976 5165 προτεμεο

399 5206 661 5274 νισματαο
697 5202 730 5270 ἢ
765 5199 830 5269 δὴ
857 5198 1088 5256 ἄϐυσσος
1118 5195 1211 5246 καὶ
1231 5193 1422 5262 ἑτέραν
1444 5189 1780 5242 ἐπικαλεῖται
1804 5187 1974 5240 ἄϐυσ-

400 5313 500 5349 σον
526 5293 626 5364 τὴν
672 5289 780 5343 τῶν
822 5285 1072 5340 ἀπλέτων
1122 5281 1612 5354 θαυματουργιῶν,
1650 5295 1977 5345 συναναφαι-

399 5391 636 5459 νομένην
673 5387 767 5438 καὶ
815 5377 902 5435 οἷα
936 5379 1372 5447 συνουσιωμένην
1400 5378 1467 5444 τῇ
1494 5373 1590 5426 τοῦ
1642 5373 1816 5443 μύρου
1845 5371 1977 5424 θαυ-

410 5480 723 5552 μασιότητι·
761 5476 828 5546 ἣν
858 5475 921 5542 δὴ
951 5472 1046 5525 καὶ
1065 5470 1238 5530 ἄλλως
1271 5467 1415 5520 ἔστιν
1445 5467 1577 5534 ἡμῖν
1612 5464 1976 5533 ὲπιθεωρῆσαι

401 5574 664 5628 ἄϐυσσον.
698 5570 804 5639 Γῆν
841 5584 901 5620 τε
940 5568 1046 5635 γὰρ
1077 5562 1284 5616 ὑδάτων
1311 5559 1549 5621 ἄϐυσσος
1579 5560 1716 5626 ὀχεῖ,
1755 5558 1857 5610 ὅσα
1886 5559 1977 5608 καὶ

400 5663 722 5733 οἰκοδομίαν
745 5659 1016 5730 θεμέλιος
1049 5654 1144 5707 καὶ
1167 5655 1266 5721 τὴν
1291 5652 1445 5703 πόλιν
1472 5651 1528 5702 δὲ
1561 5650 1765 5714 ταύτην
1790 5649 1821 5716 ή
1853 5646 1974 5699 καθ’

2083 4463 2193 4506 tum
2232 4470 2357 4507 vero
2389 4455 2537 4508 labra
2587 4455 2884 4522 rumpendo
2938 4470 3257 4511 evacuatum
3297 4459 3541 4524 ieddens,
3589 4471 3647 4514 ut

2081 4547 2289 4614 poetice
2313 4548 2508 4614 dicam,
2533 4547 2625 4600 fiat
2656 4556 2711 4601 et
2740 4547 2943 4603 saliens
2975 4549 3028 4602 in
3056 4550 3220 4603 vitam
3273 4549 3414 4617 fons,
3459 4562 3649 4607 currat

2081 4638 2235 4707 quasi
2266 4639 2567 4707 exundans,
2589 4649 2646 4694 et
2666 4639 2882 4696 labores
2912 4645 3384 4711 compesccntibus
3408 4644 3647 4713 imponat

2081 4729 2226 4785 aliud
2253 4731 2354 4784 hoc
2379 4732 2679 4800 prodigium
2703 4741 2758 4787 et
2778 4733 2957 4803 abyssi
2977 4735 3372 4804 divulgatio,ali
3402 4736 3540 4791 infra
3561 4752 3647 4792 sa-

2083 4823 2218 4876 liens
2243 4832 2572 4893 unguentum
2598 4826 2897 4882 etnitteutis
2939 4828 3070 4880 etin
3100 4830 3233 4882 duas
3283 4839 3462 4895 partes
3517 4830 3650 4884 divi-

2082 4916 2280 4982 dentis,
2319 4915 2373 4968 in
2425 4917 2728 4986 sepulcrum
2759 4927 2815 4974 et
2843 4918 2894 4972 in
2935 4917 3055 4986 ejus
3078 4917 3236 4984 atria,
3261 4934 3380 4988 qua:
3425 4920 3650 4989 abyssus

2085 5009 2299 5064 invocat
2334 5009 2610 5078 abyssum,
2639 5025 2828 5078 nempe
2851 5011 3228 5080 prodigiorum
3256 5014 3512 5064 virtutum
3563 5011 3648 5063 in-

2085 5100 2358 5154 finitarum
2385 5117 2489 5154 una
2510 5099 2856 5171 effulgentem
2886 5103 3353 5173 exsistentemque
3377 5118 3498 5158 cum
3551 5117 3650 5154 ttu-

2084 5195 2268 5264 guenti
2301 5194 2748 5264 prodigio,quam
2801 5209 2934 5250 sane
2963 5195 3150 5250 etalio
3191 5197 3354 5250 modo
3403 5195 3649 5262 abyssum

2085 5301 2312 5352 pensare
2336 5301 2434 5340 nos
2463 5298 2699 5355 oportet.
2735 5285 2984 5356 Namque
3026 5298 3226 5342 terram
3284 5285 3438 5338 fulcit
3481 5297 3650 5350 aqua-

2086 5392 2202 5430 rum
2231 5377 2458 5447 abyssus
2509 5377 2650 5433 sicut
2676 5385 2730 5433 et
2792 5378 3077 5435 aadilicium
3129 5379 3651 5439 fundamentum;et

2090 5468 2276 5522 urbem
2302 5469 2444 5524 lianc
2471 5478 2744 5526 sustentat
2774 5471 3003 5541 abyssus
3029 5471 3185 5525 nobis
3244 5467 3652 5522 fundamentum

2087 5560 2405 5616 stabilitum.
2441 5559 2506 5614 Et
2557 5560 2888 5616 fundamenti
2935 5571 3180 5616 naturam
3215 5558 3527 5628 explorans,
3575 5559 3660 5613 in—

2084 5667 2246 5709 sanus
2273 5663 2435 5710 88:81.

402 5767 555 5839 ἡμᾶς
589 5765 852 5834 ὺπανέχει
881 5761 1116 5827 ἄϐυσσος
1175 5761 1315 5829 αῦτη
1373 5759 1696 5830 έδρὰζουσα.
1757 5756 1868 5808 Καὶ
1897 5756 1984 5808 τὸν
2017 5755 2215 5825 τρόπον
2245 5755 2339 5808 τοῦ
2366 5756 2705 5827 έδράσματος
2738 5755 2912 5824 παχὺς
2946 5753 3011 5808 ἄν
3039 5769 3119 5816 τις
3174 5755 3258 5825 εἴη
3318 5755 3345 5808 δ
3401 5753 3661 5808 πυνθανόο
