4012 6226
464 326 567 393 183

1165 321 1584 385 EUSTATHII
1614 319 2376 382 rnassrmmcsxsm
2418 275 2977 383 numeremus

3564 302 3727 391 'tstE

530 443 615 498 19.
651 441 761 497 Sed
796 441 880 496 sic
910 452 1113 495 novum
1139 438 1284 495 sacri
1340 445 1739 507 unguentorum
1798 435 2019 490 thesaur

2218 436 2303 489 tb'.
2355 436 2491 489 Ἀλλ’
2526 436 2667 489 οὕτω
2700 438 2798 506 μὲν
2840 437 3026 491 καινὸν
3065 412 3342 509 τῆςίερᾶς
3394 438 3719 509 μυροθήκης

456 535 851 605 ειιῃετοπιιιθιιε
874 534 1099 595 bonum,
1148 545 1214 586 ne
1231 531 1409 586 omnis
1451 528 1704 597 martyris
1732 526 1902 596 gloria
1953 526 2033 578 in-

458 631 609 683 elusa
654 628 748 691 sit,
782 625 876 680 sed
903 635 962 679 ut
1007 623 1156 679 feras
1206 622 1539 692 producatur
1593 621 1781 674 nuntia
1825 618 2031 688 pulchri

459 723 527 775 ab
554 722 746 775 intimo
778 717 999 788 pravis.
1034 715 1299 770 Haustum
1347 727 1476 767 vero
1506 712 1636 765 illud
1660 720 1713 764 et
1744 710 1796 762 in
1855 708 2035 761 alaba-

458 823 631 870 strum
661 811 920 874 infusum,
958 810 1098 863 intra
1127 820 1348 861 manere
1378 820 1485 858 non
1517 802 1652 864 vult,
1682 802 1775 857 sed
1799 799 2032 855 eﬁ‘usum

458 905 695 958 exundat
734 904 889 955 itaut
919 910 977 953 et
1018 898 1121 953 alia
1179 897 1383 967 repleat
1429 910 1577 958 vasa,
1629 908 1660 948 e
1718 893 1920 962 quibus
1980 902 2034 946 et

457 998 697 1051 exundat
729 994 933 1062 pariter
996 994 1195 1045 bonum
1242 1004 1307 1044 ex
1366 988 1487 1042 istis
1534 985 1761 1040 eﬁusum
1821 986 1876 1039 in
1929 985 2031 1036 alia

458 1089 637 1143 fontes
658 1096 709 1141 et
733 1085 885 1155 ipsos
905 1084 1163 1154 pulchros
1189 1081 1425 1137 vicissim
1452 1078 1870 1146 multiplicatos;
1891 1077 2033 1144 quod

455 1193 586 1233 sane
611 1178 724 1233 ﬁeri
762 1176 1064 1246 oportebat.
1089 1173 1222 1229 Nam
1254 1189 1374 1244 qua:
1403 1186 1653 1226 crescere
1690 1180 1744 1223 et
1773 1168 2033 1237 multipli-

455 1268 567 1322 cari
601 1269 831 1337 primum
865 1265 995 1320 illud
1044 1273 1379 1334 unguentum
1408 1262 1570 1333 jussu
1605 1266 1871 1332 gratia,et
1900 1258 2035 1313 vivis

455 1358 583 1413 Inde
630 1358 980 1413 manantibus
1025 1360 1269 1412 eamdem
1314 1355 1583 1408 inserebat
1607 1356 1839 1423 copiam,
1890 1354 2034 1407 unde

455 1467 564 1505 non
621 1452 794 1504 solum
842 1448 1079 1519 sepulcri
1133 1463 1237 1503 non
1304 1448 1500 1502 defecit
1555 1447 1662 1502 tale
1721 1447 2033 1516 pulchrum,

454 1542 553 1596 sed
587 1556 687 1596 nec
722 1542 767 1595 si
805 1555 899 1595 vas
926 1540 1193 1609 quoddam
1243 1538 1390 1593 aliud
1417 1547 1521 1604 est,
1555 1538 1817 1592 inclusam
1851 1547 2035 1593 tenere

459 1630 607 1684 hunc
631 1629 832 1685 ﬂuendi
865 1631 1130 1700 impetum
1161 1637 1427 1684 statutum
1445 1636 1551 1684 est.
1613 1628 1753 1695 Quid
1785 1640 1894 1683 non
1955 1626 2035 1683 fe-

2139 531 2605 599 ύπερεκχεόμενον
2639 531 2697 581 τὸ
2741 530 2968 598 ἀγαθον,
3014 531 3098 583 ῖνα
3138 530 3213 600 μὴ
3250 532 3398 584 πᾶσα
3445 533 3476 600 ἡ
3510 549 3719 601 μαρτυ-

2141 623 2267 693 ρικὴ
2316 619 2454 692 αὕτη
2508 621 2633 687 δόξα
2668 621 2776 674 ἔξω
2815 621 3187 692 συγκλείηται,
3216 624 3377 677 νάλλὰ
3411 626 3507 679 καὶ
3554 625 3721 688 ὲκτὶς

2138 710 2505 782 προφαίνηται
2532 713 2840 783 πρόδρομος
2866 713 2960 767 τοῦ
2990 714 3138 777 ἐντὸς
3166 714 3583 784 διαδεικνυμένη
3615 734 3721 769 κα-

2136 802 2253 857 λοῦ.
2283 803 2344 856 Ei
2377 803 2433 855 δὲ
2486 805 2580 858 καὶ
2628 804 2891 873 ἁντληθὲν
2937 805 3091 876 αὐτὸ,
3124 807 3221 859 καὶ
3250 807 3331 870 είς
3367 806 3720 878 ἀλάϐαστρον

2140 894 2370 960 ἐντεθὲν,
2398 896 2458 948 οὐ
2494 896 2635 949 θέλει
2683 896 2807 950 καθ’
2832 897 2994 951 ἑαυτὸ
3046 899 3253 969 μένειν,
3292 896 3410 952 ἀλλ’
3453 899 3720 964 ὲκδλύξον

2138 986 2424 1057 προρρἐι,
2471 988 2547 1050 ὡς
2595 989 2955 1061 ἐμφορεῖσθαι
2988 990 3085 1043 καὶ
3104 990 3270 1061 ἕτερα
3303 990 3497 1061 σκεύη,
3532 991 3590 1057 ἐξ
3638 986 3720 1045 ὧν

2139 1080 2233 1132 καὶ
2262 1081 2442 1133 αὐτῶν
2501 1080 2760 1152 ἀναόρύει
2807 1084 2868 1136 τὸ
2909 1083 3095 1152 ὅμοιον
3145 1084 3372 1151 ἀγαθὸν,
3412 1085 3476 1137 ἐκ
3506 1084 3721 1139 τούτων

2139 1171 2323 1225 κλίνον
2364 1174 2444 1236 είς
2477 1173 2663 1242 ἕτερα,
2696 1177 2905 1243 πηγαῖα
2936 1176 3030 1227 καὶ
3067 1173 3239 1227 ταῦτα
3279 1175 3440 1241 καλὰ,
3487 1177 3552 1229 ὲκ
3598 1175 3722 1229 δια-

2136 1262 2297 1332 δοχῆς
2315 1262 2717 1334 πληθυνόμενα.
2740 1264 2841 1319 Καὶ
2862 1265 3026 1335 ἐχρῆν
3047 1254 3264 1330 «sub;
3281 1266 3424 1320 οὕτω
3440 1267 3717 1333 γίνεσθαι.

2150 1354 2214 1409 'H
2240 1357 2346 1426 γὰρ
2379 1355 2707 1421 αὐξάνεσθαι
2751 1358 2841 1411 καὶ
2872 1357 3166 1429 πληθύνειν
3199 1360 3261 1412 τὸ
3293 1360 3510 1429 πρῶτον
3537 1361 3722 1413 ὲκεῖκο

2140 1448 2311 1521 μύρον
2340 1450 2644 1524 κελεύσασα
2672 1452 2834 1523 χάρις
2877 1454 2970 1505 καὶ
2998 1455 3121 1515 ταῖς
3148 1450 3360 1507 ἐκεῖθεν
3389 1453 3720 1525 ἀπορροῖαις

2138 1541 2240 1611 τὴν
2273 1541 2442 1613 αὐτὴν
2477 1544 2691 1596 ἐνέθετο
2718 1544 2970 1616 δύναμινο
3009 1545 3131 1599 ὅθεν
3158 1546 3219 1600 ού
3252 1546 3413 1617 μόνον
3438 1546 3516 1616 τῷ
3559 1547 3719 1616 τάςῳ

2136 1633 2237 1687 ούκ
2282 1633 2427 1688 ἐστιν
2473 1636 2745 1689 ἐπιλιπεῖν
2785 1637 2844 1689 τὸ
2878 1636 3121 1691 τοιοῦτον
3147 1637 3331 1704 καλὸν,
3362 1637 3478 1692 ἀλλ’
3514 1638 3637 1692 οὐδὲ
3665 1640 3722 1692 εί

452 1723 528 1776 cit
554 1735 867 1776 sanctorum
929 1722 1192 1777 Dominus
1230 1721 1322 1789 qui
1374 1720 1428 1774 in
1493 1721 1767 1789 propheta:
1792 1717 2019 1772 favorem

2135 1744 2187 1779 τι
2236 1727 2430 1790 σκεῦος
2458 1727 2647 1797 ἕτερον
2704 1730 2911 1797 στέγειν
2966 1731 3175 1784 ἐκεῖθεν
3229 1732 3533 1803 ἀπόρροιαν
3590 1750 3717 1787 τινα

451 1811 556 1867 olei
588 1812 819 1883 lecytum
846 1811 1214 1875 eﬁ‘undentem
1262 1815 1408 1881 quod
1458 1812 1526 1864 ab
1582 1812 1733 1866 intus
1784 1810 2019 1865 servavit

2130 1817 2408 1873 τέτακται.
2445 1819 2512 1872 Τί
2549 1794 2606 1873 δὲ
2637 1821 2735 1873 οὐκ
2759 1794 2985 1891 ἔμελλεν
3023 1825 3049 1875 ὁ
3075 1823 3181 1877 τῶν
3424 1822 3651 1894 Κύριος,
3686 1826 3715 1876 δ

451 1903 832 1983 plenissimum
867 1902 1031 1959 fontis
1078 1904 1253 1959 instar
1304 1902 1687 1974 semperﬁuum
1741 1903 2021 1957 stabilivit.

519 2169 613 2226 20.
645 2170 749 2236 Qui
779 2170 1083 2239 priscarum
1111 2167 1465 2225 historiarum
1492 2169 1676 2225 studio
1733 2170 2020 2234 incumbit,

448 2263 593 2331 apud
632 2269 842 2317 veteres
863 2260 1064 2317 alicubi
1090 2260 1291 2331 reperit
1323 2270 1588 2316 retectum
1638 2260 1849 2315 labrum
1878 2263 2025 2330 quod

449 2353 668 2423 liquore
695 2354 915 2422 quidem
945 2353 1165 2423 plenum
1220 2363 1339 2409 erat
1387 2363 1444 2409 et
1486 2368 1552 2407 ex
1582 2353 1675 2409 illo
1710 2354 2026 2410 haurientes

451 2446 643 2503 sedulo
665 2446 962 2502 eﬁ‘erebant
986 2461 1091 2502 nec
1125 2445 1288 2502 ullam
1341 2446 1645 2516 patiebatur
1692 2445 2027 2500 imminutio-

449 2552 598 2594 nem.
624 2535 791 2594 Nobis
820 2547 998 2597 autem
1038 2537 1342 2608 prodigium
1362 2538 1493 2592 illud
1546 2538 1710 2608 viget.
1764 2537 1902 2604 Quia
1936 2552 2027 2593 ve-

447 2645 512 2686 ro
539 2630 818 2685 oculorum
850 2629 1125 2684 contuitus
1149 2630 1427 2697 posterius
1450 2630 1504 2683 itt
1548 2628 1859 2699 prodigium
1913 2643 2023 2683 non

447 2718 804 2789 deﬁgebatur,
836 2717 936 2773 sed
968 2727 1081 2772 tum
1129 2720 1453 2787 apparebat,
1481 2727 1594 2771 tum
1623 2716 1897 2772 occultum
1938 2722 2027 2773 de-

454 2811 697 2877 sinebat,
736 2811 987 2866 dubitare
1023 2810 1155 2865 licet
1173 2811 1315 2865 sisic
1343 2825 1405 2864 se
1433 2824 1524 2865 rea
1558 2811 1781 2863 haberet
1845 2819 1901 2863 et
1955 2810 2024 2863 ah

449 2913 679 2974 utroque
734 2917 868 2958 casu
916 2902 1386 2958 conﬁrmationem
1434 2901 1789 2971 perpendere.
1857 2900 2027 2954 Matti-

446 2998 642 3051 Iestum
674 3005 854 3050 autem
881 3008 949 3050 en
977 3002 1156 3049 exstat
1183 2993 1490 3063 prodigium
1534 3003 1777 3048 nostrum
1809 3013 1819 3046 :
1876 2994 2026 3049 orbis

448 3088 742 3143 universus
773 3085 1116 3152 anteipsutn,
1158 3083 1305 3139 oculi
1360 3098 1574 3149 omnes,
1634 3094 1690 3144 et
1744 3084 2023 3154 singulare

2134 1911 2417 1979 προφήτου
2447 1912 2608 1981 χάριν
2637 1912 2936 1986 καμψὰκην
2971 1915 3149 1967 ἐλαίου
3194 1915 3619 1984 ἐξερευγόμενον
3651 1916 3715 1970 τὺ

2132 2002 2282 2065 ἐντὸς
2342 2004 2507 2073 ⁹ὒγρὸν
2561 2005 2848 2072 φυλάττων
2899 2008 2986 2060 ἀεὶ
3044 2007 3439 2077 πληρέστατον,
3497 2007 3591 2062 καὶ
3628 2009 3714 2072 είς

2130 2090 2317 2160 πηγὴν
2345 2093 2516 2163 αὐτὴν
2549 2091 2715 2158 τάξας
2744 2095 3061 2166 ἀείϐρυτον;

2202 2179 2271 2235 κ’.
2302 2184 2415 2236 Καὶ
2442 2188 2469 2236 ὁ
2500 2185 2599 2254 μὲν
2620 2187 2740 2248 ταῖς
2769 2188 3027 2251 παλαιαῖς
3061 2189 3319 2258 ἱστορίαις
3361 2188 3551 2261 καιρόν
3587 2207 3710 2243 τινα

2133 2273 2332 2343 σχολῆς
2361 2276 2617 2342 ἐνδιδοὺς,
2653 2278 2892 2349 εὑρίσκει
2919 2280 3087 2335 πάλαι
3120 2298 3223 2333 που
3257 2281 3454 2334 πύελον
3487 2283 3703 2336 ἀνακα-

2129 2363 2449 2434 λυφθεῖσαν,
2483 2368 2604 2438 ἥτις
2660 2369 2827 2440 ὑγροῦ
2884 2371 2983 2439 μέν
3034 2389 3179 2434 τινος
3225 2372 3439 2445 πλήρης
3484 2368 3574 2444 ἦν,
3610 2374 3709 2428 καὶ

2131 2456 2435 2527 ἐξηντλεῖτο
2462 2459 2613 2522 αὐτὸ,
2667 2461 2760 2513 καὶ
2813 2461 3122 2532 ὲξεφορεῖτο
3156 2464 3430 2532 ἐπιμελῶς
3452 2480 3466 2493 ·
3498 2466 3599 2517 οὐκ
3633 2460 3704 2535 ἦν

2129 2547 2185 2600 δὲ
2218 2548 2409 2603 παθεῖν
2442 2551 2657 2622 ἐκείνην
2685 2553 2925 2623 κένωμα.
2972 2552 3136 2625 Ἡμῖν
3165 2554 3221 2608 δὲ
3252 2557 3350 2609 καὶ
3383 2557 3566 2619 αὐτοῖς
3612 2560 3708 2612 τέ-

2133 2657 2233 2710 ρας
2271 2642 2368 2710 μέν
2411 2660 2461 2694 τι
2506 2646 2684 2697 ἐκεῖνο
2730 2646 3146 2716 καταφαίνεται.
3185 2649 3306 2702 ὀτι
3340 2649 3397 2702 δὲ
3430 2651 3705 2721 ὀφθαλμοὶ

2133 2736 2477 2803 μεταχρόνιοι
2503 2735 2579 2805 τῷ
2609 2736 2842 2807 θεάματι
2877 2738 2937 2790 ού
2983 2739 3350 2809 προσέϐαλον,
3391 2742 3527 2795 ἀλλὰ
3574 2743 3705 2797 τότε

2127 2825 2257 2877 ποτὲ
2284 2826 2474 2894 φανὲν,
2502 2823 2623 2881 εἶτα
2650 2829 2850 2901 κρυϐὲν
2876 2830 3113 2903 ἀπέσϐη,
3148 2815 3441 2897 ἐνδοιάξειν
3464 2836 3701 2900 ἔπεισιν,

2127 2918 2224 2969 ἐὰν
2262 2918 2508 2970 τοιοῦτον
2564 2915 2653 2989 ἦν,
2707 2922 2802 2974 καὶ
2855 2923 3202 2977 ταλαντεύειν
3249 2926 3338 2978 ἐπ’
3385 2927 3552 2997 ἄμφω
3599 2929 3705 2998 τὴν

2128 3008 2549 3076 συγκατάθεσιν.
2573 3011 2647 3063 Τὸ
2672 3011 2727 3065 δὲ
2762 3011 3031 3083 ἡμέτερον
3069 3014 3301 3085 πάρεστι
3333 3015 3517 3085 θαῦμα
3559 3021 3704 3086 πρό-

2125 3116 2310 3152 οπτονο
2350 3101 2459 3154 ίδοὺ
2490 3099 2757 3155 ἔκκειται·
2790 3104 2996 3172 κόσμος
3020 3104 3163 3168 ἄπας
3198 3106 3285 3159 ἐπ’
3314 3109 3468 3170 αὐτὸ.
3498 3108 3704 3177 ὀφθαλ-

447 3195 545 3249 per
572 3180 884 3234 universam
917 3187 1119 3232 terram
1147 3177 1454 3245 divulgatur
1474 3177 1620 3245 quod
1656 3179 1838 3231 cuncti
1895 3186 2019 3231 ante

2131 3191 2221 3257 μοὶ
2253 3192 2473 3253 πάντες·
2509 3195 2605 3246 καὶ
2633 3194 2694 3245 τὸ
2734 3171 2972 3261 ἐξαίσιον
3006 3196 3085 3259 είς
3134 3198 3317 3251 πᾶσαν
3356 3200 3463 3270 γῆν
3506 3171 3702 3269 δίακη-

450 3285 649 3326 manus
705 3278 760 3324 et
790 3278 918 3324 ante
948 3274 1135 3324 oculos
1175 3267 1399 3322 habent.
1435 3267 1500 3321 Et
1550 3267 1679 3335 justi
1726 3268 2025 3336 tnjuslibet

447 3371 725 3431 unguento
746 3361 851 3416 isto
900 3360 1242 3430 impiuguant
1296 3359 1604 3429 spiritualia
1648 3360 1848 3428 capita,
1902 3360 2020 3426 qui-

445 3467 664 3522 cunque
698 3453 915 3507 eximiis
943 3451 1083 3506 inter
1121 3452 1382 3506 virtutum
1405 3464 1567 3518 opera
1609 3451 1690 3504 sic
1739 3451 2020 3504 inveniunt

445 3559 551 3614 qua
583 3544 858 3608 laetentur,
910 3553 968 3599 et
994 3544 1260 3613 sanguine
1282 3541 1597 3611 spirituales
1625 3552 1806 3609 postes
1837 3540 2018 3594 divina

447 3638 746 3692 imitatione
762 3637 1074 3705 obsignant,
1103 3650 1135 3691 e
1153 3635 1350 3706 quibus
1369 3633 1488 3702 ista:
1520 3634 1586 3688 ad
1611 3632 2016 3689 meditationem

446 3735 582 3786 tinnt
603 3731 881 3798 introitus,
914 3729 1017 3784 illae
1044 3731 1112 3783 ad
1140 3727 1506 3798 operationem
1543 3727 1783 3782 sedulam
1815 3728 2014 3782 exitus.

444 3822 536 3877 Sic
566 3822 1043 3876 exterminatoretn
1072 3821 1247 3873 vitant.
1290 3824 1386 3871 aut
1432 3827 1644 3887 portam
1692 3818 2015 3888 praetermit-

447 3924 671 3978 teutem,
694 3914 999 3978 ntdicitur,
1031 3910 1181 3968 illum
1212 3911 1464 3983 progredi
1510 3911 1775 3975 sinentes,
1822 3920 1915 3965 aut
1962 3910 2015 3964 in

440 4024 639 4067 vanum
670 4009 1002 4079 pulsantem.

508 4209 600 4263 2|.
634 4206 871 4276 Sanguis
910 4206 1022 4270 ille,
1049 4216 1382 4272 unguentum
1432 4205 1564 4259 illud
1626 4206 1746 4260 vita:
1796 4214 2013 4260 mternte

440 4310 569 4360 sunt
601 4301 780 4370 signa,
805 4298 1001 4367 quibus
1020 4306 1169 4367 patet
1197 4296 1483 4352 odoratum
1512 4311 1631 4350 esse
1673 4297 1839 4350 Deum
1872 4310 2015 4349 mar-

442 4405 615 4465 tyrem
646 4390 930 4446 suavitatis
989 4389 1232 4443 odorem.
1270 4388 1656 4444 “enumeratio
1706 4387 1763 4441 ﬁt
1823 4387 2009 4441 multi-

2130 3278 2441 3349 ρυκεύεται,
2479 3282 2575 3334 καὶ
2605 3282 2802 3346 πάντες
2820 3284 2926 3353 πρό
2953 3300 3011 3336 τε
3037 3286 3256 3357 χειρῶν,
3280 3288 3385 3356 πρό
3409 3305 3470 3340 τε
3498 3288 3703 3356 ὀφθαλ-

2130 3370 2247 3439 μῶν
2282 3373 2412 3426 αὐτὸ
2444 3374 2651 3443 ἔχουσι.
2698 3377 2808 3429 Καὶ
2860 3376 2936 3445 τῷ
2996 3379 3093 3447 μὲν
3141 3379 3234 3432 τοῦ
3284 3380 3491 3433 δικαίου
3537 3382 3699 3454 μύρῳ

2125 3464 2301 3535 τούτῳ
2335 3466 2436 3528 τὰς
2481 3468 2677 3535 νοητὰς
2712 3467 3018 3522 λιπαίνουσι
3051 3472 3314 3539 κεφαλὰς,
3362 3476 3483 3540 ταῖς
3530 3494 3699 3547 κορυ⁹

2122 3557 2309 3622 φαίαις
2333 3559 2442 3610 τῶν
2465 3560 2584 3611 κατ’
2609 3560 2809 3631 ἀρετὴν
2833 3562 3083 3631 πράξεων
3113 3562 3518 3633 ἐξευρίσκοντες
3546 3568 3609 3621 οὖ
3622 3588 3696 3623 τω

2122 3648 2182 3699 τὸ
2218 3647 2601 3718 ἱλαρύνεσθαι”
2635 3650 2712 3720 τῷ
2744 3650 2800 3703 δὲ
2845 3652 3037 3723 αἵματι
3092 3656 3189 3717 τὰς
3239 3656 3480 3725 ψυχικὰς
3530 3660 3697 3728 φλιάς

2122 3740 2244 3792 καθ’
2279 3743 2572 3813 ὁμοιότητα
2604 3743 2755 3797 θείαν
2785 3747 3169 3817 σφραγίζουσι,
3200 3749 3249 3804 δι
3293 3743 3370 3805 ὧν
3399 3752 3457 3805 αῖ
3502 3768 3562 3805 τε
3609 3756 3697 3819 είς

2122 3830 2355 3902 θεωρίαν
2381 3834 2576 3887 εἴσοδοι
2610 3836 2876 3904 γίνονται,
2911 3841 3003 3891 καὶ
3044 3841 3099 3892 ai
3124 3841 3260 3910 πρὸς
3293 3842 3486 3913 πρᾶξιν
3520 3861 3694 3898 σπου-

2120 3922 2278 3975 δαίαν
2309 3925 2547 3991 πρόοδοι.
2592 3928 2700 3980 Καὶ
2730 3928 2871 3982 οὕτω
2920 3931 3008 3981 τὸν
3063 3932 3423 4001 ὀλοθρεύοντα
3462 3936 3693 4005 6.0.3956-

2119 4028 2331 4079 γουσιν,
2388 4014 2419 4083 ἢ
2481 4017 2631 4084 παρά
2670 4015 2860 4090 θύρας,
2911 4020 2938 4070 ὃ
2989 4037 3177 4086 φασιν,
3236 4026 3487 4093 ἀφιέντες
3532 4028 3692 4098 ἥκειν

2119 4106 2347 4168 ἐκεῖνον,
2392 4108 2498 4159 εἴτε
2536 4109 2628 4161 καὶ
2665 4109 3084 4179 θυροκρουστείν
3109 4116 3186 4178 είς
3225 4119 3401 4173 κενόν.

2188 4203 2294 4251 κα’.
2338 4199 2509 4252 Τοῦτο
2556 4200 2615 4253 τὸ
2670 4196 2829 4271 αἷμα,
2887 4202 3043 4257 τοῦτο
3090 4207 3151 4258 τὸ
3209 4209 3381 4278 μύρον
3430 4211 3693 4277 ἀειζωῖας

2118 4292 2417 4362 τεκμήρια,
2457 4293 2667 4346 καὶτοῦ
2708 4295 2907 4358 εὑῶδες
2937 4296 3054 4369 Θεῷ
3100 4300 3191 4353 τὸν
3224 4302 3477 4375 μάρτυρα
3518 4322 3691 4377 προσ-

2119 4380 2705 4451 ενηνέχθαιθυμίαμα.
2746 4384 3179 4457 Ἀντιμετρεῖται
3208 4390 3380 4444 ταῦτα
3426 4397 3509 4457 είς
3558 4397 3693 4450 πολ·

439 4487 559 4557 plex
587 4483 655 4539 de
703 4484 903 4552 quibus
956 4496 1053 4553 pro
1112 4481 1332 4536 Christo
1389 4482 1589 4534 sudore
1639 4490 1693 4534 et
1746 4480 2009 4551 sanguine

2128 4469 2377 4534 λαπλοῦν,
2410 4468 2491 4535 οἷς
2518 4474 2657 4543 ὑπὲρ
2700 4476 2935 4547 Χριστοῦ
2967 4479 3119 4548 ἔχεεν
3154 4481 3340 4552 ἱδρῶσι
3371 4486 3466 4536 καὶ
3515 4472 3691 4556 αἵμα-

439 4576 699 4632 mauavit.
733 4572 983 4628 Reddens
1008 4573 1144 4625 dona
1190 4571 1474 4639 praesentia
1509 4568 1560 4620 itt
1604 4567 1791 4621 decem
1818 4566 2036 4632 millia,’

435 4669 602 4724 vitata
625 4676 883 4720 aeternam
902 4664 1110 4733 adjicit.
1148 4660 1323 4732 Ipsius
1352 4659 1571 4729 quidem
1600 4658 1843 4728 spiritus,
1871 4673 2005 4713 cor—

440 4758 688 4828 ruptione
737 4754 976 4823 expertis
1031 4751 1323 4820 voluptatis
1379 4750 1695 4819 paradisum
1756 4749 2004 4815 adeptus,

438 4849 594 4904 nobis
623 4846 853 4901 similem
881 4852 1038 4914 parat
1092 4843 1343 4913 gratiam,
1402 4854 1508 4910 qua
1551 4840 1741 4894 obvius
1799 4838 2006 4893 custodi

436 4947 492 4992 et
523 4935 773 5004 agricola:
809 4938 968 5002 hujus
1002 4932 1297 5001 incorrupti
1352 4930 1510 4984 vireti
1565 4930 1642 4994 tit,
1698 4939 1749 4982 et
1802 4930 2006 4997 primo-

439 5045 559 5083 rum
599 5036 880 5096 parentum
910 5025 1068 5080 nobis
1096 5025 1335 5079 restituit
1385 5021 1760 5077 hereditatem
1798 5037 1826 5073 a
1898 5034 2003 5090 qua

437 5120 635 5175 diaboli
660 5117 860 5171 invidia
887 5116 1313 5178 exciderantus;
1355 5116 1526 5183 ipsius
1563 5124 1747 5167 autem
1806 5124 2003 5180 corpus

437 5212 674 5283 paradisi
710 5211 883 5265 instar
914 5210 1069 5264 nobis
1103 5210 1556 5263 delectatnentmn
1611 5209 1691 5263 llt.
1726 5220 1834 5258 non
1912 5218 2004 5258 so-

434 5310 542 5361 ltnu
575 5304 817 5375 pulchris
851 5318 970 5373 qua:
1001 5313 1057 5356 ut
1084 5315 1298 5371 semper
1321 5300 1642 5368 colliginnts,
1705 5297 1799 5351 sed
1833 5308 1887 5351 et
1940 5310 2004 5350 eo

433 5378 575 5467 quod
604 5400 655 5449 itt
682 5397 799 5463 ipso
835 5392 1122 5462 magniﬁca
1150 5392 1264 5458 ejus
1297 5390 1566 5444 mirabilia
1601 5391 2003 5457 conspictamns

430 5500 484 5542 et
518 5488 777 5558 unguenti
821 5485 1144 5540 Stillationes
1200 5493 1254 5536 et
1318 5482 1600 5549 sanguinis
1654 5479 1767 5534 fere
1832 5495 2005 5549 usque

432 5582 497 5632 ad
518 5580 907 5634 abundantiam
943 5577 1259 5631 ebullieutia
1298 5574 1520 5627 ﬁumina
1568 5591 1695 5643 qum
1742 5583 2001 5643 perpetuo

432 5680 681 5734 aestuant,
710 5680 763 5724 et
790 5671 1007 5726 lanceas
1037 5682 1176 5737 quas
1208 5668 1495 5721 arboribus
1529 5685 1555 5719 a
1592 5668 1701 5721 Deo
1743 5666 1999 5734 plantatis

433 5762 831 5831 ωιιιιίιιητςιιιιιιδ
887 5762 1112 5829 pulchro
1164 5760 1254 5815 illo
1288 5760 1520 5838 corpori
1565 5761 1813 5829 martyrii
1870 5770 2001 5813 tem-

2119 4576 2242 4612 σιν·
2298 4563 2358 4626 ὃς
2408 4565 2694 4629 ἀποδιδοὺς
2743 4568 2812 4621 τὰ
2867 4570 3101 4623 ἐνταῦθα
3160 4576 3239 4636 είς
3293 4578 3691 4645 μυριοπλάσιον

2116 4655 2534 4726 προσεπιτίθησι
2583 4659 2677 4711 καὶ
2724 4657 2867 4731 ζωὴν
2925 4662 3167 4717 αἰώνιον.
3221 4666 3424 4721 Τούτου
3470 4670 3531 4720 τὸ
3585 4671 3689 4739 μὲν

2114 4743 2355 4813 πνεῦμα,
2389 4750 2699 4821 παραδείσῳ
2747 4752 2826 4821 τῷ
2873 4753 2973 4823 τῆς
3020 4757 3299 4826 ἀκηράτου
3342 4762 3554 4833 τρυφῆς
3602 4766 3691 4816 ἑν-

2109 4833 2484 4904 διαιτώμενον,
2521 4844 2972 4911 πραγματεύεται
3020 4852 3112 4900 καὶ
3152 4849 3285 4918 ἡμῖν
3339 4848 3435 4920 τὴν
3490 4836 3699 4921 ὁμοίαν’

2112 4925 2289 4993 χάριν,
2328 4924 2407 4989 οἷς
2439 4931 2758 5001 ἐντυγχάνει
2796 4934 2871 5003 τῷ
2916 4936 3198 5009 μελεδωνῷ
3240 4942 3332 4995 καὶ
3367 4942 3674 5017 φυτηκόμῳ

2108 5020 2206 5088 τῆς
2240 5022 2466 5089 ἀφθίτου
2506 5027 2720 5095 ἐκείνης
2766 5030 3050 5096 φυταλιᾶς,
3088 5033 3181 5084 καὶ
3215 5035 3312 5103 τὴν
3342 5041 3682 5107 προγονικὴν

2110 5112 2242 5179 ⁴ἡμῖν
2286 5116 2546 5183 ἐπανάγει
2599 5119 2990 5190 κλτλοονομίαν,
3023 5118 3090 5194 ἧς
3146 5124 3338 5191 φθόνος
3390 5131 3685 5191 σατανικος

2111 5203 2256 5272 ἡμᾶς
2284 5207 2539 5275 ἀπήγαγε
2561 5223 2575 5236 ·
2612 5208 2672 5261 τὸ
2723 5194 2779 5261 δὲ
2831 5211 2988 5281 σῶμα
3024 5214 3356 5284 παραδείσου
3395 5208 3509 5268 οἷον
3541 5217 3682 5291 ἡμῖν

2110 5297 2435 5367 ἐντρύφημα
2468 5300 2695 5366 γίνεται,
2730 5303 2790 5355 οὐ
2826 5305 2984 5372 μόνον
3014 5300 3095 5369 οἷς
3126 5308 3334 5365 ἐκεῖθεν
3366 5310 3682 5381 δρεπόμεθα

2110 5388 2289 5449 καὶοῖς
2317 5388 2392 5449 ὼς
2418 5390 2700 5455 ἑκάστοτε,
2727 5392 2862 5447 ἀλλὰ
2892 5397 2984 5448 καὶ
3012 5390 3093 5459 οἷς
3122 5397 3180 5448 ἐν
3211 5397 3382 5467 τούτῳ
3425 5399 3494 5451 τὰ
3537 5402 3683 5452 ἐκεί-

2108 5497 2198 5531 νου
2230 5484 2664 5553 μεγαλοπρεπῶς
2692 5486 2969 5556 θαυμάσια
2997 5487 3421 5559 διοπτανόμεθα,
3456 5493 3567 5554 τοῖς
3618 5468 3695 5544 ’τεθ

2111 5574 2467 5643 μυρορῤόαις,
2501 5577 2592 5627 καὶ
2623 5580 2731 5639 τοῖς
2759 5578 2854 5629 τοῦ
2886 5578 3117 5649 αἵματος
3171 5580 3371 5649 μικροῦ
3426 5582 3521 5634 καὶ
3572 5560 3693 5635 xu;

2112 5667 2334 5735 ματίαις
2372 5666 2461 5719 διὰ
2491 5669 2549 5720 τὸ
2593 5668 2862 5739 πλήσμιον
2910 5672 3197 5740 ποταμοῖς,
3230 5670 3281 5722 οἳ
3316 5672 3541 5724 αὐτόθεν
3588 5676 3676 5727 Ex-

2107 5757 2404 5810 κόπτουσιν
2437 5761 2515 5822 εἰς
2572 5759 2820 5826 ἅένναον,
2863 5762 2952 5814 καὶ
3016 5765 3134 5825 ταῖς
3177 5762 3417 5831 ὶὸγχαιο,
3479 5763 3544 5826 ἂς
3598 5766 3671 5827 εἰς
