4012 6226
519 343 623 414 1S7

1214 342 1633 405 EUS'I‘ATHII
1675 341 2424 404 TIIESSALONICENSIS
2459 335 3020 400 METROPOLIT£

3635 328 3740 393 188

515 457 650 515 solvi
683 455 950 512 etiterum
989 454 1322 511 insolubilem
1349 453 1744 522 colligationem
1772 464 2087 525 exspectare

2201 455 2250 508 ιδ
2289 455 2382 508 καὶ
2418 453 2654 508 ενταῦθα
2688 446 2800 504 οἷον
2828 447 3073 512 ἀείζωον.
3131 444 3222 516 Μὴ
3267 443 3450 498 θανεῖν
3504 445 3602 515 μὲν
3640 447 3748 514 γάρ

515 548 824 618 oportebat.
860 545 1146 616 Mortuum'
1175 561 1304 600 vero
1333 546 1530 600 iterum
1563 547 1629 600 ad
1667 547 1828 600 vilant
1880 546 2079 612 redire,

517 639 680 707 idque
718 645 843 692 ante
887 637 1296 691 resurrectionis
1334 648 1566 706 tempus,
1601 653 1708 704 prae
1735 637 1945 692 caeteris
1975 637 2079 690 do-

515 741 702 785 natum
748 741 854 786 est.
904 729 1204 786 Ordinatur
1245 743 1374 799 ergo
1411 739 1510 785 ttoc
1559 729 1719 784 modo
1767 727 2086 783 intermedia

518 837 638 875 sors
670 821 852 891 :jacet
877 836 1072 892 corpus
1106 821 1157 874 in
1191 822 1460 889 sepulcro,
1490 835 1557 874 en
1589 821 1778 874 mortis
1807 836 1821 872 :
1857 819 2086 875 scaturit

519 927 648 965 vero
685 915 925 978 ssuiguis,
955 928 1083 968 ecce
1113 914 1236 968 vitae
1284 913 1614 986 symbolum.
1653 914 1747 968 Est
1777 927 1960 978 casus,
2001 920 2086 967 est

519 1003 849 1056 resurrectio
875 1018 886 1053 :
911 1018 1074 1056 casus
1104 1020 1200 1072 per
1231 1018 1456 1061 mortem
1487 1008 1778 1063 secundum
1813 1020 2086 1075 naturam,

523 1093 844 1146 resurrectio
883 1108 978 1163 per
1005 1096 1288 1165 sanguinis
1319 1101 1868 1168 super-abundantiam
1924 1117 2090 1173 supra

520 1190 788 1234 naturam.

591 1440 680 1493 25.
727 1441 957 1510 Sanguis
987 1442 1107 1508 ille',
1143 1453 1478 1513 unguentum
1528 1446 1659 1502 illud
1690 1459 1876 1505 contra
1906 1453 2087 1506 omni-

521 1533 678 1583 moda
717 1533 853 1584 llllllll
903 1536 1269 1602 maximopere
1311 1537 1529 1604 pollent.
1560 1538 1806 1594 Mordent
1833 1541 2087 1607 dolores;

521 1631 576 1674 et
607 1622 720 1675 haec
749 1623 1046 1680 all‘eruntur
1076 1637 1130 1681 et
1180 1643 1436 1684 :crumnze
1469 1632 1747 1688 discedunt
1795 1647 1848 1689 et
1896 1637 2090 1691 metuit

2183 549 2286 600 οὐκ
2321 547 2446 615 ἐξῆν
2471 545 2562 599 τδν
2588 546 2690 598 ὑπὸ
2716 545 2866 614 νόμῳ
2892 543 3127 614 φύσεως,
3151 536 3218 610 ἦς
3244 541 3305 591 τὸ
3335 539 3427 590 καὶ
3451 537 3751 590 συνδεϊσθαι

2187 641 2284 693 καὶ
2308 639 2530 691 λύεσθαι
2561 638 2656 692 καὶ
2678 635 2970 704 ἀναμένειν
2994 629 3095 703 τὴν
3129 629 3373 692 εἰσαῦθις
3403 628 3599 684 ἄλυτον
3626 629 3753 681 σύν-

2187 719 2359 784 δεσιν.
2399 729 2645 783 Θανόντα
2673 729 2729 782 δὲ
2761 730 2841 790 είς
2882 727 2946 780 τδ
2987 725 3088 794 ζῇν
3127 722 3284 785 αὖθις
3334 720 3753 790 ὲπανακάμψαι,

2189 823 2326 876 ἀλλά
2357 821 2518 876 τοῦτό
2550 839 2614 890 γε
2667 819 2773 890 πρὸ
2815 818 2910 872 τοῦ
2967 820 3064 888 τῆς
3099 814 3452 874 ἀναστάσεως
3484 813 3611 880 ὅρου
3663 813 3758 865 καὶ

2189 917 2590 986 ὕπερτέθειται.
2632 914 3014 982 Οἰκονομετται
3053 905 3145 963 οὖν
3177 926 3294 970 πως
3326 908 3387 959 τὸ
3423 905 3613 977 μέσον.
3650 905 3760 958 Καὶ

2186 1011 2366 1064 κεῖται
2410 1007 2510 1075 μὲν
2544 1007 2604 1060 τὸ
2658 1007 2817 1075 σῶμα
2873 1006 2932 1056 ὲν
2984 1003 3178 1072 *διάφερ’
3217 999 3375 1053 τοῦτο
3423 998 3518 1052 τοῦ
3551 999 3758 1052 θανεῖν.

2189 1098 2380 1163 Βλύζει
2410 1099 2464 1153 δὲ
2493 1094 2653 1165 αἷμαο
2683 1097 2842 1150 τοῦτο
2871 1095 3017 1164 ζωῆς
3047 1093 3333 1162 σύμϐολον.
3364 1093 3476 1144 Καί
3501 1108 3617 1153 πως
3644 1090 3759 1142 ἐστι

2188 1189 2474 1244 καὶτοῦτο
2524 1188 2734 1251 πτῶσίς
2771 1204 2856 1249 τις
2889 1187 2984 1240 καὶ
3037 1183 3352 1242 ἀνάστασις·
3414 1179 3622 1232 πτῶσις
3677 1179 3763 1232 διὰ

2187 1283 2280 1338 σὺν
2319 1284 2463 1335 κατά
2495 1279 2658 1349 φύσιν
2713 1280 2966 1337 θάνατον.
3011 1276 3311 1337 ἀνάστασις
3353 1272 3442 1326 διὰ
3484 1269 3584 1340 τὴν
3619 1271 3767 1341 ὑπὲρ

2192 1372 2356 1442 φύσιν
2385 1370 2707 1440 περιουσίαν
2729 1371 2825 1422 τοῦ
2861 1369 3120 1436 αἵματος.

2260 1468 2356 1516 κε’.
2387 1460 2558 1515 Τοῦτο
2583 1461 2642 1513 τδ
2671 1455 2832 1529 αἷμα,
2887 1458 3050 1512 τοῦτο
3093 1458 3155 1510 τὸ
3195 1455 3367 1528 μύρον
3401 1457 3542 1511 κατά
3574 1457 3767 1510 παθῶν

2188 1550 2456 1604 παντοίων
2479 1552 2745 1622 ἀνδρικῶς
2778 1548 3158 1620 κρατύνονται.
3224 1547 3437 1602 Ὀδύναι
3473 1548 3728 1603 κεντοῦσι
3751 1565 3764 1578 ⁸

2189 1643 2285 1697 καὶ
2305 1642 2446 1695 αὐτὰ
2469 1643 2894 1711 προσφέρονται.
2931 1641 3027 1694 καὶ
3063 1641 3126 1693 τδ
3149 1639 3355 1693 λυποῦν
3379 1642 3610 1710 οἴχεται,
3674 1639 3769 1693 καί

521 1713 721 1766 doloris
747 1718 965 1770 aculeus
996 1729 1182 1774 acutas
1213 1720 1426 1778 lanceas
1453 1739 1572 1792 quae
1595 1725 1797 1781 heroici
1835 1731 2088 1798 martyris

2201 1751 2306 1796 πως
2335 1735 2370 1802 ἡ
2398 1736 2496 1803 τῆς
2519 1732 2708 1802 ὀδύνης
2737 1731 2932 1800 ὀξύτης
2959 1731 3290 1784 δυσωπεῖται
3319 1731 3423 1794 τάς
3452 1731 3683 1799 λόγχας,
3713 1729 3768 1782 αἶ

521 1810 736 1877 corpori
771 1810 948 1864 inllxaa
983 1813 1266 1879 pulchrum
1313 1829 1525 1869 amnem
1556 1828 1902 1886 aperuerunt.
1927 1819 2087 1874 [liant

2201 1823 2265 1892 ιῷ
2309 1800 2401 1875 τοῦ
2452 1800 2742 1874 ἀθλονίκου
2820 1821 3097 1889 μάρτυρος
3154 1819 3368 1889 σώματι
3426 1819 3765 1888 ὲμπαγεϊσαι

521 1899 743 1952 vulnera
774 1902 967 1969 quibus
999 1905 1240 1971 proxima
1290 1908 1500 1961 accedit
1540 1924 1685 1964 mors
1707 1949 1724 1975 ,
1756 1922 1943 1979 aperto
1971 1925 2087 1966 ore.

522 1990 631 2044 Sed
663 1993 706 2044 si
742 2010 790 2043 ut
817 2005 1016 2060 gul-nlo
1057 1995 1189 2048 illita
1223 1997 1333 2052 sint
1356 2041 1372 2064 ,
1411 2015 1558 2053 tnors
1587 2000 1742 2068 fugit,
1766 2002 1905 2057 sicut
1933 2013 1989 2057 et
2023 2003 2090 2059 de

523 2084 869 2149 animalibus,
893 2097 1156 2154 quotquot
1182 2091 1614 2158 uoguetttiodorc
1639 2091 1836 2147 infecta
1859 2094 2090 2164 fugiunt,

523 2175 719 2228 vulnus
746 2192 924 2230 autem
961 2179 1010 2231 in
1048 2179 1358 2234 cicatricem
1385 2182 1494 2235 abit
1520 2193 1574 2236 et
1595 2182 1866 2253 integrum
1895 2201 2093 2252 corpus

521 2267 687 2336 viget.
721 2267 786 2322 Et
816 2270 897 2323 sic
925 2273 1176 2341 martyris
1208 2274 1488 2328 vulnerum
1541 2275 1732 2330 humor
1761 2276 2087 2335 offendicula

523 2357 757 2412 humana
787 2360 1005 2426 abripit,
1040 2379 1142 2416 non
1175 2364 1346 2416 solum
1385 2365 1780 2420 incomntodum
1830 2369 2093 2434 allevans,

523 2447 617 2500 scd
657 2449 821 2503 etiam
853 2451 997 2520 quod
1028 2452 1311 2509 molestum
1343 2465 1450 2521 est,
1480 2457 1531 2510 itt
1565 2457 1866 2526 perfectura
1899 2459 2099 2515 immu-

522 2546 666 2594 tans.

590 2809 681 2868 26.
714 2814 999 2872 Cuduntur
1030 2821 1143 2875 bare
1170 2819 1223 2873 in
1260 2835 1408 2875 arma
1439 2821 1702 2877 adversus
1751 2822 1842 2878 Dei
1891 2823 2099 2882 hostes.

523 2905 710 2974 Itaque
745 2909 897 2962 multi
927 2911 1222 2979 pectoralia
1251 2915 1505 2983 martyris
1525 2925 1777 2982 gerentes
1807 2927 2096 2973 exeuntem

523 2994 648 3051 inde
683 2998 748 3052 ad
781 3013 939 3067 opera
981 3002 1034 3053 in
1088 2999 1213 3057 belli
1257 3004 1343 3058 die
1387 3005 1594 3072 experti
1653 3013 1783 3060 sunt
1822 3007 2098 3064 virtutem.

524 3089 740 3146 Directa
775 3093 826 3146 in
851 3107 946 3146 eos
976 3100 1055 3146 cst
1092 3103 1213 3147 trux
1247 3095 1438 3164 sagitta
1465 3105 1519 3150 et
1539 3095 1798 3162 immissa,
1825 3107 1880 3153 et
1909 3100 2098 3154 tende-

2191 1913 2383 1978 ὀξεῖαι,
2411 1914 2470 1966 τὸ
2496 1912 2659 1965 καλὸν
2689 1910 2866 1982 ῥεῦμα
2917 1911 3256 1980 προέφηναν.
3297 1907 3768 1979 Ἀωρῤήγνυνται

2189 2005 2520 2075 τραύματα,
2568 1998 2650 2066 οἷς
2696 2003 2926 2071 ἔγγιστα
2984 2000 3209 2065 πελάζει
3265 2000 3515 2062 θάνατος,
3574 1997 3771 2052 κύνεον

2193 2097 2548 2167 ὲπεγχαίνων.
2585 2096 2726 2148 Ἀλλ’
2753 2094 2848 2147 ἐὰν
2873 2093 3216 2163 ἐπιχρισθείη
3245 2090 3341 2144 τοῦ
3369 2089 3566 2160 μύρου,
3596 2089 3770 2142 θάνα-

2197 2208 2284 2253 τος
2318 2191 2415 2260 μὲν
2475 2190 2821 2260 δραπετεύει,
2845 2182 3011 2240 ’καθά
3061 2203 3162 2238 που
3197 2186 3290 2239 καὶ
3316 2183 3425 2235 τῶν
3457 2179 3634 2246 ζώων,
3670 2181 3773 2234 δσα

2196 2281 2333 2350 πρὸς
2361 2280 2533 2351 μύρου
2565 2281 2830 2350 ὄσφρησιν
2869 2278 3239 2348 ὲκμαινόμενα
3273 2278 3534 2344 φεύγουσι
3561 2286 3576 2302 ⁸
3621 2273 3688 2326 τδ
3716 2271 3772 2324 δὲ

2196 2375 2414 2444 τραῦμα
2440 2373 2710 2437 ούλοῦται,
2741 2375 2834 2428 καὶ
2856 2375 2933 2435 εἰς
2962 2371 3188 2440 ὁλότητα
3216 2369 3276 2422 τὸ
3303 2368 3462 2435 σῶμα
3502 2365 3770 2418 καθίστα-

2196 2484 2309 2522 ται.
2338 2469 2446 2521 Καὶ
2466 2468 2609 2522 οὕτω
2646 2465 2979 2536 τραυμάτων
3026 2461 3381 2534 μαρτυρικῶν
3410 2460 3648 2530 ὑγρότης
3679 2461 3775 2510 tx-

2199 2560 2542 2630 θρώσκουσα,
2590 2558 3037 2629 προσοχθίσματα
3083 2553 3392 2623 παρασύρει
3426 2552 3772 2622 ἀνθρώπινα.

2198 2653 2258 2706 οὐ
2295 2653 2457 2720 μόνον
2483 2651 2855 2720 ὲλαφρύνουσα
2884 2649 2944 2702 τὸ
2966 2646 3256 2717 δυσαχθὶς,
3282 2643 3417 2700 ἀλλά
3444 2643 3540 2696 καὶ
3585 2641 3778 2694 τέλεον

2199 2742 2592 2809 ὲξαλλάττουσα
2614 2741 2672 2795 τὸ
2697 2740 2992 2802 δυσπαθές.

2271 2841 2386 2900 κς’.
2417 2833 2789 2889 Χαλκεύονται
2851 2831 3022 2886 ταῦτα
3061 2831 3156 2886 καὶ
3207 2832 3286 2894 ὡς
3341 2831 3423 2893 είς
3472 2828 3612 2882 ὅπλα
3671 2827 3778 2887 τοῖς

2201 2927 2412 2998 ἐχθροῖς
2441 2927 2537 2980 τοῦ
2583 2924 2718 2978 Θεοῦ
2767 2924 3061 2994 ἀντίμαχα.
3100 2923 3290 2978 Πολλοὶ
3315 2917 3448 2991 γοῦν
3471 2919 3668 2973 ὲπικόλ
3682 2935 3776 2972 πια

2202 3022 2458 3090 φέροντες
2488 3016 2716 3072 τοιαῦτα
2750 3017 2815 3071 ὲκ
2838 3017 2948 3070 τῶν
2977 3015 3072 3070 τοῦ
3109 3015 3404 3086 μάρτυρος,
3433 3013 3533 3080 τὴν
3562 3010 3781 3065 ἐκεῖθεν

2204 3111 2563 3181 ὲξιρχομὲνην
2589 3107 2771 3180 ἔργοις
2799 3109 2981 3172 αὐτοῖς
3033 3111 3090 3162 ἂν
3125 3107 3310 3178 ἡμέρᾳ
3369 3105 3606 3172 πολέμου
3662 3107 3783 3157 ἑπι-

524 3183 616 3237 bat
661 3184 804 3238 intus
850 3181 998 3254 inllgi
1028 3194 1082 3238 et
1113 3186 1517 3257 transadigere;
1547 3190 1754 3244 erravit
1785 3205 1913 3245 vero
1954 3200 2008 3246 et
2044 3192 2093 3246 in

2202 3180 2531 3265 σκιάζουσαν
2561 3199 2761 3270 ἔμαθον
2787 3199 3040 3268 δύναμιν.
3080 3197 3384 3265 Ἐπετάσθη
3415 3197 3514 3265 μὲν
3542 3197 3657 3265 γὰρ
3689 3194 3779 3249 ἐπ’

525 3288 722 3328 vanum
757 3275 936 3330 rediit.
967 3273 1082 3333 Non
1115 3279 1258 3332 enim
1289 3278 1370 3334 fas
1391 3288 1507 3334 erat
1537 3280 1760 3336 victoris
1791 3281 1990 3338 donum
2017 3285 2096 3339 vi-

526 3375 617 3419 cto
645 3365 893 3421 cessisse.
919 3367 1150 3438 Clypcus
1193 3368 1412 3436 quidem
1463 3371 1739 3427 multoties
1801 3373 2096 3443 replicatus

527 3465 580 3508 et
614 3457 963 3511 materiarum
998 3459 1324 3514 adunatione
1357 3461 1588 3526 validus,
1620 3462 1774 3532 quasi
1813 3478 1844 3516 e
1884 3467 2090 3532 'septem

527 3546 688 3600 lmnm
720 3548 903 3612 coriis,
939 3549 1042 3604 sub
1070 3550 1264 3617 jaculis
1291 3552 1518 3618 defecit,
1565 3554 1792 3623 simplex
1840 3571 1965 3612 vero
1997 3573 2089 3612 vc-

529 3637 628 3694 stis
668 3639 719 3692 in
749 3639 867 3695 sinu
900 3643 1151 3714 martyris
1180 3643 1490 3700 tbeSaurum
1524 3645 1805 3702 includens
1838 3648 2087 3719 telisanon

528 3733 832 3789 succubuit.

2199 3293 2396 3353 αὐτοὺς
2424 3292 2596 3361 βίαιον
2628 3291 2797 3360 βέλος,
2828 3292 2924 3345 καὶ
2952 3290 3209 3356 ἀπέλασε,
3241 3289 3336 3342 καὶ
3367 3287 3525 3358 ἡθελε
3554 3284 3780 3355 ψαῦσαν

2200 3384 2522 3454 παρακύψαι
2553 3384 2646 3438 καὶ
2671 3383 2840 3449 ἔνδον,
2881 3383 2975 3437 καί
3027 3399 3131 3437 που
3163 3383 3257 3436 καὶ
3287 3379 3356 3434 δι’
3386 3379 3581 3449 ἑτέρας
3612 3376 3776 3430 ικδῦ-

2199 3493 2308 3542 ναι,
2360 3477 2521 3528 ὁποῖα
2577 3475 2644 3528 τά
2671 3474 2972 3544 διαμπερὲς
3023 3473 3327 3544 βαλλόμενα
3352 3488 3368 3507 υ
3404 3471 3776 3540 ἀπεπλάγχθη

2197 3565 2274 3629 δὲ,
2307 3565 2400 3618 καὶ
2430 3565 2585 3618 κενὸν
2611 3565 2949 3636 ἀνέκαμψεν.
2979 3565 3116 3620 Οὐδὲ
3148 3565 3258 3634 γὰρ
3288 3563 3456 3634 ἐχρῆν
3479 3562 3540 3614 τὸ
3569 3560 3668 3614 τοῦ
3703 3579 3781 3614 νι-

2202 3653 2368 3725 κητοῦ
2394 3655 2567 3724 δῶρον
2597 3655 2687 3708 τὸν
2719 3657 2920 3725 ἥττονα
2969 3653 3398 3721 ἀπενέγκασθαι.
3432 3652 3543 3706 Καὶ
3578 3650 3781 3720 θυρεὸς

2210 3746 2333 3816 μὲν,
2365 3746 2454 3799 xtl
2477 3747 2633 3809 αὐτὸς
2661 3748 2800 3799 αύτά
2836 3747 3004 3799 πολλὶ
3029 3747 3389 3814 πολύπτυχος,
3414 3745 3510 3797 καὶ
3539 3744 3619 3809 τῷ
3647 3760 3784 3796 συν·

529 3828 726 3897 θέμιτι
781 3829 887 3880 τῶν
941 3829 1081 3884 ὑλῶν
1110 3831 1445 3900 στερέμνιος,
1491 3833 1566 3895 ὡς
1592 3835 1774 3887 εἵπου
1804 3835 1897 3888 καὶ
1928 3836 2273 3902 ἐπειδύειος,
2343 3838 2513 3892 ἔπαθὲ
2541 3857 2592 3892 τι
2633 3840 2753 3902 ταῖς
2812 3839 3029 3908 βολαῖς·
3083 3839 3377 3907 ἱματισμὸς
3419 3838 3478 3891 δὲ
3536 3838 3781 3902 ἀπαλὸςν

530 3924 737 3991 στέγων
768 3923 872 3976 ὑπὸ
901 3924 1085 3995 κόλπῳ
1108 3926 1198 3977 τὶν
1239 3924 1333 3977 τοῦ
1359 3926 1634 3994 μάρτυρος
1665 3925 1962 3994 Θησαυρδν,
1994 3929 2446 3989 ἀνεπιϐούλευτος
2476 3932 2589 3993 τοῖς
2620 3931 2909 3998 βάλλουσιν
2939 3932 3147 3999 ἔμεινε.

595 4019 686 4073 27.
709 4020 798 4071 Sic
827 4020 1008 4073 multis
1032 4021 1341 4075 vulneribus
1395 4030 1614 4088 propter
1643 4021 1919 4074 Christum
1979 4023 2091 4077 Sal-

529 4121 771 4164 vatorem
800 4111 1084 4164 confossus
1113 4123 1315 4180 tnartyr
1351 4113 1482 4165 viris
1514 4112 1809 4168 vulneratis
1857 4129 1964 4170 non
1999 4131 2095 4168 au-

2271 4023 2372 4088 κζ’.
2402 4024 2510 4076 Καὶ
2559 4023 2732 4085 οὓτως
2759 4026 2788 4077 ὁ
2835 4024 2926 4076 διὰ
2957 4022 3049 4075 τὸν
3083 4023 3305 4092 σωτῆρα
3337 4023 3572 4093 Χριστὸν
3605 4023 3779 4076 πολύ-

2197 4131 2403 4182 τρωτος
2439 4115 2669 4183 μάρτυς,
2720 4108 2800 4176 οἷς
2829 4113 3086 4178 πέπονθε,
3111 4115 3222 4176 τοῖς
3263 4112 3672 4167 κινδυνεύουσιν
3722 4117 3783 4168 ὲν

530 4201 751 4254 xiliatur
781 4201 974 4257 solum.
1011 4202 1105 4254 sed
1139 4209 1192 4254 et
1213 4205 1397 4254 decem
1433 4205 1696 4258 nullorum
1727 4206 1962 4261 millibus
1998 4222 2093 4262 eos

2201 4205 2471 4274 τραύμασι
2517 4204 2722 4274 βοηθεῖ,
2771 4205 2864 4257 καὶ
2923 4204 2982 4257 οὐ
3027 4205 3209 4273 μόνον,
3241 4204 3376 4258 ἀλλά
3428 4206 3524 4258 καὶ
3555 4206 3779 4275 μυρίοις

531 4296 728 4365 premit
763 4295 1003 4362 quitales
1029 4295 1254 4364 inﬁgunt
1277 4297 1484 4365 plagas.
1517 4310 1570 4351 et
1604 4300 1744 4353 sicut
1773 4311 1957 4367 partus
1987 4300 2088 4354 do-

2201 4297 2464 4364 ὲπιτρὶὀει
2497 4300 2685 4360 κακοῖς
2705 4297 2828 4358 τοὺς
2858 4297 2952 4360 τὰς
2980 4298 3237 4358 τοιαύτας
3264 4296 3477 4364 πληγὰς
3507 4298 3775 4366 ὲντήκον-

533 4386 697 4451 lorea,
731 4393 810 4440 sic
834 4388 1064 4442 concilia
1087 4397 1140 4439 et
1172 4404 1333 4455 opera
1365 4389 1420 4442 in
1485 4389 1695 4444 irritum
1738 4391 1978 4458 adducit,
2029 4407 2093 4449 ac

2201 4407 2293 4452 τας
2315 4407 2329 4420 ·
2362 4393 2455 4442 καὶ
2481 4389 2670 4458 ὥσπερ
2697 4389 2795 4451 τὰς
2822 4389 3006 4458 βολάς,
3038 4388 3182 4441 οὕτω
3206 4390 3298 4442 καὶ
3331 4391 3429 4452 τὰς
3453 4389 3653 4453 βουλὰς
3678 4391 3778 4442 καὶ

513 4493 627 4550 acus
661 4478 750 4546 qui
777 4492 870 4546 pro
903 4476 1208 4546 pra'dajatn
1249 4477 1300 4530 iu
1348 4478 1598 4534 manibus
1633 4490 1792 4535 erant
1855 4482 2090 4538 evadere

2201 4478 2268 4532 τὰ
2323 4479 2459 4549 ἔργα
2507 4479 2561 4532 δὲ
2596 4480 2673 4542 είς
2710 4480 2990 4549 ἄπρακτον
3035 4480 3397 4550 ἀποκαθιστᾷ,
3425 4483 3516 4533 καὶ
3546 4482 3678 4544 τοὺς
3716 4483 3777 4535 ἐν

516 4559 679 4626 sinit.
710 4568 836 4624 11ωο
862 4580 1124 4624 noverunt
1153 4570 1367 4623 barbari
1387 4571 1671 4627 bellatores
1695 4573 1881 4628 ctalize
1920 4575 2093 4630 tribus

2201 4573 2382 4642 χερσὶν
2413 4572 2588 4641 ἄγρας
2611 4571 2997 4636 ὲξολισθαίνειν
3022 4575 3184 4625 ποιεῖ.
3251 4573 3439 4624 oram
3465 4573 3641 4640 ταῦτα
3679 4575 3778 4626 καὶ

534 4662 674 4716 sicut
711 4661 882 4716 tribus
909 4663 1088 4730 Agar:
1117 4677 1344 4732 corpore
1364 4665 1474 4734 jam
1527 4666 1793 4733 privatum
1820 4676 2095 4736 protecto-

537 4770 648 4811 rem
682 4764 1030 4820 reverentur;
1066 4756 1361 4824 propitium
1395 4757 1646 4824 reddunt,
1688 4773 1832 4829 smpe
1885 4763 2096 4830 suppli-

535 4857 656 4899 t'anl
692 4857 747 4900 et
771 4848 1070 4914 placamina
1100 4849 1472 4913 adinveniunt,
1494 4858 1618 4905 vota
1641 4851 1871 4918 faciunt,
1901 4854 2102 4924 depre-

535 4939 1067 5004 c.mtur,gratiaruzn
1088 4941 1328 4993 actiones
1353 4938 1586 4993 olfcrnnt
1615 4954 1715 4994 suo
1756 4957 1905 4996 more
1960 4942 2098 4996 ima-

535 5028 714 5092 ginem
751 5029 1052 5096 pingentes,
1077 5031 1258 5084 einuia
1286 5031 1338 5083 in
1373 5031 1809 5099 propitiationcm
1833 5035 2100 5090 adhiben-

539 5132 637 5173 tes.
673 5121 737 5173 ιςι
761 5120 958 5188 quibus
971 5121 1185 5188 quidem
1207 5123 1715 5192 martyrtormentis
1747 5136 1919 5180 morte
1946 5126 2099 5182 abla-

541 5222 628 5263 tus
650 5221 728 5264 est
761 5210 1045 5264 attendere
1071 5211 1337 5277 dubitant,
1365 5226 1580 5277 passum
1601 5229 1732 5269 vero
1757 5227 2094 5274 reverentur.

536 5305 581 5356 Α
625 5304 733 5356 Deo
761 5301 960 5355 factum
991 5313 1074 5356 est
1100 5303 1262 5368 istud,
1291 5313 1349 5357 ut
1371 5303 1575 5374 gratias
1597 5306 1820 5359 referret
1849 5311 2099 5376 martyri.

535 5397 673 5449 Nam
706 5411 814 5451 non
865 5395 1217 5450 confunditur
1264 5397 1333 5450 de
1385 5396 1470 5452 bis
1523 5398 1614 5466 qui
1675 5397 1915 5469 prodigia
1975 5403 2098 5469 qni-

535 5487 658 5541 dem
692 5489 929 5552 exhibet,
962 5487 1164 5556 majora
1195 5503 1323 5542 vero
1355 5487 1534 5543 facere
1584 5489 1676 5541 dat
1730 5487 1797 5542 iis
1837 5488 1931 5557 qui
1996 5489 2098 5559 ipsi

537 5582 799 5636 serviunt.
827 5581 894 5634 Et
926 5579 1042 5634 haec
1076 5579 1293 5634 barbari
1316 5587 1578 5649 quotquot
1616 5581 1934 5645 prudentius
1961 5596 2104 5635 mar-

541 5677 713 5744 tyrem
746 5670 1058 5726 observant.
1089 5670 1193 5737 Qui
1217 5679 1397 5726 autem
1436 5671 1783 5726 audentiores
1814 5670 2100 5726 fortiores-

540 5772 654 5832 quc
676 5767 830 5826 sunt,
856 5765 1116 5833 martyris
1145 5764 1396 5821 virtutem
1423 5778 1718 5834 agnoscere
1744 5763 1897 5838 baud
1949 5779 2102 5817 recu-

2199 4665 2247 4717 οἱ
2281 4664 2524 4734 πολέμιοι
2550 4665 2833 4735 βάρϐαροι,
2870 4665 2936 4718 τά
2961 4682 3020 4718 τε
3057 4666 3192 4720 ἀλλα
3223 4664 3385 4734 φῦλα,
3429 4667 3523 4718 καὶ
3553 4666 3616 4719 τὸ
3674 4667 3780 4736 τῆς

2204 4760 2404 4828 Ἅγαρ,
2423 4759 2516 4811 καὶ
2537 4757 2625 4810 τὸν
2646 4756 2939 4826 ἀσώματον
2961 4757 3178 4827 ἀρωγὸν
3203 4759 3392 4812 τοῦτον
3410 4758 3778 4828 δειμαίνουσι,

2202 4857 2296 4905 καὶ
2311 4851 2596 4917 ἱλεοῦνται,
2630 4850 2723 4904 καὶ⁵
2747 4851 3065 4904 ποτνιῶνται
3100 4853 3291 4919 συχνά,
3320 4852 3413 4904 καὶ
3436 4851 3778 4921 μειλέγματα

2200 4942 2627 5010 ἐξευρίσκουσιν,
2695 4941 3127 5012 ἀνακαλούμενοι
3189 4942 3370 5010 λόγοις
3435 4943 3776 5013 εὐκτηρίοις,

2201 5034 2565 5100 λιταζὸμενοι,
2587 5032 2815 5104 χάριτας
2837 5033 3205 5097 ἀνατιθέντες,
3235 5034 3426 5095 ὁποίας
3449 5035 3498 5087 οί
3532 5035 3776 5088 τοιοῦτοι

2198 5125 2549 5194 ὲπινοήσαιεν
2583 5125 2669 5189 ἂν,
2700 5125 2791 5176 τὸν
2827 5125 3152 5195 χαρακτῆρα
3182 5124 3465 5188 είκονικῶς
3493 5126 3775 5179 ἐκτυπού-

2205 5231 2378 5279 μενοι,
2411 5217 2587 5270 πάντα
2622 5217 2902 5280 ποιοῦντες
2931 5221 3010 5283 είς
3041 5220 3426 5288 πραγματείαν
3446 5219 3775 5290 ιξιλασμοῦ.

2203 5308 2314 5361 Καὶ
2339 5307 2480 5378 ὑπὲρ
2499 5301 2560 5360 οὗ
2596 5308 2694 5377 μὲν
2720 5309 2782 5361 τὸ
2826 5309 3019 5363 παθεῖν
3047 5311 3076 5362 ὁ
3112 5311 3324 5380 μάρτυς
3356 5312 3616 5377 ἀνείλετο,
3653 5312 3774 5364 ἀλλ’

2202 5399 2398 5468 δκείνῳ
2427 5400 2716 5469 προσέχειν
2748 5401 2989 5465 ὀκνοῦσι,
3041 5401 3131 5454 τὸν
3160 5402 3216 5454 δὲ
3243 5403 3483 5456 παθόντα
3513 5403 3777 5468 σεϐίιζον-

2202 5506 2311 5543 ται.
2335 5489 2470 5542 Θεοῦ
2501 5490 2592 5542 καὶ
2623 5487 2801 5556 τοῦτο,
2827 5491 3200 5562 χαρισαμένου
3223 5491 3302 5562 τῷ
3337 5493 3596 5564 μάρτυρι.
3633 5494 3776 5548 Οὐδὲ

2204 5581 2314 5652 γὰρ
2333 5582 2484 5634 ὀκνεῖ
2515 5580 2636 5634 οὐδὲ
2675 5581 2744 5635 τά
2769 5583 2993 5637 τοιαῦτα
3050 5585 3282 5650 ἐκεῖνος,
3309 5586 3338 5640 6
3367 5587 3626 5656 τεράστια
3662 5585 3771 5654 μὲν

2205 5671 2629 5739 ἐνδεικνύμενος,
2695 5673 2863 5740 μείζω
2919 5674 2976 5728 δὲ
3025 5675 3202 5736 διδοὺς
3259 5679 3432 5730 ποιεῖν
3458 5680 3572 5740 τοῖς
3609 5678 3778 5730 αὐτὸν

2207 5763 2590 5834 θεραπεύουσι.
2625 5765 2732 5818 Καὶ
2766 5765 2987 5820 τοιαῦτα
3027 5766 3127 5836 μὲν
3163 5767 3272 5822 τῶν
3303 5768 3615 5840 βαρὸἀρων,
3652 5769 3775 5824 ὅσοι
