3950 6208
407 297 505 366 191

1108 312 1537 373 EUSTATIIII
1582 316 2334 382 THESSALONICENSIS
2376 325 2932 403 METRUPOLITJE

3545 328 3653 393 192

390 437 551 477 casus
583 424 887 490 constituit,
917 434 969 480 et
999 436 1160 495 prout
1189 428 1353 480 timor
1392 427 1633 500 fugiendi
1666 433 1810 487 vires
1841 435 1958 488 ade-

2095 440 2291 501 ιεύετο,
2326 440 2445 492 οὔτε
2476 441 2794 510 ἀμφιλαφὴς
2828 441 2929 508 ὕλη
2964 441 3209 506 σκιάζειν
3256 441 3391 514 εἶχε,
3427 447 3650 501 καὶτοῦ

393 528 591 583 morat;
622 526 736 572 tum
763 520 916 587 quasi
955 521 1006 573 in
1046 522 1310 575 tumulum
1352 521 1672 579 festinanter
1700 525 1957 579 elfossum

398 626 606 679 seipsos
635 611 1013 667 abstrudentes
1042 622 1096 667 et
1128 621 1313 681 patere
1340 613 1471 683 ipsis
1497 615 1660 667 etiam
1699 623 1959 668 tartarum

396 704 701 769 cupientes.
745 702 967 757 Interim
1016 707 1210 758 adsunt
1260 704 1445 758 alieni.
1475 704 1519 757 0
1551 707 1745 760 mirum
1774 706 1959 768 prodi—

398 795 577 861 gium!
612 794 846 847 tenebrae
875 794 1006 862 ipsis
1045 810 1156 863 pra:
1205 795 1391 849 oculos
1439 797 1875 865 perquirentibus
1909 798 1962 851 in

398 896 685 955 martyrem
720 872 1083 940 invocantium
1117 887 1386 951 latebras;
1422 886 1530 940 imo
1570 902 1678 941 non
1708 889 1961 950 tenebrae,

398 979 489 1029 sed
530 980 791 1032 aberrans
834 979 1114 1032 oculorum
1165 978 1419 1043 obtutus;
1452 992 1551 1031 nec
1580 980 1743 1033 etiam
1792 980 1922 1033 illud
1950 1022 1966 1046 ,

400 1070 494 1123 st'd
527 1079 584 1121 ut
627 1082 753 1138 puto
801 1072 955 1126 nobis
995 1072 1245 1125 columna
1299 1071 1616 1125 ﬁssurarum
1667 1072 1969 1142 adimplens

400 1170 711 1224 aperturas,
751 1162 917 1217 latere
944 1172 1146 1217 stratos
1176 1162 1303 1217 fecit
1324 1203 1339 1228 ,
1376 1172 1432 1220 et
1463 1173 1723 1232 tanquam
1758 1164 1969 1234 lepores

404 1253 530 1321 fuga
585 1254 636 1307 iu
681 1265 862 1322 petras
906 1269 964 1307 se
1006 1268 1191 1309 coram
1220 1256 1301 1310 eis
1332 1255 1424 1323 qui
1461 1257 1697 1323 prwdam
1729 1254 1971 1325 vestigiis

404 1354 652 1411 premunt
677 1346 1095 1399 abscondentes.
1114 1345 1471 1400 Transierunt
1493 1348 1641 1401 horae
1666 1347 1846 1400 multa:
1874 1360 1972 1401 nec

402 1451 562 1488 canes
594 1438 827 1502 przrdam
854 1437 1087 1491 assecuti
1118 1445 1266 1491 sunt.
1289 1436 1475 1506 Itaque
1502 1440 1555 1491 in
1584 1454 1778 1491 vanum
1802 1452 1973 1507 equo-

404 1544 523 1582 rum
547 1528 787 1596 fatigatis
805 1528 1028 1596 pedibus
1050 1529 1433 1592 laboraverunt
1453 1539 1505 1582 et
1528 1540 1851 1598 stupuerunt
1870 1531 1975 1586 huc

407 1617 534 1670 illuc
568 1617 958 1687 prospicientes
988 1632 1002 1669 :
1030 1626 1084 1671 et
1112 1617 1344 1685 amplius
1383 1619 1622 1671 curaturi
1657 1620 1974 1672 videbantur

406 1710 471 1762 de
512 1725 569 1763 re
603 1708 689 1761 illa
718 1718 1021 1763 scrutantes
1052 1709 1336 1772 scrutinio,
1369 1708 1539 1762 donec
1567 1708 1803 1774 ipsorum
1847 1710 1970 1762 inu-

2067 529 2175 582 τῶν
2210 528 2586 599 ψηλαφῶν-των
2616 532 2792 599 φωτὸς
2839 533 3076 599 ἁπάγειν
3129 533 3190 586 τὸ
3243 536 3655 607 παρεισδυόμε-

2066 620 2177 687 νον)
2197 636 2211 648 '
2238 622 2333 673 καὶ
2362 621 2481 673 οὐδὲ
2505 622 2579 690 τῷ
2611 624 2774 674 παντὶ
2809 622 2902 675 τοῦ
2939 623 3186 693 σώματος
3222 621 3369 695 ετχον
3402 629 3650 697 κρύπτεο

2071 712 2215 765 σθαι.
2264 700 2428 763 L'AD.‘
2449 713 2587 782 ὅπερ
2627 709 2789 783 εἶχον,
2823 715 3060 777 ἐποίουν,
3092 715 3237 789 καθᾴ
3267 732 3373 769 που
3422 717 3519 771 καὶ
3543 718 3652 771 τῶν

2070 803 2223 867 ζώων
2259 804 2399 865 τινὰ,
2434 801 2534 866 οἷς,
2598 806 2685 856 ὅτε
2753 805 2856 874 θὴρ
2917 804 3287 875 βριαρὼτερος
3340 807 3649 877 ἐπιτρέχει,

2071 892 2408 963 κρύπτεσθαι
2446 894 2545 963 τὴν
2578 895 2812 963 κεφαλὴν
2844 895 2939 947 καὶ
2968 894 3139 965 μόνην
3179 895 3413 958 ἔπεισιν,
3447 896 3522 959 ὡς
3547 899 3652 968 ἤδη

2072 987 2167 1039 καὶ
2193 986 2251 1037 τὸ
2282 987 2389 1038 πᾶν
2413 985 2520 1037 τῶν
2558 985 2732 1053 μελῶν
2788 986 3130 1053 ἀφανίζουσι.
3176 986 3417 1040 Τοιαῦτα
3443 987 3554 1057 γὰρ
3586 988 3655 1041 τὰ

2071 1076 2171 1144 τῆς
2204 1075 2505 1146 ἀμηχανίας
2533 1075 2895 1145 βουλεύματα.
2936 1076 3187 1129 Ἐκειντο
3213 1078 3309 1145 μὲν
3337 1074 3433 1131 οὖν
3465 1079 3652 1141 αὐτοὶ,

2071 1168 2321 1238 καθάπερ
2362 1167 2592 1219 ἕκαστον
2651 1168 2683 1237 ἠ
2739 1166 2943 1230 πτῶσις
2999 1169 3357 1238 ἐσχημάτισε,
3390 1169 3486 1221 καὶ
3524 1170 3602 1230 ῶς
3629 1170 3659 1221 ὁ

2076 1260 2238 1328 φόϐος
2284 1258 2660 1329 παραποδίσας
2700 1257 2914 1329 ἔρριψε,
2961 1260 3100 1329 τάχα
3145 1259 3241 1312 καὶ
3273 1259 3347 1323 ὡς
3370 1262 3450 1322 εἰς
3477 1260 3663 1323 αύτοτ

2078 1351 2281 1420 σχέδιον
2341 1351 2512 1418 τάφον
2571 1349 2992 1418 καταχώσαντες
3048 1350 3296 1412 ἑαυτοὺς,
3338 1351 3434 1402 καὶ
3467 1351 3661 1419 χανεῖν

2076 1443 2273 1503 αὐτοὺς
2331 1442 2616 1510 εὐχόμενοι
2670 1443 2763 1494 καὶ
2802 1441 2893 1493 τδν
2946 1441 3251 1510 τάρταρον.
3288 1440 3411 1491 Ἐπὶ
3443 1440 3660 1502 τούτοις

2076 1531 2391 1598 ἐφίστανται
2432 1533 2490 1583 τὺ
2511 1530 2826 1599 ἀλλόφυλον.
2853 1532 2963 1585 Καὶ
2991 1530 3035 1583 ῶ
3060 1531 3154 1585 τοῦ
3190 1531 3481 1603 τεραστίου
3516 1529 3658 1584 θαύ-

2082 1626 2285 1695 ματοςί
2325 1624 2516 1685 σκότος
2547 1624 2731 1687 αὐτοῖς
2755 1625 2861 1693 πρὸ
2888 1623 3186 1692 ὀφθαλμῶν
3216 1626 3357 1677 κατά
3386 1623 3449 1675 τὸ
3479 1621 3664 1692 ψηλα-

2080 1709 2248 1777 φητδν
2263 1710 2343 1768 είς
2368 1709 2691 1779 ἀποκρυϐὴν
2719 1710 2826 1763 τῶν
2858 1710 3202 1780 δεδεημένων
3229 1711 3324 1763 τοῦ
3351 1711 3660 1780 μάρτυροςο

410 1805 532 1856 tiles
559 1819 718 1856 curas
747 1816 962 1857 cessare
983 1804 1111 1856 fecit
1137 1802 1241 1867 vir,
1265 1804 1320 1855 in
1339 1802 1587 1856 veritatis
1619 1803 1693 1855 rei
1724 1803 1975 1872 abyssum

2095 1800 2280 1866 μᾶλλον
2316 1800 2412 1860 μὲν
2444 1798 2542 1854 οὖν
2561 1802 2623 1853 οὗ
2658 1800 2876 1866 σκότος,
2912 1802 3048 1856 ἀλλὰ
3082 1804 3392 1873 παρόρασις
3417 1820 3432 1834 ·
3464 1803 3567 1873 ἤδη
3602 1803 3664 1855 δὲ

408 1895 741 1949 descendens
774 1903 825 1946 et
860 1893 1098 1947 divinum
1145 1907 1267 1947 esse
1310 1893 1614 1960 suspicatus
1655 1894 1798 1962 quod
1831 1893 1979 1946 acci-

2095 1893 2201 1945 ›ύδδ
2240 1893 2401 1963 αὕτη,
2435 1893 2568 1976 ἀλλά
2601 1893 2793 1956 στῦλός
2842 1913 2945 1959 τις,
2980 1893 3156 1964 οἶμαι,
3199 1896 3433 1966 νεφέλης
3458 1896 3527 1948 τὰ
3560 1897 3667 1966 τῆς

410 1985 599 2046 derat;
629 1984 719 2050 qui
756 1983 808 2036 in
841 1996 1036 2037 vanum
1077 1981 1213 2035 dixit
1264 1981 1541 2049 defatigari
1600 1992 1983 2050 persequentes

2095 1984 2366 2053 φάραγγος
2396 1986 2730 2053 ἀναπληρῶν
2753 1985 3070 2055 κενώματα,
3090 1987 3377 2041 λανθάνειν
3405 1986 3533 2049 τοὺς
3548 2004 3668 2039 xu:-

411 2091 509 2131 eos
537 2089 671 2143 quos
696 2073 955 2142 consequi
990 2086 1093 2126 non
1121 2071 1343 2135 licebat,
1376 2082 1428 2125 et
1456 2072 1979 2141 incomprehensibi-

2095 2075 2415 2144 ταζομένους
2458 2075 2673 2137 ἐποίει,
2705 2078 2797 2128 καὶ
2847 2072 2935 2129 οἵα
2965 2077 3212 2145 λαγωοὺς
3237 2077 3662 2146 καταφυγόντας

415 2168 486 2221 lia
520 2168 784 2233 attingere
824 2165 1108 2220 instantes.
1146 2166 1213 2219 Et
1253 2164 1435 2220 dicere
1482 2164 1707 2231 addidit,
1745 2166 1978 2221 miscens

2095 2169 2161 2230 είς
2189 2168 2395 2237 πέτρας
2425 2167 2880 2236 ἀποκρύπτεσθαι
2933 2170 3062 2232 τοὺς
3103 2168 3421 2238 ίχνευτικῶς
3456 2169 3669 2237 ἐμφυο-

413 2261 858 2332 philosophum...
1964 2280 1971 2283 “

2095 2259 2279 2328 μένους
2301 2260 2503 2323 αὐτοῖς.
2547 2258 3025 2330 Ἐξεμετρήθησαν
3065 2256 3203 2330 ὧραι
3241 2261 3461 2331 συχναὶ.
3491 2260 3587 2312 καὶ
3611 2259 3665 2311 al

415 2359 576 2421 κύνες
605 2359 704 2411 οὐκ
730 2355 875 2429 εἴχον
903 2360 964 2412 τὸ
989 2359 1322 2429 ζητούμενον
1351 2359 1598 2428 θήραμα.
1650 2355 1760 2409 Καὶ
1789 2354 1971 2408 τοίνυν
2026 2355 2227 2417 ἱκανῶς
2279 2356 2337 2406 ἐν
2391 2357 2572 2419 κενοῖς
2642 2358 2770 2420 τοὺς
2820 2356 2928 2410 τῶν
2982 2357 3166 2409 ἵππων
3215 2354 3662 2424 κατατρίψαντες

416 2452 921 2522 πόδας,ἀπέκαμον,
945 2454 1039 2507 καὶ
1068 2453 1362 2523 τεθηπότες
1392 2454 1628 2514 ἵσταντο,
1654 2449 2135 2512 διεκπεταννύντες
2166 2448 2441 2521 πανταχοῦ
2471 2455 2571 2520 τῆς
2624 2452 2740 2503 ἐκεῖ
2780 2453 2883 2521 γῆς
2913 2454 3012 2515 τὰς
3065 2450 3242 2520 θψεις.
3298 2451 3408 2503 Καὶ
3469 2449 3666 2518 ἐῴκει-

420 2562 520 2600 σαν
557 2546 788 2617 μελετᾷν
817 2546 1073 2600 ὶπιπλέον
1107 2547 1409 2616 πράγματα
1439 2548 1604 2614 σχεῖν,
1650 2542 2041 2611 ἑξερευνῶντες
2066 2544 2468 2613 ἐξερευνήσεις,
2506 2543 2612 2606 ἕως
2656 2544 2841 2608 αὐτοῖς
2893 2545 3023 2608 τοὺς
3065 2543 3369 2612 ἀνηνύτους
3419 2542 3663 2613 μίχθους

420 2642 660 2695 ἔπαυσεν
691 2643 849 2713 ἀνὴρ,
874 2644 953 2705 είς
981 2643 1140 2713 βάθος
1167 2641 1261 2694 τοῦ
1288 2643 1388 2710 τῆς
1408 2641 1667 2713 ἀληθείας
1690 2638 1976 2708 προκύψας
2018 2639 2366 2709 πρᾶγματος,
2394 2640 2490 2692 καὶ
2537 2639 2679 2692 θεῖον
2712 2635 2850 2693 εἶναι
2907 2641 3358 2710 συννοησάμενος
3416 2640 3479 2691 τὸ
3535 2641 3666 2692 ἐπι-

420 2736 692 2803 προσθοῦν
717 2749 731 2764 ·
762 2734 823 2797 ὃς
852 2736 947 2788 καὶ
975 2736 1055 2812 είς
1091 2736 1266 2805 μάτην
1297 2736 1510 2798 ἐξεῖπεν
1554 2735 1754 2794 αὐτοὺς
1813 2733 2121 2794 πονεῖσθαι,
2166 2733 2405 2802 ἀκίχητα
2458 2733 2775 2801 διώκοντας,
2831 2734 2925 2787 καὶ
2979 2734 3388 2804 ἀκαταλήπτοις
3428 2732 3662 2785 ἐπιϐάλ-

419 2830 630 2892 λοντας.
669 2830 776 2881 Καὶ
811 2828 1106 2899 προσέθετο
1135 2831 1328 2892 εἰπεῖν,
1353 2828 1704 2898 παραμιγνὺς
1723 2828 1788 2897 τῇ
1827 2828 2113 2897 φιλοσοφίᾳ
2137 2831 2232 2898 τῆς
2271 2866 2285 2881 .
2316 2867 2330 2881 .
2363 2866 2377 2882 .
2405 2866 2418 2880 .
2446 2869 2459 2882 .
2486 2868 2500 2882 .

1785 2964 1985 3018 Desunt
2041 2965 2304 3022 multm...

487 3089 651 3144 29....
673 3088 728 3139 in
761 3084 1132 3140 exsistentiam
1158 3084 1396 3136 materiae
1411 3092 1683 3148 expertem
1703 3090 1986 3136 attenuen-

2163 3082 2263 3136 κθ’.
2296 3124 2309 3137 .
2344 3123 2359 3138 .
2415 3122 2430 3138 .
2469 3121 2483 3136 .
2520 3085 2600 3147 είς
2628 3084 2820 3139 ἁῦλίαν
2845 3085 3240 3155 λεπτύνωνται,
3278 3090 3353 3153 ὡς
3385 3092 3459 3161 μὴ
3494 3093 3665 3161 μόνον

434 3191 523 3236 tnr
548 3164 706 3233 ita'ut
734 3191 836 3229 non
863 3184 1067 3227 tantum
1102 3174 1203 3241 ipsi
1227 3174 1365 3242 apud
1391 3174 1631 3227 omnium
1658 3174 1983 3246 altissimum

429 3273 596 3327 Deum
622 3270 750 3333 sint,
773 3269 865 3323 sed
910 3276 963 3320 et
997 3266 1131 3320 alios
1184 3281 1346 3334 supra
1401 3278 1598 3322 terram
1652 3266 1879 3330 tollant;
1938 3273 1995 3317 et

428 3364 711 3429 hucusque
743 3360 959 3428 quidem
993 3356 1217 3411 exaltari
1275 3357 1502 3420 faciunt,
1547 3357 1671 3410 dein
1699 3372 1827 3410 vero
1855 3355 1988 3410 etin

432 3462 574 3507 terra
609 3453 798 3504 iterum
825 3448 1034 3516 absque
1055 3447 1266 3501 defectu
1289 3457 1553 3515 perstare.
1581 3446 1647 3500 Et
1672 3447 1751 3501 sic
1774 3447 1991 3515 quidem

432 3543 524 3613 qui
543 3542 787 3595 tenebras
812 3540 911 3593 lert
930 3540 1301 3610 (σκοτοφόρος)
1322 3548 1376 3594 et
1403 3541 1545 3594 circa
1572 3540 1743 3609 ipsum
1766 3540 2010 3609 proplte-‘

435 3643 501 3689 tae
517 3644 571 3690 et
589 3634 816 3702 apostoli
838 3641 893 3687 et
911 3633 1320 3702 quibuscunque
1337 3631 1456 3685 aliis
1476 3633 1640 3685 Deum
1655 3631 2008 3700 omnipotcng

434 3738 541 3783 tem
574 3727 1031 3797 cognoscentibus
1061 3725 1288 3781 exaltari
1318 3725 1547 3781 leviores
1580 3726 1805 3795 contigit
1836 3733 1891 3778 et
1926 3725 1992 3779 ad

431 3822 710 3890 superiora
738 3820 1063 3890 promoveri,
1096 3820 1149 3873 in
1180 3829 1442 3890 quantum
1477 3819 1624 3890 ipsos
1652 3819 1870 3873 sustulit
1902 3818 1994 3888 qui

434 3916 490 3969 in
517 3915 749 3969 sublime
776 3912 969 3977 elevat,
1007 3912 1243 3983 gaudent
1300 3912 1711 3979 multiplicatam
1747 3910 1994 3963 videntes

433 4003 890 4072 pulchritudinem
946 4010 1000 4056 et
1033 4003 1229 4057 εωιιιιη
1267 4003 1580 4057 hominibus
1626 4001 1889 4069 repletum
1919 4000 1991 4053 ita

433 4105 494 4150 ut
517 4096 626 4165 jam
671 4110 778 4149 non
824 4096 1073 4148 desertus
1133 4093 1303 4146 aztber
1356 4093 1602 4159 dicatur;
1656 4107 1763 4160 quo
1814 4091 1995 4145 volatu

434 4187 560 4241 elati
592 4196 850 4251 tanquam
885 4183 1143 4238 caelicolae
1176 4184 1311 4236 liunt
1336 4197 1434 4249 per
1464 4198 1588 4235 aera
1613 4184 1992 4249 procedentes.

436 4280 492 4333 Si
524 4291 650 4331 vero
678 4287 934 4343 tanquam
968 4274 1123 4342 equis
1163 4272 1488 4326 salutaribus
1531 4273 1762 4325 sublime
1801 4273 1999 4326 tollun-

437 4379 526 4422 tur
550 4366 641 4436 qui
676 4366 980 4427 solvuntur,
1015 4361 1419 4417 simulexaltari
1457 4362 1559 4415 visi
1583 4376 1705 4414 rum
1751 4363 1995 4417 salvante

2098 3174 2250 3225 αὐτοὶ
2315 3173 2448 3243 πρὸς
2494 3175 2571 3243 τῷ
2624 3176 2886 3229 ἀνωτάτω
2918 3180 3141 3232 παντων
3174 3178 3293 3249 Θεῷ
3326 3176 3487 3243 εἶναι,
3525 3183 3668 3237 ἀλλὰ

2102 3268 2194 3318 καὶ
2237 3266 2459 3335 ἑτέρους
2522 3267 2662 3337 ὑπὲρ
2707 3270 2810 3335 γῆς
2867 3268 3189 3338 κουφίζειν·
3249 3274 3342 3326 καὶ
3391 3276 3532 3334 τέως
3564 3277 3667 3344 μὲν

2098 3353 2269 3416 οὕτως
2330 3356 2720 3425 ἁνωφορεῖσθαι
2777 3361 2971 3424 ποιεῖν,
3035 3358 3154 3413 εἶτα
3190 3361 3248 3415 δὲ
3308 3365 3400 3417 καὶ
3432 3372 3529 3432 τῆς
3561 3367 3667 3435 γῆς

2098 3445 2252 3507 αὖθις
2279 3446 2527 3505 ἀϐλαϐῶς
2555 3446 2820 3511 γίνεσθαι.
2845 3449 2955 3502 Kal
2980 3450 3122 3503 οὕτω
3155 3453 3300 3520 μὲνό
3329 3471 3490 3508 σκοτο
3505 3458 3665 3526 ττόρος

2099 3538 2195 3589 καὶ
2217 3537 2266 3587 cl
2290 3537 2426 3604 ἀμφ’
2452 3539 2616 3591 αὐτὸν
2648 3539 2918 3608 προφῆται
2950 3544 3042 3595 καὶ
3063 3542 3368 3604 ἀπόστολοι,
3405 3546 3498 3598 καὶ
3516 3546 3671 3609 ὅσοις

2098 3629 2283 3692 ἄλλοις
2336 3631 2442 3682 τῶν
2497 3630 2714 3683 εἰδότων
2742 3632 2830 3683 τὸν
2872 3631 2962 3684 ἐπὶ
2990 3632 3206 3685 πάντων
3254 3634 3386 3687 Θεὸν
3422 3637 3669 3705 ἀρθῆναι

2103 3722 2322 3790 κούφοις
2376 3722 2678 3790 ἐξεγένετο,
2745 3723 2838 3775 καὶ
2894 3725 3352 3796 μετεωρισθῆναι,
3397 3732 3475 3791 εἰς
3540 3732 3671 3783 ὅσον

2101 3814 2297 3878 αὐτοὺς
2334 3815 2590 3867 ἀνέλαϐεν
2643 3818 2669 3867 ό
2705 3815 2875 3884 ὑψῶν,
2932 3820 3204 3886 χαίρουσι,
3253 3820 3669 3891 πληθυνόμενον

2104 3906 2388 3975 βλέποντες
2422 3908 2481 3959 τὸ
2510 3907 2689 3973 καλὸν,
2728 3912 2820 3961 καὶ
2845 3908 2936 3960 τὸν
2965 3911 3193 3979 οὐρανὸν
3226 3913 3533 3983 ἀνθρώπων
3568 3917 3670 3981 γέ.

2106 4016 2292 4068 μοντα,
2338 3999 2412 4061 ὡς
2450 4000 2648 4068 μηκέτι
2705 4001 2915 4069 ἐρήμην
2954 4002 3146 4068 αἰθέρα
3194 4003 3487 4069 λέγεσθαι’
3524 4004 3667 4057 ὅπου

2103 4092 2458 4159 ἀνιπτάμενοι
2499 4090 2629 4142 ὡσεὶ
2664 4092 2758 4143 καὶ
2800 4091 3217 4161 οὗρανοπολῖταί
3239 4110 3389 4157 τινες
3421 4094 3668 4162 γίνονται

2104 4182 2580 4252 αίθεροϐατοῦντες
2605 4182 2900 4250 ἄνθρωποι.
2944 4184 3004 4235 El
3036 4185 3093 4237 δὲ
3125 4187 3220 4238 καὶ
3252 4186 3328 4248 ὡς
3363 4188 3455 4240 ἐπὶ
3481 4205 3669 4259 σωτη-

2107 4274 2222 4342 ρίου
2255 4272 2518 4340 ἱππασίας
2549 4274 2964 4339 μεταρσιοῦνται
2998 4277 3045 4327 οἱ
3070 4275 3344 4344 λυόμενοι,
3378 4281 3671 4350 συνέποχοι

2107 4362 2385 4424 δοκοῦντες
2445 4360 2583 4414 εἶναι
2642 4362 2721 4430 τῷ
2782 4363 3030 4433 (δυομένῳ
3085 4365 3345 4435 μάρτυρι,
3402 4366 3534 4420 ἀλλο
3572 4371 3673 4422 καὶ

437 4467 700 4529 martyre,
734 4464 788 4509 et
817 4453 920 4508 hoc
953 4452 1201 4507 mirabile
1229 4453 1372 4506 aliud
1401 4460 1485 4506 est
1519 4451 1571 4504 in
1604 4450 1987 4519 cogitationum

2101 4450 2259 4503 τοῦτο
2292 4450 2617 4519 θαυμάσιον,
2650 4453 2729 4513 εἰς
2751 4453 3152 4517 φαντασιώσεις
3187 4455 3529 4524 ἀναγόμενον
3555 4476 3675 4510 vos-

436 4551 592 4619 quasi
616 4547 968 4604 dclirarnenta
995 4543 1437 4611 in’duccns,sicut
1457 4541 1622 4596 multa
1650 4557 1705 4597 et
1732 4540 1996 4611 prol'unda

443 4643 618 4697 beatis
654 4638 950 4709 antiquitus
973 4638 1367 4692 inclaruerunt.

511 4733 600 4787 ὅθ.
664 4731 864 4785 Horum
896 4726 1135 4782 omnium
1159 4740 1280 4794 qua:
1312 4725 1673 4779 narrationem
1707 4724 1999 4793 jucundam

447 4825 765 4888 elici-erunt,
794 4822 838 4876 si
868 4822 1174 4875 auditorum
1194 4818 1317 4886 quis
1339 4817 1581 4884 exempla
1605 4819 1781 4884 prisca
1813 4817 1863 4870 in
1899 4832 2000 4871 no-

448 4919 532 4972 bis
556 4914 851 4984 quaesierit,
871 4911 1120 4981 equidem
1144 4926 1246 4964 non
1272 4908 1602 4979 repugnabo.
1624 4907 1795 4979 Longi
1823 4916 1999 4961 autem

442 5010 589 5073 libri,
617 5008 806 5077 quales
830 5009 899 5062 de
928 5007 1046 5061 istis
1071 5023 1101 5061 a
1124 5004 1458 5074 sapientibus
1482 5013 1719 5068 exstant,
1735 5016 1872 5071 Opus
1895 5017 2003 5057 non

442 5108 719 5159 amarent.
750 5100 864 5153 Non
923 5102 1066 5153 enim
1121 5108 1334 5167 opcrtet
1390 5096 1614 5165 pulchre
1671 5095 2004 5159 elaboratum

448 5194 679 5263 revolvi.
713 5192 917 5258 Dejam
946 5190 1107 5244 dictis
1131 5202 1306 5244 autem
1341 5187 1386 5242 si
1428 5188 1627 5243 mentis
1655 5196 1852 5242 nostrae
1874 5188 2008 5241 liber

448 5288 687 5355 repletur
732 5293 787 5338 ct
816 5281 1254 5337 enarrationibus
1312 5280 1674 5350 angustiatur,
1722 5278 2008 5348 longitudi-

444 5394 573 5433 nem
601 5388 777 5431 tamen
808 5373 1138 5427 remittimus
1169 5382 1387 5425 cantum
1442 5371 1794 5424 novissimum
1827 5370 1893 5420 ad
1917 5368 2006 5437 ju-

446 5467 779 5521 cunditatem
814 5463 1021 5518 aeditui
1047 5462 1415 5517 elaborantes.
1439 5460 1549 5515 Cur
1599 5460 1744 5513 enim
1777 5460 2006 5512 aliorum

448 5553 689 5620 vestigiis
755 5553 1180 5623 ingrederentur,
1207 5551 1425 5621 quando
1483 5549 1751 5605 s’ermonis
1815 5550 2006 5603 semita

447 5655 558 5696 non
612 5653 759 5699 arcta
810 5646 1166 5718 angustiatur,
1226 5644 1318 5700 sed
1372 5643 1423 5698 in
1466 5641 1630 5697 maris
1671 5640 2004 5697 latitudinem

449 5731 795 5786 extenditur?

2106 4542 2224 4610 ρὰς,
2251 4543 2431 4595 ὁποῖαι
2466 4544 2555 4594 καὶ
2585 4542 2776 4594 πολλαὶ
2820 4545 2912 4596 καὶ
2952 4545 3165 4613 βαθεῖαι
3213 4549 3329 4608 τοῖς
3363 4547 3532 4601 πάλαι
3565 4568 3673 4618 μα-

2103 4635 2317 4700 καρίοις
2344 4636 2604 4704 ἀνδράσιν
2634 4636 2958 4705 ὲνέλαμψαν.

2172 4728 2237 4781 λ’.
2279 4727 2495 4782 Τούτων
2521 4729 2798 4795 ἁπάντων,
2833 4730 2869 4784 ἀ
2898 4732 2960 4801 δὴ
2987 4738 3082 4787 καὶ
3115 4737 3275 4806 φύσει
3307 4740 3425 4801 ταῖς
3447 4739 3676 4809 ἀφηγῆ-

2106 4834 2220 4870 σεσι
2253 4820 2673 4887 παρυφαίνεται,
2711 4822 2761 4873 εί
2792 4821 2982 4893 ζητοίη
3032 4843 3118 4889 τις
3140 4827 3248 4879 τῶν
3298 4830 3673 4897 ἀκροωμένων

2106 4913 2198 4963 καὶ
2224 4911 2596 4980 ὑποδείγματα
2627 4913 2694 4965 τὰ
2722 4915 2930 4969 παλαιὰ
2955 4918 3010 4968 ὲν
3036 4920 3190 4987 ἡμῖν,
3221 4921 3331 4989 ἐγὼ
3357 4922 3455 4991 μὲν
3480 4924 3580 4975 οὐκ
3604 4923 3675 4977 ἂν

2106 5002 2245 5070 τάχα
2296 5002 2547 5072 ὀκνοίην
2596 5004 2651 5056 αἱ
2699 5004 2757 5058 δὲ
2812 5009 3017 5077 μακραὶ
3061 5009 3253 5077 βίϐλοι,
3295 5013 3414 5065 ὅσαι
3448 5016 3679 5083 περὶτὰ

2106 5091 2332 5146 τοιαῦτα
2372 5096 2485 5157 τοῖς
2537 5098 2725 5164 σοφοῖς
2751 5097 3192 5168 ὲκπεφὼνηνται,
3225 5105 3325 5155 οὐκ
3368 5102 3434 5156 ἀν
3466 5106 3677 5174 φιλοῖεν

2107 5184 2171 5235 τὸ
2200 5183 2383 5255 ἔργον.
2410 5186 2485 5237 Ού
2515 5186 2622 5254 γὰρ
2647 5187 2748 5255 χρὴ
2775 5188 2835 5240 τὸ
2864 5189 3044 5253 καλῶς
3074 5192 3520 5263 ἐκπεπονημένον
3544 5198 3679 5250 ἁνα-

2109 5276 2312 5328 πολεῖν.
2338 5275 2456 5327 Τῶν
2478 5276 2533 5329 δέ
2574 5292 2637 5343 γε
2674 5280 3006 5347 προσφάτων
3040 5283 3086 5333 εί
3118 5284 3212 5336 καὶ
3251 5284 3313 5336 τὸ
3358 5286 3457 5354 τῆς
3492 5287 3680 5359 ψυχῆς
3764 5351 3769 5355 η

2113 5367 2315 5436 βιϐλίον
2341 5370 2469 5435 ἡμῖν
2499 5368 2769 5437 πέπληθε,
2810 5371 2903 5423 καὶ
2936 5374 3049 5435 τοῖς
3076 5372 3411 5444 διηγήμασιν
3457 5378 3679 5434 ἐστενο-

2110 5455 2380 5525 χὼρηται,
2442 5456 2574 5509 ἁλλά
2625 5459 2686 5509 τὸ
2739 5459 2915 5526 μῆκος
2971 5460 3431 5534 ύποστελλόμεθα,
3488 5468 3679 5535 ἀοιδὴν

2111 5548 2436 5616 καινοτάτην
2469 5548 2547 5609 είς
2571 5546 2767 5617 τέρψιν
2798 5552 2985 5611 ἀκοαῖς
3030 5555 3572 5623 πραγματευόμενοι.
3612 5563 3678 5614 Τί

2113 5637 2220 5705 γὰρ
2248 5638 2357 5697 τιῖς
2403 5636 2606 5704 ἐτέρων
2665 5638 3056 5707 ἀκολουθητέον
3096 5643 3316 5711 ίχνεσιν,
3350 5644 3476 5697 ἔνθα
3506 5648 3539 5715 ἠ
3578 5650 3675 5700 τοῦ

2115 5728 2271 5795 λόγου
2299 5728 2460 5798 τριϐὴ
2519 5731 2618 5781 οὐκ
2672 5733 3102 5804 ἑστειιοχώρηται
3132 5736 3206 5799 ὡς
3265 5738 3343 5801 είς
3374 5739 3680 5797 ἀτραπιτὸν

2127 5821 2335 5892 τρίσω,
2366 5823 2477 5876 ἀλλ’
2514 5824 2579 5887 ῶς
2608 5826 2683 5889 είς
2716 5826 2945 5896 πέλαγος
2984 5829 3247 5887 πεδιάδων
3278 5830 3587 5899 εὐρύνεται.
