3950 6208
369 307 478 377 195.

1105 315 1525 379 EUSTATHII
1559 318 2312 380 THESSALONICENSIS
2349 317 2908 378 METROPOLlT/E

3510 314 3606 380 196

367 429 623 484 dentibus
668 433 974 499 proximum
1008 431 1214 486 laniare
1257 434 1672 504 dubitaverunt;
1732 437 1932 491 lanceis

2052 439 2294 506 πώματος
2322 438 2602 506 τρήσεσεν.
2651 434 2714 486 0i
2753 434 2861 502 γὰρ
2893 432 3212 502 τυραννικοὶ
3240 432 3435 504 ἄνδρες
3459 435 3607 488 ἐκεῖ-

365 532 546 577 antem
570 523 742 577 acutis
768 539 1082 579 mucronem
1111 525 1506 581 dubitationem
1525 528 1682 581 istaut
1709 542 1934 582 sanave-

2052 549 2141 592 mt,
2167 531 2262 584 καὶ
2295 529 2516 600 σαρκῶν
2546 527 2725 580 αὐτῶν
2753 522 2907 594 οἶμαι
2937 523 3032 578 τοῦ
3069 529 3351 595 μάρτυρος
3386 524 3608 594 ἐφιέμε-

365 621 509 665 runt.
536 611 599 666 Et
629 615 884 681 martyris
907 628 1106 682 corpus
1141 615 1223 669 sic
1252 609 1489 670 morsum
1510 617 1579 670 ab
1628 617 1936 681 integritate

2052 640 2118 674 νοι
2145 619 2496 687 κορέσασθαι.
2543 618 2762 679 ὀδόντας
2793 616 2891 684 μέν
2923 617 3184 686 ἐμπεϊραι
3215 618 3295 677 είς
3325 615 3613 685 ἀνθρωπο-

365 701 706 757 formationis
754 704 1098 769 solvebatur,
1139 714 1194 758 et
1240 707 1550 760 lancearum
1603 708 1932 762 multitudini

366 793 668 860 expositum
709 793 944 862 iacebat.
996 794 1379 866 Unusquisque
1407 797 1654 854 lanceam
1692 798 1766 852 illi
1818 799 1935 853 inﬂ-

367 897 492 948 gerc
523 881 774 948 cupiebat
810 893 1116 954 pergratam
1144 888 1376 956 praedam
1409 897 1658 958 tyranno.
1694 889 1812 941 Non
1844 903 1935 943 so-

2041 713 2246 783 φαγίαν
2267 712 2520 780 ὤκνησαν
2542 727 2555 742 ·
2588 709 2761 772 ἄλλως
2795 708 2852 761 δὲ
2881 707 3106 776 λόγχαις
3133 709 3212 768 εἰς
3240 705 3420 768 ὀξεῖαν
3446 708 3612 772 ἐσφυ-

2043 805 2451 877 ρηλατημέναις
2484 802 2776 870 στόμωσιν,
2802 802 2894 854 τὴν
2926 800 3083 852 δκνον
3114 800 3322 852 ἐκεῖνον
3350 797 3608 888 essem-

2041 915 2272 952 πευσαν.
2294 898 2401 950 Καὶ
2420 897 2479 949 to
2504 897 2580 947 σῶ
2589 911 2664 963 μα
2684 894 2777 946 τοῦ
2805 892 3079 962 μάρτυρος
3098 889 3239 944 οὕτω
3257 891 3610 958 δακνόμενον,

367 971 476 1025 lum
526 974 706 1028 omnia
763 976 818 1029 in
872 976 1133 1034 lateribus
1192 980 1632 1047 perquisivernnt
1677 982 1936 1052 martyris

2052 993 2140 1062 τῆς
2171 989 2460 1059 όλομελοῦς
2487 987 2787 1057 παρελύετο
2818 986 3087 1046 πλάσεως.
3147 986 3240 1036 καὶ
3271 977 3359 1036 οἶά
3381 999 3464 1042 τις
3490 980 3615 1033 δου-

367 1082 514 1126 ossa,
539 1070 632 1122 sed
663 1079 717 1122 et
751 1069 1048 1140 fregerunt,
1080 1078 1364 1144 sanguinis
1403 1092 1570 1131 venas
1602 1077 1934 1139 inciderunt,

369 1173 466 1210 uec
487 1159 737 1215 foderunt
765 1163 817 1216 in
850 1165 1065 1219 modum
1107 1171 1252 1236 putei
1283 1168 1376 1222 sed
1421 1168 1660 1223 fluminis
1691 1168 1744 1223 in
1787 1183 1940 1222 moro

371 1262 715 1316 aperuerunt.
771 1253 826 1308 Si
896 1256 1054 1311 aliter
1103 1260 1416 1315 thesaurum
1474 1260 1744 1323 foderunt,
1777 1275 1937 1330 quem

371 1341 471 1407 ipsi
502 1340 653 1410 juxta
684 1349 1031 1412 praverbium
1084 1353 1350 1406 carbones
1373 1363 1714 1422 repererunt,
1752 1351 1938 1406 fideles

369 1447 499 1483 vero
521 1434 713 1489 salutis
730 1436 969 1504 divitias,
993 1441 1086 1494 sed
1123 1443 1224 1496 ltoc
1254 1444 1467 1510 quidem
1495 1444 1597 1498 sub
1622 1444 1816 1496 factum
1845 1459 1941 1497 ve-

372 1520 468 1581 nil,
499 1522 625 1577 illud
655 1540 783 1579 vero
825 1542 1082 1594 perverse
1113 1539 1332 1596 agentes
1365 1532 1639 1586 foderunt.
1666 1532 1807 1597 Quid
1832 1532 1935 1600 ipsi

369 1613 492 1666 vitae
518 1618 797 1682 prtesentis
815 1618 1028 1672 dolores
1049 1622 1116 1674 ad
1137 1623 1412 1690 sequentia
1435 1625 1714 1692 prodigia?
1741 1624 1946 1679 Vulne-

372 1701 523 1755 ribus
541 1718 690 1767 caro,
717 1706 962 1761 cantibus
988 1709 1052 1762 ad
1081 1709 1245 1764 Deum
1269 1726 1330 1765 os
1357 1712 1688 1768 abundabat.
1717 1703 1942 1768 Flucbttt

2045 1085 2236 1150 ροδόκη
2269 1085 2388 1142 ταῖς
2421 1082 2641 1150 μυρίαις
2670 1079 2895 1147 λόγχαις
2925 1077 3180 1140 ἐξέκειτο.
3211 1073 3326 1130 na;
3359 1089 3444 1135 τις
3490 1073 3612 1140 ἐφι-

2041 1179 2312 1245 λοτιμεῖτο
2347 1177 2574 1244 βάπτειν
2627 1173 2727 1241 τὴν
2774 1171 2974 1240 λόγχην
3005 1169 3084 1231 είς
3116 1167 3296 1229 αὗτδν,
3349 1165 3615 1233 γλυκεῖαν

2043 1269 2246 1334 ταύτην
2295 1269 2470 1336 ἄγραν
2525 1263 2601 1332 τῷ
2653 1263 2900 1331 τυράννῳ
2958 1259 3299 1329 θηρώμενος.
3337 1259 3411 1310 Οὐ
3450 1257 3617 1327 μόνον

2043 1360 2409 1430 ἐξηρεύνησαν
2442 1358 2618 1411 πάντα
2643 1356 2711 1409 τὰ
2739 1355 2878 1407 κατὰ
2909 1353 3149 1421 πλευρὰν
3179 1351 3314 1405 ὀστᾶ
3350 1350 3444 1404 τοῦ
3475 1351 3620 1419 μάρο

2042 1469 2226 1522 τυρος,
2257 1451 2393 1504 ἀλλὰ
2427 1451 2518 1503 καὶ
2551 1448 2899 1518 συνέτριψαν.
2936 1445 3176 1515 Ὠρυξαν
3219 1445 3448 1514 αἵματος
3483 1442 3619 1510 φλέο

2044 1541 2147 1602 ϐας
2169 1556 2184 1570 ⁸
2215 1541 2308 1594 καὶ
2357 1541 2456 1610 οὔχ
2489 1539 2887 1608 ὑπενόμευσαν,
2919 1537 2995 1597 ὡς
3040 1538 3120 1590 είς
3154 1536 3355 1605 φρέαρ,
3390 1534 3505 1586 ἀλλ’
3540 1534 3623 1596 ὡς

2047 1633 2127 1689 εἷς
2156 1632 2398 1696 ποταμδν
2422 1629 2858 1700 ἀνεστόμωσαν.-
2887 1629 2949 1682 El
2984 1627 3040 1680 δὲ
3072 1626 3275 1696 τρόπον
3296 1626 3484 1695 ἕτερον
3517 1623 3626 1692 θη-

2047 1721 2247 1789 σαυρλν
2275 1719 2510 1789 ὤρυξαν,
2546 1718 2606 1771 δν
2639 1718 2795 1771 αὐτοὶ⁵
2831 1716 2934 1786 μὲν
2985 1714 3372 1785 παροιμιωδῶς
3418 1713 3631 1781 ἀνθρα-

371 1795 616 1864 sanguis,
643 1798 732 1850 ille
759 1814 886 1853 vero
908 1799 1218 1856 in'basiliczc
1243 1804 1528 1857 tincturant
1555 1821 1848 1872 purpuram
1877 1807 1940 1858 il-

2052 1827 2146 1871 κας
2201 1804 2379 1873 εὗρον,
2437 1809 2488 1861 oi
2539 1807 2595 1860 δέ
2631 1808 2812 1860 πιστοὶ
2863 1804 3097 1858 πλοῦτον
3149 1806 3438 1872 σωτήριον,
3480 1801 3628 1854 ἀλλὰ

370 1884 478 1939 lam
493 1888 820 1958 aestimabat,
834 1891 1005 1945 effuso
1021 1895 1274 1962 tingentis
1291 1895 1515 1964 liquoris
1539 1896 1670 1952 ﬂore
1690 1908 1940 1967 tanquam

2052 1900 2206 1954 τοῦτο
2233 1901 2332 1969 μὲν
2358 1898 2842 1969 παρηκολούθηκεν
2863 1914 2875 1928 ·
2931 1899 3133 1950 ἐκεῖνοι
3183 1896 3239 1948 δὲ
3274 1895 3408 1948 ἀλλὰ
3447 1911 3626 1947 κακο-

373 1979 420 2033 ei
448 1995 687 2048 purpura
719 1982 865 2050 pisce
892 1999 922 2038 e
951 1987 1202 2056 martyris
1229 2002 1452 2056 corpore
1481 1996 1536 2042 et
1577 1998 1637 2043 ttt
1683 1990 1940 2059 purpurei

2052 1991 2325 2053 ποιοῦντες
2366 1989 2688 2062 ἐξώρυττον.
2718 1989 2866 2042 Τίδέ
2901 1987 3050 2054 αὐτῷ
3099 1987 3167 2040 τά
3204 1985 3414 2040 ἐκεῖθεν
3447 1986 3626 2053 ἀλγή-

374 2073 683 2125 vestimenti
709 2082 1050 2142 pprman'erel
1083 2077 1432 2144 pulchritudo
1453 2080 1668 2143 orabat,
1717 2095 1818 2135 nec
1846 2080 1944 2136 de-

376 2163 565 2222 ﬁceret
585 2180 842 2232 unquam.
877 2166 944 2220 Et
966 2167 1211 2223 ascendit
1229 2173 1405 2225 oratio
1437 2181 1493 2225 et
1518 2173 1706 2226 annuit
1732 2172 1869 2227 Deus
1892 2181 1944 2228 et

377 2253 814 2320 pulcltrttmillud
853 2258 966 2312 ﬁeri
1023 2260 1282 2316 decrevit.
1321 2261 1456 2317 Ecce
1500 2274 1789 2332 permanet
1807 2278 1944 2317 eou-

377 2355 604 2400 stanter.
637 2346 932 2406 lmntersus
955 2362 1038 2406 est
1063 2353 1114 2406 in
1147 2355 1394 2424 martyrii
1417 2355 1708 2409 sudoribus
1730 2364 1786 2408 et
1809 2369 1946 2408 san-

377 2439 558 2504 guine,
580 2441 781 2506 quibus
803 2443 1010 2499 levatus
1026 2445 1226 2499 cadens
1252 2460 1446 2500 somno
1496 2445 1658 2500 beato
1685 2446 1943 2514 consopi-

377 2538 464 2584 tus
497 2539 602 2594 est,
627 2532 780 2600 cujus
803 2535 1207 2604 expergefactio
1237 2536 1314 2596 ,in
1371 2547 1642 2606 perpetuat
1683 2538 1805 2591 vitte
1851 2551 1945 2591 vo-

377 2621 636 2688 iuptatem
662 2634 745 2678 est
776 2627 1070 2698 evigilatio.
1105 2629 1446 2698 thuantmn
1475 2629 1672 2686 ﬂuebat
1696 2631 1942 2699 sanguis,

381 2722 589 2767 tantum
619 2715 734 2784 ipse
764 2731 958 2786 preces
994 2721 1059 2772 ad
1102 2719 1272 2774 Deum
1323 2719 1610 2785 fundebat,
1667 2737 1734 2777 ne
1784 2723 1936 2778 hunc

379 2807 530 2873 parvi
579 2807 858 2875 penderet.
922 2809 1259 2866 Verecundia
1307 2813 1543 2867 suffusus
1601 2814 1933 2882 postulatum

381 2896 690 2967 porrigebat
715 2911 766 2953 et
791 2915 818 2954 a
844 2900 1018 2966 primo
1045 2903 1230 2956 auditu
1259 2904 1486 2971 petitum
1545 2905 1755 2969 habuit,
1811 2906 1939 2975 quia

380 3001 490 3043 non
523 2998 608 3044 est
633 2992 777 3059 quod
802 3006 971 3046 vacua
1026 2994 1186 3047 cadat
1229 2993 1365 3063 justi
1399 2995 1596 3049 oratio.
1634 2995 1942 3065 Tyrannico

383 3089 624 3147 agentes.
655 3095 682 3131 a
713 3094 943 3148 corpore
971 3081 1131 3136 citius
1170 3084 1428 3154 martyris
1469 3085 1702 3139 animam
1761 3086 1948 3155 expel-

380 3167 494 3223 lere
519 3171 878 3236 conabantur;
901 3173 989 3226 ille
1006 3182 1182 3228 autem
1216 3186 1272 3228 ut
1293 3184 1638 3243 permaneret
1683 3177 1931 3246 rogabat,

2049 2099 2194 2150 ματα
2220 2082 2434 2151 πρὸςτᾶ
2465 2081 2694 2148 ὕστερον
2721 2078 3012 2146 θαύματας
3041 2079 3278 2146 Ἕγεμεν
3305 2080 3337 2146 ἡ
3365 2077 3462 2144 μὲν
3481 2075 3630 2146 σὰρξ

2044 2175 2397 2243 τραυμάτων,
2435 2172 2496 2225 τὸ
2553 2172 2728 2241 στόμα
2781 2171 2837 2222 δὲ
2870 2169 3133 2242 ᾀσμάτων
3179 2170 3288 2222 τῶν
3338 2171 3418 2232 είς
3457 2169 3619 2222 Θεόν.

2048 2267 2357 2336 Κατέῤῥεον
2405 2265 2612 2331 αἵματα
2636 2279 2651 2295 °
2694 2264 2722 2314 ό
2750 2262 2806 2315 δὲ
2854 2262 2932 2324 ὡς
2979 2263 3060 2324 είς
3097 2262 3292 2331 βάμμα
3326 2261 3625 2330 πορφύρας

2045 2357 2248 2418 ταύτας
2275 2356 2558 2425 βασιλικῆς
2586 2355 2878 2422 ἐλογίζετο,
2904 2353 3164 2422 χεομένου
3193 2351 3285 2404 τοῦ
3305 2353 3404 2416 τῆς
3434 2351 3624 2420 βαφῆς

2047 2449 2239 2511 ἄνθους
2268 2449 2342 2510 ὡς
2382 2447 2488 2500 ἀπὸ
2515 2446 2791 2516 κογχύλης
2830 2446 2978 2507 τινος
3009 2443 3104 2497 τοῦ
3143 2443 3483 2513 μαρτυρικοῦ
3510 2443 3626 2494 σώ-

2050 2557 2238 2609 ματος.
2271 2540 2366 2593 καὶ
2391 2538 2588 2609 ηὓχετο
2618 2540 2955 2606 παραμεῖναι
2981 2536 3042 2588 τὸ
3065 2536 3262 2598 κάλλος
3293 2535 3392 2603 τῆς
3417 2536 3546 2589 ἀλου
3557 2552 3628 2605 ρ-

2046 2632 2193 2700 γέδος
2223 2631 2450 2700 ταύτης,
2487 2631 2582 2685 καὶ
2618 2630 2888 2699 μηδέποτε
2940 2629 3248 2682 διεκπεσεῖν
3279 2627 3376 2682 τοῦ
3431 2626 3630 2681 καλοῦ.

2049 2725 2157 2779 Καὶ
2186 2724 2219 2793 ή
2251 2722 2382 2793 εὐχὴ
2415 2722 2686 2783 ἀνέϐαινε,
2720 2722 2815 2774 καὶ
2837 2721 2865 2772 ό
2898 2721 3029 2784 Θεδς
3056 2719 3336 2783 κατένευε,
3369 2720 3465 2773 καὶ
3497 2720 3635 2772 έπε-

2045 2814 2294 2884 ψηφίσθη
2325 2815 2385 2866 τὸ
2419 2813 2602 2868 καλόν.
2657 2814 2766 2865 καὶ
2829 2813 2938 2866 ίδοῦ
3004 2811 3311 2879 παραμένει
3373 2811 3632 2880 μόνιμον.

2057 2905 2429 2974 Ἐνεκολύμϐα
2473 2907 2586 2967 τοῖς
2622 2907 2979 2974 μαρτυρικοῖς
3020 2902 3208 2984 ίδρῶσι
3243 2903 3336 2954 καὶ
3371 2902 3632 2970 αἶμασιν,

2046 2989 2126 3050 οἷς
2154 2995 2485 3064 λουσάμενος
2515 2994 2807 3046 ἀναπεσὼν
2839 2991 3093 3046 ὕπνωσεν
3123 2990 3291 3044 ὕπνον
3324 2990 3629 3060 μακάριον,

2051 3081 2222 3156 οὕπερ
2257 3088 2286 3156 ή
2335 3086 2612 3157 ἐξέγερσις
2639 3087 2718 3148 εἰς
2743 3085 3151 3153 ἀπολαυστικὴν
3180 3083 3436 3146 ἀειζωῖαν
3473 3082 3635 3135 ἐστὶν

2053 3180 2401 3250 ἐγρήγορσις.
2435 3177 2545 3231 Καὶ
2577 3179 2702 3230 ὅσον
2731 3176 2870 3230 αὐτὰ
2896 3176 3136 3246 ἐξέρρεε,
3168 3174 3422 3229 τοσοῦτον
3461 3174 3636 3236 αὐτὸς

383 3273 484 3313 nec
522 3262 824 3318 solveretur
875 3273 932 3318 ut
989 3264 1226 3322 ferocius
1266 3268 1319 3322 in
1363 3265 1530 3322 Deum
1595 3269 1945 3340 insurgentes

2052 3270 2234 3340 ἐξέχεε
2257 3270 2354 3339 τὴν
2381 3270 2568 3337 δέησιν
2598 3268 2678 3330 εἰς
2703 3268 2856 3330 Θεὸν,
2893 3269 2987 3321 καὶ
3024 3267 3097 3337 μή
3129 3265 3390 3337 περιιδεῖν
3426 3265 3630 3320 ταῦτα.

386 3352 572 3407 hostes
597 3367 656 3407 se
688 3354 831 3422 ipsos
869 3355 1147 3411 lzederent.

2054 3360 2343 3416 Δυσωπίαν
2375 3359 2683 3429 προσέφερε
2706 3373 2720 3389 °
2748 3360 2844 3413 καὶ
2867 3360 2946 3421 είς
2980 3357 3150 3428 ἀκοὴν
3182 3358 3342 3411 ὠτίου
3375 3357 3633 3410 ὑπακου-

385 3445 534 3510 σθεὶς
579 3447 693 3517 ἔχει
735 3447 796 3502 τὸ
833 3450 1073 3519 αίτηθέν,
1132 3452 1215 3504 ὅτι
1271 3452 1405 3523 μηδέ
1469 3453 1586 3508 ἐστι
1632 3455 1942 3509 διεκπεσεῖν
1971 3453 2253 3527 ἄπρακτον
2279 3453 2488 3507 δικαίου
2537 3453 2725 3522 εὐχήν.
2775 3454 2836 3504 Οί
2880 3450 3271 3522 τυραννοῦντες
3318 3451 3639 3522 ἀπανιστᾷν

383 3542 478 3596 τοῦ
508 3545 738 3614 σκήνους
779 3546 966 3617 τάχιον
1009 3547 1108 3615 τὴν
1159 3547 1252 3600 τοῦ
1289 3548 1567 3620 μάρτυρος
1594 3550 1773 3622 ψυχὴν
1802 3551 2114 3616 ἐϐιάζοντοο
2151 3551 2180 3603 ό
2207 3549 2265 3602 δὲ
2301 3548 2642 3620 παραμένειν
2666 3547 2838 3618 αὐτὴν
2900 3544 3122 3615 ηὔχετο,
3177 3545 3272 3599 καὶ
3355 3544 3432 3615 μή
3489 3546 3642 3599 am-

384 3637 631 3706 λυθῆναι.
681 3639 757 3701 ὡς
783 3637 850 3692 ἂν
881 3640 1326 3712 θυμομαχοῦντες
1352 3643 1402 3696 oi
1449 3641 1546 3695 τοῦ
1589 3643 1724 3697 Θεοῦ
1761 3643 1948 3714 ἐχθροὶ
1973 3643 2204 3705 ἑαυτοὺς
2237 3641 2554 3712 βλάπτοιεν.

455 3730 546 3784 35.
597 3731 795 3787 Deinde
825 3733 1162 3790 mat-binator
1196 3736 1406 3790 daemon
1442 3753 1547 3792 non
1575 3750 1638 3792 eo
1661 3752 1833 3807 usque
1857 3752 1945 3790 ar-

2123 3735 2220 3793 λε’.
2257 3731 2391 3789 Εἶτα
2428 3735 2491 3804 δὴ
2523 3734 2552 3785 ό
2597 3732 2982 3801 κακομήχανος
3031 3731 3242 3800 δαίμων
3277 3731 3377 3783 οὐκ
3428 3729 3496 3784 ἂν
3532 3740 3638 3792 καὶ

387 3828 672 3895 guebatur,
702 3825 792 3895 qui
817 3828 1088 3883 nesciebat
1132 3829 1177 3884 si
1211 3836 1320 3885 tam
1375 3830 1564 3893 nobili,
1600 3829 1867 3899 intrepido
1899 3837 1945 3884 et

2053 3827 2306 3884 ἐντεῦθεν
2339 3827 2631 3896 ἐλέγχοιτο,
2667 3825 2836 3894 μηδὲν
2895 3825 3076 3889 εὲδὼ·,
3123 3827 3173 3878 εί
3225 3824 3300 3892 τῷ
3327 3822 3468 3876 οὕτω
3497 3841 3632 3889 γεν-

291 3915 300 3927 ’
387 3915 684 3972 ftittissittto
758 3928 1026 3975 tremores
1101 3921 1362 3991 quosdam
1435 3923 1842 3992 macltinaretur
1917 3936 1945 3975 a

2055 3922 2190 3989 ναίῳ
2219 3921 2314 3974 καὶ
2345 3919 2655 3988 ἀδειμάντῳ
2690 3919 2784 3970 καὶ
2825 3917 3221 3987 καρτερόφρονι
3247 3915 3480 3983 δείματά
3504 3931 3634 3968 τινα

389 4015 680 4080 pugnando
711 4013 1050 4066 deterrentes
1097 4023 1150 4067 et
1185 4013 1562 4081 trepidationis
1587 4014 1753 4068 telum
1795 4029 1945 4068 scor-

2055 4009 2356 4078 ἐσοφίζετο,
2392 4006 2488 4061 τοῦ
2543 4006 2724 4060 ἀθλεῖν
2759 4005 3113 4074 ἀπείρξοντα,
3165 4004 3260 4058 καὶ
3290 4003 3458 4072 φόϐου
3485 4005 3631 4072 πρό-

390 4104 602 4171 pionctn
645 4105 1022 4170 praetenderet,
1049 4101 1296 4171 frangere
1332 4104 1518 4157 volens
1564 4120 1594 4157 a
1653 4119 1814 4168 cursu
1865 4119 1945 4159 se-

2060 4099 2248 4169 ϐλημα
2267 4100 2359 4151 τὸν
2396 4093 2655 4168 σκορπίον
2695 4097 3006 4167 προίσχετο,
3057 4094 3290 4164 ἐγκόψαι
3320 4093 3490 4148 θέλων
3531 4094 3634 4146 τοῦ

389 4195 625 4248 cundum
653 4194 817 4247 Deum
857 4193 1004 4246 illum
1039 4193 1127 4257 qui
1155 4203 1262 4246 tam
1291 4194 1505 4246 fortiter
1531 4203 1586 4248 et
1605 4194 1862 4250 alacriter
1896 4196 1945 4248 in

2060 4191 2201 4247 κατὰ
2250 4191 2382 4244 Θεὸν
2411 4190 2610 4260 δρόμου
2673 4189 2764 4242 τὸν
2815 4189 2986 4251 οὕτως
3015 4189 3238 4260 ἐντρεχῆ
3297 4189 3392 4239 καὶ
3425 4187 3634 4254 κοῦφον

389 4301 566 4354 pugna
598 4285 850 4338 currebat
879 4296 934 4337 et
977 4285 1149 4338 hostis
1204 4285 1427 4354 laqueos
1453 4299 1664 4352 capreae
1702 4286 1945 4353 agilitate

2058 4279 2285 4349 δραμεῖν
2316 4283 2396 4344 είς
2439 4281 2686 4350 ἄθλησιν,
2723 4279 2817 4334 καὶ
2857 4279 2956 4340 τὰς
3010 4279 3104 4332 τοῦ
3157 4277 3355 4348 ἐχθροῦ
3391 4277 3636 4345 παγίδας

385 4374 656 4428 eludebat.
712 4374 822 4427 Cur
884 4375 996 4428 haec
1050 4375 1348 4444 meditaris,
1394 4376 1617 4431 malit-ia
1662 4377 1945 4432 inventori

2057 4371 2316 4442 δορκάδος
2344 4371 2500 4442 δίκην
2549 4373 3009 4442 ὑπεραλλόμενον.
3065 4371 3132 4424 Τί
3184 4371 3346 4424 τοῦτο
3383 4371 3548 4433 νοεῖς,
3582 4363 3634 4424 ὧ

387 4467 500 4519 Cur
531 4464 830 4519 fortissimo
851 4466 992 4520 inter
1007 4467 1242 4534 optimos
1270 4468 1498 4536 puerilia
1524 4466 1734 4521 moliris
1788 4468 1945 4522 terri-

2065 4465 2293 4532 σοφιστά
2330 4463 2428 4534 τῆς
2458 4465 2694 4529 κακίας;
2723 4465 2787 4516 Τί
2814 4464 2890 4535 τῷ
2929 4466 3024 4518 ἐπὶ
3057 4464 3339 4533 μεγίστοις
3372 4462 3634 4531 ἀνδριζο-

389 4558 554 4612 cul.t?
599 4557 709 4612 Cur
731 4557 1066 4613 fortitudinis
1095 4567 1314 4612 vastum
1345 4558 1525 4625 ignem
1556 4559 1770 4614 timoris
1806 4569 1958 4630 gutta

393 4651 764 4721 refrig--rantis
791 4652 1140 4718 exstinguere
1177 4650 1501 4705 contendis?
1531 4649 1645 4705 Non
1670 4651 1750 4706 sic
1789 4665 1958 4706 vene-

393 4743 551 4794 ticum
583 4756 824 4810 pungens
848 4741 1062 4808 scorpio
1095 4740 1280 4807 defigit
1311 4740 1604 4811 liquorem.
1642 4748 1701 4794 ut
1728 4740 1950 4797 ferven-

393 4831 585 4885 iiSsillii
612 4831 715 4885 fide
749 4830 981 4887 infuscet
1008 4831 1108 4886 ει·ιί
1141 4845 1267 4900 erga
1303 4832 1468 4886 Deum
1498 4833 1669 4904 ignes.
1730 4833 1957 4888 Lancea:

393 4921 550 4974 valde
581 4919 759 4974 mulue
787 4921 1103 4990 cuspidibus
1139 4922 1192 4976 in
1227 4931 1514 4992 martyrem
1546 4922 1726 4977 infixa:
1757 4938 1864 4978 non
1893 4923 1960 4977 il-

392 5012 503 5066 lum
533 5025 563 5066 a
595 5009 717 5064 furti
746 5013 928 5066 animo
951 5013 1238 5074 solverent,
1275 5021 1330 5066 et
1359 5012 1663 5081 scorpionis
1704 5011 1958 5068 stimulus

392 5103 613 5170 indigna
644 5105 883 5173 cogitare
916 5113 1076 5172 coget
1111 5101 1690 5174 ntagusnimumiMihi
1723 5105 1957 5165 videtur.

390 5212 425 5251 ο
451 5198 695 5252 divinum
725 5206 781 5249 et
818 5194 1032 5263 sapiens
1059 5196 1413 5266 auditorium,
1473 5193 1667 5264 majori
1701 5195 1954 5251 stimulus

392 5297 788 5344 tormentorum
835 5287 1234 5358 excogitatione
1268 5287 1550 5359 tyrannice
1576 5297 1826 5359 agentem
1862 5301 1958 5342 ett-

396 5384 692 5451 cogitatum
725 5379 913 5444 fuisse,
947 5393 1111 5450 quam
1172 5381 1457 5451 pravitatis
1491 5379 1810 5448 magistrum
1850 5378 1959 5435 dae-

397 5489 630 5538 monem,
659 5489 686 5526 a
718 5487 826 5540 quo
855 5472 1091 5526 animum
1115 5480 1489 5540 assumpserat
1511 5471 1821 5526 dominator
1843 5471 1953 5526 ille.

395 5561 496 5627 Qui
523 5563 739 5630 quidem
773 5563 1058 5636 tyrannice
1123 5561 1332 5631 agendo
1380 5561 1676 5633 discipulus
1719 5562 1957 5616 nobilius

399 5654 456 5708 in
490 5654 612 5707 vitae
642 5654 965 5712 solutionem
1025 5654 1248 5725 martyri
1293 5640 1528 5708 lanceas
1581 5653 1794 5721 inlisit;
1861 5654 1952 5724 qui

403 5757 534 5798 vero
571 5744 872 5813 scorpionis
909 5747 1154 5802 aculeum
1191 5746 1338 5804 acuit
1365 5745 1420 5802 in
1469 5745 1642 5812 illum,
1680 5760 1779 5802 nec
1829 5760 1955 5816 per-

2064 4555 2208 4626 μένῳ
2253 4555 2434 4624 φαῦλα
2485 4555 2717 4626 τεχνάζῃ
2753 4555 3040 4626 φόϐητρας
3081 4557 3148 4609 Τί
3183 4557 3459 4626 πυρκαϊάν
3490 4556 3635 4626 θάρ-

2061 4662 2186 4704 σους
2215 4649 2434 4715 σταγόνι
2465 4648 2630 4717 φόϐου
2689 4647 2950 4718 ψύχοντος
3004 4649 3335 4702 κατασϐέσαι
3387 4648 3631 4717 φιλονει-

2059 4736 2217 4798 κεῖςς
2257 4735 2369 4804 οὐχ
2402 4735 2544 4789 οὕτω
2569 4736 2778 4808 ψυχρὸν
2810 4737 2976 4808 ὑγρὸν
3027 4737 3291 4809 σκορπίος
3323 4737 3633 4808 κεντρίζων

2060 4825 2363 4895 ἐναφίησιν,
2393 4826 2469 4889 ὡς
2503 4830 2597 4883 καὶ
2633 4831 2873 4898 μαρᾶναι
2924 4830 2993 4883 ἂν
3047 4830 3127 4898 τῷ
3159 4830 3477 4902 θερμοτάτῳ
3524 4831 3634 4903 τὴν

2059 4918 2262 4985 πίστιν,
2283 4921 2408 4982 τοὺς
2433 4921 2532 4991 τῆς
2559 4924 2704 4978 κατὰ
2718 4924 2850 4978 Θεὸν
2871 4923 3069 4989 ζέσεως
3091 4927 3388 4998 ἄνθρακας.
3419 4925 3632 4996 Λόγχαι

2065 5012 2210 5081 μάλα
2235 5012 2428 5068 πολλαὶ
2453 5015 2552 5077 τὰς
2580 5015 2800 5081 ἀκωκὰς
2836 5018 2914 5088 τῷ
2964 5019 3202 5089 μάρτυρι
3255 5020 3632 5091 ἐνερείσασαι,

2058 5104 2160 5158 οὐκ
2193 5105 2261 5159 ἂν
2281 5106 2443 5160 αὑτὸν
2468 5105 2565 5160 τοῦ
2600 5109 2881 5179 εὐθαρσῶς
2911 5112 3054 5182 ἔχειν
3086 5113 3443 5182 παραλύσωσι
3469 5129 3486 5145 ·
3527 5116 3629 5168 καὶ

2062 5198 2327 5268 σκορπίου
2360 5199 2590 5270 κέντρον
2621 5200 2785 5270 άρθέν
2814 5203 3035 5270 ἀγεννές
3069 5221 3120 5256 τι
3145 5207 3363 5273 φρονεῖν
3387 5205 3634 5275 ἀναγκά-

2063 5306 2143 5342 σει
2177 5291 2268 5344 τδν
2289 5291 2724 5364 γενναιόφρονας
2773 5294 2930 5363 Ἐμοὶ
2955 5295 3122 5359 δοκεῖ,
3153 5290 3199 5350 ὦ
3232 5297 3376 5350 θεῖον
3405 5297 3501 5352 καὶ
3536 5313 3630 5352 σο-

2062 5380 2162 5451 φὸν
2191 5382 2573 5453 ἀκροατήριον,
2603 5383 3126 5455 μεγαλοορυέστερσν,
3153 5389 3218 5455 τῇ
3245 5387 3354 5441 τῶν
3376 5387 3630 5458 βασάνων

2061 5471 2273 5538 ἐπινοίᾳ
2316 5472 2408 5524 τὸν
2449 5473 2814 5541 τυραννοῦντα
2865 5477 3164 5542 ἐπιϐαλεῖν,
3206 5480 3351 5548 ήπερ
3377 5480 3470 5532 τὸν
3528 5482 3630 5550 τῆς

2062 5564 2259 5621 κακίας
2278 5564 2600 5618 διδάσκαλον
2629 5567 2876 5634 δαίμονα,
2907 5561 3060 5638 ᾧπερ
3095 5569 3253 5631 αὐτὸς
3292 5571 3628 5640 ὑπεφήτευε.

2076 5657 2134 5710 ὐ
2172 5656 2268 5725 μὲν
2302 5656 2411 5725 γάρ
2443 5659 2724 5726 τυραννεῖν
2760 5657 3096 5728 μεμαθηκὼς
3133 5661 3513 5730 γεννα;ότερο·ι
3542 5661 3629 5724 είς

2064 5745 2383 5817 ἀπαλλαγὴν
2411 5746 2555 5817 ζωῆς
2593 5748 2673 5818 τῷ
2699 5749 2936 5820 μάρτυρι
2991 5750 3088 5813 τὰς
3122 5751 3322 5820 λόγχας
3362 5753 3626 5820 ἀντέστη-
