4002 6208
341 308 447 369 ιςιτ

1508 325 1596 386 [Α
1609 327 1899 390 UDATIO
1938 331 1995 392 S.
2029 332 2431 398 DEMETRII.

3487 348 3589 417 ills

330 436 459 474 GT‘I'
493 424 521 473 ό
559 424 618 475 δὲ
676 427 940 494 σκορπέου
975 427 1201 499 κέντρον
1259 434 1620 503 ἐπεξαγαγὼν
1653 438 1801 508 αὐτῷ
1833 440 1893 491 εἴη

2026 445 2270 501 niciosus
2298 450 2522 504 omnino
2560 451 2682 517 fuit,
2724 467 2828 508 nec
2874 454 3047 522 perite
3083 455 3427 511 adversarius
3475 461 3589 514 l’ru-

324 515 399 567 ἂν
430 514 553 568 οὔτε
587 516 883 584 βλαπτικὺς
910 520 1074 583 πάνυ,
1104 524 1198 576 καὶ
1226 525 1347 578 οὐδὲ
1377 529 1519 581 κατά
1547 530 1740 598 τέχνην
1772 533 1917 584 ἀντί-

325 608 526 670 παλος,
585 610 762 679 μάτην
816 612 977 675 αὐτὸς
1011 614 1108 668 καὶ
1159 617 1256 669 νῦν
1288 620 1740 689 βουλευσάμενος,
1801 626 1913 678 εἴτε

324 700 470 767 πρὸς
503 701 669 768 φόϐον
696 704 757 756 τὸ
786 705 1029 759 τοιοῦτον
1058 711 1375 780 ἐμηχανᾶτο
1406 715 1601 777 κακὸν,
1632 716 1742 768 εἴτε
1776 718 1913 785 πρὸς

326 790 584 844 θάνατον.
618 792 757 848 Οὔτε
789 798 898 867 γὰρ
935 799 1233 872 ἐξεφόϐησε
1290 804 1384 859 τὸν
1411 807 1652 878 ἀθλητὴν
1681 811 1709 861 ό
1742 823 1908 879 σκορ-

322 880 472 943 πίος,
498 882 561 935 τὸ
583 884 678 936 τοῦ
710 886 957 941 διαϐόλου
990 892 1098 944 εἴτε
1140 893 1386 965 κέντρον,
1423 900 1533 951 εἴτε
1569 898 1741 968 βόλος.
1773 900 1911 955 ἀλλὰ

325 976 425 1027 καὶ
458 976 652 1042 νεκρος
684 976 885 1035 ἔκειτο.
924 983 1091 1036 Ἔνθα
1128 987 1223 1040 καὶ
1282 988 1450 1056 γελᾷν
1508 992 1618 1055 τοῖς
1650 992 1910 1064 θερμοτέ-

325 1081 445 1133 ροις
494 1065 728 1134 ἔπεισιν,
782 1072 868 1140 ἐφ’
918 1069 999 1136 οἷς
1028 1077 1056 1129 6
1103 1080 1411 1149 πανοῦργος
1440 1083 1532 1134 καὶ
1564 1084 1662 1150 τὴν
1708 1086 1908 1138 κακίαν

324 1157 644 1223 σοφώτατος
703 1163 985 1230 ἑνηττίαζε.
1020 1168 1244 1231 Πάντως
1293 1173 1399 1245 γὰρ
1446 1176 1657 1241 ἀγνοῶν
1688 1177 1906 1247 ἐτεχνᾶ·

321 1250 475 1310 ζετο.
507 1252 602 1303 καὶ
654 1252 718 1305 τδ
756 1255 971 1320 ἀγνοεῖν
999 1259 1087 1311 ἐπ’
1144 1260 1453 1333 ἀμφότερα,
1507 1266 1617 1318 εἴτε
1653 1270 1824 1322 κακόν
1854 1288 1903 1322 τι

318 1340 578 1408 διάθηται
608 1343 636 1395 6
668 1346 927 1413 σκορπίος
954 1349 1048 1400 τον
1083 1350 1260 1417 ἅγιον,
1296 1356 1390 1406 καὶ
1417 1357 1464 1407 εί
1506 1356 1667 1421 φόϐον
1696 1362 1723 1409 6
1759 1361 1904 1428 μάρ-

319 1448 419 1492 τυς
450 1434 609 1485 πάθοι
639 1437 761 1488 τινὰ
798 1440 931 1502 πρὸς
976 1440 1039 1491 τδ
1094 1444 1395 1513 τέχνασμα·
1460 1447 1571 1500 Καὶ
1605 1449 1766 1513 αὐτὸς
1804 1450 1902 1519 μὲν

316 1524 555 1590 δύναμιν
582 1526 648 1576 ἂν
684 1529 877 1581 ἑαυτοῦ
916 1533 1156 1603 μεγάλην
1206 1537 1295 1588 τὸν
1327 1540 1590 1607 σκορπίον
1624 1542 1898 1611 ὠνόμασε,

318 1615 379 1664 τὸ
414 1615 559 1670 θεῖον
584 1620 750 1686 ῥητὸν
774 1622 1084 1689 ίεροτυλῶν,
1116 1626 1256 1695 τάχα
1292 1646 1395 1681 που
1431 1631 1525 1684 καὶ
1558 1634 1635 1695 είς
1669 1634 1900 1703 μέγεθος

318 1707 458 1758 πολὺ
512 1709 844 1776 όγκούμενον
871 1729 885 1743 ·
921 1714 1105 1768 ὁποῖον
1140 1718 1232 1770 καὶ
1280 1721 1327 1771 oi
1366 1721 1589 1775 παλαιοὶ
1636 1724 1899 1794 λογογρα-

316 1794 483 1860 φοῦσι
513 1798 606 1849 τὸν
630 1799 725 1850 τοῦ
763 1801 1033 1871 Ὠρίωνος,
1065 1805 1096 1875 ἦ
1126 1807 1219 1859 καὶ
1250 1808 1410 1861 ἄλλον
1439 1815 1581 1877 τινὰ,
1609 1812 1669 1865 ὃν
1694 1815 1786 1867 καὶ
1815 1818 1894 1880 είς

318 1887 553 1953 οὐρανὸν
581 1890 632 1940 oi
681 1890 860 1946 πάντα
915 1893 1221 1961 τολμῶντες
1279 1899 1555 1969 ἀνήγαγον
1580 1918 1594 1932 ο
1636 1904 1760 1958 ὅθεν
1803 1908 1897 1961 καὶ

319 1978 536 2047 πλήξας
586 1981 785 2034 ἑαυτοῦ
837 1984 931 2036 τὸν
983 1984 1146 2054 θῆρα,
1190 1988 1248 2041 τὸ
1281 1992 1505 2058 κέντρον
1551 2012 1611 2047 τε
1643 1998 1893 2066 ἠγρίανε,

314 2070 413 2120 καὶ
441 2069 920 2141 δραστηριὼτερον
949 2076 1040 2128 τὸν
1066 2076 1145 2131 ίδν
1178 2078 1556 2150 ἐνειργάσατο,
1590 2087 1682 2139 καὶ
1704 2089 1783 2151 εἰς
1813 2091 1899 2143 κί-

313 2177 475 2229 νησιν
515 2161 872 2233 διεθέρμανεν
904 2165 1137 2234 ἔντονον,
1193 2169 1533 2240 θαλπόμενος
1553 2177 1785 2245 ἐλπίσιν,
1820 2182 1894 2245 ὡς

314 2252 479 2323 ἀραῆ
505 2254 800 2325 ὲκφοϐήσει
828 2257 918 2310 τὸν
941 2259 1199 2331 ἀθλητὴν,
1232 2264 1328 2317 καὶ
1359 2266 1585 2334 ἀγεννές
1614 2287 1669 2322 τι
1714 2273 1894 2327 πείσει

316 2346 617 2412 φρονῆσαι,
664 2348 693 2400 δ
746 2350 964 2415 πάντως
1015 2351 1116 2406 οὐκ
1144 2348 1210 2423 ἦν
1247 2354 1396 2420 ἀξιον
1426 2357 1518 2411 τοῦ
1573 2363 1893 2429 πεποιθότος

314 2436 412 2487 ἐπὶ
433 2437 569 2491 Θεόν
588 2454 605 2473 ο
634 2439 667 2509 ἢ
693 2439 830 2493 ἀλλά
852 2444 1162 2513 κεπρὶσας,
1201 2446 1572 2514 ἀγεννέστατα
1603 2451 1769 2523 ῥίψει,
1799 2457 1893 2507 καὶ

315 2528 692 2600 ἀποστερήσει
744 2532 844 2601 τῆς
898 2533 1201 2605 ἀθλήσεως,
1263 2540 1357 2593 καὶ
1418 2541 1768 2613 ἔλαττονήσει
1798 2547 1889 2599 τοῦ

316 2618 596 2693 Νέστορος
620 2642 634 2656 ο
665 2627 822 2699 εἰπερ
854 2630 1016 2694 αὐτὸς
1068 2634 1167 2701 μὲν
1199 2633 1401 2688 Λυαῖον
1429 2638 1520 2692 τὸν
1551 2640 1694 2694 οὕτω
1719 2641 1894 2709 μέγαν

312 2714 651 2780 κατήνεγκε,
687 2718 996 2789 Δημήτριος
1024 2723 1082 2775 δὲ
1136 2721 1275 2787 ζώου
1318 2727 1509 2782 τούτου
1542 2729 1704 2800 ἔργον
1736 2732 1894 2801 γένη-

313 2818 428 2856 ται.
465 2805 769 2873 Περιέπεσε
798 2810 851 2862 δὲ
878 2810 987 2878 ἄρα
1016 2814 1126 2875 τοῖς
1164 2815 1358 2868 ἑαυτοῦ
1386 2818 1711 2883 διαϐουλίοις
1740 2823 1768 2874 6
1798 2823 1893 2875 καὶ

313 2896 417 2961 τὴν
446 2897 625 2966 ἀρχὴν
657 2901 1155 2972 ἀφρονευσάμενος,
1206 2912 1299 2964 καὶ
1360 2912 1519 2981 μέχρι
1557 2912 1615 2966 δὲ
1651 2914 1891 2983 πέρατος

315 2986 563 3052 τοιοῦτος
600 2990 676 3043 ῶν
707 2996 820 3053 τοῖς
866 2996 1003 3065 ὀρθά
1034 3001 1292 3070 φρονοῦσι
1326 3006 1416 3057 καὶ
1452 3006 1592 3061 κατὰ
1624 3005 1776 3061 Θεόν.
1810 3007 1889 3063 06

1925 1762 1972 1823 Β

2017 546 2129 590 stra
2198 541 2429 594 consilia
2486 544 2603 598 sive
2630 547 2695 599 ad
2731 548 3003 609 timorem,
3040 549 3156 602 sive
3224 549 3291 601 ad
3355 560 3585 605 mortem

2016 629 2151 683 mala
2189 631 2301 685 haec
2335 635 2746 703 excogitaverit.
2770 636 2877 691 Nec
2911 638 3053 690 enim
3083 640 3375 704 perterruit
3404 642 3584 695 athle-

2016 728 2125 774 tam
2164 723 2402 793 scorpio,
2436 726 2552 799 sive
2614 729 2811 784 diaboli
2853 730 3097 797 aculeus,
3152 732 3263 785 sive
3317 731 3582 798 iaculum,

2014 813 2108 867 sed
2134 826 2373 870 mortuus
2398 814 2638 883 iacebat.
2679 819 2809 873 lnde
2843 823 3248 878 ardentioribus
3283 826 3471 878 videre
3517 826 3584 878 lio

2012 913 2100 960 cet
2136 908 2335 975 quibus
2380 910 2721 967 machinator
2766 920 2820 967 et
2879 914 3081 968 malitia
3133 916 3571 984 sapientissimus

2013 1000 2294 1067 pueriliter
2322 1004 2396 1056 uti
2440 1004 2801 1072 prmsurupsit.
2829 1004 3062 1059 Ο·υηίυο
3123 1006 3266 1059 enim
3323 1006 3583 1075 ignorans

2011 1093 2437 1157 machinahatur,
2466 1096 2761 1165 ignorantia
2806 1096 3000 1165 duplici
3036 1107 3147 1150 tum
3180 1097 3224 1151 si
3249 1097 3313 1151 ad
3344 1099 3481 1151 mala
3522 1099 3579 1152 iu

2008 1186 2188 1254 aliquo
2219 1187 2546 1255 disposuerit
2573 1189 2789 1257 scorpio
2828 1200 3098 1251 sanctum,
3128 1200 3236 1244 tum
3281 1190 3325 1245 si
3358 1202 3570 1260 martyr

2008 1275 2073 1329 de
2103 1276 2504 1333 machinatione
2543 1279 2839 1346 quidquam
2900 1290 3074 1333 metus
3139 1295 3333 1346 passus
3389 1279 3577 1333 fuerit.

2005 1361 2164 1419 Vires
2190 1381 2317 1419 suas
2363 1381 2588 1433 magnas
2619 1367 2966 1435 scorpionem
3027 1366 3350 1425 nominavit,
3392 1367 3573 1420 divina

2002 1468 2138 1507 voce
2169 1454 2394 1522 profane
2427 1464 2604 1518 utens,
2640 1456 2819 1507 forsan
2846 1465 3054 1509 tumore
3075 1472 3271 1525 magno
3300 1455 3571 1520 inﬂatum;

2004 1545 2147 1600 sicut
2175 1554 2228 1599 et
2259 1555 2473 1600 veteres
2505 1547 2844 1615 scripserunt
2874 1547 2939 1599 de
2962 1545 3185 1609 Orione,
3224 1555 3316 1599 aut
3342 1547 3406 1599 de
3434 1562 3574 1614 quo-

2002 1637 2146 1704 piam
2183 1636 2318 1701 alio,“
2335 1652 2495 1706 quem
2548 1637 2640 1707 qui
2699 1638 2878 1691 omnia
2912 1639 3113 1690 audent
3172 1637 3225 1690 in
3263 1637 3455 1691 coelum
3489 1639 3574 1689 iu-

2002 1723 2303 1790 duxerttnt:
2325 1728 2467 1783 unde
2487 1737 2540 1781 el.
2572 1744 2729 1782 suam
2762 1731 3076 1796 percmiens
3125 1729 3386 1792 ltellttam,
3439 1745 3572 1783 arit-

2002 1818 2142 1873 lenm
2190 1818 2515 1878 stimulavit,
2559 1819 2834 1872 efficacius
2882 1834 3146 1874 venenum
3178 1821 3379 1885 ell‘ecit,
3412 1831 3465 1876 et
3516 1822 3577 1874 in

1999 1909 2405 1974 contorquenth
2436 1909 2606 1978 magis
2627 1908 3004 1973 inﬂammavit,
3036 1927 3130 1980 spe
3148 1911 3381 1977 fervens,
3411 1913 3575 1981 quasi

1998 1999 2086 2067 qui
2116 1998 2374 2054 athletam
2436 2001 2824 2069 perterriturus
2875 2011 3040 2063 esset,
3094 2011 3254 2072 atque
3317 2004 3567 2071 iguaVum

1996 2090 2127 2159 quid
2156 2090 2398 2161 cegitare
2429 2091 2716 2157 suaderet;
2748 2095 2893 2160 quod
2924 2108 3260 2160 nequaquam
3301 2095 3366 2149 de
3392 2094 3573 2161 eoqiii

1997 2181 2048 2234 in
2074 2181 2238 2235 Deum
2274 2180 2586 2235 confidebat
2614 2183 2982 2247 sperandum;
3021 2192 3113 2236 aut
3160 2181 3321 2235 aliter
3374 2184 3571 2235 aculeo

1996 2271 2301 2335 stimulans,
2330 2272 2597 2341 ignaviter
2628 2282 3001 2342 prostraturus
3041 2283 3185 2328 esset
3225 2280 3278 2326 et
3337 2275 3565 2326 victoria

1995 2360 2331 2431 privaturus,
2372 2372 2424 2417 et
2453 2361 2767 2417 inferiorem
2811 2364 3153 2433 prmstiturus
3187 2363 3401 2419 Nestori
3434 2380 3448 2417 :
3476 2366 3570 2427 qui

1995 2455 2212 2523 quidem
2245 2453 2461 2525 Lymum
2494 2454 2631 2509 adeo
2665 2471 2920 2523 magnum
2986 2455 3206 2519 devicit,
3264 2456 3567 2509 Demetrius

1996 2558 2123 2597 vero
2161 2542 2415 2597 animalis
2450 2542 2608 2596 iSIius
2636 2558 2774 2612 Opus
2801 2542 2978 2598 factus
3007 2544 3217 2598 fuisset.
3240 2542 3403 2598 Periit
3434 2559 3567 2611 ergo

1996 2635 2048 2690 in
2076 2633 2285 2690 insanis
2314 2633 2557 2689 consiliis
2592 2634 2707 2689 suis
2757 2635 2847 2703 qui
2902 2638 2971 2690 ab
3028 2635 3182 2689 initio
3216 2636 3381 2691 stulte
3439 2636 3575 2690 ferit

1994 2739 2166 2794 usque
2203 2725 2268 2778 ad
2309 2723 2469 2779 linem
2504 2724 2628 2779 talis
2659 2724 2713 2779 in
2766 2734 2910 2778 recte
2967 2733 3021 2777 et
3051 2726 3348 2778 secundum
3383 2724 3554 2777 Deum

1994 2818 2291 2875 sentientes
2320 2824 2646 2884 perseverat.
2676 2814 2790 2869 Non
2817 2815 2958 2868 enim
2983 2828 3318 2879 cognoscere
3337 2812 3565 2868 debebat

1995 2916 2053 2962 ut
2100 2908 2280 2961 leones
2327 2906 2379 2959 in
2428 2905 2522 2960 Dei
2584 2915 2802 2960 sanctos
2838 2915 3138 2959 sexcentos
3194 2902 3513 2957 immitteret
3541 2939 3560 2963 ,

1994 3012 2186 3067 segnes
2221 2999 2286 3052 ad
2315 2997 2615 3052 nocendum
2646 3011 2744 3053 nec
2783 3011 2938 3051 ursos
2961 2998 3188 3050 horrore
3217 2994 3437 3051 indutos
3465 2992 3561 3064 qui

315 3078 430 3148 γὰρ
459 3080 588 3151 ἔςχε
620 3081 940 3149 λογίσασθαι
975 3088 1196 3155 λέοντας
1228 3093 1628 3165 ἐπαφιεμένους
1664 3097 1764 3168 μὲν
1795 3118 1893 3169 μυ-

1999 3090 2251 3146 ferociter
2270 3088 2482 3158 quidem
2514 3090 2797 3152 irruentes,
2820 3089 2974 3158 quasi
3008 3088 3059 3141 in
3096 3095 3317 3142 ventum
3346 3086 3559 3141 inhiant

318 3177 517 3246 ριαχοῦ
556 3182 669 3243 τοῖς
700 3184 795 3237 τοῦ
839 3184 974 3239 Θεοῦ
1005 3187 1205 3255 ἁγίοις,
1244 3191 1450 3262 ἀργοὺς
1479 3195 1536 3247 δὲ
1565 3196 1646 3257 τίς
1676 3200 1735 3249 τδ
1764 3197 1888 3265 βλά⁴

318 3285 478 3321 πτειν
510 3271 774 3339 μένοντας
797 3291 811 3307 ⁸
845 3276 967 3330 οὺδδ
1014 3278 1250 3350 ἄρκτους
1275 3284 1480 3355 φρίκην
1512 3287 1889 3355 ἐνδεδυμένας,

313 3358 511 3425 χανδὸν
559 3359 660 3428 μὲν
688 3362 1083 3433 ὶπιφυομὲνας,
1138 3371 1433 3439 χαινούσας
1459 3373 1515 3428 δὲ
1554 3375 1628 3438 ὡς
1657 3377 1736 3438 είς
1764 3378 1888 3449 ἄνετ

320 3466 456 3519 μονο
496 3453 590 3504 καὶ
628 3454 839 3525 ἑτέροις
890 3457 945 3510 δὲ
984 3458 1199 3529 θηρίοις
1250 3463 1522 3534 ἐμϐλέψαι
1550 3504 1565 3528 ,
1618 3469 1732 3529 τοῖς
1792 3456 1895 3538 μὲν

316 3544 698 3612 ἀπρακτοῦσιν
747 3550 825 3610 είς
853 3550 914 3601 τὸ
963 3551 1058 3604 καὶ
1092 3550 1291 3618 βλάϐος
1321 3555 1550 3622 ἐπάγειν
1579 3560 1691 3622 τοῖς
1726 3560 1889 3624 θερα-

317 3634 549 3695 πευταίς
596 3632 687 3687 τοῦ
718 3636 876 3701 Θεοῦ,
927 3642 1039 3703 τοῖς
1070 3640 1125 3693 δὲ
1180 3642 1272 3695 καὶ
1306 3646 1582 3713 κειμένοις
1635 3651 1883 3717 νεκροῖς*

315 3721 528 3791 ἑτέροις
562 3721 620 3776 δὲ
670 3725 768 3777 καὶ
815 3728 894 3788 εἰς
924 3726 1173 3781 δουλείαν
1205 3729 1575 3799 ὑπαγομένοις
1602 3732 1891 3803 ἀχθοφορι-

313 3812 439 3881 κὴν,
470 3814 503 3882 ἢ
539 3813 635 3866 καὶ
672 3815 846 3878 άλλως
882 3816 1317 3889 ἀμϐλυνομένοις
1374 3822 1473 3893 τὴν
1526 3825 1626 3893 τῆς
1683 3824 1888 3895 θηριω-

310 3905 430 3968 δίας
460 3904 668 3975 ἀκμὴν,
704 3906 800 3959 καὶ
851 3908 1344 3979 μαλθακιζομένοις
1373 3913 1453 3976 τίς
1486 3911 1548 3965 τὸ
1576 3913 1885 3985 χειρόηθες.

314 3996 527 4052 Ἐπαθε
558 3996 656 4049 καὶ
683 3995 892 4061 Παῦλος
928 3998 986 4064 ἐξ
1014 3999 1225 4071 ἐχίδνης
1254 4001 1493 4073 δαγμόν·
1525 4004 1640 4058 ἀλλ’
1672 4007 1889 4060 tat-cm-

312 4087 548 4157 ξάμενος
577 4087 806 4157 ταύτην,
832 4089 1120 4160 ἐπίκλησιν
1145 4091 1297 4147 θείαν
1322 4093 1562 4150 ἐπετίθει
1594 4097 1891 4169 ἀλεξιφάρ-

312 4196 515 4248 μακον,
557 4180 651 4233 καὶ
682 4181 743 4233 τὸ
764 4180 990 4250 τραῦμα
1018 4182 1406 4255 ἐθεραπεύετο.
1445 4187 1656 4241 Οὐκοῦν
1688 4191 1783 4244 καὶ⁸
1810 4191 1887 4260 τῷ

310 4268 613 4339 Δημητρίῳ
638 4264 707 4340 ἦν
745 4270 842 4339 μὲν
869 4271 1261 4343 ἀμφοτέρωθεν
1306 4273 1368 4326 οὐ
1398 4274 1561 4342 φόϐος
1593 4277 1843 4331 κινδύνου
1868 4293 1885 4309 '

309 4360 654 4431 κεντρισθείς
678 4379 735 4414 τε
768 4362 877 4431 γὰρ
905 4361 1018 4433 εἶχε
1042 4364 1349 4417 διεκπεσεῖν
1377 4366 1617 4437 ἀϐλαϐής
1640 4384 1654 4399 ·
1688 4365 1801 4446 εἶχε
1830 4370 1887 4424 δὲ

308 4455 531 4507 καὶτὸν
584 4455 916 4523 κεντρισμδν
977 4455 1155 4526 πάντη
1208 4457 1542 4526 διεκφυγεῐν.
1587 4440 1795 4514 Εἵλετο*
1821 4462 1886 4533 δὴ
1912 4440 1965 4500 D

304 4549 367 4599 τὸ
405 4545 874 4616 θαυμασιώτερον.
936 4548 1217 4617 Πληγῆναι
1269 4548 1368 4618 μὲν
1400 4550 1509 4618 γὰρ
1565 4551 1728 4604 αὐτὸν
1770 4554 1885 4605 ἑνε-

309 4637 457 4690 ποίει
490 4636 757 4706 τιχάρμα
784 4637 863 4705 τῷ
919 4654 976 4690 τε
1019 4638 1230 4706 δαίμονι
1282 4641 1376 4693 καὶ
1427 4640 1505 4710 τῷ
1556 4642 1884 4708 δαιμονῶντι

303 4728 561 4796 τυράννῳ
585 4743 598 4756 ’
633 4727 709 4797 μὴ
734 4727 963 4795 ὲαθῆναι
991 4728 1048 4781 δὲ
1077 4729 1472 4798 ψαῦσαι-ἀλλ’
1507 4728 1576 4802 ἦν
1604 4733 1766 4786 τοῦτο
1798 4750 1886 4785 τε·

309 4819 717 4887 ρατωδὲστερον
738 4835 753 4851 ο
785 4821 978 4873 τούτου
1012 4820 1071 4873 δὲ
1112 4821 1272 4874 πλέον
1301 4822 1360 4875 τὸ
1411 4823 1508 4876 καὶ
1536 4824 1882 4893 νεκρωθῆναι

303 4911 399 4961 τὸν
420 4908 521 4961 τοῦ
570 4909 822 4979 δαίμονος
851 4912 1138 4981 τρόφιμον.
1187 4915 1298 4982 Ζῇν
1333 4918 1432 4983 μὲν
1462 4916 1570 4985 γὰρ
1605 4917 1664 4969 τὸ
1697 4917 1885 4988 θηρίον

308 5002 387 5071 μὴ
416 5001 661 5055 πελάσαν
688 5003 767 5072 τῷ
797 5002 1036 5073 μάρτυρι
1076 5004 1177 5058 οὐκ
1200 4999 1314 5075 εἶχε
1338 5005 1524 5076 θαῦμα
1558 5007 1693 5061 πολύ
1718 5025 1732 5039 ·
1766 5011 1882 5062 κεῖ-

304 5095 435 5148 σθαι
456 5094 513 5148 δὲ
542 5094 735 5163 νεκρὸν
767 5095 826 5148 τὸ
862 5094 1033 5164 γέμον
1068 5096 1528 5166 δαίμονος-ἀλλά
1558 5099 1717 5153 τοῦτο
1746 5100 1884 5170 πλῆ-

304 5203 400 5257 ρες
456 5181 527 5256 ἦν
554 5185 803 5255 τέρατος,
858 5187 995 5239 πολὺ
1048 5186 1103 5239 δὲ
1152 5188 1313 5241 πλέον
1371 5191 1467 5242 καὶ
1499 5190 1751 5260 ὸτρόπος
1785 5193 1881 5246 τοῦ

299 5276 606 5344 θαύματος.
640 5276 713 5327 Οὐ
746 5274 855 5343 γάρ
907 5292 1012 5328 τινι
1042 5275 1151 5328 τῶν
1202 5278 1556 5346 σωματικῶν,
1600 5280 1883 5351 ἀσωμάτῳ

297 5369 355 5422 δὲ
389 5368 629 5438 ὀργάνῳ,
663 5366 739 5437 τῷ
761 5366 847 5420 διὰ
877 5366 1157 5421 δακτύλων
1188 5368 1344 5438 τύπῳ
1363 5369 1457 5422 τοῦ
1494 5371 1751 5441 σταυροῦ,
1781 5374 1882 5428 ὅσα

302 5460 399 5512 καὶ
433 5458 590 5528 βέλος
642 5456 899 5512 ἐκλεκτὸν
932 5459 1306 5530 ὲπαφιεμένῳ,
1361 5462 1422 5513 τὸ
1476 5461 1570 5514 τοῦ
1627 5444 1880 5533 δαίμονος

303 5549 482 5620 ἀργὸν
523 5548 705 5618 ἀφῆκε
769 5548 980 5603 κεῖσθαι
1034 5550 1302 5621 ὄργανον·
1336 5554 1429 5605 καὶ
1460 5553 1655 5623 μικρὸν
1692 5555 1882 5610 τοῦτον

298 5641 470 5710 ῥίψας
497 5638 886 5708 ὀπιδρηστῆρα
913 5638 1004 5690 τοῦ
1051 5638 1227 5691 δεινοῦ
1267 5638 1592 5703 παλαιστοῦ.
1634 5642 1730 5696 καὶ
1788 5643 1880 5697 τὸν

298 5732 483 5799 μέγαν
518 5732 725 5783 ἐκεῖνον
747 5729 1009 5797 ἀλείπτην
1039 5730 1097 5780 ὲν
1127 5728 1306 5799 ταυτῷ
1342 5731 1730 5785 κατεπάλαισε.
1767 5733 1879 5788 Καὶ

1993 3192 2048 3239 et
2074 3193 2130 3236 ut
2150 3192 2260 3237 tum
2290 3180 2427 3236 alias
2452 3178 2653 3234 belluas
2677 3179 3019 3248 conspiceret
3043 3194 3073 3233 e
3117 3177 3314 3248 quibus
3346 3178 3466 3232 alite
3499 3179 3553 3231 in

1993 3283 2375 3330 aocumentum
2418 3271 2511 3325 Dei
2559 3271 2731 3328 servis
2780 3271 3055 3325 aﬂ‘ereudo
3105 3271 3308 3326 inertes
3353 3278 3560 3331 essent,

1992 3368 2109 3422 aliae
2143 3378 2368 3421 mortua:
2397 3364 2685 3431 iacerent;
2741 3373 2851 3417 tum
2919 3363 3052 3418 alias
3103 3361 3443 3429 conspiceret
3494 3360 3562 3416 ad

1991 3468 2153 3507 onera
2186 3453 2449 3520 portanda
2483 3461 2659 3515 natas,
2698 3450 2780 3505 vel
2841 3466 2960 3517 quae
3023 3451 3182 3505 aliter
3234 3451 3346 3504 fera
3384 3450 3563 3504 indole

1990 3554 2163 3600 exutae
2208 3555 2543 3599 curarentur.
2574 3543 2807 3598 Morsum
2850 3542 3045 3610 vipera:
3092 3556 3280 3611 passus
3306 3553 3387 3596 est
3418 3542 3560 3595 Pan-

1992 3638 2096 3694 lus.
2119 3651 2224 3705 qua
2252 3636 2473 3702 reiecta,
2507 3634 2899 3689 invocationem
2946 3633 3040 3687 Dei
3102 3633 3560 3687 medicamentum

1991 3727 2241 3781 adhibuit
2267 3735 2325 3781 et
2348 3726 2540 3779 vulnus
2563 3725 2798 3779 sanavit.
2834 3723 2999 3793 Igitur
3019 3723 3296 3778 Demetrio
3317 3738 3420 3777 non
3444 3731 3563 3777 erat

1990 3818 2212 3886 periculi
2250 3816 2411 3870 timor
2447 3832 2462 3869 :
2500 3815 2692 3869 aculeo
2726 3814 2869 3869 enim
2898 3813 3185 3869 vulnerato
3214 3814 3439 3879 contigit
3477 3814 3562 3866 in-

1990 3910 2259 3963 columem
2290 3908 2562 3970 evadere;
2597 3905 2822 3973 contigit
2848 3912 2902 3958 et
2932 3903 3126 3957 vulnus
3172 3904 3395 3956 omnino
3426 3900 3561 3956 eil'u-

1989 4016 2135 4071 gere.
2173 4000 2359 4068 Maiori
2394 4000 2580 4067 itaque
2611 3997 2877 4051 miraculo
2911 4010 3044 4049 usus
3084 4004 3226 4048 erat.
3256 3993 3388 4049 Nam
3416 3996 3558 4063 quod

1989 4092 2267 4149 sauciatus
2299 4100 2462 4155 esset,
2526 4088 2760 4144 daamoni
2817 4087 3190 4156 diaboliceque
3246 4101 3306 4142 se
3355 4085 3561 4157 gerenti

1991 4193 2220 4253 tyranno
2238 4182 2489 4252 gaudium
2510 4179 2793 4242 afferebat,
2817 4178 2960 4248 quod
2981 4191 3109 4234 vero
3128 4178 3270 4247 tangi
3288 4194 3390 4233 non
3414 4178 3562 4231 sine-

1988 4276 2376 4346 retur—quod
2402 4273 2573 4342 majus
2602 4273 3404 4344 prodigiumerat—maximum
3428 4285 3559 4326 vero

1990 4368 2133 4440 quod
2153 4376 2434 4423 necaretur
2452 4367 2708 4421 daemonis
2723 4365 2995 4420 alumnus.
3021 4364 3231 4420 Etenim
3254 4366 3395 4435 quod
3415 4364 3561 4419 vive-

1992 4468 2071 4515 ret
2098 4458 2313 4529 quidem
2327 4457 2393 4513 ad
2416 4467 2706 4528 martyrem
2743 4472 2848 4512 non
2886 4456 3324 4527 appropinquans
3358 4454 3558 4518 bestia,

1988 4566 2242 4620 magnum
2280 4565 2388 4605 non
2418 4559 2538 4604 erat
2575 4546 2931 4616 prodigium;
2991 4547 3135 4616 quod
3166 4560 3294 4600 vero
3339 4555 3553 4600 mortua

1981 4641 2186 4711 iaceret
2214 4640 2473 4696 daemonis
2495 4640 2676 4710 plena,
2705 4639 2808 4693 hoc
2828 4652 2961 4692 sane
2981 4652 3067 4692 res
3095 4646 3212 4692 erat
3239 4644 3554 4706 portentosa

1988 4734 2263 4801 multoque
2290 4732 2541 4800 amplius.
2591 4729 2707 4784 Non
2748 4728 2893 4784 enim
2936 4727 3117 4797 aliquo
3179 4741 3211 4781 e
3248 4726 3548 4796 corporeis.

1986 4827 2314 4894 incorporeo
2341 4831 2667 4892 procurante
2700 4835 2930 4891 organo,
2990 4819 3172 4875 crucis
3228 4833 3324 4887 per
3359 4818 3558 4885 digitos

1985 4918 2142 4986 signo
2178 4916 2267 4970 teli
2291 4915 2447 4970 electi
2476 4916 2647 4969 instar
2689 4913 2935 4967 immisso
2964 4909 3144 4965 effecit
3173 4919 3231 4962 ut
3258 4923 3419 4978 segne
3444 4909 3557 4963 da:-

1984 5010 2161 5065 monis
2180 5007 2385 5078 iaceret
2407 5021 2667 5075 organum
2693 5020 2708 5071 ;
2739 5013 2794 5059 et
2818 5001 3319 5074 parvumterribilis
3349 5002 3540 5054 advero

1982 5101 2111 5156 sarii
2136 5113 2348 5154 servum
2389 5098 2682 5170 prostravit
2706 5106 2763 5152 et
2799 5108 3052 5165 magnum
3086 5093 3143 5149 in
3172 5094 3360 5149 eodem
3394 5091 3550 5146 devi-

1984 5192 2058 5249 cit
2091 5191 2485 5247 institutorem.
2512 5188 2614 5255 Qui
2640 5187 2857 5257 quidem
2917 5185 3275 5242 insidiabatur
3297 5183 3557 5251 reptantis

1983 5282 2234 5339 animalis
2261 5283 2494 5348 impetu,
2522 5281 2659 5334 adeo
2691 5280 2971 5336 cmlestem
3003 5278 3247 5332 animum
3302 5276 3554 5331 subactu-

1982 5385 2077 5425 rus
2109 5386 2126 5433 ;
2153 5368 2380 5425 insidias
2433 5383 2567 5424 vero
2608 5367 2871 5421 irridebat
2903 5366 3016 5429 ille.
3068 5366 3268 5436 quippe
3296 5364 3384 5432 qui
3428 5378 3550 5415 rum

1987 5470 2170 5516 tantus
2198 5461 2494 5514 aestimetur
2519 5459 2621 5513 sub
2652 5457 2963 5512 animalculi
2995 5456 3167 5510 forma
3206 5463 3467 5521 appareat
3492 5461 3548 5506 et

1983 5553 2233 5608 ostendat
2264 5566 2323 5606 se
2365 5551 2614 5622 reptiiem
2646 5564 2712 5604 ex
2745 5548 2854 5603 alto
2886 5548 3173 5607 decidisse,
3208 5553 3263 5598 et
3297 5542 3553 5612 potentia:

1984 5642 2244 5697 vilitatem
2270 5641 2349 5697 sic
2374 5643 2738 5705 demonstret,
2783 5636 3006 5706 etquod
3065 5633 3208 5689 unde
3251 5633 3426 5687 servis
3460 5632 3551 5687 Dei

1982 5742 2170 5789 noceat
2196 5743 2380 5804 aperte
2406 5741 2482 5798 et,
2509 5732 2757 5793 utaiunt,
2794 5728 2846 5781 in
2871 5725 3059 5781 faciem
3086 5736 3192 5779 non
3227 5722 3388 5785 habet
3415 5738 3552 5789 quos
