3950 6208
450 299 557 365 199

1197 297 1544 359 ΕυδΤΑΤΙΙ
1562 296 1615 353 ιι
1658 295 1758 353 ΉΙ
1772 293 1949 351 ESS.\
1965 295 2001 351 L

2120 294 2411 355 lCENSIS
2435 294 3003 352 METIWI‘OIJTIE

3574 295 3683 357 200

447 420 652 465 tantum
685 426 911 467 aversos
933 409 1154 463 viriliter
1183 405 1513 475 aggreditur.
1545 403 1746 469 Quema
1768 402 2001 454 lmolum

2111 407 2135 456 ὁ
2174 409 2267 471 μὲι
2302 406 2630 473 Ξμηχαιᾶτο,
2665 408 2720 454 ἐν
2746 405 3024 471 χαξιερπεί
3051 401 3173 468 ζῶν
3222 402 3561 472 καταρῤίψαι
3592 406 3686 455 τὶν

444 504 587 555 enim
613 501 842 571 quisque
868 517 972 555 non
1007 501 1242 553 alienum
1266 512 1297 550 a
1335 506 1526 548 natura
1569 494 1695 547 illud
1733 494 2002 553 observat,

445 593 527 648 sic
556 595 825 663 parvitate
856 607 950 645 sua
966 592 1224 658 cumipso
1251 588 1568 643 consocium
1594 584 1793 637 animal
1826 584 2002 637 bellua

444 701 635 755 magna
670 685 770 739 sibi
795 684 1059 738 devinxit.
1091 681 1312 734 Nullum
1364 679 1507 732 enim
1566 676 1781 742 scorpio
1816 690 1880 728 ex
1921 676 2000 726 fa-

444 780 528 831 cie
548 786 603 829 et
629 790 724 829 ore
757 784 1142 829 nocumentnm
1164 772 1349 830 mittit.
1371 770 1463 824 sed
1482 780 1721 821 extrema
1744 767 1798 820 in
1832 768 2001 820 cauda

443 867 733 934 sepositum
764 874 938 934 gestat
980 876 1264 917 venenum.
1318 860 1382 914 Et
1408 861 1617 915 daemon
1664 866 1845 926 aperta
1885 857 2006 925 qui-

444 962 564 1013 dem
595 959 943 1011 consiliorum
979 966 1026 1008 et
1060 964 1115 1005 ut
1158 954 1227 1005 ita
1260 952 1433 1006 dicam
1459 962 1583 1003 ante
1604 949 1791 1003 oculos
1816 957 1866 999 et
1894 962 2016 1015 pro-

440 1050 612 1117 palam
647 1049 945 1113 ejacnlatur
966 1046 1161 1098 nmium
1188 1044 1333 1097 nullo
1361 1043 1515 1095 modo
1535 1056 1642 1109 pra:
1665 1055 1722 1094 se
1754 1039 2004 1096 ferentia.

443 1142 554 1193 haec
591 1140 878 1207 voluptatis
903 1154 1007 1205 qua
1031 1137 1442 1206 permulceatur
1462 1134 1707 1202 plerique
1732 1142 2005 1199 unguento

441 1231 671 1290 liniens;
704 1241 849 1283 retro
880 1245 1004 1281 vero
1031 1233 1167 1285 etab
1203 1228 1392 1281 ultimo
1437 1224 1728 1294 perniciem
1782 1222 1882 1275 fert
1950 1223 2003 1274 in

440 1322 638 1374 inferni
654 1321 899 1386 decipulo
920 1320 1298 1377 involventem,
1334 1315 1716 1382 simpliciorem
1739 1326 2005 1380 quemtu

443 1430 479 1465 a'
504 1413 772 1478 principio
804 1412 1082 1475 inducens,
1133 1410 1488 1476 timoremque
1532 1407 1734 1467 celans,
1785 1406 1835 1455 in
1886 1404 1990 1456 fine

442 1520 570 1555 vero
598 1503 719 1555 dolo
744 1502 935 1555 beilico
962 1502 1134 1554 victor
1162 1502 1227 1551 ad
1262 1499 1669 1559 mactatimtem,
1695 1511 1800 1550 non
1822 1495 2000 1547 lucta-

445 1594 555 1642 tiun
584 1592 684 1643 bus
739 1592 967 1644 obversa
1033 1591 1231 1652 fronte,
1293 1587 1388 1640 sed
1442 1596 1497 1640 ut
1550 1586 1749 1639 dixerit
1804 1584 2000 1653 aliquis

441 1684 625 1737 caudae
654 1701 840 1753 opera.

2110 495 2282 559 οὕτως
2313 497 2561 566 οὐράνιον
2584 511 2596 524 '
2651 498 2677 547 6
2722 496 2779 547 δὲ
2815 495 3084 560 κατεγέλα
3131 492 3228 561 τῆς
3272 495 3545 561 μηχανῆς,
3578 498 3626 547 εί
3656 497 3687 547 ὁ

2110 587 2356 649 τοσοῦτος
2408 583 2546 639 εἶναι
2577 586 2749 639 δοκῶν
2797 585 2940 637 οὓτω
2977 585 3272 654 μικροφυεῖ
3318 583 3443 649 ζώῳ
3476 587 3689 652 ἐμφαν-

2107 680 2352 743 τάξεται,
2385 682 2476 730 καὶ
2510 678 2570 730 τὸ
2614 679 2673 743 ἐξ
2704 677 2869 744 ὖῷους
2908 678 3235 729 καταπεσεῖν
3261 676 3317 725 ἐν
3355 676 3428 743 τῷ
3457 675 3686 744 ἕρποντι

2108 771 2457 836 διαδείκνυσι,
2492 772 2585 823 καὶ
2618 770 2678 821 τὸ
2715 769 3017 838 μικροφυές
3043 768 3100 819 δέ
3130 766 3273 818 οὕτω
3308 769 3685 836 παρεμφαίνει

2105 861 2202 930 τῆς
2250 862 2556 928 δυνάμεως,
2615 863 2711 913 καὶ
2748 860 2807 913 τὸ
2838 861 2912 930 μὴ
2966 860 3108 928 ἐχειν
3144 860 3402 927 βλάπτειν
3434 860 3557 921 τοὺς
3588 858 3685 911 τοῦ

2106 950 2244 1004 Θεοῦ
2274 953 2352 1014 εἰς
2380 952 2619 1021 ἐμφανὲς
2652 955 2743 1003 καὶ
2774 952 2801 1003 ὃ
2839 970 2968 1017 φασι
2998 951 3140 1002 κατὰ
3171 951 3368 1017 στόμα,
3414 949 3551 1002 ἀλλὰ
3573 952 3686 1009 τοῖς

2108 1044 2333 1096 δπισθεν
2380 1044 2787 1112 ἁνδριζόμενον.
2831 1042 2919 1105 Ὠς
2964 1047 3071 1110 γὰρ
3105 1045 3168 1097 ἄν
3197 1061 3284 1105 τις
3316 1045 3418 1096 οὐκ
3446 1042 3552 1106 ἔξω
3585 1041 3685 1094 τοῦ

2110 1136 2421 1204 προσφυοῦς
2457 1136 2550 1187 καὶ
2585 1136 2742 1188 τοῦτο
2774 1136 3213 1204 κατασκέψηται,
3253 1137 3347 1188 καὶ
3382 1136 3457 1199 ὡς
3492 1134 3687 1204 ὁμοεί-

2106 1224 2246 1292 τητά
2275 1242 2394 1277 τινα
2426 1224 2597 1285 σῶζον
2628 1225 2765 1294 πρὸς
2794 1227 2957 1278 αὐτὸν
2996 1229 3023 1278 ὁ
3058 1228 3231 1295 μέγας
3258 1228 3361 1296 θὴρ
3395 1227 3456 1278 τὸ
3483 1243 3691 1293 συγγε-

2106 1315 2197 1377 νὲς
2239 1314 2395 1367 τοῦτο
2443 1313 2632 1384 θηρίον
2665 1314 3001 1367 ὠκειώσατο.
3062 1316 3332 1384 Σκορπίος
3390 1332 3449 1368 τε
3477 1319 3589 1383 γὰρ
3622 1318 3688 1367 ὲκ

2104 1405 2211 1457 τῶν
2239 1405 2356 1458 κατ’
2380 1405 2503 1474 ὄψιν
2536 1408 2628 1457 καὶ
2660 1409 2797 1459 κατὰ
2824 1408 2995 1475 στόμα
3027 1407 3219 1475 βλάϐος
3241 1408 3391 1459 οὐδὲν
3421 1408 3691 1477 προΐσχε-

2104 1513 2215 1562 ται,
2273 1497 2389 1549 ἀλλ’
2427 1497 2582 1566 ἄκρῳ
2644 1499 2722 1566 τῷ
2764 1500 2971 1568 οὐραίῳ
3009 1501 3381 1567 ἐγκαθήμενον
3432 1499 3593 1566 φέρει
3625 1498 3686 1548 τ’)

2108 1587 2426 1655 θανάσιμον.
2462 1590 2569 1642 Καὶ
2597 1591 2623 1640 ὁ
2648 1590 2856 1658 δαίμων
2890 1596 2957 1643 τὰ
2990 1592 3086 1657 μὲν
3114 1591 3421 1659 προάγοντα
3444 1590 3554 1640 τῶν
3582 1589 3688 1640 αὖ·

2107 1678 2199 1730 τοῦ
2232 1678 2615 1748 βουλευμάτων
2646 1682 2740 1732 καὶ
2783 1681 2858 1742 ὼς
2898 1684 3071 1733 εἰπεῖν
3105 1683 3211 1750 asp-’1
3240 1679 3544 1747 ὀφθαλμῶν
3585 1684 3685 1736 καὶ

443 1778 675 1847 πρόσθια
705 1778 1093 1847 προϐέϐληται,
1125 1778 1292 1831 κακὸν
1329 1776 1483 1829 οὐδέν
1529 1793 1584 1829 τι
1614 1774 2005 1843 προφαίνοντα,
2029 1769 2195 1840 χρίων
2246 1774 2385 1824 αὐτὰ
2414 1773 2491 1841 τῷ
2519 1773 2798 1841 φαρμάκῳ
2854 1775 2952 1840 τῆς
3003 1772 3220 1841 ἡδονῆς,
3272 1773 3361 1838 ὑφ’
3397 1766 3465 1840 ἦς
3515 1771 3688 1824 κολα-

441 1873 714 1939 κευόμεθα
744 1874 794 1923 οἱ
823 1873 1005 1925 πολλοί
1032 1891 1045 1903 ο
1081 1874 1150 1925 τά
1178 1872 1232 1925 δὲ
1272 1872 1499 1925 κατόπιν
1538 1872 1628 1923 καὶ
1662 1869 1865 1938 ἔσχατα
1890 1866 2109 1935 ὀλέθρια
2134 1866 2311 1936 φέρει,
2357 1868 2451 1918 καὶ
2506 1869 2585 1928 εἰς
2643 1869 2920 1935 πέταυρον
2966 1866 3093 1937 ᾆδον
3157 1868 3493 1933 κατάγοντα,
3543 1867 3692 1918 ὑπα-

441 1967 672 2033 γόμενος
711 1966 808 2033 μὲν
836 1966 893 2016 ἐν
919 1967 1167 2034 καταρχῇ
1200 1964 1290 2017 τὸν
1319 1962 1709 2031 ἁπλούστερον,
1767 1960 1859 2012 καὶ
1916 1958 2272 2024 ἐπικρύπτων
2321 1959 2412 2011 τὴν
2465 1959 2652 2028 φόϐον,
2710 1959 2786 2027 τῷ
2845 1962 2901 2011 δέ
2951 1961 3281 2014 τελευτῶντι
3360 1963 3456 2015 καὶ
3506 1978 3688 2016 κατα-

444 2057 767 2127 στρατηγῶν
803 2060 880 2118 εὶς
907 2057 1087 2125 φόνον,
1142 2058 1204 2109 ού
1229 2058 1348 2118 ταῖς
1403 2056 1710 2124 προμάχοις
1744 2051 2150 2123 ρᾳδιουργίαις,
2176 2052 2313 2115 ἀλλ’,
2340 2056 2413 2116 ὡς
2450 2053 2515 2106 ἄν
2543 2071 2626 2115 τις
2656 2054 2806 2126 εἴπῃ,
2838 2052 2915 2122 τῷ
2952 2054 3326 2123 ούραγὴματι.

513 2153 600 2203 56.
659 2151 781 2204 Ham-
822 2152 1050 2205 sulIiciat
1074 2152 1295 2206 dixisse.
1329 2151 1509 2205 Dolosi
1539 2164 1663 2211 vero
1691 2148 1895 2203 erroris
1913 2162 2000 2198 ar-
2033 2154 2073 2207 Β

443 2240 601 2296 tificis
618 2240 836 2297 estillud
851 2244 1123 2311 sophisma
1138 2243 1292 2295 vanis
1309 2241 1633 2307 imaginibus
1646 2237 2002 2299 dissimulare,

443 2333 759 2386 insidiarum
787 2348 915 2388 vero
942 2335 1206 2388 actionem
1238 2334 1548 2402 persuasive
1575 2343 1810 2391 struere,
1842 2338 1898 2383 et
1916 2343 2007 2380 ve—

441 2429 621 2482 ritatis
650 2429 888 2497 speciem
910 2437 1208 2483 ostentare.
1233 2427 1366 2480 Nam
1402 2440 1538 2479 vano
1576 2437 1764 2478 errore
1798 2430 1999 2475 metum

442 2521 608 2582 ciere,
665 2534 768 2571 non
807 2528 989 2573 autem
1034 2516 1307 2571 infirmum
1367 2517 1606 2569 animum
1665 2511 2005 2581 stnpefacere

441 2610 603 2662 valet.
639 2607 853 2663 Judicat
883 2609 1025 2662 enim
1059 2623 1212 2662 mens
1245 2624 1349 2660 non
1382 2606 1526 2660 inani
1591 2605 1826 2658 ludibrio
1859 2604 2000 2655 veri-

444 2710 610 2753 tatem
642 2703 954 2754 convenire.
995 2701 1147 2765 Quod
1173 2713 1299 2752 vero
1327 2698 1483 2767 juxta
1518 2696 1801 2752 veritatem
1844 2692 2005 2748 terri-

440 2791 569 2856 bile,
602 2791 724 2846 licet
758 2795 809 2845 in
846 2805 1007 2859 parva
1047 2806 1102 2845 re
1128 2790 1418 2853 offeratur,
1451 2789 1712 2856 majorem
1745 2787 1999 2839 timorem

440 2895 699 2952 provocat
760 2884 899 2950 apud
953 2898 1198 2937 veraces.
1249 2881 1375 2935 Ideo
1408 2880 1700 2933 draconem
1738 2888 2003 2945 apparere

442 2984 548 3026 nun
589 2973 717 3027 fecit
746 2973 1055 3024 illusionum
1084 2980 1297 3032 auctor,
1321 2968 1501 3037 qualia
1561 2969 1726 3020 multa
1771 2965 1824 3017 in
1849 2964 2002 3016 .alios

442 3064 701 3117 incitarit.
734 3062 847 3115 Non
874 3061 1017 3113 enim
1057 3063 1253 3115 malum
1278 3059 1652 3119 vernaculum,
1678 3071 1854 3124 eoque
1882 3054 2000 3123 ipso

440 3155 612 3208 oculis
638 3154 952 3222 phantasma
978 3153 1266 3205 videretur.
1299 3150 1407 3205 Nec
1438 3152 1644 3203 leonem
1681 3158 1776 3202 aut
1808 3147 1987 3205 simile

440 3245 638 3300 animal
672 3246 723 3297 in
756 3244 995 3312 praelium
1029 3244 1176 3296 misit
1202 3243 1311 3310 (ubi
1336 3242 1476 3295 enim
1508 3241 1658 3310 sylva
1728 3253 1849 3308 quae
1903 3239 1999 3291 be-

441 3339 736 3406 stiastegat
764 3352 826 3389 ac
852 3337 1070 3402 detegat
1124 3334 1191 3405 ?);
1220 3334 1578 3403 scorpionem
1608 3348 1738 3388 vero
1793 3331 1998 3387 animal

445 3428 639 3483 talibus
666 3428 868 3480 locisut
886 3427 1173 3496 plurimum
1201 3427 1429 3486 sopitum
1458 3434 1508 3479 et
1542 3425 1825 3490 nutritum,
1857 3424 1999 3477 unde

441 3536 546 3574 non
605 3520 713 3572 falli
763 3534 822 3573 se
877 3519 1137 3582 credidit,
1188 3518 1279 3571 sed
1343 3517 1488 3584 juxta
1551 3516 1833 3570 veritatem
1891 3529 2001 3568 ma-

441 3613 549 3666 lum
584 3611 857 3665 inducere.
888 3611 950 3663 At
981 3611 1024 3663 si
1056 3608 1248 3661 animal
1272 3624 1376 3662 non
1427 3599 1826 3675 estmagnum,
1880 3621 1981 3659 nec

442 3694 540 3771 pro
574 3718 668 3756 sna
693 3711 879 3754 natura
900 3700 1192 3763 terrefacit,
1216 3698 1309 3752 sed
1366 3697 1521 3750 nobis
1554 3710 1872 3764 persuasum
1904 3710 1993 3749 es-

440 3805 524 3848 set
540 3803 725 3846 contra
744 3801 986 3845 naturam
1012 3791 1139 3843 illud
1155 3789 1206 3842 in
1225 3799 1485 3840 tumorem
1500 3786 1855 3855 degenerare,
1881 3793 2002 3837 tau-

439 3899 600 3952 quam
626 3882 902 3935 immundo
933 3880 1146 3949 plenum
1172 3877 1385 3947 spiritu,
1419 3886 1473 3930 et
1514 3890 1769 3928 manuum
1816 3875 1986 3929 instar

440 3977 719 4045 longarum
750 3974 1058 4037 intorquere
1087 3968 1342 4037 forcipes,
1366 3968 1507 4037 quod
1533 3966 1727 4035 aliquis
1752 3966 1819 4020 de
1854 3965 1996 4018 alius

441 4063 814 4119 similitudinis
869 4060 1088 4113 animati
1133 4062 1497 4126 excogitaret,
1577 4056 1804 4124 pedibus
1842 4066 1994 4109 ’vero

440 4157 695 4222 utrinque
726 4167 886 4220 supra
923 4165 1229 4203 mensuram
1283 4158 1555 4201 arrectum
1603 4157 1657 4201 et
1696 4162 1838 4215 smpc
1886 4163 2003 4199 am-

444 4244 634 4298 bulans
659 4250 713 4297 et
743 4252 1010 4308 pugnans,
1041 4238 1288 4291 aculeum
1314 4252 1444 4290 vero
1482 4237 1703 4290 vibrans
1731 4238 1869 4290 ultra
1888 4251 2012 4292 mo-

441 4337 568 4390 dum
598 4328 1068 4399 Iongumjaculnm
1104 4329 1172 4381 ad
1228 4327 1709 4381 tremefaciendum
1778 4337 1996 4381 contor—

442 4442 639 4496 quens.
678 4427 741 4479 Et
774 4423 903 4477 illud
972 4422 1401 4492 promptuarium
1441 4431 1562 4475 erat
1619 4424 1815 4476 veneni
1855 4423 2001 4492 quod

445 4513 831 4571 thesaurizavit
895 4512 946 4565 in
976 4511 1105 4569 letlti
1158 4511 1381 4564 divitias
1422 4509 1616 4572 bellua,
1650 4519 1704 4563 et
1734 4522 1999 4580 quantum

441 4608 652 4662 daemon
684 4602 998 4675 propalavit,
1036 4604 1235 4656 tnalum
1279 4603 1415 4655 malo
1485 4602 1790 4657 cumuians.
1855 4602 1998 4657 Con~

443 4699 621 4753 festim
654 4708 707 4753 et
741 4696 906 4751 colori
940 4694 1269 4749 horrendum
1303 4694 1574 4763 quoddam
1610 4694 1901 4748 immiscuit
1928 4694 2000 4748 ci-

2172 2146 2281 2211 λς’.
2315 2150 2423 2202 Καὶ
2453 2149 2610 2204 τοῦτο
2642 2152 2738 2219 μὲν
2768 2150 2910 2203 οὕτω
2944 2149 3259 2218 πεπορίσθω
3293 2152 3449 2220 ἡμῖν.
3479 2152 3592 2206 Τοῦ
3618 2153 3682 2208 δὲ

2103 2238 2199 2306 τῆς
2229 2239 2431 2309 πλάνης
2456 2241 2629 2295 δολίου
2666 2241 2888 2307 εὑρετοῦ
2925 2242 3143 2292 κακεῖνο
3169 2245 3509 2308 σοφιστικὸν,
3546 2247 3676 2297 ἐπι-

2103 2331 2363 2400 κρύπτειν
2393 2334 2491 2400 μὲν
2518 2334 2577 2387 τὸ
2621 2333 2799 2387 δοκεῖν
2843 2335 3308 2403 φαντασιοκοπεῖν
3330 2376 3344 2395 ,
3378 2334 3591 2387 ἐθέλειν
3619 2336 3681 2389 δὲ

2102 2423 2344 2485 πιθανῶς
2372 2424 2515 2493 ἔχειν
2540 2424 2639 2494 τὴν
2672 2426 2873 2495 σκηνὴν
2907 2428 3005 2494 τῆς
3053 2425 3372 2494 ἐπιϐουλῆς,
3407 2427 3505 2479 καὶ
3529 2445 3681 2496 παρ-

2102 2514 2364 2582 αυγάζειν
2409 2517 2470 2568 τὸ
2512 2516 2735 2587 ἀληθές.
2768 2518 3046 2570 Φαντάσαι
3085 2519 3183 2585 μὲν
3217 2519 3328 2585 γὰρ
3359 2519 3451 2570 τὸν
3481 2518 3677 2585 φόϐον,

2102 2604 2151 2656 εί
2176 2605 2268 2656 καὶ
2296 2604 2468 2673 μέγας
2499 2606 2722 2669 ἐκεῖνος,
2744 2607 2804 2658 οὐ
2838 2608 2973 2659 πάνυ
2999 2624 3049 2659 τι
3080 2608 3192 2676 ἔχει
3222 2608 3492 2674 ἔκπληξιν
3521 2610 3679 2677 παρά

2100 2712 2164 2762 γε
2201 2696 2277 2763 τῷ
2303 2696 2586 2764 φρονοῦντι
2641 2697 2855 2763 στερεά.
2915 2698 3105 2768 Κρίνει
3149 2697 3255 2767 γὰρ
3302 2700 3334 2765 ἡ
3389 2698 3560 2768 ψυχὴ,
3602 2701 3683 2771 μὴ

2103 2787 2417 2856 συμϐαίνειν
2442 2789 2540 2855 τὴν
2563 2788 2823 2860 ἀλήθειαν
2857 2788 2935 2858 τῷ
2970 2791 3335 2857 φαντάσματι.
3359 2790 3430 2842 Τὸ
3451 2790 3507 2843 δὲ
3542 2792 3684 2859 πρὸς

2101 2879 2360 2949 ἀλήθειαν
2401 2880 2665 2952 φοϐερὸν,
2719 2885 2766 2936 εί
2802 2883 2896 2936 καὶ
2949 2884 3030 2945 εἰς
3069 2882 3265 2954 μικρόν
3286 2900 3339 2936 τι
3370 2882 3678 2953 ἐξαίρεται,

2100 2970 2237 3024 ἀλλὰ
2261 2970 2448 3040 μεῖζον
2485 2973 2546 3025 τὸ
2583 2973 2746 3041 δεῖμα
2785 2973 3171 3042 προϐάλλεται,
3208 2968 3288 3036 οἷς
3323 2973 3385 3027 τὸ
3421 2968 3565 3028 εἶναι
3600 2977 3685 3045 μὴ

2101 3062 2277 3131 πάντη
2303 3063 2574 3130 ψεύδεται.
2621 3065 2712 3117 At?)
2736 3065 3004 3134 δράκοντα
3060 3067 3160 3136 μὲν
3189 3067 3249 3120 οὐ
3284 3069 3605 3138 παρέφηνεν
3644 3071 3677 3121 ὁ

2099 3155 2207 3207 τῶν
2241 3156 2553 3225 φαντασιῶν
2602 3158 2872 3227 τεχνίτης,
2904 3160 3065 3213 ὁποῖα
3098 3161 3191 3213 καὶ
3236 3159 3468 3213 τοιαῦτα
3498 3162 3682 3216 πολλὰ

2102 3248 2159 3299 ἐν
2179 3248 2358 3310 ἄλλοις
2403 3250 2757 3318 ἐχορήγησεν.
2781 3251 2855 3302 Οὔ
2887 3252 2995 3320 γὰρ
3028 3251 3093 3304 ἂν
3123 3251 3271 3316 ἔδοξε
3299 3251 3359 3304 τὸ
3392 3253 3561 3306 κακὸν
3590 3253 3681 3306 Ev-

2100 3355 2286 3399 τοπον,
2317 3340 2429 3392 ἀλλ’
2465 3341 2688 3393 αὐτόθεν
2736 3342 3105 3409 φαντασιῶδες
3153 3342 3415 3414 ἠλέγχετο
3467 3345 3529 3396 τὸ
3574 3346 3680 3411 τῆς

2102 3429 2298 3498 ὅψεως.
2348 3431 2481 3483 Οὐδὲ
2522 3432 2627 3501 μὴν
2672 3432 2885 3498 λέοντα,
2917 3433 2951 3503 ἦ
2995 3451 3045 3486 τι
3079 3434 3341 3498 τοιοῦτον,
3386 3435 3680 3504 ἐπαφῆκεν

2102 3523 2180 3581 εἰς
2202 3520 2432 3587 πόλεμον
2458 3522 2580 3587 (πού
2612 3522 2717 3589 γὰρ
2749 3523 2861 3576 ἐκεῖ
2886 3523 3082 3594 λύχμη,
3110 3525 3179 3576 τὰ
3203 3517 3383 3576 τοὲάδε
3408 3526 3504 3577 καὶ
3531 3527 3677 3594 κρύ-

2101 3629 2309 3666 πτουσα
2340 3615 2427 3663 καὶ
2478 3612 2805 3681 ἐκφαίνουσα
2832 3616 2869 3683 ;)
2917 3616 3178 3686 σκορπίον
3207 3616 3285 3678 δὲ,
3321 3616 3492 3670 κακὸν
3513 3618 3678 3669 αὐθι-

2098 3707 2272 3772 γενὲς,
2304 3707 2394 3758 καὶ
2419 3705 2679 3766 τοιούτοις
2707 3707 2780 3769 ὡς
2813 3708 2881 3759 τὰ
2919 3709 3088 3761 πολλὰ
3115 3711 3299 3770 τόποις
3331 3710 3681 3778 ἐγκαταδαρ-

2100 3796 2258 3855 θάνον
2286 3796 2381 3849 καὶ
2406 3797 2828 3865 ἐκτρεφόμενον,
2862 3799 2983 3851 ὅθεν
3005 3799 3128 3852 ούδέ
3159 3800 3458 3870 φαντάζειν
3483 3800 3673 3854 δοκεῖν

2100 3888 2368 3955 ἐνόμισεν,
2398 3886 2511 3940 ἀλλ’
2542 3887 2888 3955 ἐξεπεξάγειν
2922 3890 2979 3941 τὸ
3008 3892 3179 3943 κακὸν
3208 3892 3345 3960 πρὸς
3374 3892 3665 3957 ἀλήθειαν.

2101 3978 2162 4030 Εἰ
2189 3978 2245 4030 δὲ
2278 3976 2435 4043 φύσει
2457 3978 2516 4030 τὸ
2544 3977 2682 4042 ζῶον
2718 3979 2780 4030 ού
2812 3980 3174 4049 μεγαλοφυὲς,
3210 3981 3332 4033 οὐδὲ
3366 3974 3477 4033 οἷον
3525 3982 3679 4052 ἔχειν

2102 4068 2348 4138 ἐκφοϐεῖν
2370 4068 2460 4121 τὸν
2503 4070 2558 4122 ἐν
2590 4069 2891 4122 καθεστῶτι
2920 4070 3174 4133 μένοντα,
3205 4071 3317 4124 ἀλλ’
3350 4071 3500 4124 ἐστιν
3537 4074 3679 4141 ἡμῖν

2101 4159 2477 4226 φαντάσασθαι
2529 4160 2678 4228 παρὰ
2733 4160 2895 4227 φύσιν
2939 4162 3146 4213 ἐκεῖνον
3199 4161 3528 4229 διεστηκότα
3586 4164 3677 4224 είς

2098 4250 2349 4320 ὄγκωμα,
2394 4245 2485 4303 οἷα
2512 4253 2602 4303 καὶ
2656 4251 2948 4322 ἀκαθάρτῳ
2999 4253 3321 4322 φυσώμενον
3370 4252 3675 4321 πνεύματι,

2099 4342 2193 4394 καὶ
2220 4343 2407 4411 χεῖρας
2458 4340 2557 4409 μὲν
2591 4340 2779 4410 ὥσπερ
2816 4342 3037 4411 μακρὰς
3070 4343 3520 4413 προϐεϐλημένον
3573 4345 3678 4408 τὰς

2101 4434 2292 4504 χηλὰς.
2317 4433 2345 4485 ὃ
2388 4433 2449 4504 δή
2475 4449 2557 4495 τις
2586 4434 2681 4485 καὶ
2710 4434 2801 4485 ἐπὶ
2828 4434 3022 4503 ἐτέρας
3050 4434 3370 4503 ὁμοιότητος
3420 4435 3566 4497 ζώου
3600 4439 3675 4489 εί-

2110 4527 2226 4581 πεῖν
2256 4526 2564 4592 ἐσοφίσατο,
2596 4527 2707 4586 τοῖς
2734 4526 2789 4578 δὲ
2824 4525 3159 4594 ἑκατέρωθεν
3184 4528 3341 4577 ποσὶν
3372 4525 3678 4594 ἐξηρμένον

2104 4616 2245 4686 πέρα
2271 4615 2363 4669 τοῦ
2407 4615 2655 4685 μετρίου,
2704 4618 2797 4669 καὶ
2830 4617 3007 4669 πυκνὰ
3041 4615 3316 4684 βαίνοντα,
3340 4617 3433 4667 καὶ
3464 4608 3681 4683 ἐναγώς

2103 4722 2212 4761 νιον
2245 4705 2453 4769 θέοντα,
2494 4705 2701 4773 ὴρκότα
2723 4706 2778 4756 δὲ
2810 4707 2904 4758 καὶ
2938 4707 2997 4758 τὸ
3025 4706 3250 4776 κέντρον
3282 4707 3423 4776 ὑπὲρ
3449 4707 3479 4759 ὃ
3513 4708 3679 4775 φύσις

442 4804 639 4844 nereus
673 4791 931 4858 nigerque
961 4784 1349 4853 eolor,quibus
1371 4785 1497 4838 talia
1527 4784 1779 4838 animalia
1807 4785 2001 4839 distin-

2106 4792 2237 4860 οἵδε,
2266 4796 2359 4848 καὶ
2384 4796 2458 4858 ὡς
2483 4790 2572 4849 οἷά
2597 4813 2716 4849 τινα
2745 4798 3003 4864 αἱγανὲαν
3035 4799 3169 4867 πρὸς
3201 4799 3505 4867 ἐκφοϐησιν
3537 4799 3675 4851 ἀνα-

440 4890 692 4951 guuutnr,
720 4894 773 4936 et
811 4882 867 4933 in
912 4882 1049 4936 alios
1083 4878 1496 4945 variegaliatur;
1552 4886 1611 4931 ιιι
1657 4885 1711 4931 et
1768 4877 2003 4931 charum-

442 4975 641 5029 leontis
671 4973 841 5026 instar
872 4971 1050 5041 ignavi
1083 4984 1323 5039 praeceps
1372 4978 1575 5033 rueret,
1625 4983 1748 5021 cum
1808 4979 1998 5022 astan-

443 5067 578 5121 tium
618 5073 859 5131 stupore.
894 5062 967 5116 Ita
990 5078 1050 5117 se
1078 5076 1166 5116 res
1188 5061 1437 5125 habebat,
1469 5075 1589 5114 cum
1635 5060 1852 5114 athletae
1884 5074 2001 5112 ma-

440 5173 546 5214 nus
580 5155 943 5211 venerandum
977 5153 1239 5207 contorsit
1276 5152 1436 5205 telum
1490 5160 1544 5206 et
1595 5152 1827 5219 amplius
1892 5168 1997 5207 non

440 5256 629 5309 erant;
664 5260 787 5300 nam
811 5245 900 5313 qui
946 5242 1219 5297 afﬂaverat
1245 5242 1470 5312 aufugit,
1508 5242 1650 5310 quod
1680 5257 1806 5297 vero
1841 5242 1992 5297 affla-

444 5353 556 5395 tum
586 5338 763 5395 fuerat
789 5337 1038 5391 exanime
1065 5334 1299 5401 iacebat.
1328 5333 1392 5388 Et
1420 5334 1723 5389 communis
1775 5336 1995 5404 quidem

446 5433 700 5488 inimicus
725 5446 905 5487 coram
934 5443 993 5484 se
1026 5428 1116 5482 teli
1150 5430 1268 5482 loco
1303 5428 1533 5481 bestiam
1574 5430 1845 5482 inventam
1876 5428 2006 5481 ἰιιείφ

448 5526 661 5590 picuter
693 5521 946 5592 smnpsit,
986 5518 1494 5587 fortitudinemque,
1527 5528 1587 5571 nt
1612 5519 1786 5583 aiunt,
1848 5532 2004 5572 suam

449 5614 681 5666 vibrabit
710 5614 1048 5668 deiicientem
1071 5614 1122 5665 in
1157 5610 1529 5666 adversarium
1560 5620 1872 5681 martyrem.
1903 5610 2003 5676 Qui

455 5690 633 5761 autem
661 5702 784 5756 hinc
830 5713 882 5757 ct
942 5704 1064 5757 inde
1097 5700 1292 5755 iterum
1326 5709 1489 5768 atque
1547 5700 1737 5757 iterum
1799 5714 2003 5770 organo

2108 4887 2340 4939 σείοντα.
2374 4888 2481 4938 Καὶ
2519 4883 2586 4955 ἦν
2614 4888 2788 4939 ἐκεῖνο
2830 4890 3055 4956 ταμεῖον
3106 4890 3426 4957 φαρμάκου,
3458 4890 3587 4942 ὅσον
3618 4908 3678 4942 τε

2102 4980 2130 5030 ὁ
2163 4977 2264 5047 θὴρ
2289 4976 2642 5047 ἐθησαύριζεν
2666 4979 2743 5040 εἰς
2765 4977 2985 5046 ὀλέθρου
3020 4978 3176 5031 ὅλϐον
3208 4981 3270 5031 ἐκ
3302 4979 3543 5046 φύσεως,
3573 4985 3676 5034 καὶ

2101 5069 2225 5122 ὅσον
2272 5069 2300 5120 ὁ
2337 5067 2544 5137 δαίμων
2575 5071 2882 5136 ἐπωχέτευε
2908 5111 2923 5135 ,
2963 5073 3133 5122 κακὸν
3159 5070 3313 5138 κακῷ
3346 5088 3678 5141 προτεπιτι-

2104 5160 2235 5223 θείς.
2263 5159 2415 5229 Τάχα
2439 5161 2494 5212 δὲ
2523 5162 2615 5212 καὶ
2646 5163 2723 5226 rs?»
2756 5160 3004 5230 χρώματι
3040 5162 3269 5232 φοϐερόν
3290 5179 3343 5214 τι
3376 5163 3676 5232 ἐπέφριττε

2104 5254 2197 5305 καὶ
2219 5254 2253 5319 ἠ
2280 5252 2372 5305 τοῦ
2400 5252 2600 5322 τεφροῦ
2631 5253 2724 5307 καὶ
2757 5252 2985 5320 μέλανος
3017 5254 3175 5321 χρόα,
3199 5252 3265 5305 δι’
3294 5247 3367 5305 ὧν
3392 5257 3461 5305 τὰ
3497 5255 3679 5306 retai-

2104 5355 2172 5392 τα
2194 5336 2309 5400 ζῶα
2333 5339 2600 5409 χρώζεται
2625 5358 2637 5371 ·
2665 5341 2761 5393 καὶ
2787 5342 2867 5403 εἰς
2897 5342 3088 5409 ἐτέρας
3111 5342 3494 5410 φαντασιωδῶς
3525 5345 3682 5410 ἐξηλ-

2106 5431 2352 5497 λάττετο,
2381 5431 2467 5484 ἵνα
2492 5433 2585 5483 καὶ
2630 5431 2704 5492 ὡς
2737 5433 2817 5492 εἰς
2862 5433 3308 5501 χαμαιλεόντειον
3338 5433 3566 5498 ἀγεννὲς
3598 5435 3680 5501 {st-

2108 5539 2313 5585 πτοιτο,
2339 5515 2417 5584 οἷς
2445 5520 2621 5574 ἐδόκει
2657 5523 2800 5591 μέγα
2830 5540 2880 5575 τι
2915 5525 3105 5575 ποιεῖν.
3135 5521 3313 5577 ἹΙσαν
3342 5521 3540 5586 ταῦτα,
3572 5524 3677 5584 ἕως

2109 5614 2145 5681 ἡ
2170 5611 2434 5681 ἀθλητικὴ
2466 5613 2586 5681 χεὶρ
2617 5615 2865 5683 ἐπαφῆκε
2893 5615 2954 5666 τὸ
2994 5613 3322 5684 τιμιώτατον
3353 5614 3507 5683 βέλος
3528 5632 3542 5644 ·
3580 5615 3676 5666 καὶ

2112 5705 2175 5761 τὸ
2226 5703 2411 5761 λοιπὸν
2439 5704 2615 5758 οὐκέτ’
2641 5700 2802 5774 ἦσαν.
2845 5706 2983 5761 Ἀλλ’
3021 5708 3051 5760 ὁ
3083 5708 3182 5775 μὲν
3210 5705 3392 5775 φυσῶν
3447 5705 3673 5772 ἔφευγε,
