3950 6208
242 331 357 393 209

1403 322 1794 382 LAUDATIO
1824 320 1889 382 S.
1933 318 2348 384 DEMETRII.

3389 328 3496 389 21ft

244 463 347 516 της
376 439 706 508 ἐπισκοπῆς,
752 438 785 508 ἢ
836 438 928 491 καῖ
977 437 1111 491 ὡσεὶ
1151 434 1371 504 νεφέλαι
1419 436 1683 487 πέτασθσι
1729 436 1821 487 λε-

1934 435 2135 490 exrelsa
2185 439 2296 502 rapi
2350 436 2686 491 conlidctt'cr
2748 435 3127 507 gloriarentur,
3180 450 3281 506 ego
3340 438 3497 490 intel-

247 536 542 606 χ’θήσονται
574 532 639 583 ἂν
672 530 764 582 καὶ
793 528 976 594 animi;
1009 528 1120 581 Καὶ
1148 527 1197 579 εί
1234 527 1308 596 μὴ
1332 526 1471 579 κατά
1504 526 1711 579 Παῦλον
1734 528 1812 589 είς

245 629 429 691 τρίτον
462 622 714 692 οὐρανὸν,
761 620 877 675 ἀλλ’
905 621 984 684 είς
1035 620 1097 672 τὸ
1136 617 1232 672 τοῦ
1265 618 1484 688 πρώτου
1540 620 1817 687 μετέωρον

245 715 596 789 ἁρπάζεσθαι
619 711 964 783 θαρρούντως
987 710 1054 764 ἂν
1080 710 1400 780 αύχήσαιεν,
1423 707 1517 771 οὒς
1544 708 1640 761 καὶ
1690 724 1819 760 συν-

248 808 502 876 νοοῦμαι,
531 805 677 865 ὅπως
696 804 795 872 τὴν
822 801 997 872 χαρὰν
1045 798 1199 871 φόϐῳ
1254 798 1561 869 σύγκρατον
1611 797 1815 869 εχουσι.

248 900 516 968 Χαίρουσι
547 894 646 964 μὲν
670 894 801 964 γὰρ,
837 886 917 954 οἷς
951 891 1349 943 ἀπανίστανται
1370 888 1471 957 τῆς
1503 888 1609 941 τῶν
1657 889 1816 940 πολε-

254 990 394 1058 μίων
412 988 537 1055 γῆς.
578 984 807 1047 καὶτοῖς
839 982 1061 1045 οἰκείοις
1096 978 1541 1043 ἐπανασώζονται
1574 994 1587 1010 ο
1613 978 1818 1047 ταράτ-

250 1096 436 1131 τονται
463 1078 542 1141 δὲ,
577 1074 917 1142 ίλιγγιῶντες
940 1072 1075 1142 πρὸς
1108 1070 1208 1141 τὴν
1268 1070 1474 1125 ἀνωθεν
1502 1071 1615 1132 τοῖς
1666 1068 1820 1148 κάτω

248 1171 518 1236 ἐπάτρεσιν
542 1166 640 1236 τῆς
664 1165 862 1235 ὅψεως.
892 1165 1002 1218 Καὶ
1024 1165 1059 1234 ἡ
1093 1164 1193 1234 μὲν
1214 1163 1359 1233 χαρὰ
1384 1161 1658 1216 θάλπουσα
1691 1175 1818 1213 κου-

251 1262 433 1329 φίζειν
461 1257 831 1327 ἐλαφρίζουσα
866 1255 990 1318 τοὺς
1014 1254 1291 1313 τοιούτους
1325 1253 1491 1317 δοκεῖ,
1540 1251 1703 1321 φόϐος
1761 1250 1819 1305 δὲ

252 1350 563 1402 συστέλλων
610 1347 882 1417 βαρύνειν,
927 1346 1021 1399 καὶ
1045 1345 1121 1408 ὡς
1154 1345 1234 1407 είς
1260 1342 1526 1415 νεκρωσιν
1553 1344 1819 1414 καταρρι-

255 1446 412 1497 πτεῖν
445 1442 641 1504 αὐτοὺς
661 1440 933 1510 βούλεται,
956 1436 1383 1510 ἀεροϐατοῦντας
1416 1436 1515 1507 μὲν
1546 1436 1641 1489 καὶ
1664 1449 1823 1504 περι-

1919 526 2022 593 ligo
2066 542 2236 594 quare
2289 528 2544 596 gaudium
2600 528 2795 582 timore
2848 527 3064 580 mistum
3101 528 3315 581 habent.
3365 527 3495 580 Nam

1916 619 2147 687 gaudent
2177 619 2419 686 quidem,
2456 624 2598 687 quod
2636 619 2705 673 ab
2760 618 3101 673 inimicorum
3137 628 3279 673 terra
3326 618 3499 672 abdu-

1918 720 2113 763 cuntur
2159 720 2213 764 et
2271 711 2337 764 ad
2376 724 2508 765 suos
2567 718 2955 775 revertuntur;
3012 711 3295 764 turbantur
3343 726 3496 773 veru,

1916 809 2139 871 prapler
2186 816 2437 870 magnam
2491 815 2521 855 a
2566 800 2731 856 rebus
2781 798 2921 855 infra
2974 800 3107 855 visis
3154 802 3493 873 altitudinem

1918 891 2191 960 vertigine
2236 892 2567 947 laborantes.
2609 890 2673 944 Et
2707 891 2963 962 gaudium
3005 894 3222 961 quidem
3259 893 3495 949 alliciens

1919 979 2022 1036 bos
2071 982 2237 1051 agiles
2285 980 2435 1036 viros
2477 978 2694 1035 elevare
2730 983 2979 1048 videtur;
3029 983 3188 1038 timor
3218 1000 3344 1039 vero
3381 1001 3498 1053 pre.

1921 1087 2074 1127 mens
2111 1088 2340 1143 gravare
2368 1080 2423 1127 et
2456 1080 2715 1142 tanquam
2770 1074 2823 1126 in
2872 1085 3102 1128 mortem
3155 1078 3496 1147 prmcipitarc

1925 1180 2018 1220 eos
2048 1174 2299 1231 conatur,
2323 1178 2418 1235 per
2441 1179 2567 1219 aera
2598 1164 2819 1233 quidem
2850 1162 3216 1224 discurrentes
3239 1179 3294 1224 et
3316 1173 3499 1225 deam-
3580 1192 3583 1195 <

1920 1257 2157 1312 bulando
2192 1273 2311 1326 qua:
2348 1258 2484 1310 ﬁunt
2513 1244 2683 1332 super
2711 1265 2910 1312 terram
2957 1260 3328 1328 inspicientcs,
3373 1278 3499 1316 cou-

1924 1348 2200 1401 tidentiam
2231 1363 2359 1404 vero
2390 1348 2457 1404 de
2486 1352 2738 1424 prodigio
2780 1368 2887 1406 non
2950 1352 3233 1416 habentes,
3276 1353 3370 1408 sed
3412 1356 3498 1409 in-

1918 1436 2199 1505 quirentes
2230 1454 2355 1491 unm
2386 1439 2519 1508 ipsis
2547 1452 2893 1496 succrescant
2922 1443 3039 1496 alae.
3065 1445 3326 1507 Quoniam
3373 1462 3499 1497 vero

251 1534 539 1604 ηγητικῶς
561 1536 669 1594 τοῖς
695 1532 837 1585 κατά
860 1531 965 1600 γῆν
1003 1531 1413 1594 ἐπιϐάλλοντας,
1448 1528 1550 1581 οὐκ
1601 1527 1822 1597 ἔχοντας

1934 1542 2029 1580 nun
2051 1527 2164 1581 hazc
2195 1528 2468 1582 metuendi
2492 1536 2547 1584 et
2578 1531 2644 1585 de
2673 1545 2933 1601 prospero
2962 1542 3161 1585 eventu
3186 1532 3498 1599 trepidandi

242 1626 304 1677 δὲ
336 1620 615 1676 πιστεύειν
640 1618 717 1692 τῷ
746 1620 1248 1691 τερατουργήματι,
1276 1618 1412 1671 ἀλλά
1456 1615 1819 1687 περιεργαζο-

1934 1627 2006 1673 est
2060 1617 2237 1681 locus,
2292 1620 2447 1676 valde
2497 1634 2898 1678 consentaneus
2936 1632 3018 1679 est
3068 1625 3260 1678 anima:
3304 1641 3495 1695 angor.

250 1715 468 1782 μένους,
502 1711 550 1765 εί
582 1710 674 1764 καὶ
705 1709 885 1779 πτερά
904 1708 1115 1773 τούτοις
1148 1707 1560 1778 επανεφύησαν.
1596 1707 1719 1760 Ὀτι
1764 1704 1821 1759 δὲ

1934 1711 1981 1765 Si
2028 1711 2172 1766 enim
2218 1712 2270 1765 in
2319 1726 2513 1781 aquam
2563 1713 2860 1770 immittere
2898 1730 2955 1770 se
2988 1715 3256 1787 discipulo
3308 1732 3500 1784 magno

250 1804 327 1874 μὴ
361 1803 537 1857 ταῦτα
567 1801 905 1872 περίκεινται
937 1800 1281 1862 ὑποδεδιότας
1310 1801 1404 1853 καὶ
1431 1798 1820 1868 ὑφορωμένους

1934 1804 2250 1873 displicuit,
2291 1802 2545 1860 [luctibus
2603 1806 2931 1874 perterrito,
2990 1808 3112 1877 quis
3176 1820 3378 1863 temere
3446 1808 3496 1863 in

251 1898 307 1949 τὸ
332 1897 723 1960 εὑδιάπτωτον,
747 1895 843 1948 καὶ
875 1893 991 1963 ἔχει
1012 1891 1147 1945 πολὺ
1182 1891 1244 1945 τδ
1264 1889 1483 1959 εθλογον
1527 1892 1561 1962 η
1593 1890 1817 1961 τοιαύτη

1934 1907 2051 1947 aera
2116 1907 2174 1948 se
2229 1894 2398 1963 tollet,
2456 1896 2545 1965 qui
2590 1904 2719 1951 aere
2775 1896 3087 1953 solidioretn
3133 1908 3327 1970 aquam
3379 1913 3501 1955 esse

246 1984 457 2054 ψυχικὴ
489 1983 743 2053 συστολὴ.
775 1983 962 2051 Είγάρ
990 1983 1050 2034 τὸ
1081 1980 1234 2035 ῦδατι
1284 1981 1477 2035 ἑαυτὸν
1532 1982 1819 2048 ἐπαφεῖναι
1928 1983 2111 2039 novit?

247 2077 408 2127 5xvov
438 2075 691 2142 ἐμποιεῖν
709 2067 832 2126 οἶδε
860 2071 1073 2143 μαθητῇ
1098 2070 1290 2141 ἐκείνῳ
1316 2070 1560 2143 μεγάλῳ,
1591 2072 1999 2146 κραδαινομένῳ
2031 2080 2142 2139 τοῖς
2175 2078 2406 2149 κύμασι,
2462 2079 2545 2144 τίς
2573 2081 2639 2134 ἂν
2677 2080 2762 2152 εἴη
2786 2080 2942 2150 ἀδεὴς
2970 2079 3242 2136 κυϐιστῶν
3287 2078 3491 2153 ἀέριοςέ

252 2166 627 2236 στερεμνιώτε
638 2181 727 2235 ρον
750 2165 892 2235 ὕδωρ
919 2167 1080 2235 ἀέρος
1114 2158 1253 2219 εἶναι
1280 2162 1465 2231 είδώς;

325 2256 451 2328 μς⁹.
508 2257 629 2311 Elui.
674 2258 719 2312 δ’
760 2259 821 2311 ὲν
862 2260 972 2321 τοῖς
1024 2256 1288 2321 τοιούτοις
1318 2257 1413 2311 καὶ
1460 2255 1715 2327 διαφοραὶ
1741 2254 1821 2326 τῷ

256 2354 525 2424 μάρτυρι,
551 2350 627 2414 ὡς
650 2352 717 2404 ἂν
742 2349 820 2421 τῷ
845 2349 987 2403 οὕτω
1018 2349 1247 2421 ποικίλῳ
1278 2366 1477 2403 συνανα
1488 2348 1824 2419 μεμιγμένον

1996 2252 2089 2308 ιο.
2107 2253 2241 2310 Sunt
2261 2266 2439 2313 autem
2464 2259 2513 2313 in
2528 2259 2722 2315 talibus
2741 2269 2796 2317 et
2812 2262 3153 2319 diversitates
3172 2263 3222 2318 in
3242 2274 3498 2336 martyre,

1929 2346 2085 2413 quasi
2126 2347 2227 2402 hac
2261 2349 2527 2405 varietate
2556 2351 2772 2405 mistum
2810 2351 2974 2407 fuerit
3008 2354 3267 2424 prodigiis
3302 2355 3500 2425 jucun-

257 2448 344 2514 εἴη
408 2446 523 2505 τοῖς
583 2440 827 2512 θαύμασι
876 2443 970 2497 καὶ
1028 2442 1089 2494 τὸ
1134 2443 1376 2511 ἐπίχαρι.
1413 2442 1551 2502 Τοὺς
1594 2439 1826 2508 μὲνγὰρ

258 2534 571 2606 μετεώρους
599 2531 699 2601 τῆς
721 2531 976 2593 ἁλώσεως
1012 2529 1395 2598 ὑπεξαγαγὼν,
1425 2522 1546 2580 εἶτα
1578 2528 1704 2598 περὶ
1723 2528 1827 2594 γῆν

258 2626 463 2693 τίθησι,
498 2623 593 2675 καλ⁵
618 2621 812 2691 ἀφίησι
834 2619 1116 2674 πονεῖσθαι
1149 2622 1277 2691 περί
1306 2620 1404 2690 τὴν
1437 2620 1669 2689 βάδισιν.
1717 2614 1827 2669 06-

256 2716 465 2787 τωγάρ
505 2716 807 2783 συμφέρειν
836 2712 1092 2782 διέκρινε,
1130 2712 1203 2781 μὴ
1256 2711 1494 2781 ἀπονητὶ
1547 2711 1829 2763 ἀποκαταο

262 2812 455 2873 στῆναι
486 2806 599 2868 τοῖς
628 2805 797 2870 ἰδίοις,
830 2804 965 2859 ἀλλά
996 2803 1181 2874 μόχθῳ
1209 2803 1306 2872 τὴν
1342 2801 1533 2871 λοιπὴν
1556 2800 1830 2872 σωτηρίαν

258 2896 614 2965 πορίσασθαι,
642 2896 737 2948 καὶ
766 2894 1082 2962 ἐπιγνῶναι,
1108 2892 1167 2952 ἐξ
1201 2892 1323 2945 οἵων
1342 2894 1421 2956 είς
1452 2888 1539 2945 οἷα
1594 2893 1828 2963 μετέπε-

264 3008 371 3046 σον.
400 2992 544 3053 Τοὺς
570 2990 626 3042 δὲ
652 2988 739 3043 διὰ
774 2987 948 3058 πάσης
986 2987 1257 3057 ὴρμένους
1309 2987 1433 3053 ἄγει
1478 2985 1577 3057 τῆς
1603 2986 1825 3056 μεταξὺ,

267 3081 358 3131 καὶ
408 3082 511 3149 τῆς
562 3077 672 3131 τῶν
733 3076 1028 3147 βαρϐάρων
1092 3075 1456 3146 ἀναρπάσας,

268 3168 458 3236 ἀφίησι
486 3168 751 3237 πατῆσαι,
778 3165 859 3218 ὅτι
894 3164 969 3235 μὴ
994 3163 1091 3235 τὴν
1119 3164 1346 3226 ἑαυτῶν,
1380 3163 1454 3224 ὡς
1498 3162 1562 3216 ἂν
1610 3160 1831 3231 μηδενδς

271 3261 428 3313 πόνου
460 3258 790 3327 γεύσωνται,
819 3254 934 3310 ἀλλ’
958 3255 1041 3308 ἐνὶ
1073 3252 1299 3323 σταθμῷ
1318 3253 1417 3321 τὴν
1440 3250 1582 3304 οὕτω
1615 3250 1831 3320 μακρὰν

272 3354 493 3423 πορείαν
530 3349 879 3419 μετρήσωσιν
902 3347 1099 3416 ἀέριοι.
1137 3345 1211 3408 ὡς
1250 3344 1299 3396 εί
1356 3342 1449 3397 καὶ
1490 3345 1547 3396 ὲν
1588 3342 1831 3412 θαλάσσῃ

270 3442 591 3514 ἀπρόσκοπα
620 3437 1047 3508 ναυτιλλόμενοι.
1084 3435 1318 3497 Πολλοὺς
1346 3432 1402 3486 δὲ
1450 3434 1544 3486 καὶ
1580 3432 1657 3503 τῷ
1703 3433 1831 3484 ἑαυ-

270 3532 358 3584 τοῦ
381 3530 605 3598 τεμένει
631 3525 807 3595 τούτῳ
836 3524 1155 3594 ἐγκαθιστᾷ,
1183 3522 1269 3575 ἵνα
1292 3519 1569 3574 κάνταῦθα
1602 3519 1706 3588 πρὸ
1725 3518 1834 3572 τῶν

271 3621 440 3673 ἄλλων
465 3619 518 3671 oi
541 3615 849 3687 πατριῶται
876 3613 969 3667 τοῦ
999 3613 1275 3682 θαύματος
1304 3609 1414 3664 εἷεν
1465 3610 1760 3681 μάρτυρες.

340 3710 447 3783 μζύ
500 3709 565 3763 Ὅ
618 3708 684 3779 δὴ
736 3705 997 3771 τοιοῦτος,
1062 3707 1157 3758 καὶ
1196 3703 1337 3757 οὕτω
1397 3699 1835 3767 κατεξουσιάζων

273 3804 365 3873 τῆς
394 3802 594 3872 ἀερίας
624 3799 852 3870 χύσεως,
883 3797 1037 3861 τίνας
1070 3796 1170 3850 οὐκ
1215 3795 1281 3850 ἂν
1330 3794 1551 3866 ῥᾳδίως,
1607 3792 1729 3846 ὅθεν
1768 3792 1836 3846 ἂν

270 3895 601 3957 ἑπινεύσειε,
629 3892 851 3959 ῥύσαιτο
879 3888 1043 3955 ;Πῶς
1094 3886 1151 3940 δὲ
1198 3888 1298 3940 οὐκ
1347 3885 1415 3939 ἂν
1465 3884 1560 3938 καὶ
1615 3883 1837 3953 ἀνέμοις

269 3986 536 4051 ἐπιτάξαι,
571 3983 668 4036 καὶ
691 3981 953 4051 σκηπτοτς
982 3978 1320 4048 ὲπιτιμήσοι,
1368 3977 1461 4029 καὶ
1510 3974 1696 4035 ὑετοὺς
1757 3972 1835 4038 δὲ,

270 4081 386 4138 τοὺς
414 4075 521 4146 μιν
559 4070 844 4127 ἀναστελεῐ
871 4067 1300 4150 καταγομένους,
1331 4066 1452 4118 ὅποι
1480 4080 1538 4116 τε
1592 4066 1687 4116 καὶ
1746 4063 1837 4115 ὅτε

275 4168 346 4237 μὴ
390 4165 610 4219 τούτων
658 4161 843 4232 χρεία,
893 4158 1017 4223 τοὺς
1071 4158 1129 4210 δὲ
1189 4155 1531 4227 καταρρήξει
1583 4151 1837 4224 αἰτούμε-

269 4275 398 4325 νος;
464 4252 544 4310 ὧν
606 4256 670 4326 δὴ
730 4253 946 4308 πάντων
989 4251 1242 4304 εὐκταῖον
1285 4247 1642 4317 καθηγεῖσθαι
1704 4246 1839 4315 ἡμῖν

271 4346 674 4417 προϊστάμενον
738 4345 830 4397 τὸν
885 4340 1282 4412 εὐεργετοῦντα
1336 4339 1422 4408 ἐφ’
1475 4336 1720 4402 ἀπασιν,
1778 4336 1838 4400 ὃς

1931 2437 2114 2492 ditatis
2161 2440 2526 2494 commodum.
2567 2440 2776 2495 Etenim
2835 2442 2969 2497 alios
3001 2458 3031 2499 e
3065 2447 3374 2515 captivitate
3411 2462 3505 2501 ex-

1933 2535 2136 2582 tractos
2158 2544 2317 2598 supr-1
2344 2539 2486 2583 terra
2513 2531 2729 2600 deponit
2746 2542 2801 2587 et
2824 2532 3056 2589 molesto
3080 2535 3272 2592 itinere
3295 2535 3504 2605 fatigat.

1937 2614 2025 2669 Sic
2066 2616 2210 2669 enim
2242 2629 2601 2685 opportunum
2633 2618 2895 2687 judicavit
2938 2635 3039 2673 non
3084 2622 3289 2689 absque
3320 2621 3506 2675 labore

1931 2708 2312 2777 redintegrari,
2339 2709 2431 2761 sed
2477 2721 2596 2760 cum
2645 2709 2960 2778 gravamine
3001 2710 3094 2763 eos
3129 2709 3392 2764 salvatum
3439 2710 3502 2764 iri

1929 2806 2093 2867 atque
2145 2810 2476 2866 cognoscere
2532 2798 2874 2866 quantopere
2936 2796 3070 2866 lapsi
3146 2804 3296 2853 sunt.
3354 2799 3506 2853 Alios

1932 2906 2031 2957 per
2062 2905 2220 2957 quam
2258 2890 2496 2944 elevatus
2533 2889 2600 2944 ab
2634 2890 2778 2943 omni
2821 2889 3140 2945 intermedio
3177 2899 3231 2944 et
3267 2891 3507 2959 periculo

1939 2981 2299 3035 barbarorum
2336 2979 2612 3034 abducens
2645 2979 2785 3033 haud
2821 2980 2945 3033 alibi
2982 2980 3224 3035 incidere
3254 2979 3407 3046 sinit,
3431 2980 3503 3034 ita

1511 3074 1611 3128 οὐκ
1665 3074 1830 3143 ἀλλην
1858 3092 1899 3149 c
1936 3083 1991 3125 ut
2021 3087 2119 3126 nec
2160 3069 2459 3141 proprium,
2490 3080 2591 3125 nec
2624 3069 2917 3140 quettilibet
2974 3070 3214 3127 laborem
3268 3080 3506 3139 gustent,

1935 3162 2027 3215 sed
2056 3177 2161 3215 uno
2189 3161 2326 3216 saltu
2364 3163 2499 3217 adeo
2524 3162 2735 3233 longam
2767 3165 2905 3216 viam
2941 3162 2993 3217 in
3032 3177 3156 3219 aere
3190 3164 3502 3231 conﬁciant,

1936 3262 1992 3305 ut
2026 3252 2079 3306 in
2114 3253 2251 3306 mari
2287 3254 2489 3323 absque
2524 3252 2909 3323 impedimento
2944 3255 3278 3326 navigantes.
3315 3255 3510 3310 Multus

1937 3359 2065 3398 vero
2094 3353 2147 3397 et
2179 3344 2233 3399 in
2271 3344 2373 3399 isto
2410 3344 2605 3416 templo
2637 3360 2735 3401 suo
2760 3348 2974 3414 statuit,
3019 3356 3078 3401 ut
3115 3345 3187 3402 ibi
3219 3356 3346 3403 ante
3373 3347 3508 3404 alios

1939 3434 2168 3505 prodigii
2210 3434 2379 3493 testes
2418 3436 2549 3491 sint.

2004 3718 2096 3773 47.
2118 3718 2214 3773 Hic
2244 3719 2326 3775 vlr
2366 3734 2607 3774 summus
2635 3729 2689 3774 et
2724 3734 2888 3789 super
2915 3730 3104 3775 aereas
3136 3721 3380 3790 regiones
3416 3736 3515 3793 po-

1938 3820 2184 3865 teStatem
2207 3810 2433 3874 habens,
2451 3824 2712 3880 quosnam
2733 3826 2835 3863 non
2856 3809 3084 3864 faciliter
3097 3814 3308 3879 quando
3330 3812 3513 3865 volue-

1938 3902 2026 3957 rit.
2045 3901 2273 3973 eripiet?
2292 3901 2568 3968 Quomodo
2592 3915 2695 3954 non
2741 3911 2791 3956 et
2812 3902 2986 3957 ventis
3009 3901 3319 3969 imperaret,
3346 3902 3514 3971 fulgu-

1942 3992 2090 4045 ribus
2111 3992 2535 4045 comminaretur
2561 3999 2614 4045 et
2637 3990 2842 4045 imbres
2864 3989 2976 4059 jam
3003 3990 3345 4045 imminentes
3368 3992 3513 4060 fuga

1940 4094 2021 4138 ret
2041 4084 2129 4138 ubi
2148 4094 2200 4139 et
2217 4084 2428 4153 quando
2447 4098 2551 4138 non
2569 4090 2697 4138 sunt
2715 4083 3031 4150 utiles,alias
3050 4098 3174 4137 vero
3196 4083 3514 4140 sollicitatus

1937 4173 2273 4229 effunderet?
2320 4172 2418 4229 llis
2461 4172 2531 4229 de
2592 4174 2772 4230 causis
2814 4174 3108 4244 Optandnm
3162 4184 3244 4229 est
3299 4186 3354 4231 ut
3412 4158 3509 4231 nos

1939 4268 2200 4335 gubernet
2247 4264 2337 4332 qni
2385 4264 2639 4321 omnibus
2687 4264 2975 4332 benefacit,
3003 4266 3094 4335 qui
3143 4265 3314 4321 fertur
3354 4268 3504 4336 quasi

1942 4358 2144 4423 nando,
2178 4371 2342 4427 super
2392 4365 2686 4427 unguenta,
2716 4371 2814 4413 nec
2860 4371 2964 4412 non
3018 4372 3182 4427 super
3229 4359 3513 4422 miracula,

277 4437 587 4508 πελαγίζων
663 4435 851 4505 ὥσπερ
914 4434 1138 4505 μύροις,
1197 4432 1339 4485 οὕτω
1417 4432 1511 4484 καὶ
1572 4426 1824 4499 θαύμαδι,

1949 4460 2002 4504 et
2033 4460 2199 4504 totum
2225 4448 2413 4504 orbem
2447 4449 2756 4503 considerat
2786 4458 2841 4502 et
2872 4448 2929 4502 in
2956 4449 3101 4503 omni
3134 4448 3519 4503 dominationis

277 4533 365 4584 καὶ
400 4533 588 4585 πᾶσαν
639 4527 741 4597 μιν
775 4527 1099 4596 οἰκουμένην
1156 4524 1637 4592 ἐπισκεπτόμενος,
1676 4522 1769 4573 καὶ
1794 4522 1818 4571 ὲ

1956 4542 2048 4597 Dei
2091 4543 2207 4596 loco
2253 4541 2578 4605 celebratur,
2609 4548 2667 4593 ut
2719 4541 2813 4610 qui
2859 4538 3055 4594 divinis
3105 4541 3393 4593 obsecutus
3440 4549 3521 4593 est

278 4635 440 4677 παντι
526 4623 679 4691 τόπῳ
743 4620 842 4688 τῆς
890 4618 985 4671 τοῦ
1040 4615 1176 4669 Θεοῦ
1220 4614 1537 4675 δεσποτείας
1582 4610 1824 4681 ὑμνούμε

1956 4631 2225 4685 mandatis
2257 4628 2454 4699 ubique
2497 4638 2759 4683 terrarum
2802 4627 3127 4689 celebretur,
3157 4639 3205 4681 et
3251 4642 3372 4682 cum
3414 4627 3520 4684 Do-

280 4732 387 4779 νος,
442 4714 531 4767 ἵνα
566 4713 598 4767 ὁ
645 4712 756 4775 τοῖς
803 4711 966 4774 θείοις
989 4705 1443 4779 ιπηκολουθηκὼς
1466 4704 1824 4776 προστάγμσο

1956 4722 2085 4775 tnini
2122 4720 2370 4776 laudibus
2399 4719 2587 4773 laudes
2619 4732 2746 4774 suas
2784 4718 2980 4773 habent
3014 4717 3353 4789 coniunctas.

284 4805 617 4875 περιάγηται
643 4800 923 4873 πανταχοῦ
957 4803 1084 4869 γῆς,
1133 4800 1228 4852 καὶ
1282 4793 1852 4851 συνεπακολουθοῦντα

286 4896 379 4968 ἔχῃ
404 4900 515 4959 τοῖς
534 4895 630 4950 τοῦ
658 4896 931 4948 Δεσπότου
965 4895 1061 4946 καὶ
1080 4890 1148 4945 τά
1175 4889 1296 4944 κατ’
1321 4888 1481 4942 αὐτὸν
1506 4886 1781 4956 ἐγκώμια.

357 4993 460 5057 μηθ.
497 4987 610 5053 Τὴν
647 4983 843 5039 ἑαυτοῦ
877 4981 1083 5053 ταύτην
1120 4981 1261 5048 φιλεῖ
1290 4979 1546 5049 μάλιστα,
1606 4978 1700 5029 καὶ
1758 4977 1824 5029 ἀν

2025 4986 2116 5043 48.
2140 4987 2305 5044 Istam
2339 5001 2491 5041 suam
2535 4985 2833 5055 praesertim
2863 4994 3033 5051 amat,
3058 4986 3211 5055 cujus
3245 4983 3522 5056 negligens

300 5080 611 5149 επίστροιρος
640 5077 809 5146 αὐτῆς
832 5075 951 5127 οὐδὲ
985 5076 1041 5127 ὲν
1100 5075 1210 5134 τοῖς
1268 5068 1628 5141 βραχυτάτοις
1683 5082 1824 5119 κατα

1957 5093 2055 5133 nec
2084 5079 2136 5132 in
2166 5076 2405 5132 minimis
2424 5073 2865 5144 deprehenditur.
2900 5075 2956 5129 Si
2990 5091 3113 5129 vero
3141 5077 3314 5146 diligit
3342 5075 3524 5130 Denti-

301 5168 638 5239 λαμϐάνεται.
672 5172 734 5223 El
784 5171 841 5222 δὲ
879 5168 1084 5239 Κύριος
1136 5166 1325 5233 ἀγαπᾷ
1356 5165 1450 5225 τὰς
1495 5162 1670 5224 πύλας
1718 5160 1823 5213 Σιὼ

1956 5185 2059 5224 nus
2108 5176 2292 5239 portas
2327 5166 2457 5222 Sion
2500 5181 2665 5235 super
2714 5167 2895 5219 omnia
2950 5166 3294 5221 tabernacula
3333 5164 3519 5228 Jacob,

308 5263 431 5332 ὑπὲρ
459 5267 635 5318 πάντα
658 5262 725 5315 τὰ
754 5259 1093 5332 σκηνώματα
1130 5256 1347 5322 Ἰακὼϐ,
1391 5254 1487 5309 καὶ
1538 5256 1617 5317 είς
1656 5253 1823 5306 οἰκεῖο

1957 5261 2094 5329 et;in
2141 5259 2361 5329 proprio
2406 5257 2753 5313 tabernaculo
2785 5259 2857 5314 ibi
2917 5259 3144 5323 habitat,
3181 5274 3283 5313 nos
3310 5272 3522 5328 quoque
3604 5307 3616 5321 ,

310 5358 553 5427 σκήνωμα
574 5356 633 5409 τὸ
660 5356 777 5407 ἐκεῖ
806 5354 1163 5424 ἐγγράφεται,
1191 5350 1385 5419 ἔχομεν
1405 5350 1497 5403 καὶ
1523 5350 1685 5419 ἡμεῖς
1709 5350 1824 5402 ἐκεῖ

1953 5349 2076 5404 inde
2106 5349 2330 5420 martyri
2363 5348 2594 5404 similem
2633 5348 3025 5403 transferamus
3054 5363 3179 5415 erga
3218 5348 3375 5400 istum
3403 5345 3523 5411 ejus

309 5444 386 5499 θεν
410 5450 884 5521 παραποιήσαντες
928 5446 1310 5514 προσαρμόσαι
1360 5442 1438 5512 τῷ
1479 5442 1714 5512 μάρτυρι
1757 5440 1822 5512 τὴ

1955 5440 2360 5496 tabernaculum
2410 5438 2766 5507 maiestatem,
2798 5448 2853 5494 et
2893 5454 3071 5494 sermo
3122 5435 3316 5491 rationi
3369 5435 3524 5491 valde

313 5538 481 5604 ὁμοίαν
547 5540 643 5593 ἐπὶ
696 5538 773 5608 τῷ
814 5536 936 5591 κατ’
991 5536 1155 5588 αὑτὸν
1192 5537 1363 5605 τούτῳ
1403 5534 1720 5605 σκηνώματι
1772 5551 1824 5603 φι

1955 5534 2305 5589 cuulurmiter
2355 5532 2592 5587 dilescit.
2657 5531 2815 5587 Videt
2881 5531 3058 5583 lutum
3110 5527 3161 5580 in
3215 5541 3321 5595 quo
3377 5528 3523 5584 aliud

311 5626 515 5701 λητικην
546 5630 876 5699 σεμνότητα,
912 5630 1005 5681 καὶ
1034 5630 1060 5680 ὁ
1093 5627 1247 5694 λόγος
1291 5627 1434 5694 μέγα
1493 5626 1824 5678 καταπλουτε

1958 5641 2119 5695 quam
2152 5626 2522 5694 evangelicum
2560 5631 2889 5692 prmceptum
2932 5621 3204 5690 prepouit.

319 5720 363 5769 τι
395 5719 623 5789 εὔλογον.
677 5720 810 5789 Ὁρᾷ
834 5722 924 5773 τὸν
947 5717 1130 5785 τόπον,
1170 5721 1224 5771 ὲν
1260 5710 1304 5785 ᾧ
1372 5716 1529 5771 ἄλλον
1582 5718 1781 5786 τρίπον
1839 5716 1870 5783 ἦ
1910 5717 1968 5768 τὸ
2000 5716 2350 5785 εύαγγελικὸν
2386 5713 2674 5783 ὑποτίθησι
2710 5709 3093 5780 παράγγελμα.
