4002 6208
344 342 456 406 213

1497 341 1887 402 LAUDATIO
1929 343 1984 405 S.
2024 345 2178 404 DE.“
2194 345 2338 404 ETll
2357 347 2431 406 ll.

3476 353 3584 417 ‘2'4

343 453 498 524 παρά
526 453 634 506 τῶν
660 451 903 516 εὐσεὸὦς
945 451 1394 520 κατατεμνόντων
1423 451 1795 522 μεριζόμενοι,
1825 453 1908 506 καὶ

2021 455 2410 524 ριιιιίευιίεψιθ
2462 457 2696 511 minimis
2751 458 2816 510 ad
2878 459 3308 515 benedictionem
3365 464 3428 517 iis
3487 472 3579 534 qui

344 546 432 606 είς
471 543 746 612 σωτηρίαν
805 543 1059 611 πολυειδῆ
1112 542 1588 613 θησαυριζόμενοι,
1640 546 1734 596 καὶ
1777 547 1920 598 κατὰ

343 639 518 706 μόρια
542 635 600 688 δὲ
643 635 960 704 βραχύτατα
991 635 1070 696 είς
1093 635 1342 696 εὐλογίαν
1375 635 1486 697 τοῖς
1518 637 1920 705 καρπουμένοις

339 726 825 795 κερματιζόμενα,
871 724 1091 794 Θέλησις
1131 726 1354 778 ἐκείνων
1393 726 1494 796 μὲν
1539 726 1678 795 αὕτη
1706 743 1720 757 ⁸
1745 725 1838 779 τοῦ
1864 727 1919 779 δὲ

337 819 610 889 ἡμετέρου
635 817 938 886 μάρτυρος,
969 817 1046 887 μὴ
1094 819 1442 886 συντριϐῆναι
1472 837 1523 872 τι
1552 819 1659 870 τῶν
1686 817 1851 871 αὐτοῦ
1886 817 1919 888 ἢ

335 909 776 977 διασπασθῆναι,
809 908 945 961 ἀλλὰ
985 909 1282 978 φυλάσσειν
1323 910 1412 961 τὸν
1445 913 1508 964 ἐκ
1545 911 1758 978 φύσεως
1795 909 1916 962 σύν-

333 1003 558 1069 δεσμον.
596 1001 705 1053 Καὶ
743 997 811 1072 ἦν
845 1004 954 1070 ἄρα
1007 1002 1354 1072 σεμνότερον,
1403 1002 1808 1070 διαπέμπεσθαι
1848 1001 1917 1055 τὰ

333 1089 481 1142 καὶ-ἀ
522 1091 628 1142 ὑπὸ
682 1090 896 1150 τούτου,
942 1089 1018 1150 ὡς
1060 1089 1149 1142 διά
1203 1105 1366 1141 τινων
1425 1088 1762 1152 ἀποστόλων,
1818 1086 1915 1140 τοῦ

337 1181 519 1250 μύρου
576 1198 636 1232 τε
678 1182 770 1232 καὶ
820 1178 915 1232 τοῦ
963 1181 1217 1248 αἵματος,
1269 1180 1413 1250 ἤπερ
1471 1181 1633 1232 αὑτὸν
1671 1181 1916 1248 παρόντα

336 1272 555 1340 σώματι
585 1269 796 1324 διδόναι
835 1271 901 1322 τὰ
940 1269 1268 1340 ζητούμενα.
1299 1271 1470 1323 Τοῦτο
1514 1272 1616 1341 μὲν
1654 1272 1762 1340 γάρ
1796 1272 1914 1339 ὀμι-

335 1361 729 1431 λητικώτερον,
778 1361 839 1413 τὺ
892 1360 949 1412 δὲ
1002 1362 1246 1414 στέλλειν
1283 1363 1376 1416 καὶ
1429 1361 1489 1414 τὸ
1542 1361 1913 1432 ἀξιωματικὸν

246 1455 260 1466 ’
334 1454 528 1504 πλεῖον
560 1453 694 1521 ἔχει,
733 1453 828 1505 καὶ
867 1452 1004 1522 πρὸς
1037 1453 1516 1524 μεγαλοπρέπειαν
1543 1454 1909 1508 ἁπονένευκε·

335 1544 432 1595 καὶ
469 1542 533 1595 τὺ
557 1543 650 1594 τοῦ
692 1542 859 1595 πόθου
892 1543 948 1594 δὲ
977 1541 1086 1610 πῦρ
1118 1544 1212 1594 ἐπὶ
1245 1543 1405 1594 πλέον
1429 1543 1641 1594 ἐκκαίει
1669 1544 1783 1604 τοῖς
1823 1561 1910 1611 φι-

2019 545 2256 598 fructum
2293 547 2412 598 inde
2447 561 2848 615 consequentur
2901 549 3173 614 distribui,
3216 552 3314 603 ista
3367 554 3581 620 quidrm

2015 652 2203 691 eorum
2225 638 2505 704 voluntas;
2531 640 2784 708 martyris
2817 655 2941 693 vero
2978 642 3144 694 nostri
3172 656 3267 696 nec
3295 645 3583 712 quidquam

2015 728 2329 793 comminui,
2371 744 2468 785 nec
2517 732 2855 785 membratim
2907 733 3094 798 dividi,
3145 737 3238 789 sed
3281 737 3583 790 naturﬂlt'lll

2013 834 2232 874 servare
2283 835 2622 891 compagem.
2656 821 2718 874 Et.
2767 822 3050 877 honestius
3095 839 3226 878 sane
3280 836 3396 880 erat
3445 827 3583 880 bona

2016 912 2080 964 de
2109 915 2222 980 ipso
2244 921 2299 966 ιιι
2324 911 2392 966 de
2413 913 2671 982 apostolis
2697 915 2969 969 nonnullis
2991 917 3137 970 exire
3156 895 3271 971 tum'
3294 933 3584 989 tmguento,

2019 1012 2130 1056 tum
2155 1005 2605 1074 sanguine,quam
2639 1006 2811 1074 ipsum
2835 1019 3152 1076 prmsentem
3173 1013 3387 1080 corpori
3409 1014 3587 1070 dedis-

2017 1107 2078 1147 se
2098 1095 2338 1160 quaesita.
2367 1093 2500 1148 Nam
2529 1095 2630 1148 hoc
2658 1096 2871 1164 quidem
2897 1097 3214 1166 jucundius.
3246 1117 3580 1172 unguentum

2019 1198 2145 1236 vero
2192 1185 2616 1254 sanguinemque
2668 1187 2915 1243 emittere
2963 1189 3222 1259 majorem
3268 1194 3582 1256 dignitatem
3655 1210 3659 1214 ’

2020 1272 2202 1336 habet,
2252 1285 2415 1344 atque
2477 1275 2822 1345 magnificum
2865 1288 2968 1345 est,
3022 1291 3075 1335 et
3131 1282 3380 1338 desiderii
3445 1287 3585 1356 ignis

2018 1364 2189 1432 magis
2208 1365 2464 1436 martyris
2497 1367 3049 1438 amicosinﬂammal;
3090 1373 3288 1442 quippe
3321 1377 3411 1441 qui
3435 1394 3581 1430 mar-

2020 1453 2153 1523 tyris
2181 1453 2586 1510 tabernaculum
2617 1457 2840 1529 diligere
2871 1460 3052 1516 volunt
3085 1475 3136 1518 et
3173 1464 3291 1535 ejus
3324 1469 3458 1522 atria
3504 1472 3584 1522 iu-

2020 1545 2206 1599 troire.

331 1633 694 1704 λομάρτυσιν,
711 1632 783 1696 ὡς
813 1633 906 1685 καί
929 1631 1107 1685 θέλειν
1129 1634 1346 1703 ἀγαπᾷν
1367 1634 1561 1695 αὐτοὺς
1587 1633 1648 1684 τδ
1680 1632 2012 1703 μαρτυρικὸν
2035 1633 2195 1688 τοῦτο
2217 1637 2501 1707 σκήνωμα,
2528 1638 2620 1691 καὶ¹
2643 1639 2920 1694 επιποθεῖν
2941 1643 3022 1706 εἰς
3053 1644 3152 1708 τὰς
3172 1648 3361 1700 τούτου
3395 1650 3582 1718 αὐλάς.

404 1737 522 1784 να’.
554 1731 664 1783 Καὶ
708 1730 816 1782 [δοῦ
850 1731 944 1781 καὶ
980 1727 1136 1780 τοῦτο
1179 1729 1610 1799 συλλαμϐάνεται
1650 1730 1780 1799 ἡμῖν
1818 1728 1908 1781 τοῦ

2088 1731 2176 1786 51.
2221 1731 2288 1786 Ει
2310 1747 2437 1788 ecee
2465 1749 2493 1788 a
2524 1735 2674 1788 nobis
2714 1737 3018 1805 concipitur
3062 1754 3240 1796 seruo
3286 1743 3374 1798 ille
3420 1761 3580 1816 quem

331 1824 524 1890 λόγου,
561 1822 620 1873 ὅν
670 1823 726 1874 ὲν
777 1823 1024 1891 καταρχῇ
1071 1820 1434 1892 ὲῡεωροῦμεν,
1476 1821 1814 1889 ἐπιλέγοντες
1845 1819 1912 1887 τῇ

332 1915 658 1983 μαρτυρικῇ
695 1912 840 1983 ψυχῇ
889 1913 949 1964 τὸ
989 1912 1298 1982 φιλότιμον,
1330 1910 1389 1976 ἐξ
1427 1907 1488 1966 οὗ
1535 1911 1630 1964 καὶ
1659 1911 1693 1980 ἡ
1743 1925 1913 1980 μυρο-

333 2007 428 2075 χεύ
439 2024 561 2075 μων
603 2006 762 2075 χάρις
799 2004 1126 2072 πεπόθηται,
1168 2006 1262 2056 καὶ
1289 2003 1587 2074 ζητηθεῖσα
1614 2003 1750 2073 πρὸς
1779 2000 1913 2054 Θεοῦ

328 2098 569 2161 δέδοται,
603 2098 694 2149 καὶ
723 2096 757 2166 ἡ
814 2096 912 2163 τῆς
952 2095 1167 2162 φύσεως
1207 2092 1429 2164 ἁρμογὴ
1473 2093 1772 2162 πεφίληται
1821 2090 1914 2145 καὶ

333 2186 793 2257 πεφιλοτίμηται,
839 2178 882 2253 ᾧ
911 2185 975 2255 δῆ
1027 2184 1484 2252 συναναφαίνεται
1535 2184 1628 2237 καὶ
1663 2183 1724 2235 τὸ
1762 2180 1935 2251 quae,

332 2295 535 2349 πιτρι,
584 2281 678 2332 καὶ
715 2278 775 2329 τὸ
824 2277 899 2346 μὴ
932 2275 1106 2328 θέλειν
1148 2277 1238 2328 τὸν
1291 2276 1566 2345 μάρτυρα,
1605 2272 1794 2341 ὥσπερ
1837 2270 1912 2340 μὴ

334 2374 487 2423 κατὰ
523 2373 583 2421 τὸ
615 2372 746 2433 πᾶν,
777 2369 948 2431 οὕτως
983 2366 1103 2420 οὐδὲ
1145 2366 1287 2420 κατά
1316 2383 1368 2417 τι
1408 2366 1516 2415 τῶν
1549 2362 1729 2433 μερῶν
1762 2361 1916 2430 γενέ-

333 2463 472 2513 σθαι
519 2460 903 2528 λειπόπατριν,
944 2458 1060 2512 ἀλλ’
1111 2458 1205 2510 ἐπὶ
1254 2456 1437 2527 χῗρας
1489 2455 1672 2525 μένειν
1719 2452 1911 2517 διόλου,

333 2553 599 2624 καθάπερ
648 2553 744 2610 καὶ
797 2553 890 2604 ἐπὶ
938 2554 1238 2622 σχήματος,
1280 2556 1376 2604 καὶ
1429 2548 1715 2617 συντηρεῖν
1759 2545 1820 2597 τὸ
1856 2546 1913 2596 ὲν

329 2643 513 2695 ἅπασι
550 2643 775 2695 τέλειον.

405 2733 515 2802 νβ’.
549 2734 624 2785 Οὐ
663 2736 773 2802 μὴν
814 2732 1013 2786 ἀλλἐί
1042 2732 1132 2784 καὶ
1165 2729 1308 2783 οὕτω
1344 2731 1442 2798 τὴν
1487 2728 1719 2798 πατρίδα
1758 2745 1912 2799 περι-

333 2825 604 2885 ποιεῖται,
639 2820 734 2873 καὶ
766 2819 912 2871 εστιν
939 2818 1060 2881 ὅλος
1082 2817 1273 2885 αὐτῆς,
1301 2817 1435 2870 ἀλλά
1463 2817 1782 2886 ρυλακτέον,
1806 2817 1911 2889 μή-

333 2926 477 2964 ποτε
508 2911 604 2960 καὶ
626 2909 764 2979 πρὸς
785 2908 1157 2976 ἀγανάκτησιν
1180 2907 1342 2976 ἡμεῖς
1367 2906 1529 2961 αὐτὸν
1554 2904 1909 2977 ὲρεθίσωμεν,

331 3004 416 3073 μὴ
445 3002 547 3070 τῆς
579 3003 886 3072 πραότητος
932 3002 1296 3072 παράγωμεν,
1328 3000 1403 3071 μὴ
1439 2999 1532 3053 τοῦ
1575 3001 1912 3072 ὑπερμαχεῖν

331 3094 772 3164 παραλύσωμεν.
809 3093 1062 3144 Ἐνεστιν
1093 3087 1294 3157 οἶκτος,
1334 3107 1354 3142 ι
1388 3090 1500 3144 εστι
1529 3090 1586 3144 δὲ
1616 3097 1710 3144 καὶ
1739 3090 1908 3161 θυμὸς

332 3187 544 3255 μέγας,
590 3202 608 3234 ι
629 3182 657 3234 ὃ
677 3183 740 3252 δή
773 3199 856 3245 τις
885 3180 1037 3234 εἷπεν
1059 3182 1304 3251 ἑτέρωθι.
1339 3181 1447 3236 Καὶ
1473 3181 1670 3251 δεῖγμα
1700 3181 1792 3235 τοῦ
1823 3181 1910 3234 λό-

330 3294 439 3346 γου
475 3274 713 3344 πολέμου
772 3273 980 3326 ἐκείνου
1035 3274 1212 3343 στόμα
1261 3273 1433 3326 πλατὺ
1495 3273 1796 3342 ὲπεγχανὸν
1843 3275 1908 3342 τῇ

333 3370 499 3422 πόλει
527 3366 701 3438 ταύτῃ
729 3363 883 3427 ποτὲ,
912 3365 1006 3416 καὶ
1037 3366 1115 3427 είς
1139 3365 1318 3434 μάτην
1343 3363 1651 3436 ὲξανοιχθέν
1676 3381 1689 3394 ’
1719 3364 1814 3416 καὶ
1840 3363 1908 3416 αὖ

332 3461 506 3514 πάλιν
543 3458 730 3528 ἔτερος
779 3457 1018 3527 πόλεμος
1070 3458 1242 3527 ἄρδην
1301 3457 1588 3527 ἐκθερίσας
1637 3457 1910 3526 γλαφυρὸν

331 3552 484 3606 οὕτω
515 3553 612 3604 καὶ
641 3549 780 3618 βαθὺ
812 3549 908 3616 τῆς
937 3549 1142 3611 πόλεως
1179 3548 1350 3619 λήϊον,
1386 3550 1459 3610 ὡς
1489 3548 1621 3618 μηδὲ
1649 3548 1908 3619 βραχεῖαν

330 3642 745 3712 ἀσταχυλογίαν
770 3639 1260 3709 ἐγκαταλελεῖφθαι
1283 3641 1442 3711 αὐτῇ.
1480 3641 1687 3693 Ἐκεῖνο
1705 3635 1906 3703 οἶκτος,

330 3735 496 3788 τοῦτο
556 3733 893 3804 μαρτυρικοῦ
949 3734 1248 3802 προσώπου
1294 3731 1651 3802 ἀποστροφή⁹
1689 3748 1910 3801 συμμα-

333 3826 468 3896 χίας
501 3827 701 3890 ὲκεῖνο,
736 3823 895 3877 τοῦτο
945 3823 1402 3892 ἐγκαταλείψεως.
1443 3820 1590 3892 Ἀρα
1633 3823 1689 3876 δὲ
1731 3824 1909 3894 μάτην

330 3916 409 3986 τῷ
450 3914 723 3984 ἀθλονίκῳ
759 3913 792 3984 ἢ
825 3917 980 3968 τοῦτο
1018 3915 1052 3985 ἢ
1089 3917 1263 3966 ἐκεῖνο
1293 3916 1753 3984 natam-inputo;
1791 3915 1906 3966 Ila.-

331 4009 626 4078 ραφρονῶν
673 4007 739 4061 ἄν
791 4023 879 4068 τις
909 4006 1041 4059 αὐτὸ
1090 4007 1183 4058 καὶ
1227 4005 1519 4073 λογίσαιτο.
1560 4005 1906 4074 Θεράποντας

334 4101 438 4170 μὲν
469 4100 582 4170 γὰρ
605 4098 742 4151 Θεοῦ
772 4115 830 4151 τε
860 4098 952 4151 καὶ
993 4097 1186 4151 ἑαυτοῦ
1210 4097 1542 4168 ἐξευρίσκων
1571 4097 1716 4168 ἡμᾶς
1749 4099 1907 4167 κήδε-

329 4207 425 4243 ται
449 4204 465 4219 ’
499 4190 597 4242 καὶ
635 4188 885 4241 καοὰπου
917 4189 1009 4240 καὶ
1040 4188 1226 4258 μήτηρ
1257 4187 1707 4258 ἀμφιπονουμένη
1739 4187 1905 4256 ποθη-

327 4281 422 4333 τὸν
454 4279 798 4350 βρεφύλλιον,
830 4279 926 4341 τάς
955 4279 1189 4342 ἀναιδεῖς
1223 4278 1386 4348 μυίας
1419 4279 1696 4344 ἀποσοϐεῖ,
1735 4283 1809 4342 ὼς
1835 4279 1903 4332 ἂν

328 4370 540 4437 γλυκὺς
575 4369 740 4430 ὕπνος
772 4368 903 4420 αὐτὸ
932 4369 1272 4439 ἀμφιχέοιτο,
1302 4367 1475 4430 οὕτως
1502 4368 1662 4431 αὐτὸς
1703 4369 1899 4439 ἀπείρ-

330 4471 420 4521 γει
440 4456 618 4508 πάντα
643 4453 812 4519 δεινὰ,
837 4455 931 4508 καὶ
943 4455 1075 4506 αὐτὰ
1099 4454 1164 4507 τὰ
1182 4454 1539 4524 σμικρότατα,
1561 4453 1636 4518 ὡς
1657 4455 1720 4508 ἂν
1735 4457 1902 4525 ἡδέως

332 4545 493 4599 αὐτοὶ
511 4545 880 4615 καθεύδωμεν.
901 4547 1010 4598 Kal.
1027 4545 1205 4599 πάντα
1227 4547 1455 4616 πορίζει,
1472 4550 1538 4598 τά
1551 4562 1610 4598 τε
1631 4545 1689 4613 ὲξ
1722 4552 1900 4616 ἀέρος,

330 4639 402 4689 τά
416 4654 475 4689 τε
493 4639 556 4688 ὲκ
575 4635 699 4704 γῆς,
718 4637 786 4688 τά
802 4653 858 4687 τε
885 4637 949 4688 ὲκ
971 4635 1240 4704 θαλάττης
1268 4639 1427 4691 καλά’
1451 4641 1816 4707 περιποιεῖται
1847 4638 1902 4690 δὲ

332 4728 431 4779 καὶ
461 4729 678 4796 σώμασι
711 4727 806 4778 καὶ
848 4727 1047 4797 ψυχαῖς
1085 4729 1144 4779 τὸ
1184 4727 1359 4792 ὑγιές.
1412 4727 1642 4797 Ἑτέρως
1689 4727 1745 4780 δὲ
1779 4727 1901 4797 βλέ-

333 4836 454 4870 πων
481 4818 867 4882 ἐκπίπτοντας,
908 4818 942 4887 ἧ
982 4818 1356 4887 παραρριπτεῖ
1393 4817 1527 4888 πρὸς
1571 4817 1894 4886 κάκωσιν,ἢ

332 4907 469 4970 ἀλλ’,
501 4906 875 4975 ἐπερχομένης
923 4907 1116 4975 αὐτῆς,
1171 4908 1270 4960 οὐκ
1310 4907 1528 4978 ἀμύνει,
1559 4907 1677 4960 ἀλλ’
1715 4909 1900 4960 ἐπινυ-

333 4999 552 5062 στάξειν
589 4999 773 5049 δοκεῖ·
809 4998 904 5050 καὶ
949 4997 1023 5060 ὡς
1062 4999 1166 5050 ὑπὸ
1208 4999 1414 5070 κουλεῷ
1459 4999 1554 5070 τὴν
1586 5000 1896 5070 ἁμυντικὴν

331 5091 589 5159 κρύπτων
613 5088 848 5160 σπάθην,
881 5089 978 5142 ὅσα
1003 5106 1060 5142 τε
1087 5089 1398 5160 ῥᾳδιουργεῖ
1423 5091 1680 5161 πόλεμος,
1706 5092 1898 5160 ἀφίησι

335 5177 610 5246 γενεσθαι,
637 5181 732 5232 καὶ
762 5179 830 5232 τὰ
855 5178 915 5242 ἐξ
945 5178 1104 5248 ἀέρος
1129 5181 1261 5250 ἡμῖν
1287 5179 1639 5248 ἐπαιγίζοντα
1669 5181 1898 5249 δείματα

335 5272 586 5343 περιορᾷ,
638 5274 736 5326 καὶ
793 5274 1066 5342 συγχωρεῖ
1099 5274 1560 5342 καταράσσεσοαι.
1621 5275 1728 5326 Καὶ
1777 5273 1900 5326 οὔτε

331 5363 427 5430 τὴν
457 5363 562 5432 γῆν
603 5363 838 5431 εὐλογεῖ,
874 5363 946 5425 ὡς
990 5362 1192 5415 διδόναι
1225 5365 1290 5416 τὰ
1330 5363 1527 5433 ἑαυτῆς
1563 5365 1775 5432 ἀγαοά’
1808 5365 1902 5419 καὶ

329 5456 427 5522 τὴν
461 5455 734 5507 Θάλασσαν
767 5455 799 5524 ἢ
832 5453 1167 5522 ὲξαγριαίνει
1219 5455 1649 5524 τραχυνομένην.
1684 5454 1758 5518 ὡς
1809 5460 1902 5510 καὶ

2015 1819 2083 1873 ab
2115 1821 2268 1875 initio
2297 1822 2783 1892 consideravimus,
2809 1841 2839 1880 e
2874 1829 3127 1900 martyris
3157 1832 3333 1886 anima
3367 1835 3580 1892 deside-

2017 1911 2154 1963 rium
2179 1912 2279 1966 boc
2305 1912 2616 1984 seligentes,
2644 1929 2751 1984 quo
2783 1920 3040 1987 unguenti
3069 1920 3219 1975 effusi
3243 1924 3415 1992 gratia
3437 1941 3584 1995 quae-

2013 2002 2114 2055 sita
2169 2011 2224 2057 et
2277 2018 2306 2057 a
2355 2003 2464 2058 Deo
2524 2005 2718 2060 donata
2769 2017 2878 2075 est,
2933 2018 2990 2063 et
3043 2021 3252 2069 naturae
3303 2017 3586 2086 integritas

2014 2090 2205 2180 dilecta
2235 2102 2337 2149 est.
2365 2091 2500 2148 Hinc
2526 2095 2754 2167 refulget
2778 2099 2967 2168 patria:
3005 2116 3161 2157 amor
3188 2112 3241 2158 et
3274 2106 3326 2159 iu
3347 2121 3585 2180 marzyre

2013 2178 2282 2246 voluntas,
2332 2192 2390 2236 ut
2419 2198 2521 2237 non
2551 2185 2617 2239 de
2651 2195 2760 2241 toto
2786 2188 2864 2243 sic
2898 2205 2995 2246 nec
3053 2193 3117 2246 de
3139 2196 3374 2264 partium
3402 2178 3580 2270 aliqua

2018 2273 2206 2338 patriae
2237 2275 2568 2330 desertorem
2601 2277 2740 2344 ﬁeri,
2771 2280 2865 2335 sed
2902 2283 2956 2336 in
2989 2285 3208 2354 regione
3235 2286 3436 2358 jugiter
3467 2309 3582 2347 rna-

2013 2374 2143 2414 nere
2194 2371 2250 2414 nt
2311 2367 2669 2436 extrinsecus,
2703 2369 2779 2425 sic
2812 2370 2862 2426 in
2912 2375 3168 2434 omnibus
3221 2379 3584 2454 integritatem

2014 2465 2256 2508 servare.

2083 2714 2172 2768 52.
2230 2721 2502 2786 Attamen,
2555 2720 2599 2775 si
2648 2721 2725 2776 sic
2745 2724 2974 2790 patriam
2996 2739 3174 2783 servat
3196 2747 3293 2801 pro
3314 2750 3416 2805 qua
3438 2747 3582 2796 totus

2013 2817 2116 2870 est,
2136 2809 2434 2862 cavendum
2457 2823 2523 2864 ne
2540 2811 2605 2865 ad
2632 2811 3048 2884 indignationem
3071 2833 3192 2874 eum
3208 2838 3580 2895 provocemus,

2013 2913 2044 2952 a
2073 2899 2404 2968 benignitate
2432 2905 2790 2971 retrahamus,
2814 2923 2841 2960 a
2863 2912 3151 2979 pugnando
3175 2927 3272 2982 pro
3297 2918 3454 2974 nobis
3477 2923 3576 2978 ab-

2015 2990 2298 3080 ducamus.
2342 2991 2438 3048 Est
2477 2996 2780 3062 miseratio,
2819 3007 2904 3054 est
2942 3009 2996 3056 et
3054 3001 3131 3056 ira
3175 3019 3388 3077 magna,
3424 3024 3584 3080 prout

1934 3076 1979 3136 ϐ
2011 3079 2138 3135 alibi
2179 3080 2380 3137 dictum
2421 3093 2523 3139 est.
2555 3083 2871 3158 Exemplum
2901 3100 2984 3147 est
3018 3091 3145 3149 belli
3192 3076 3349 3153 istius
3379 3076 3441 3156 os
3475 3101 3584 3161 late

2013 3170 2284 3238 quondam
2321 3173 2509 3229 urbem
2537 3175 2625 3231 iSti
2661 3175 2877 3235 inhians
2903 3190 2956 3235 et
2988 3181 3039 3236 in
3074 3197 3267 3240 vanum
3301 3197 3578 3258 apertum;

2011 3271 2065 3317 et
2097 3262 2290 3318 iterum
2341 3266 2537 3322 bellum
2589 3267 2817 3324 alterum
2875 3272 3089 3342 penitus
3137 3287 3345 3334 vastum
3395 3281 3477 3336 sic
3529 3293 3584 3340 ct

2011 3353 2292 3423 pulchrum
2321 3366 2528 3413 metens
2563 3359 2712 3416 urbis
2744 3375 2953 3432 agrum,
2981 3374 3040 3421 ut
3073 3381 3172 3424 nec
3203 3368 3490 3429 minimum
3522 3376 3573 3431 ei

2011 3455 2315 3536 remaneret
2346 3447 2704 3519 spicilegium.
2741 3451 2873 3508 Illud
2913 3455 3212 3526 miseratio,
3232 3459 3343 3517 boc
3378 3475 3581 3536 marty-

2011 3535 2084 3590 ris
2104 3539 2314 3593 aversio
2355 3538 2547 3607 faciei;
2576 3542 2706 3598 illud
2727 3543 2853 3600 belli
2875 3547 3130 3607 societas.
3175 3551 3276 3608 hoc
3324 3535 3580 3614 desertio.

2007 3623 2146 3680 Num
2191 3629 2497 3687 inconsulto
2551 3649 2579 3687 a
2628 3633 2832 3691 victore
2879 3648 3114 3710 martyre
3159 3641 3275 3700 sive
3315 3646 3421 3702 hoc
3469 3651 3583 3708 sive

2008 3717 2140 3772 illud
2193 3718 2394 3774 factum
2446 3724 2561 3776 est?
2605 3724 2873 3793 lnsipiens
2927 3727 3054 3784 illud
3110 3733 3450 3801 opinaretur.
3471 3739 3583 3797 Nos

2010 3810 2224 3876 quidem
2255 3811 2361 3866 Deo
2388 3813 2598 3882 sibique
2626 3830 2810 3869 servos
2832 3832 2952 3872 esse
2977 3830 3150 3884 curat,
3171 3834 3221 3877 et
3242 3826 3382 3880 sicut
3409 3842 3583 3886 mater

2009 3899 2419 3955 dilectissimum
2442 3903 2762 3958 infantulum
2783 3906 3015 3963 sollicite
3039 3918 3300 3979 tractans,
3322 3917 3581 3976 molestas

2011 4007 2223 4047 muscas
2252 3993 2443 4064 abigit,
2471 4007 2528 4049 ut
2555 4011 2676 4050 eum
2711 3995 2881 4052 dulcis
2911 4002 3191 4072 consOpiat
3223 4019 3468 4076 somnus,
3499 4013 3582 4068 sic

2006 4083 2096 4137 ille
2123 4085 2303 4140 omnia
2334 4087 2544 4141 funesta
2567 4087 2648 4144 vel
2667 4088 2884 4142 minima
2906 4103 3121 4148 amovet
3145 4104 3200 4148 ut
3221 4095 3458 4166 jucunde
3489 4117 3579 4157 re-

2003 4177 2173 4247 QUiL’St
2191 4194 2360 4234 amns.
2379 4179 2567 4234 Oumia
2589 4181 2830 4250 largitur,
2853 4193 2962 4238 tum
2979 4200 3040 4238 ex
3063 4199 3210 4253 aere,
3233 4196 3344 4244 tum
3361 4206 3391 4246 e
3409 4203 3576 4262 terra,

2005 4283 2116 4325 tum
2148 4286 2177 4326 e
2209 4273 2340 4326 mari
2374 4273 2542 4336 bona;
2576 4275 2732 4328 nobis
2759 4284 2937 4329 autem
2962 4287 3017 4331 et
3038 4281 3278 4350 corporis
3303 4294 3353 4337 et
3385 4286 3579 4342 anima:

2008 4364 2294 4416 sanitatem
2345 4374 2624 4430 operatur.
2660 4366 2832 4420 Aliter
2875 4382 3003 4422 vero
3036 4370 3330 4440 degeneres
3364 4375 3576 4442 videns,

2011 4457 2092 4508 vel
2117 4454 2168 4507 in
2199 4453 2333 4506 mala
2361 4455 2594 4524 projicit,
2613 4456 2691 4508 vel
2718 4457 2854 4510 malo
2879 4462 3294 4525 superveniente
3317 4465 3574 4520 auxilium

2012 4559 2114 4597 non
2148 4542 2273 4607 fert,
2301 4545 2394 4597 sed
2435 4545 2670 4598 dormire
2725 4546 2937 4600 videtur
2993 4557 3046 4601 et
3089 4554 3240 4617 quasi
3284 4553 3334 4605 in
3384 4555 3573 4622 vagina

2013 4635 2277 4689 vindicent
2322 4637 2619 4690 recondens
2663 4637 2922 4706 gladium,
2949 4641 3166 4706 quando
3205 4643 3332 4697 furit
3374 4644 3572 4700 bellum

2011 4727 2203 4780 saevire
2257 4728 2385 4781 sinit
2438 4742 2627 4782 aereos
2689 4729 2901 4797 jugitcr
2970 4733 3228 4798 timores,
3309 4750 3446 4805 quos
3519 4737 3572 4792 in

2006 4830 2104 4869 nos
2166 4817 2371 4868 irrucre
2420 4818 2701 4885 permittit.
2756 4816 2941 4887 Neque
2983 4828 3138 4873 terra:
3188 4823 3453 4878 benedicit
3519 4837 3580 4883 ut

2005 4903 2144 4958 bona
2181 4919 2278 4956 sua
2331 4904 2514 4970 donet,
2565 4918 2617 4960 ct
2670 4923 2816 4962 mare
2865 4918 2957 4961 aut
3012 4911 3362 4976 procellosum
3398 4916 3581 4972 inhor-

2006 5009 2217 5051 rescere
2272 4997 2426 5066 jubet
2483 5007 2541 5051 ut
2589 4999 2818 5070 lgurgite
2875 5009 3030 5055 vasto
3100 5006 3419 5072 navigantes
3479 5011 3576 5064 ab-

2006 5088 2259 5154 sorbeat,
2321 5097 2412 5142 aut
2453 5089 2580 5142 facit
2610 5093 2813 5144 invium
2846 5092 2998 5147 nobis
3022 5095 3168 5149 reddi
3196 5105 3246 5153 et
3272 5097 3577 5154 .nfructuo-

2003 5193 2123 5232 sum
2155 5187 2228 5243 ct,
2254 5179 2433 5233 dicere
2461 5181 2659 5244 ausim,
2682 5183 2886 5236 sterile.
2916 5182 2974 5237 Si
2997 5201 3122 5239 vero
3142 5196 3192 5240 et
3220 5188 3401 5256 pirata:
3430 5205 3577 5243 Inare

2007 5269 2422 5326 transfretantes
2448 5283 2627 5327 nostra
2654 5277 3147 5342 pr;edantur,nemo
3163 5282 3450 5337 alfirmabit
3472 5299 3576 5339 non

2012 5370 2264 5439 martyris
2314 5386 2341 5423 a
2386 5371 2540 5424 nobis
2592 5375 2762 5426 aversi
2813 5389 2950 5442 Opus
2996 5392 3142 5432 esse.
3196 5379 3298 5432 Aut
3353 5377 3577 5437 Elisazus

2010 5459 2195 5514 brevis
2229 5463 2480 5516 mmmris
2517 5463 2760 5518 vindices
2793 5472 3222 5537 expergefaeit...

333 5549 617 5618 κατασπᾷν
649 5550 773 5609 τοὺς
804 5547 864 5613 ἐξ
898 5548 1052 5618 ἡμῶν
1083 5545 1375 5616 πλωτῆρας
1415 5546 1550 5616 βαθὺ
1582 5548 1896 5617 χαίνουσαν,
1936 5551 1969 5621 ἢ
2020 5552 2156 5605 ἀλλὰ
2226 5556 2367 5606 ποιεῖ
2423 5555 2597 5619 ἄλλως
2647 5557 2948 5615 ἁπλοῦσοαι
3011 5565 3092 5625 είς
3145 5565 3370 5636 άκεροὲς
3421 5571 3572 5642 ἡμῖν,

332 5638 425 5690 καὶ
449 5640 523 5702 ὡς
548 5642 724 5693 εἰπεῖν
774 5641 1092 5710 ἀτρύγετον.
1131 5640 1192 5691 El
1223 5640 1277 5692 δὲ
1312 5642 1407 5693 καὶ
1454 5644 1714 5710 πειραταὶ
1756 5642 1960 5713 ταύτην
1999 5644 2258 5713 ἀροῦντες
2295 5648 2653 5716 καρπίζονται
2715 5653 2782 5703 τὰ
2833 5653 3094 5723 ἡμέτερα,
3162 5661 3259 5710 οὐκ
3324 5662 3390 5716 ἂν
3443 5638 3572 5736 ’δείη

331 5743 436 5787 τις.
477 5731 552 5801 μὴ
587 5731 870 5784 καὶτοῦτο
899 5730 1250 5802 ἀποστροφῆς
1285 5731 1384 5798 τῆς
1427 5731 1551 5785 καθ’
1581 5732 1738 5803 ἡμῶν
1769 5731 1909 5788 εἶναι
1945 5735 2041 5788 τοῦ
2099 5737 2397 5808 μάρτυρος.
2464 5740 2527 5793 "ll
2589 5740 2889 5805 Ἐλισσαῖος
2942 5747 3038 5813 μὲν
3093 5749 3353 5821 βρ-ιχείας
3434 5730 3581 5821 τινὸς

334 5820 505 5892 λύπης
542 5823 784 5890 ἐκδίκους
826 5825 1110 5896 ὲξεγιίρει.
1209 5862 1225 5880 .
1307 5861 1322 5877 .
1408 5863 1422 5878 .
1504 5863 1518 5879 .
1596 5866 1611 5880 .
1687 5869 1708 5885 ..
1781 5872 1800 5887 ..
1877 5872 1898 5887 υ

2412 6018 2438 6030 Ι
