4002 6208
426 305 534 368 219

1137 307 1549 368 EUSTA'I‘IIII
1580 307 1681 365 Tll
1699 304 2022 364 ESSALON
2036 305 2333 365 lCENSlS
2367 303 2932 363 METROPOLITI’E

3567 309 3674 361 ‘22U

429 431 765 485 nequaquam
821 415 977 476 tales.
1038 415 1134 470 sed
1180 425 1234 468 ut
1275 413 1461 468 Simon
1517 416 1570 468 in
1615 425 1778 481 caput
1807 413 1980 482 prola-

2102 410 2197 468 ίῐεν
2225 418 2271 468 οἱ
2323 417 2462 468 κατὰ
2514 415 2668 479 Θεον,
2705 416 2891 468 οὐκέτι
2940 414 3198 479 τοιοῦτοι,
3251 415 3369 468 ἀλλ’
3431 411 3547 468 οἷον
3584 418 3677 468 καὶ

428 507 650 574 buntur,
673 506 812 560 sicut
842 506 1058 561 Lucifer
1101 505 1404 574 prtecipitcs
1427 507 1646 560 cadunt.
1678 505 1824 559 Talis
1856 518 1984 571 ergo

429 611 574 650 scala
604 597 705 651 ista
731 597 975 651 columna
993 606 1072 651 est
1099 595 1330 651 arduum
1355 599 1477 650 boni
1504 598 1796 668 fastigium,
1815 604 1869 650 et
1891 594 1984 664 qui

430 703 526 755 per
565 687 734 757 ipsam
762 702 973 742 sursum
1002 689 1424 758 progrediuntur
1453 691 1637 742 multis
1681 689 1887 743 nisibus
1917 687 1985 741 ad

428 778 642 830 virtutis
657 777 929 847 fastigium
943 779 1179 844 veniunt,
1199 780 1353 848 quasi
1372 779 1596 846 ahrupto
1615 779 1890 832 vitandum
1905 778 1990 832 iti-

429 881 558 920 nere
589 875 643 920 et
667 864 975 921 dililcilihus
1005 867 1241 921 aditibus
1267 868 1554 937 dirempto;
1572 869 1819 923 deorsum
1850 882 1983 923 vero

426 970 489 1004 es
519 955 632 1020 ipsa
665 955 714 1008 in
735 971 972 1024 praeceps
996 958 1250 1022 volutati,
1307 959 1449 1011 inter
1482 975 1616 1027 quos
1667 973 1852 1013 eorum
1896 959 1987 1027 qui

424 1043 692 1099 altissimo
734 1046 842 1100 Deo
894 1048 1170 1101 adhrerent
1221 1048 1398 1103 nullus
1427 1050 1736 1120 .projicitur
1769 1087 1784 1114 ,
1835 1050 1987 1118 lapsu

423 1136 572 1205 gravi
608 1137 660 1190 in
689 1139 881 1192 tartari
917 1139 1171 1210 abyssum
1203 1147 1388 1193 ruunt.

497 1405 553 1459 4.
591 1402 746 1459 Mons
776 1419 990 1474 quoque
1021 1403 1267 1459 columna
1301 1405 1428 1468 ista,
1464 1405 1610 1460 unde
1644 1407 1794 1459 venit
1833 1407 1988 1460 anxi-

429 1497 556 1548 lium
589 1511 618 1549 a
645 1496 752 1550 Deo
782 1497 855 1549 illi
896 1497 986 1564 qui
1007 1511 1071 1549 eo
1101 1496 1284 1550 oculos
1314 1496 1493 1563 erigit,
1529 1497 1579 1550 in
1605 1512 1706 1564 qua
1748 1509 1802 1551 ut
1825 1513 1988 1567 super

429 1596 611 1641 monte
649 1586 834 1654 aliquo
861 1602 983 1640 cum
1032 1587 1334 1655 patriarcha
1365 1586 1530 1641 lilium
1562 1587 1804 1642 immolat
1827 1604 1984 1643 suum

427 1693 613 1745 purus,
645 1677 840 1749 quisic
875 1679 1062 1732 suavia
1107 1677 1216 1732 Deo
1275 1677 1466 1733 aﬂ‘erre
1495 1678 1689 1748 dignus
1723 1687 1806 1734 est
1837 1681 1989 1734 babi-

495 1864 547 1917 5.
572 1861 912 1931 Conspicitur
930 1870 983 1916 et
1002 1863 1107 1918 isto
1128 1863 1181 1916 itt
1200 1871 1379 1916 monte
1397 1863 1590 1928 malus,
1611 1863 1702 1932 qui
1732 1863 1784 1916 in
1809 1863 1987 1917 anima

425 1953 696 2019 plantatus
735 1968 1010 2022 nunquam
1047 1953 1280 2007 hominis
1324 1969 1510 2008 navem
1535 1964 1684 2006 extra
1711 1954 1990 2021 spirituale

433 2044 756 2098 :urriculum
802 2043 1134 2097 circumferri
1185 2054 1241 2098 et
1294 2043 1486 2112 jactari
1545 2045 1703 2104 sinet.
1748 2044 1986 2112 quandiu

426 2145 522 2190 aut
545 2136 863 2200 faventibus,
907 2146 997 2190 aut
1030 2136 1274 2190 adversis
1333 2135 1504 2191 ventis
1561 2149 1655 2205 per
1683 2135 1804 2189 vita:
1842 2150 1989 2190 mare

429 2229 661 2296 navigat.

499 2402 554 2458 6.
582 2403 840 2460 Tnmulus
869 2407 970 2460 iste
1002 2405 1216 2462 virtutis
1253 2393 1464 2477 signi-itm
1507 2407 1685 2469 habet.
1721 2409 1876 2478 enjus
1923 2423 1988 2462 ex

426 2497 652 2551 adverso
681 2497 769 2564 qui
823 2506 967 2552 stant
1003 2513 1275 2566 nunquam
1305 2514 1334 2550 a
1367 2499 1566 2564 pietate
1606 2499 1986 2564 declinabunt;

425 2586 544 2654 qui,
607 2587 652 2640 si
706 2601 898 2640 errans
943 2602 972 2640 a
1029 2598 1174 2641 recta
1218 2588 1516 2642 secundum
1566 2589 1842 2642 rationem
1903 2590 1988 2642 via

428 2678 797 2743 declinaverit,
851 2687 943 2732 aut
1001 2679 1154 2733 deses
1187 2680 1297 2733 alto
1343 2680 1630 2748 depressus
1657 2679 1846 2745 fuerit,
1881 2696 1988 2734 non

426 2770 533 2824 erit
561 2771 700 2822 sicut
731 2780 943 2825 montes
990 2781 1041 2824 et
1071 2770 1237 2826 colles
1263 2785 1384 2841 quae
1412 2771 1708 2826 secundum
1746 2771 1991 2842 Scriptu-

429 2879 542 2917 ram
577 2864 952 2920 humiliantur.

498 2959 552 3010 7.
586 2955 1046 3026 Gazopbylacium
1078 2955 1329 3011 rolunma
1362 2956 1453 3011 illa
1483 2957 1537 3012 in
1595 2961 1847 3027 supernis
1873 2969 1989 3013 tuto

2015 1732 2062 1791 Β

2089 511 2232 564 κατὰ
2261 511 2480 580 Σίμωνα
2523 511 2822 580 κατωκάρα
2868 511 3220 580 στρέφοντας,
3257 512 3351 564 καὶ
3395 511 3454 562 τὸ
3489 513 3680 579 χεῖρον

2089 601 2164 665 ὡς
2194 605 2273 666 εἰς
2300 603 2582 673 ἑωσφόρον
2615 602 3168 673 καταρριπτούμενον
3203 605 3512 657 τάττονται.
3544 604 3677 655 T0."-

2091 694 2229 764 αύτη
2256 713 2312 748 τε
2351 689 2443 748 οὖν
2473 695 2677 765 κλίμαξ
2704 697 2731 748 6
2770 695 3013 758 τοιοῦτος
3047 713 3065 746 t
3103 695 3318 757 στύλος.
3354 713 3374 746 ι
3409 696 3504 748 καὶ
3528 697 3678 764 ἄκρα

2091 785 2148 841 δὲ
2180 785 2392 856 κορυφὴ
2428 786 2657 854 ἀγαθοῦ.
2701 787 2811 840 Καὶ
2833 788 2882 840 οί
2925 786 3015 840 ἐπ’
3047 786 3221 857 αὐτὴν
3263 786 3474 840 ἀνιέναι
3509 787 3673 857 μελε-

2091 879 2359 946 τήσαντες
2387 877 2790 948 ἀναῤῥιχῶνται
2813 879 2893 941 είς
2922 881 2982 932 τδ
3007 881 3105 949 τῆς
3133 879 3339 948 ἀρετῆς
3365 878 3558 944 ἄκρον,
3589 879 3672 942 ὡς

2089 969 2178 1022 διὰ
2214 969 2474 1039 τραχείας
2508 969 2630 1021 ὀδοῦ
2659 970 2755 1038 τῆς
2784 970 2842 1022 ὲν
2878 969 2982 1040 βίῳ
3030 969 3278 1040 σκληρῷ,
3312 971 3408 1024 καὶ
3439 965 3508 1040 ἦς
3533 971 3671 1025 πολὺ

2091 1059 2151 1112 τὸ
2177 1058 2405 1121 ἄναντες
2424 1075 2456 1134 ο.
2481 1060 2530 1112 οἱ
2560 1061 2606 1112 δ’
2653 1055 2720 1112 αὖ
2762 1060 3223 1130 κατακυλιόμενοι
3256 1061 3314 1128 ιε
3364 1062 3557 1130 αὐτῆς,
3587 1055 3672 1122 οἷς

2091 1149 2280 1220 μηδεὶς
2321 1151 2700 1222 συγκαταδαίη
2737 1149 2850 1204 τῶν
2879 1153 2994 1205 ὅσοι
3027 1152 3106 1222 τῷ
3152 1152 3365 1222 ὑψίστῳ
3394 1151 3514 1220 Θεῷ
3544 1153 3667 1204 ἔπι-

2089 1243 2415 1311 γράφονται,
2445 1241 2690 1306 εὐπετῶς
2713 1245 2791 1306 εἱς
2813 1243 3089 1315 ταρτάρου
3114 1243 3303 1313 χάσμα
3326 1243 3669 1298 κατολισθαί-

2089 1348 2296 1386 νουσιν.

2160 1423 2224 1478 δ’.
2264 1442 2283 1476 t
2322 1426 2484 1495 Ὄρος
2515 1445 2536 1480 ο
2571 1427 2667 1480 καὶ
2693 1426 2721 1478 6
2757 1444 2776 1478 ι
2811 1427 2998 1490 στύλος
3033 1447 3053 1481 ι
3093 1422 3272 1492 οὗτος,
3318 1429 3444 1484 ὅθεν
3473 1431 3506 1500 ἡ
3547 1428 3667 1482 θεό-

2090 1515 2182 1567 θεν
2209 1515 2335 1586 ἥκει
2367 1516 2587 1586 βοήθεια
2612 1517 2691 1588 τῷ
2725 1519 2906 1571 ἐκεῖσε
2937 1521 3064 1582 τοὺς
3095 1520 3410 1588 ὀφθαλμοὺς
3432 1521 3664 1591 αἴροντι,

2089 1607 2148 1657 ὲν
2173 1599 2217 1673 ᾧ
2255 1606 2348 1660 xui.
2381 1605 2459 1668 ὡς
2497 1609 2554 1658 ἐν
2581 1608 2662 1660 ἑνὶ
2690 1607 2798 1661 τῶν
2835 1607 3006 1677 ὀρέων
3037 1606 3286 1671 θυσιάζει
3321 1625 3658 1678 πατριαρχι-

2089 1697 2200 1760 κῶς
2231 1697 2320 1750 τὸν
2347 1698 2404 1749 ἐν
2427 1698 2604 1766 ἑαυτῷ
2641 1701 2807 1752 παῖδα
2833 1700 2863 1751 6
2907 1699 3174 1769 καθαρδς,
3216 1702 3322 1758 ,καὶ
3351 1701 3658 1770 ἠξιωμένος

2090 1785 2233 1840 οὕτω
2263 1785 2563 1855 καλλιερεῖν
2596 1789 2674 1854 τῷ
2705 1787 2843 1859 Θεῷ.

2158 1883 2220 1930 ε’.
2265 1877 2562 1946 Θεωρείται
2607 1878 2701 1930 καί
2742 1897 2827 1941 τις
2856 1898 2876 1930 t
2909 1880 3057 1943 ἱστὸς
3081 1898 3100 1930 ι
3150 1881 3244 1934 ἐπὶ
3276 1879 3372 1934 τοῦ
3406 1881 3656 1936 τοιούτου

2089 1970 2269 2040 ὅρους,
2297 1969 2355 2033 ὃς
2398 1971 2790 2039 ὲναποληφθείς
2822 1988 2953 2025 ποτε
2984 1973 3064 2034 εἰς
3103 1971 3302 2043 ψυχὴν,
3333 1972 3438 2025 οὐκ
3470 1972 3541 2025 ἂν
3598 1974 3662 2026 τὺ

2089 2059 2209 2113 κατ’
2241 2060 2525 2129 ἄνθρωπον
2555 2064 2760 2130 σκάφος
2793 2063 3063 2130 ὠφελείας
3101 2062 3205 2127 ἔξω
3242 2063 3446 2134 ἀφήσει
3486 2064 3661 2132 φέρε-

2091 2154 2234 2216 σθαι,
2287 2152 2382 2206 καὶ
2430 2153 2552 2206 ὅποι
2602 2155 2753 2223 τύχοι
2787 2153 3114 2218 πλάζεσθαι,
3169 2154 3258 2205 ὅτε
3306 2153 3399 2206 τδν
3453 2153 3654 2206 ἑαυτοῦ

2089 2241 2286 2310 τρόπον
2312 2241 2370 2307 ἐξ
2395 2240 2593 2310 ούρίων
2626 2239 2659 2310 ἢ
2694 2241 2786 2294 καὶ
2825 2241 3002 2304 ἄλλως
3030 2239 3129 2312 τὴν
3167 2241 3262 2293 τοῦ
3294 2241 3412 2307 βίου
3454 2241 3662 2296 διαθέει

2091 2332 2391 2386 Θάλασσαν.
2819 2329 2833 2338 ’

2161 2425 2238 2486 ς’.
2273 2438 2292 2472 t
2322 2419 2518 2483 Βουνδς
2549 2439 2567 2473 ι
2607 2414 2783 2487 οὗτος,
2839 2421 2938 2486 τὴν
2986 2421 3087 2490 τῆς
3131 2421 3331 2492 ἀρετῆς
3361 2421 3504 2493 ἔχων
3555 2440 3658 2492 ση-

2093 2511 2279 2582 μαίαν,
2329 2511 2397 2581 ἢν
2425 2511 2524 2565 ούκ
2577 2511 2689 2564 ἔσθ’
2739 2513 2888 2576 ὅπως
2935 2511 3037 2566 οὐκ
3083 2512 3552 2583 εὐλαϐηθήσονται
3602 2515 3655 2566 οί

2089 2602 2478 2670 ἀντικείμενοι*
2535 2602 2615 2667 ὃς,
2667 2605 2715 2656 εἰ
2770 2603 3079 2672 πλαγιάσας
3123 2604 3522 2673 παρεγκλιθείη
3560 2603 3658 2657 τοῦ

2090 2693 2234 2748 κατὰ
2269 2693 2426 2762 λόγον
2454 2693 2660 2763 ὀρθίου,
2713 2693 2745 2764 ἦ
2793 2695 2886 2747 καὶ
2937 2695 3233 2764 συνιζὴσας
3275 2696 3659 2764 ύποκαταὸαίη

2091 2785 2186 2838 τοῦ
2211 2785 2400 2854 ὕψους,
2431 2786 2532 2839 ούκ
2567 2785 2634 2838 ἂν
2659 2785 2908 2856 διαφέροι
2934 2788 3106 2856 ὀρέων
3135 2805 3194 2842 τε
3229 2788 3324 2841 καὶ
3367 2787 3594 2858 βουνῶν.
3625 2787 3664 2843 ἃ

2089 2877 2471 2931 ταπεινοῦνται
2503 2878 2597 2931 καὶ
2627 2877 2770 2932 κατὰ
2797 2880 2894 2944 τὴν
2923 2880 3170 2950 Γραφήν.

2161 2967 2228 3033 ζ’.
2257 2987 2276 3021 ι
2305 2968 2710 3039 Γαζοφυλάκιον
2762 2971 2788 3023 6
2841 2969 3030 3032 στύλος
3069 2990 3088 3022 ι
3140 2961 3320 3035 οὗτος,
3367 2972 3661 3042 ύπερανῳ-

427 3047 752 3102 mdillcatum
779 3055 834 3099 et
857 3047 925 3100 ah
953 3044 1152 3100 infimis
1193 3057 1561 3116 segregatum,
1625 3065 1724 3104 nec
1778 3051 1990 3105 insidiis

2102 3062 2350 3131 κισμένον
2379 3061 2634 3128 ἀσφαλῶς
2657 3062 2752 3114 καὶ
2777 3061 3206 3131 ὰνακεχωρηκδς
3225 3062 3334 3115 τῶν
3362 3063 3531 3128 κάτω,
3565 3066 3663 3119 καὶ

426 3147 484 3194 et
532 3139 653 3192 loco
695 3151 997 3202 accessum,
1025 3139 1210 3206 inquo
1249 3138 1545 3207 spiritualis
1599 3142 1883 3196 thesaurus
1911 3157 1992 3196 re-

428 3229 697 3294 conditur,
724 3228 918 3292 virtus,
947 3229 1100 3297 cujus
1124 3229 1357 3298 pretium
1389 3231 1570 3284 omnia
1600 3241 1822 3298 superat
1851 3250 1864 3297 ;
1895 3233 1984 3302 qui

429 3319 570 3388 apud
613 3320 776 3372 Deum
816 3331 1187 3382 coacervatur.
1213 3322 1512 3378 secundum
1547 3322 1906 3395 Scripturam,
1941 3335 1994 3381 et

430 3411 482 3465 in
513 3409 657 3464 illius
685 3411 951 3464 thesauris
979 3411 1337 3482 obsigillatur.

499 3501 554 3555 8.
582 3500 773 3554 Nidum
800 3502 1070 3568 videmus,
1106 3503 1156 3555 in
1180 3518 1286 3572 quo
1311 3504 1448 3558 cibis
1466 3515 1756 3574 pascuntur
1783 3514 1996 3573 aposto-

431 3593 549 3647 licis
595 3592 692 3645 viri
744 3593 899 3647 aerii.
948 3593 1179 3662 desuper
1214 3594 1479 3660 volantes,
1528 3605 1580 3650 et
1606 3596 1790 3651 multis
1812 3610 1998 3666 passe-

435 3683 588 3736 rthus
607 3687 768 3735 cantu
796 3680 1024 3737 Salutari
1059 3680 1327 3738 meliores.

501 3879 554 3934 9.
583 3878 772 3934 Turris
810 3875 1143 3931 fortitudinis
1173 3875 1273 3930 ista
1314 3889 1495 3930 coram
1542 3875 1762 3931 inimico
1819 3875 2002 3932 fortis-

433 3973 607 4036 simo,
669 3971 759 4040 qui
818 3969 1041 4023 bellicas
1107 3968 1388 4022 machinas
1457 3979 1644 4022 contra
1714 3970 1848 4024 tales
1902 3974 1998 4024 ad-

434 4066 583 4118 ducit
633 4062 699 4115 ad
734 4061 964 4114 ruinam.
1006 4059 1089 4112 Sit
1125 4059 1238 4113 brec
1274 4059 1436 4112 turris
1467 4074 1531 4112 ex
1563 4059 1803 4114 veritatis
1830 4076 2001 4130 augu-

436 4155 638 4208 laribus
665 4151 963 4220 composita
1005 4158 1060 4202 et
1095 4149 1147 4202 in
1188 4149 1439 4202 virtutem
1493 4149 1734 4205 stabilita
1771 4151 1862 4205 ﬁat
1893 4153 2002 4208 ele-

436 4243 693 4314 pbantina
731 4243 916 4302 turris,
944 4253 1048 4307 qua
1075 4238 1372 4292 delectatur
1389 4239 1674 4306 quidivina
1695 4253 1863 4306 amat,
1896 4259 1999 4297 non

438 4351 566 4391 sane
597 4344 656 4388 ut
705 4333 756 4388 in
813 4333 946 4386 turri
981 4330 1218 4386 Cbalane
1263 4331 1526 4384 moriatur
1560 4330 1762 4384 frustra
1810 4344 1997 4387 contra

401 4429 630 4482 ‘ctelum
662 4425 920 4478 :rdilicda
945 4463 960 4488 ,
990 4437 1089 4476 nec
1117 4431 1174 4473 ut
1222 4419 1316 4474 fiat
1363 4419 1415 4473 in
1457 4419 1810 4475 elevationem
1857 4422 1998 4480 illius
2032 4399 2075 4454 θ

435 4520 524 4586 qui
557 4516 797 4588 neglecta
841 4513 1030 4568 mortis
1071 4511 1428 4566 meditatione
1460 4513 1749 4581 superbus.
1803 4515 1998 4573 deinde

437 4607 492 4663 in
529 4617 755 4664 mortem
779 4603 1018 4660 transiit.

2094 3155 2196 3208 ούκ
2229 3152 2698 3215 εύεπιϐούλευτον,
2723 3152 2852 3205 ἔνθα
2881 3154 2910 3206 6
2937 3153 3080 3206 κατὰ
3123 3153 3347 3224 πνεῦμα
3389 3155 3665 3227 θησαυρὸς

2093 3249 2527 3315 ταμειουχεῖται,
2560 3247 2593 3316 ἡ
2623 3245 2816 3316 ἀρετὴ,
2846 3239 2914 3316 ἦς
2955 3246 3056 3299 ούκ
3085 3245 3235 3310 ἄξιον
3273 3246 3418 3300 ἅπαν
3445 3250 3627 3316 τίμιον
3646 3265 3662 3280 ·

2093 3337 2152 3400 ὃς
2181 3337 2245 3406 δὴ
2277 3337 2371 3389 καὶ
2410 3337 2670 3402 συνῆκται
2700 3336 2853 3406 παρὰ
2880 3336 2956 3406 τῷ
2979 3336 3097 3405 Θεῷ
3128 3338 3270 3390 κατὰ
3296 3337 3387 3390 τὸν
3417 3339 3665 3401 εἰπόντα.

2097 3431 2191 3482 καὶ
2221 3429 2582 3498 ὲσφράγισται
2613 3430 2671 3481 ὲν
2696 3432 2808 3492 τοῖς
2843 3429 3010 3482 αὑτοῦ
3037 3429 3355 3498 θησαυροῖς.

2166 3527 2237 3590 η’.
2274 3539 2292 3572 t
2320 3519 2528 3572 Νοσσιὰ
2562 3539 2580 3570 ι
2621 3519 2680 3572 τὸ
2713 3519 3043 3588 βλεπόμενον
3087 3520 3268 3586 τοῦτο,
3321 3523 3379 3573 ὲν
3473 3521 3667 3590 ἐκτρέ-

2099 3629 2290 3680 φονται
2322 3610 2696 3672 ἁποστολικῶς
2738 3609 3286 3680 οίοαίθεροσάμονες,
3334 3615 3429 3666 καὶ
3482 3616 3560 3676 είς
3597 3615 3667 3666 τὰ

2097 3701 2210 3756 ἄνω
2244 3698 2519 3768 πτητικοὶ,
2547 3701 2638 3751 καὶ
2671 3698 2883 3751 πολλῶν
2911 3698 3210 3766 στρουθίων
3252 3703 3396 3754 κατὰ
3424 3700 3523 3772 τὴν
3559 3717 3668 3754 σω·

2098 3793 2335 3863 τηριὼδη
2365 3791 2550 3862 φωνὴν
2573 3791 2946 3861 διαφέροντες.

2167 3886 2237 3940 θ’.
2269 3902 2288 3935 t
2320 3885 2533 3954 Πύργος
2552 3877 2708 3944 οὗτος
2738 3881 2917 3952 ἰσχύος
2944 3901 2964 3934 ι
2991 3882 3098 3936 ἀπὸ
3127 3883 3421 3953 προσώπου
3442 3886 3668 3956 ἐχθροῦ,

2098 3977 2193 4030 τοῦ
2221 3977 2394 4030 δεινοῦ
2449 3971 2797 4038 πολεμιστοῦ,
2849 3972 2905 4035 ὃς
2952 3975 3344 4042 μηχανώμενος
3390 3975 3670 4035 ἑλεπόλεις

2099 4071 2211 4130 τοῖς
2235 4067 2495 4128 τοιούτοις
2527 4065 2724 4132 ἐπάγει
2751 4063 2886 4131 πρὸς
2916 4064 3136 4133 ὄλεθρον
3177 4067 3663 4136 πυργηρούμενος.

2101 4161 2315 4215 Γένοιτο
2343 4159 2398 4212 δὲ
2429 4157 2640 4227 πύργον
2682 4156 2868 4226 ἰσχύος
2896 4153 3035 4208 εἶναι
3065 4157 3276 4224 τοῦτον,
3318 4157 3378 4224 ἐξ
3414 4158 3668 4227 ἀκρογώ-

2102 4268 2210 4303 νων
2259 4249 2518 4318 ἀληθείας
2551 4247 2992 4317 συγκροτηθέντα
3039 4249 3120 4310 είς
3169 4248 3228 4302 τὸ
3273 4250 3518 4320 στερρὸν,
3568 4251 3668 4302 καὶ

2105 4340 2582 4409 συντετελεσμένον
2631 4341 2711 4402 εἰς
2742 4341 2948 4410 ἀρετήν
2971 4357 2986 4372 ο
3019 4341 3132 4392 εἴτε
3167 4341 3259 4394 καὶ
3306 4359 3325 4391 t
3361 4342 3524 4411 βάριν
3556 4342 3673 4394 ἐλε-

2103 4435 2382 4502 φαντίνην,
2423 4449 2441 4482 ι
2479 4431 2538 4496 ἐξ
2581 4430 2711 4485 οἴων
2743 4431 3096 4499 εὐφραίνεται
3127 4431 3155 4481 6
3181 4431 3249 4483 τά
3285 4429 3403 4483 θεία
3438 4433 3671 4497 φιλόκα-

2102 4523 2209 4586 λοςο
2234 4522 2294 4575 ού
2325 4522 2430 4592 μὴν
2456 4521 2534 4584 είς
2563 4519 2772 4590 πύργον
2792 4519 3291 4589 άποτελευτηθῆναι
3323 4539 3342 4572 t
3366 4521 3664 4589 χαλάνης,ι

2107 4613 2283 4684 μάτην
2337 4610 2800 4679 τεθεμελιωμένον
2857 4610 3001 4663 κατά
3057 4609 3150 4662 τοῦ
3199 4610 3470 4677 ούρανοῦ,
3531 4611 3670 4681 μηδὲ

439 4702 691 4769 γενέσθαι
741 4700 884 4754 κατὰ
913 4698 973 4752 τὸ
1007 4696 1207 4768 ὕψωμα
1255 4695 1350 4750 τοῦ
1393 4697 1610 4768 φαύλως
1648 4717 1668 4751 t
1706 4699 1806 4774 τὴν
1835 4704 2156 4778 φιλοσοφίαν
2201 4709 2434 4763 θανάτου
2491 4707 2722 4776 μελέτην
2756 4724 2775 4760 ι
2857 4706 3290 4778 παρακηκοότος.
3352 4706 3411 4770 ὃς
3473 4706 3670 4761 ἑαυτὸν

442 4792 684 4862 ύψώσας,
719 4785 837 4844 εἶτα
864 4792 943 4851 είς
969 4789 1196 4843 θάνατον
1225 4791 1623 4860 κατεπήδησεν.

511 4889 599 4942 10.
627 4886 742 4941 Non
778 4885 950 4940 solum
985 4885 1151 4937 turris
1183 4883 1514 4940 fortitudinis
1539 4897 1592 4940 et
1627 4886 1778 4944 locus
1805 4891 2000 4963 refugii

443 4978 696 5036 salutaris
733 4977 978 5032 columna
1003 4976 1116 5039 illa,
1142 4976 1232 5028 sed
1265 4983 1320 5027 et
1347 4973 1476 5029 urbs
1507 4977 1712 5030 munita
1741 5018 1756 5040 ,
1791 4995 1888 5035 nec
1912 4997 2002 5036 Sn-

443 5073 551 5124 lntn
576 5083 748 5137 super
780 5077 1016 5120 montem
1047 5066 1172 5128 sita,
1199 5081 1323 5134 quae
1349 5067 1590 5119 omnimn
1619 5079 1806 5134 patens
1830 5071 2003 5126 oculis

2180 4889 2232 4942 t'.
2267 4887 2340 4941 Ού
2375 4887 2534 4956 μόνον
2563 4886 2618 4938 δὲ
2649 4905 2666 4936 t
2697 4884 2906 4954 πύργος
2954 4885 3138 4953 ἰσχύος
3171 4903 3188 4936 ι
3243 4885 3335 4938 καὶ
3363 4902 3382 4936 t
3421 4885 3671 4955 κρησφύ-

2107 4981 2261 5052 γετόν
2291 4999 2310 5032 ι
2367 4995 2422 5030 τι
2457 4977 2728 5044 σωτήριον
2778 4978 2805 5028 6
2843 4993 2861 5026 t
2894 4975 3084 5036 στύλος
3116 4993 3134 5026 ι
3179 4968 3355 5039 οὗτος,
3398 4976 3532 5028 ἀλλὰ
3575 4979 3672 5030 καὶ

2112 5089 2132 5124 t
2162 5071 2316 5133 πόλις
2367 5069 2560 5136 ὀχυρά,
2596 5084 2615 5117 ι
2669 5066 2764 5118 καὶ
2817 5065 2956 5134 αὕτη
2987 5064 3048 5116 ού
3081 5064 3243 5133 μόνον
3284 5064 3468 5118 ἐπάνω
3508 5065 3672 5138 ὅρους

443 5159 700 5218 abscondi
750 5173 855 5212 non
903 5162 1099 5223 potest,
1151 5157 1246 5210 sed
1278 5169 1332 5209 et
1369 5155 1434 5209 ad
1474 5157 1666 5212 cmlum
1699 5160 1992 5228 pertingens

2107 5161 2380 5230 κειμένη,
2438 5158 2534 5212 καὶ
2591 5157 2676 5210 οἶα
2734 5156 2810 5226 μὴ
2867 5157 3011 5224 ἔχειν
3067 5155 3404 5226 κρύπτεσθαι
3461 5157 3550 5210 διά
3605 5157 3670 5209 τὸ

445 5271 540 5326 pro
569 5249 854 5306 altitudine
877 5262 981 5317 qua
1004 5246 1222 5302 eminet.
1256 5246 1328 5300 ita
1366 5257 1423 5301 ut
1451 5264 1646 5305 vocare
1681 5251 1839 5306 liceat
1859 5253 2012 5307 caeli-

447 5347 618 5402 colam
655 5357 779 5398 eum
817 5340 906 5412 qui
939 5353 1101 5408 super
1128 5354 1189 5394 ea
1217 5339 1440 5394 habitat.

517 5523 604 5578 ll.
638 5523 696 5578 Si
728 5522 798 5576 ob
826 5520 1112 5574 verborum
1145 5516 1553 5588 significationis
1588 5518 1922 5585 afﬁnitatem,
1953 5524 2004 5576 in

452 5617 592 5672 idem
631 5614 949 5670 adducimus
991 5612 1159 5683 στήλη
1199 5622 1250 5666 et
1283 5610 1493 5675 στύλος.
1525 5610 1855 5668 fortitudinis
1898 5627 2005 5670 sta-

455 5717 542 5768 tua
579 5714 723 5761 recte
754 5705 950 5760 dicitur
981 5705 1069 5775 qui
1105 5718 1266 5774 super
1297 5703 1540 5758 columna
1576 5704 1676 5758 ista
1703 5714 1828 5759 stat.

2107 5254 2370 5311 ἄποπτον,
2401 5249 2540 5302 ἀλλὰ
2573 5249 2666 5301 καὶ
2693 5243 3082 5317 οὐρανομήκης
3115 5248 3204 5301 διὰ
3253 5249 3313 5300 τὸ
3345 5248 3468 5301 κατ’
3494 5248 3666 5317 αὐτὴν

2111 5341 2480 5410 θεωρούμενον
2509 5338 2662 5408 ὕψος,
2687 5339 2761 5402 ὡς
2791 5335 2930 5391 εἶναι
2962 5339 3234 5408 προσφυὲς
3265 5341 3436 5391 εἰπεῖν
3464 5341 3555 5392 καὶ
3579 5340 3669 5392 ού-

2119 5432 2472 5503 ρανοπολίτην
2506 5432 2597 5483 τίιν
2626 5431 2753 5499 περὶ
2785 5429 2953 5499 αὐτὴν
2979 5428 3314 5497 εἱλούμενον.

2186 5529 2274 5576 ια’.
2306 5523 2368 5574 El
2406 5522 2496 5574 καὶ
2523 5520 2611 5571 διὰ
2635 5520 2692 5572 τὸ
2733 5522 2788 5572 ὲν
2824 5519 3070 5589 σημασίᾳ,
3128 5519 3384 5586 συγγενὲς
3429 5520 3538 5572 τῶν
3572 5520 3669 5587 ρηο

2117 5614 2301 5682 μάτων
2337 5613 2413 5672 εἰς
2438 5611 2630 5663 ταυτὸν
2661 5614 2724 5678 τῇ
2759 5628 2776 5660 t
2806 5611 2974 5680 στήλῃ
3003 5628 3020 5659 ι
3062 5610 3151 5662 τὸν
3190 5609 3442 5662 «στύλον»
3480 5609 3668 5664 τοῦτον

2112 5704 2431 5770 ἀγάγωμεν,
2484 5700 2676 5770 ῥηθείη
2711 5701 2775 5753 ἂν
2803 5701 2895 5753 καὶ
2937 5719 2954 5751 t
2987 5702 3286 5770 καρτερίας
3320 5700 3545 5772 ἀνδριάς
3583 5719 3600 5752 ι
3639 5703 3666 5757 6

2101 5795 2191 5846 ἐπὶ
2225 5813 2240 5845 t
2272 5790 2467 5860 στήλης
2497 5809 2514 5841 ι
2560 5789 2762 5861 ταύτης
2789 5807 3088 5860 φερομενος
