3950 6208
425 301 528 366 εει

1203 302 1614 364 EUSTATHII
1653 297 2406 362 THESSAIDNICENSIS
2441 300 2997 360 METROPOLITEE

3565 303 3684 366 ἓέί

427 417 718 477 supputatn
793 409 954 463 facili.
991 409 1110 464 llaac
1145 409 1269 464 licet
1319 411 1501 466 decem
1553 411 1778 463 millium
1811 410 1993 462 labore

2108 413 2163 460 τὰ
2195 410 2417 462 τοιαῦτα
2446 411 2582 480 ἐρεῖ,
2609 411 2686 473 ὡς
2719 406 2861 464 εἶναι
2892 407 3330 478 ἀντιστρέψαντι
3381 411 3438 463 τδ
3471 429 3689 481 γραφι-

435 505 742 550 constructa
776 499 903 562 sint,
960 514 1062 551 non
1098 508 1273 551 tamen
1321 500 1688 568 nmgnitudine
1746 498 2001 553 Mausolei

440 587 658 650 molem,
699 605 797 643 nec
827 590 948 658 Cyri
985 593 1122 656 apud
1153 590 1344 645 Persas
1375 607 1596 662 regnum
1628 600 1864 659 aequant.

2115 502 2209 552 κδν
2259 503 2432 554 εἰπεῖν
2459 516 2476 532 ·
2521 520 2540 552 ι
2577 503 2631 555 αἱ
2658 501 2827 555 οἰκίαι
2863 499 3043 554 αὐτῶν
3080 503 3242 570 τάφοι
3281 501 3496 554 αὐτῶν⁸
3528 522 3547 554 ι
3589 507 3694 556 καὶ

2109 593 2227 646 οὐδὲ
2255 594 2336 656 είς
2362 593 2451 645 τὸν
2475 594 2667 655 αἰῶνα,
2696 593 2886 664 καιρὸν
2906 592 2962 645 δέ
2993 610 3134 655 τινα,
3161 593 3257 646 καὶ
3273 593 3438 648 αὑτὸν
3466 595 3686 665 βραχὺν

436 681 512 742 ὡς
544 681 612 734 τὰ
645 681 834 740 πολλὰ.
865 682 957 733 καὶ
1015 681 1235 752 ἀριθμῷ
1283 683 1680 752 εὐπερίληπτον
1706 698 1719 712 ·
1773 683 1822 736 ei
1845 722 1860 746 .
1895 683 1998 736 κᾶν
2044 688 2215 752 μυρία
2245 686 2577 746 ἐκπονοῐντο,
2605 684 2730 737 οὔτε
2757 682 2827 736 ἂν
2856 684 2914 736 ἐν
2943 682 3161 753 μεγέθει
3217 683 3309 736 τὸν
3358 685 3682 737 Μαυσώλου

433 775 604 843 τάφον
634 775 1049 844 ύπερελάσαιεν,
1083 775 1204 828 οὐδὲ
1255 776 1362 845 μὴν
1417 775 1506 827 τὸν
1564 776 1713 846 παρὰ
1759 777 1994 848 Πέρσαις
2035 779 2128 832 τοῦ
2163 778 2346 847 Κύρου
2379 780 2457 841 εἰς
2491 778 2766 832 πολιτείαν
2790 777 2891 847 (ί).

508 869 594 920 l7.
631 867 735 920 Sed
767 883 832 920 ne
872 867 1013 920 circa
1047 866 1354 921 columnam
1387 869 1721 941 divagantes,
1755 871 1892 924 sicut
1943 870 1998 925 in

437 959 739 1031 labyrintho
768 959 1012 1015 artiﬁciis
1044 960 1382 1015 includamur
1414 962 1467 1014 in
1495 961 1684 1030 laqueo
1708 962 2001 1016 inextrica-

436 1052 551 1113 bili,
581 1053 889 1104 accuratius
917 1052 1109 1105 lterum
1142 1052 1536 1119 consideranda
1563 1053 1810 1107 columna
1841 1053 2001 1120 idque

437 1143 832 1195 ratiocinando.
867 1142 1093 1206 Spei-nia
1135 1142 1224 1196 ille
1259 1157 1470 1196 sursum
1506 1143 1783 1209 incedens,
1821 1143 1872 1196 in
1904 1143 2002 1198 bo-

432 1249 557 1286 num
585 1243 798 1289 erectus
824 1244 878 1290 et
912 1235 980 1289 iis
1004 1235 1198 1303 quibus
1229 1234 1414 1289 hostes
1441 1234 1768 1290 insidiantur
1793 1235 2000 1290 saluta-

433 1329 528 1390 ris,
547 1339 600 1381 et
631 1329 694 1381 iis
719 1329 809 1398 qni
839 1329 1051 1386 desides
1075 1339 1202 1383 sunt
1230 1328 1528 1394 spiritualis
1551 1328 1735 1383 adstat
1762 1329 1997 1399 gladius.

429 1417 682 1471 Mercurii
723 1419 939 1487 quidem
979 1419 1214 1473 tumulos
1240 1419 1460 1473 historia
1498 1420 1654 1474 nobis
1686 1421 1738 1473 in
1785 1435 1996 1474 memo-

431 1508 562 1560 riam
609 1515 826 1561 revocat
867 1522 883 1561 :
918 1517 1044 1563 sunt
1073 1517 1254 1562 autem
1299 1507 1531 1574 lapidum
1571 1507 1736 1561 moles
1778 1523 1997 1562 mensu-

429 1608 578 1662 ratm,
615 1599 1043 1655 recordationem
1081 1605 1360 1654 moventes
1391 1597 1730 1655 Mercurialis
1763 1599 1994 1664 alicuius

423 1691 587 1745 caulis
610 1690 913 1759 antiquitus
942 1692 1170 1744 tradita.
1216 1690 1448 1758 Lapides
1485 1705 1646 1759 supra
1679 1691 1994 1745 interfecto-

2173 871 2262 935 ιζ’.
2308 869 2452 923 Ἀλλ’
2486 871 2571 923 ῐνα
2602 871 2679 940 μὴ
2707 867 2800 922 τοῦ
2841 887 2859 920 ι
2889 867 3083 922 στύλον
3116 886 3134 920 ι
3165 867 3686 938 ἀποπλανηθέντες,

2099 963 2176 1025 ὡς
2214 963 2270 1016 ἐν
2322 980 2428 1017 τινι
2485 960 2799 1031 λαϐυρίνθῳ
2844 963 2964 1024 ταῖς
3001 960 3128 1012 τῶν-
3155 961 3457 1013 ἐπιϐούλων
3503 961 3684 1014 οἴκων

2102 1049 2569 1122 ἐναποληφθῶμεν
2596 1051 2862 1119 σήραγξιν
2893 1051 2973 1114 είς
3014 1051 3371 1119 ἁδιεξίτητον,
3421 1053 3677 1104 ἀναθεω-

2103 1143 2296 1214 ρητέον
2325 1139 2482 1204 αὖθις
2518 1141 2674 1211 ὑψοῦ.
2701 1143 2794 1195 καὶ
2820 1141 3125 1211 θεωρητέον
3158 1142 3327 1194 είτέτι
3355 1142 3447 1194 τὸν
3480 1162 3498 1194 ι
3541 1143 3683 1195 στύ-

2099 1235 2190 1286 λον
2227 1251 2245 1284 ι
2290 1231 2386 1286 καὶ
2439 1225 2614 1294 ἄλλως
2648 1229 2788 1283 κατὰ
2843 1230 3000 1298 λόγον
3034 1230 3327 1299 ὁριστικόν.
3369 1248 3388 1282 ι
3419 1231 3681 1284 Σκοπευ-

2097 1326 2286 1392 τήρων
2319 1341 2338 1374 ι
2390 1324 2417 1375 6
2447 1322 2735 1391 ὑψιϐάμων
2772 1313 2950 1383 οὗτος,
3003 1321 3080 1384 εἰς
3120 1320 3321 1387 ἀγαθον
3363 1321 3680 1391 ἀνεγηγερ-

2101 1415 2282 1485 μένος,
2316 1415 2410 1468 καὶ
2443 1416 2557 1477 τοῖς
2587 1413 2694 1467 ὑπὸ
2736 1413 3010 1482 πολεμίων
3045 1412 3455 1480 ἐφοδευομένοις
3488 1417 3681 1481 σωτή-

2094 1498 2328 1573 ριος,οἶ’ς
2344 1505 2758 1574 ἀνεπιστρῧφως
2778 1503 2991 1572 ἔχουσιν
3014 1505 3044 1571 ἡ
3065 1503 3331 1572 νοουμὲνη
3353 1501 3506 1555 στιλΰ
3517 1501 3680 1555 )ὖται

2095 1598 2359 1668 μάχαιρα.
2416 1595 2526 1650 Καὶ
2579 1596 2771 1663 λόςρους
2829 1594 2928 1665 μέν
2985 1611 3136 1657 τινας
3187 1595 3454 1664 ἐρμαίους
3487 1596 3518 1664 ἡ
3557 1597 3667 1664 τῆς

2094 1691 2333 1757 ἱστορίας
2364 1690 2421 1742 ἐν
2455 1690 2584 1757 ἡμῖν
2606 1687 2807 1758 ἐγείρει
2842 1687 3054 1757 μνήμη·
3087 1686 3242 1739 αὐτοὶ
3270 1687 3326 1739 δέ
3355 1687 3460 1738 εἱσι
3486 1687 3668 1748 λίθων

430 1796 540 1834 rem
582 1781 843 1835 cumulari
879 1783 1152 1848 dicuntur,
1209 1783 1360 1850 quasi
1408 1796 1573 1850 super
1613 1779 1991 1850 lapidandum;

2108 1779 2339 1842 κολωνοὶ,
2383 1779 2881 1849 ἐπισεσωρευμένοι
2935 1778 3070 1848 προς
3125 1777 3346 1848 μέτριον
3402 1777 3618 1847 ἔξαρμα
3657 1821 3675 1840 ,

425 1882 814 1924 coacervantur
840 1880 1019 1925 antem
1057 1886 1161 1924 non
1198 1871 1300 1937 ira,
1331 1872 1426 1926 sed
1463 1870 1854 1940 tranquillitate
1882 1885 1999 1925 sce-

426 1963 560 2016 leris
597 1963 824 2031 alicnjus
859 1978 1076 2031 poenam
1107 1963 1414 2032 cxpiantes.

2103 1870 2370 1940 ἐρμαῖκοῦ
2405 1887 2547 1933 τινος
2603 1870 2764 1939 φόνου
2817 1870 3198 1934 ὑποκινοῦντες
3252 1870 3507 1936 ἐνθύμιον
3538 1911 3555 1935 ,
3614 1871 3684 1923 ὃν

2107 1963 2337 2026 παλαιὸς
2367 1961 2525 2030 λόγος
2573 1961 2810 2032 θρυλλεῖ.
2864 1962 2970 2015 Καὶ
3005 1963 3054 2014 oi
3097 1961 3238 2016 λίθοι
3273 1961 3550 2014 τεθεῖσθαι
3585 1960 3690 2016 λέ-

425 2075 612 2124 γονται
643 2058 784 2111 κατὰ
814 2058 906 2111 τοῦ
939 2058 1322 2127 φονεύσαντος,
1354 2057 1431 2123 ὡς
1469 2059 1519 2112 εί
1552 2058 1645 2112 καί
1670 2056 1980 2128 ἐϐλήθησαν
2016 2058 2138 2110 κατ’
2207 2057 2397 2111 αὐτοῦ’
2474 2061 2566 2112 καὶ
2617 2059 2941 2126 συνάγονται
2997 2058 3097 2126 μέν
3143 2059 3204 2111 οὐ
3279 2057 3421 2110 κατὰ
3467 2056 3682 2134 ὀργὴν⁹

425 2151 543 2204 ἀλλ’
615 2153 820 2220 ἡρέμα,
887 2154 982 2206 καὶ
1053 2154 1530 2216 ἐπιποιὸἁξονται
1597 2155 1719 2208 καθ’
1746 2155 1975 2227 ἡσυχίαν
2006 2154 2225 2223 πολλὴν.
2271 2153 2575 2208 Ὀσιοῦνται
2617 2154 2674 2208 δὲ
2720 2155 2868 2222 ὅμως
2909 2154 3070 2221 φόνου
3119 2155 3332 2223 ποινὴν,
3377 2154 3474 2206 καὶ
3504 2154 3680 2223 δίκην

426 2234 538 2292 οἷον
568 2241 690 2294 τινὰ
722 2242 791 2295 δι’
824 2243 1003 2296 αὐτῶν
1033 2245 1061 2296 6
1087 2246 1462 2314 κακοποιῆσας
1491 2244 1731 2302 δίδωσιν.

497 2353 586 2407 18.
625 2353 820 2408 Sermo
851 2356 938 2410 ille
968 2357 1146 2410 studio
1167 2356 1620 2412 delectameutum
1651 2357 1780 2426 quid
1815 2359 1996 2411 immi-

427 2455 546 2498 scet
574 2454 629 2498 et
656 2446 888 2513 speciem
935 2462 1040 2500 non
1085 2447 1442 2516 incongruam
1486 2450 1576 2502 sed
1609 2453 1900 2502 obscuram
1947 2460 2002 2503 et

428 2537 775 2591 umbratilem
811 2538 1031 2592 emittit.
1069 2538 1193 2592 llaec
1235 2549 1414 2594 autem
1465 2555 1562 2606 pro
1607 2555 1766 2609 posse
1813 2549 2001 2594 nostro

431 2631 677 2684 veritatis
713 2630 892 2684 lumen
945 2631 1080 2685 bene
1124 2631 1370 2702 pingunt.
1408 2632 1668 2700 Lapidum
1700 2633 1846 2686 enim
1883 2631 1997 2702 ipsa

429 2719 598 2774 moles
616 2731 805 2774 contra
825 2721 1168 2776 animicidam
1193 2733 1624 2792 coagmentatur,
1650 2724 1702 2777 in
1732 2723 1848 2789 eius
1873 2738 1999 2792 pro-

425 2810 590 2864 brum
639 2822 845 2866 erecta.
883 2812 1012 2866 Inde
1042 2814 1197 2868 nobis
1227 2814 1405 2866 dicere
1433 2813 1579 2878 licet,
1613 2829 1800 2868 sacras
1829 2813 2000 2867 Litte-

431 2921 519 2960 ras
547 2906 830 2975 allegando
864 2923 877 2959 :
906 2905 1005 2971 Qui
1037 2914 1276 2960 vestrum
1316 2907 1435 2960 sine
1471 2915 1690 2975 peccato
1719 2916 1803 2961 est
1825 2905 2000 2968 (scili-

430 3012 517 3054 cet
546 3017 572 3052 a
608 2999 698 3053 ltei
722 3007 923 3052 statera
955 3000 1240 3054 deﬁciente
1267 3001 1349 3053 vel
1378 2999 1483 3053 lide
1515 3015 1618 3052 non
1645 2998 1888 3066 cecidit),
1923 2996 2000 3052 la-

433 3091 610 3160 pidem
671 3090 721 3143 in
777 3089 923 3143 illum
974 3091 1170 3144 mittat.
1225 3090 1513 3146 Latronem
1555 3098 1862 3158 prosternat
1910 3088 2001 3158 qui

429 3191 714 3249 peccatum
746 3182 939 3237 animae
969 3183 1339 3252 perniciosum
1377 3183 1662 3252 produxit;
1717 3179 1850 3235 tales
1899 3195 1998 3234 au-

2169 2360 2259 2427 ιη’.
2330 2359 2470 2413 Ἀλλ’
2520 2350 2675 2417 οὗτος
2733 2357 2830 2424 μὲν
2881 2357 2908 2407 6
2966 2356 3124 2424 λόγος
3167 2359 3542 2428 παραμιγνύει
3599 2365 3674 2433 τῇ

2100 2451 2306 2520 σπουδῇ
2344 2451 2437 2504 καί
2479 2467 2533 2504 τι
2565 2448 2903 2518 ἀθύρματος.
2941 2450 3035 2503 καὶ
3071 2450 3253 2503 είκόνα
3293 2452 3675 2520 παραυγάζει,

2095 2543 2159 2595 οὐ
2186 2543 2471 2609 δυσπρεπῆ
2515 2542 2634 2610 μὲν,
2659 2540 2911 2609 ἀμυδρὰν
2934 2539 3012 2605 δὲ,
3045 2541 3136 2594 καῖ
3175 2542 3251 2604 ὡς
3284 2541 3340 2594 ιν
3364 2559 3470 2595 τινι
3512 2544 3674 2614 σκιᾷ.

2096 2633 2282 2686 Ταῦτα
2331 2633 2387 2686 δὲ
2435 2633 2502 2685 τὰ
2533 2633 2656 2686 καθ’
2693 2632 2839 2700 ἡμᾶς
2873 2632 3134 2701 ἀλήθειαν
3173 2637 3456 2702 φωσφορεῖ
3493 2634 3672 2697 εὐζω-

2101 2726 2404 2796 γράφητον.
2451 2725 2630 2779 Λίθων
2675 2723 2780 2794 γὰρ
2815 2713 2953 2793 αὕτη
3003 2724 3192 2794 στοισὴ
3243 2725 3386 2778 κατὰ
3424 2726 3519 2778 τοῦ
3555 2725 3672 2779 τῶν

2094 2817 2282 2886 ψυχῶν
2321 2815 2580 2884 φονευτοῦ
2621 2815 3048 2884 συναγήγερται,
3098 2815 3180 2878 είς
3231 2816 3406 2868 κακὸν
3455 2817 3678 2870 ἐκείνου

2097 2909 2426 2979 λοφουμένη.
2458 2907 2570 2961 Καὶ
2604 2909 2784 2961 τοίνυν
2809 2907 2958 2961 ἔστιν
3015 2908 3148 2976 ἡμῖν
3195 2907 3428 2962 ἐνταῦθα
3465 2907 3679 2976 λέγειν,

2099 3003 2406 3074 παρῳδοῦσι
2424 3003 2483 3055 τὸ
2510 3001 2804 3072 ἱερώτατον
2826 3003 3010 3068 λόγιον
3029 3018 3044 3033 ο
3076 3019 3092 3052 ι
3108 3000 3296 3064 Ὅστις
3332 3003 3430 3072 οὐχ
3454 3002 3679 3072 ἥμαρτε

2102 3094 2320 3167 (δηλαδὴ
2363 3093 2438 3164 μὴ
2469 3094 2570 3163 τῆς
2603 3095 2683 3157 εἰς
2711 3093 2844 3146 Θεὸν
2876 3094 3146 3162 σταθερᾶς
3195 3093 3553 3146 ἐκπέπτωκεν
3589 3093 3681 3144 ἐλ-

2105 3187 2259 3248 πίδος
2283 3188 2382 3240 καὶ
2419 3186 2703 3256 πίστεως),
2739 3186 2980 3255 βαλλέτω
3006 3185 3154 3238 λίθον
3175 3185 3262 3238 ἐπ’
3292 3185 3476 3238 αὑτὸν.
3504 3204 3524 3237 ε
3561 3186 3680 3240 Καὶ

433 3279 543 3325 tem
609 3274 674 3327 ad
729 3273 892 3326 Deum
952 3274 1298 3328 assensiones
1332 3283 1604 3343 eperetur,
1666 3273 2001 3344 divinumque

2112 3277 2204 3332 τὸν
2243 3278 2447 3350 λῃστὴν
2480 3278 2580 3347 μὲν
2623 3278 3030 3341 καταϐαλλέτω,
3079 3277 3172 3330 τὸν
3199 3277 3300 3344 τὴν
3343 3275 3678 3346 φονεύτριαν

434 3362 846 3418 aedificationem
873 3363 1110 3418 ordinet.

2109 3367 2382 3452 ἁμαρτίαν
2408 3367 2913 3438 δημιουργήσανταο
2953 3365 3276 3437 κορυφούτω
3313 3366 3370 3418 δὲ
3394 3364 3679 3428 τοιούτους

433 3457 512 3518 είς
573 3453 704 3506 Θεὸν
753 3454 1123 3524 ἀναϐαθμούς,
1185 3456 1280 3509 καὶ
1357 3455 1831 3526 συναρμολογείτω
1873 3456 2026 3511 θείαν
2063 3459 2375 3528 οἰκοδομήν.

504 3546 590 3601 i9.
621 3545 728 3602 Sed
762 3547 929 3603 colles
964 3547 1098 3602 istos
1133 3548 1368 3603 humiles
1396 3550 1893 3618 praetermittamus.
1925 3550 2007 3605 A‘d

432 3638 734 3690 columnam
758 3638 954 3691 emittm
989 3639 1124 3692 inter
1153 3649 1459 3708 terramque
1483 3642 1756 3721 proposito
1782 3642 2006 3698 tramite

435 3727 738 3782 redeamus.
775 3727 1032 3785 Ilirabilis
1065 3731 1177 3785 hate
1209 3731 1463 3797 elevatio,
1497 3747 1602 3785 non
1643 3733 1830 3795 maris,
1862 3734 2004 3801 quod

434 3818 703 3886 spirantes
731 3817 1083 3874 tumeiaciunt
1117 3825 1282 3886 venti,
1315 3831 1368 3876 et
1399 3824 1466 3873 ab
1495 3823 1681 3876 humili
1707 3824 2006 3877 substrata-

433 3923 538 3976 que
568 3909 787 3978 planitie
825 3910 877 3965 in
909 3913 1083 3967 elatos
1131 3923 1342 3968 montes
1372 3913 1588 3984 erigunt
1613 3951 1629 3976 ,
1661 3915 1754 3968 sed
1786 3926 2002 3969 asceta-

434 4016 551 4056 rum
583 4002 830 4067 elevatio,
861 4005 950 4073 qui
978 4002 1108 4056 nihil
1151 4005 1315 4058 maris
1343 4005 1481 4059 infra
1532 4006 1717 4076 agitati
1755 4008 1954 4062 habent
1981 4047 1997 4073 ,

433 4094 559 4162 quia
600 4109 705 4146 non
737 4095 940 4147 salsum
975 4097 1230 4149 sudorum
1265 4106 1456 4150 aestum
1485 4109 1708 4168 propter
1745 4100 1999 4154 virtutem

441 4183 675 4245 habent;
729 4184 839 4236 imo
889 4185 1152 4237 bonorum
1194 4202 1223 4238 a
1282 4187 1392 4241 Deo
1439 4191 1604 4255 copia!
1650 4190 1995 4260 adnavigaut.

441 4273 506 4325 Et
540 4272 723 4326 divino
763 4272 956 4339 spiritu
1015 4273 1144 4326 moti
1199 4291 1302 4328 non
1346 4287 1572 4344 possunt
1629 4293 1753 4332 cum
1805 4281 2004 4336 inlimis

434 4363 705 4416 divinitati
737 4365 1258 4434 appropinquaturi;
1291 4366 1511 4432 effundi,
1535 4368 1628 4422 sed
1662 4370 1712 4423 in
1748 4371 1858 4425 alta
1883 4379 2004 4426 tcn-

438 4457 596 4511 dunt.

505 4734 596 4788 9.0.
628 4731 744 4788 Tali
779 4745 907 4787 vero
939 4729 1171 4786 mirabili
1207 4730 1490 4787 altitudine
1519 4731 1564 4787 si
1601 4732 1804 4787 eminet
1826 4737 1999 4805 regio,

437 4835 794 4894 opportunum
825 4836 907 4882 est
956 4835 1011 4880 et
1061 4841 1124 4878 ex
1178 4827 1407 4880 adverso
1457 4824 1584 4881 illud
1638 4840 2000 4896 comparare:

446 4918 736 4973 illlrahilis
772 4920 822 4972 in
861 4919 1092 4973 excelsis
1123 4917 1441 4984 Dominus,»
1477 4931 1670 4988 nempe
1707 4920 1756 4974 in
1791 4923 1869 4976 sic
1896 4922 2008 4975 cla-

442 5011 591 5071 tis,in
615 5023 738 5062 aere
757 5011 1244 5080 progredientibus,
1269 5019 1465 5064 terram
1491 5013 1960 5068 contemnentibus
1985 5051 2002 5078 ,

441 5117 541 5156 nec
576 5100 949 5155 celsitudinem
978 5085 1383 5157 mentientibus.
1412 5101 1617 5157 Etenim
1649 5103 2008 5162 admiratione

439 5191 585 5260 digni
615 5187 707 5256 qui
751 5187 830 5242 sic
859 5189 1074 5257 egregie
1121 5204 1181 5242 se
1215 5190 1361 5257 ipsos
1389 5189 1724 5243 constituunt
1754 5193 2007 5258 operibus

439 5279 803 5336 admirabiles.
831 5279 886 5333 in
919 5279 985 5332 lis
1009 5288 1264 5348 tanquam
1299 5279 1349 5332 in
1374 5278 1579 5334 sanctis
1604 5280 1716 5334 suis
1743 5281 2009 5338 mirabilis

442 5371 701 5430 Dominus
735 5385 896 5441 quem
933 5371 1164 5439 propriis
1205 5371 1463 5425 membris
1496 5381 1550 5425 et
1585 5373 1870 5428 tormentis
1895 5376 2009 5445 glo-

444 5465 658 5517 rilicant
704 5461 976 5517 mirabiles
1028 5462 1262 5531 ipsorum
1310 5462 1624 5517 reddentem
1660 5463 2005 5534 voluntates;

444 5551 533 5618 qui
563 5559 618 5603 ut
645 5551 814 5605 sancti
846 5551 912 5605 ad
946 5550 1111 5606 Deum
1141 5552 1496 5606 ascendentes
1538 5559 1591 5605 et
1621 5551 1698 5607 sic
1741 5553 2003 5610 excelsis~

515 5723 592 5792 (l)
629 5724 762 5779 Num
814 5731 1151 5796 πολυτέλειαν
1174 5734 1196 5785 ?

2178 3552 2262 3607 ιθ⁹.
2306 3549 2470 3604 Ἀλλᾶ
2519 3549 2742 3613 τούτους
2805 3549 2906 3620 μέν
2959 3548 3086 3614 τοὺς
3147 3545 3291 3602 οὕτω
3351 3547 3674 3617 χθαμαλοὺς

2102 3645 2413 3715 γεωλόφους
2441 3644 2647 3698 ἐατέον.
2683 3644 2900 3698 Ἐκτέσν
2928 3643 2985 3697 δὲ
3026 3640 3180 3704 αὖθις
3217 3642 3312 3695 τοῦ
3362 3642 3670 3712 μεταρσίου

2107 3757 2128 3792 ε
2157 3738 2348 3791 στύλον
2374 3756 2394 3790 ε
2431 3737 2570 3791 κατὰ
2600 3736 2702 3807 τὴν
2725 3736 3156 3807 ὑποτεθειμένην
3186 3733 3396 3804 ἔφοδον.
3430 3733 3672 3803 Θαυμα-

2101 3831 2223 3893 στός
2252 3847 2336 3892 τις
2389 3831 2484 3884 καὶ
2521 3827 2676 3890 οὗτος
2713 3847 2732 3880 ι
2765 3825 3160 3898 μετεωρισμδς,
3185 3844 3202 3876 ι
3244 3826 3306 3878 οὐ
3341 3824 3628 3893 θαλάσσης
3651 3863 3670 3888 ,

2101 3921 2170 3990 ἢν
2199 3919 2478 3989 φυσῶντες
2530 3917 2847 3986 ἐξογκοῦσιν
2895 3917 3121 3985 ἄνεμοι,
3163 3916 3255 3968 καὶ
3300 3915 3364 3967 ἐκ
3415 3913 3674 3976 πεδιάδος

2103 4006 2542 4075 καταδαινούσης
2601 4005 2698 4059 καὶ
2748 4003 3176 4073 ὑποκαθημένης
3239 4002 3318 4066 είς
3372 4000 3670 4054 ἀναϐαῖνον

2103 4097 2226 4168 ὅρος
2251 4095 2533 4160 ἀνιστῶσι,
2566 4091 2928 4164 κορυφοῦντες
2961 4092 3254 4161 μετέωρον·
3287 4089 3425 4142 ἀλλὰ
3451 4088 3666 4156 ἀνδρῶν

2102 4187 2378 4255 ἀσκητῶν,
2407 4186 2456 4240 οἳ
2493 4185 2769 4250 θαλάσσης
2800 4183 2898 4252 μὲν
2922 4181 3022 4251 τῆς
3052 4182 3202 4234 κάτω
3227 4180 3382 4233 οὐδέν
3414 4195 3469 4231 τι
3499 4177 3664 4248 ἔχου·-

2107 4295 2210 4343 σιν,
2233 4279 2314 4332 ὅτι
2341 4280 2417 4347 μὴ
2444 4279 2542 4347 τὴν
2557 4277 2876 4344 ύτράλμυρον
2903 4272 3124 4342 πλήμην
3151 4273 3258 4326 τῶν
3288 4271 3432 4340 ὑπὲρ
3459 4271 3664 4338 ἀρετῆς

2105 4371 2363 4442 ἱδρώτωνο
2400 4369 2751 4436 πελαγίζουσι
2785 4367 2842 4419 δέ
2893 4366 3067 4427 ἄλλως
3113 4367 3232 4426 ταῖς
3281 4363 3464 4415 θεόθεν
3499 4363 3663 4432 επιρο

2105 4461 2255 4530 ῥοαῖς
2293 4458 2401 4511 τῶν
2433 4455 2673 4524 ἀγαθῶν·
2705 4455 2798 4507 καὶ
2838 4451 2966 4522 θείῳ
3008 4451 3319 4521 κινούμενοι
3363 4447 3672 4516 Πνεύματι.

2103 4551 2204 4604 οὐκ
2236 4551 2341 4603 εἰσ).
2369 4546 2464 4602 τοῦ
2499 4547 2646 4600 κάτω
2677 4543 2962 4614 κεχύσθαι,
3020 4540 3140 4594 ἀλλ’
3166 4543 3248 4605 εἰς
3295 4540 3418 4592 ὅσον
3463 4535 3582 4592 οἷόν
3607 4555 3671 4591 τε

2033 4659 2080 4716 υ
2105 4641 2376 4708 θειότερον
2423 4635 2861 4708 μετεωρίζονται.

2174 4729 2244 4785 κ’.
2275 4730 2364 4800 Τῷ
2393 4731 2450 4783 δὲ
2470 4728 2697 4797 τοιούτῳ
2723 4725 3010 4794 θαυμασίῳ
3037 4721 3400 4793 μετεωρισμῷ
3429 4737 3668 4775 συνανασ-

2105 4823 2428 4894 φαινομένου
2462 4822 2673 4880 πάντως
2699 4819 2791 4871 καὶ
2819 4815 3010 4884 ὕψους,
3037 4814 3251 4882 καίριόν
3283 4815 3399 4866 ἐστι
3437 4830 3664 4866 συνεπι-

2105 4913 2298 4978 πλέξαι
2328 4912 2420 4965 καὶ
2453 4910 2531 4963 τὸσ
2579 4927 2597 4960 ι
2628 4907 2940 4976 θαυμαστὸς
2983 4908 3042 4958 ἐν
3078 4904 3301 4974 ὑψηλοῖς
3339 4906 3368 4957 6
3397 4903 3608 4975 Κύριος
3643 4922 3660 4954 ι

2105 5007 2217 5066 τοῖς
2245 5001 2391 5055 οὓτω
2422 4999 2625 5070 δηλαδὴ
2655 4996 2972 5065 μετεώροις.
3003 4996 3099 5049 καὶ
3136 4993 3522 5064 ἁεροόατοῦσι,
3574 4995 3669 5046 καὶ

2107 5091 2498 5164 περιφρονοῦσι
2529 5089 2629 5158 τὴν
2655 5089 2777 5156 γῆν,
2807 5091 2902 5140 καὶ
2935 5085 3008 5155 μὴ
3035 5083 3383 5153 ψευδομένοις
3423 5083 3485 5136 τὸ
3533 5084 3671 5152 ὑψη-

2105 5186 2216 5240 λόν.
2250 5183 2410 5237 Αύτοί
2441 5199 2499 5234 τε
2526 5181 2633 5249 γὰρ
2663 5179 3016 5248 θαυμαστέοι,
3051 5175 3194 5229 οὕτω
3242 5175 3669 5246 μετεωρίζοντες

2107 5277 2356 5339 ἑαυτοὺς,
2390 5274 2484 5326 καλ⁸
2514 5269 2838 5340 θαυμασίοις
2861 5270 3041 5338 ἔργοις
3072 5268 3471 5339 ἐμπρέποντες.
3504 5269 3612 5322 Καὶ
3643 5270 3670 5318 6

2104 5368 2310 5438 Κύριος
2362 5367 2420 5418 ἐν
2471 5365 2655 5422 αὐτοῖς
2703 5362 2777 5426 ὡς
2827 5362 3001 5430 ἁγίοις
3033 5361 3198 5414 αὑτοῦ
3246 5359 3580 5428 θαυμαστὸς,
3610 5360 3669 5413 ὃν

2107 5459 2262 5514 αὐτοὶ
2294 5454 2578 5521 δοξάζουσι
2607 5455 2718 5514 τοῖς
2756 5451 2978 5514 οἰκείοις
3004 5451 3192 5521 μέλεσι
3225 5450 3319 5502 καὶ
3353 5450 3663 5520 παθήμασι,

2107 5547 2581 5621 θαυμαστὼσαντα
2612 5547 2670 5600 ἐν
2703 5544 2884 5608 αὐτοῖς
2916 5544 2983 5596 τὰ
3035 5544 3209 5596 οἰκεῖα
3265 5541 3548 5612 θελήματα
3571 5561 3584 5575 ·
3615 5539 3666 5596 οἶ
