  <div class='ocr_page' id='page_1' title='image "/cluster/home/n/w/nwhite01/storage/ocr_20150623/136/hvd.32044054100201/123.png"; bbox 0 0 3950 6208; ppageno 0'>
   <div class='ocr_carea' id='block_1_1' title="bbox 409 303 514 367">
    <p class='ocr_par' dir='ltr' id='par_1_1' title="bbox 409 303 514 367">
     <span class='ocr_line' id='line_1_1' title="bbox 409 303 514 367; baseline 0.029 -4"><span class='ocrx_word' id='word_1_1' title='bbox 409 303 514 367; x_wconf 73' lang='lat'><strong>9.31</strong></span> 
     </span>
    </p>
   </div>
   <div class='ocr_carea' id='block_1_2' title="bbox 416 512 1989 581">
    <p class='ocr_par' dir='ltr' id='par_1_2' title="bbox 416 512 1989 581">
     <span class='ocr_line' id='line_1_2' title="bbox 416 512 1989 581; baseline 0.006 -19"><span class='ocrx_word' id='word_1_2' title='bbox 416 512 638 565; x_wconf 84' lang='lat' dir='ltr'><strong>loricam</strong></span> <span class='ocrx_word' id='word_1_3' title='bbox 675 520 729 564; x_wconf 89' lang='lat' dir='ltr'><strong>et</strong></span> <span class='ocrx_word' id='word_1_4' title='bbox 775 512 1036 580; x_wconf 86' lang='lat' dir='ltr'><strong>reliquam</strong></span> <span class='ocrx_word' id='word_1_5' title='bbox 1073 514 1188 581; x_wconf 79' lang='lat' dir='ltr'><strong>ejus</strong></span> <span class='ocrx_word' id='word_1_6' title='bbox 1217 525 1553 569; x_wconf 76' lang='lat' dir='ltr'><strong>armaturam</strong></span> <span class='ocrx_word' id='word_1_7' title='bbox 1605 518 1656 571; x_wconf 90' lang='lat' dir='ltr'><strong>in</strong></span> <span class='ocrx_word' id='word_1_8' title='bbox 1711 527 1762 571; x_wconf 87' lang='lat' dir='ltr'><strong>te</strong></span> <span class='ocrx_word' id='word_1_9' title='bbox 1810 520 1989 571; x_wconf 78' lang='lat' dir='ltr'><strong>videre</strong></span> 
     </span>
    </p>
   </div>
   <div class='ocr_carea' id='block_1_3' title="bbox 413 601 1990 676">
    <p class='ocr_par' dir='ltr' id='par_1_3' title="bbox 413 601 1990 676">
     <span class='ocr_line' id='line_1_3' title="bbox 413 601 1990 676; baseline 0.006 -23"><span class='ocrx_word' id='word_1_10' title='bbox 413 604 594 670; x_wconf 85' lang='lat' dir='ltr'><strong>cupio.</strong></span> <span class='ocrx_word' id='word_1_11' title='bbox 622 601 768 656; x_wconf 78' lang='lat' dir='ltr'><strong>lianc</strong></span> <span class='ocrx_word' id='word_1_12' title='bbox 793 607 1092 672; x_wconf 66' lang='lat' dir='ltr'><strong>praesertim</strong></span> <span class='ocrx_word' id='word_1_13' title='bbox 1128 607 1373 676; x_wconf 78' lang='lat' dir='ltr'><strong>accinge,</strong></span> <span class='ocrx_word' id='word_1_14' title='bbox 1405 611 1541 662; x_wconf 86' lang='lat' dir='ltr'><strong>hanc</strong></span> <span class='ocrx_word' id='word_1_15' title='bbox 1571 611 1754 676; x_wconf 77' lang='lat' dir='ltr'><strong>indue,</strong></span> <span class='ocrx_word' id='word_1_16' title='bbox 1783 622 1838 665; x_wconf 91' lang='lat' dir='ltr'><strong>et</strong></span> <span class='ocrx_word' id='word_1_17' title='bbox 1872 613 1990 665; x_wconf 81' lang='lat' dir='ltr'><strong>ani-</strong></span> 
     </span>
    </p>
   </div>
   <div class='ocr_carea' id='block_1_4' title="bbox 422 693 1987 767">
    <p class='ocr_par' dir='ltr' id='par_1_4' title="bbox 422 693 1987 767">
     <span class='ocr_line' id='line_1_4' title="bbox 422 693 1987 767; baseline 0.005 -23"><span class='ocrx_word' id='word_1_18' title='bbox 422 709 631 746; x_wconf 88' lang='lat' dir='ltr'><strong>marum</strong></span> <span class='ocrx_word' id='word_1_19' title='bbox 685 693 852 747; x_wconf 85' lang='lat' dir='ltr'><strong>hostis</strong></span> <span class='ocrx_word' id='word_1_20' title='bbox 884 693 1119 765; x_wconf 77' lang='lat' dir='ltr'><strong>aufugiet</strong></span> <span class='ocrx_word' id='word_1_21' title='bbox 1173 698 1393 767; x_wconf 81' lang='lat' dir='ltr'><strong>harpyis</strong></span> <span class='ocrx_word' id='word_1_22' title='bbox 1452 715 1510 753; x_wconf 87' lang='lat' dir='ltr'><strong>se</strong></span> <span class='ocrx_word' id='word_1_23' title='bbox 1570 703 1810 756; x_wconf 83' lang='lat' dir='ltr'><strong>lrudcns.</strong></span> <span class='ocrx_word' id='word_1_24' title='bbox 1855 698 1987 755; x_wconf 75' lang='lat' dir='ltr'><strong>Nam</strong></span> 
     </span>
    </p>
   </div>
   <div class='ocr_carea' id='block_1_5' title="bbox 414 785 1990 861">
    <p class='ocr_par' dir='ltr' id='par_1_5' title="bbox 414 785 1990 861">
     <span class='ocr_line' id='line_1_5' title="bbox 414 785 1990 861; baseline 0.007 -26"><span class='ocrx_word' id='word_1_25' title='bbox 414 785 692 850; x_wconf 83' lang='lat' dir='ltr'><strong>pulchrum</strong></span> <span class='ocrx_word' id='word_1_26' title='bbox 722 796 802 839; x_wconf 84' lang='lat' dir='ltr'><strong>est</strong></span> <span class='ocrx_word' id='word_1_27' title='bbox 833 787 1048 855; x_wconf 80' lang='lat' dir='ltr'><strong>quidem</strong></span> <span class='ocrx_word' id='word_1_28' title='bbox 1080 787 1283 843; x_wconf 79' lang='lat' dir='ltr'><strong>ferrum</strong></span> <span class='ocrx_word' id='word_1_29' title='bbox 1318 792 1481 852; x_wconf 89' lang='lat' dir='ltr'><strong>istud,</strong></span> <span class='ocrx_word' id='word_1_30' title='bbox 1505 808 1568 846; x_wconf 84' lang='lat' dir='ltr'><strong>ex</strong></span> <span class='ocrx_word' id='word_1_31' title='bbox 1599 809 1708 861; x_wconf 84' lang='lat' dir='ltr'><strong>quo</strong></span> <span class='ocrx_word' id='word_1_32' title='bbox 1727 796 1990 846; x_wconf 82' lang='lat' dir='ltr'><strong>adversus</strong></span> 
     </span>
    </p>
   </div>
   <div class='ocr_carea' id='block_1_6' title="bbox 414 877 1988 945">
    <p class='ocr_par' dir='ltr' id='par_1_6' title="bbox 414 877 1988 945">
     <span class='ocr_line' id='line_1_6' title="bbox 414 877 1988 945; baseline 0.006 -16"><span class='ocrx_word' id='word_1_33' title='bbox 414 879 710 945; x_wconf 75' lang='lat' dir='ltr'><strong>pessimum</strong></span> <span class='ocrx_word' id='word_1_34' title='bbox 771 877 981 933; x_wconf 86' lang='lat' dir='ltr'><strong>hostem</strong></span> <span class='ocrx_word' id='word_1_35' title='bbox 1039 883 1142 935; x_wconf 87' lang='lat' dir='ltr'><strong>tela</strong></span> <span class='ocrx_word' id='word_1_36' title='bbox 1195 884 1486 939; x_wconf 87' lang='lat' dir='ltr'><strong>cuduntur.</strong></span> <span class='ocrx_word' id='word_1_37' title='bbox 1539 884 1684 938; x_wconf 83' lang='lat' dir='ltr'><strong>Nihil</strong></span> <span class='ocrx_word' id='word_1_38' title='bbox 1739 900 1865 938; x_wconf 89' lang='lat' dir='ltr'><strong>vero</strong></span> <span class='ocrx_word' id='word_1_39' title='bbox 1912 885 1988 939; x_wconf 90' lang='lat' dir='ltr'><strong>sic</strong></span> 
     </span>
    </p>
   </div>
   <div class='ocr_carea' id='block_1_7' title="bbox 417 968 1987 1044">
    <p class='ocr_par' dir='ltr' id='par_1_7' title="bbox 417 968 1987 1044">
     <span class='ocr_line' id='line_1_7' title="bbox 417 968 1987 1044; baseline 0.006 -25"><span class='ocrx_word' id='word_1_40' title='bbox 417 977 595 1029; x_wconf 80' lang='lat' dir='ltr'><strong>potest</strong></span> <span class='ocrx_word' id='word_1_41' title='bbox 639 968 1086 1024; x_wconf 71' lang='lat' dir='ltr'><strong>invulnerabilem</strong></span> <span class='ocrx_word' id='word_1_42' title='bbox 1126 973 1349 1026; x_wconf 85' lang='lat' dir='ltr'><strong>militem</strong></span> <span class='ocrx_word' id='word_1_43' title='bbox 1388 975 1647 1042; x_wconf 78' lang='lat' dir='ltr'><strong>perlicere</strong></span> <span class='ocrx_word' id='word_1_44' title='bbox 1689 977 1732 1029; x_wconf 84' lang='lat' dir='ltr'><strong>si</strong></span> <span class='ocrx_word' id='word_1_45' title='bbox 1769 984 1987 1044; x_wconf 76' lang='lat' dir='ltr'><strong>aposto-</strong></span> 
     </span>
    </p>
   </div>
   <div class='ocr_carea' id='block_1_8' title="bbox 415 1060 1989 1135">
    <p class='ocr_par' dir='ltr' id='par_1_8' title="bbox 415 1060 1989 1135">
     <span class='ocr_line' id='line_1_8' title="bbox 415 1060 1989 1135; baseline 0.006 -24"><span class='ocrx_word' id='word_1_46' title='bbox 415 1060 572 1113; x_wconf 80' lang='lat' dir='ltr'><strong>licam</strong></span> <span class='ocrx_word' id='word_1_47' title='bbox 611 1073 945 1115; x_wconf 85' lang='lat' dir='ltr'><strong>armaturam</strong></span> <span class='ocrx_word' id='word_1_48' title='bbox 984 1062 1071 1117; x_wconf 86' lang='lat' dir='ltr'><strong>ille</strong></span> <span class='ocrx_word' id='word_1_49' title='bbox 1102 1065 1410 1135; x_wconf 74' lang='lat' dir='ltr'><strong>proiecerit.</strong></span> <span class='ocrx_word' id='word_1_50' title='bbox 1455 1066 1514 1121; x_wconf 84' lang='lat' dir='ltr'><strong>Et</strong></span> <span class='ocrx_word' id='word_1_51' title='bbox 1550 1067 1677 1135; x_wconf 80' lang='lat' dir='ltr'><strong>quid</strong></span> <span class='ocrx_word' id='word_1_52' title='bbox 1707 1068 1830 1120; x_wconf 83' lang='lat' dir='ltr'><strong>dico</strong></span> <span class='ocrx_word' id='word_1_53' title='bbox 1857 1067 1989 1120; x_wconf 84' lang='lat' dir='ltr'><strong>nihil</strong></span> 
     </span>
    </p>
   </div>
   <div class='ocr_carea' id='block_1_9' title="bbox 412 1153 1990 1225">
    <p class='ocr_par' dir='ltr' id='par_1_9' title="bbox 412 1153 1990 1225">
     <span class='ocr_line' id='line_1_9' title="bbox 412 1153 1990 1225; baseline 0.005 -21"><span class='ocrx_word' id='word_1_54' title='bbox 412 1153 639 1221; x_wconf 77' lang='lat' dir='ltr'><strong>potest?</strong></span> <span class='ocrx_word' id='word_1_55' title='bbox 667 1154 950 1208; x_wconf 89' lang='lat' dir='ltr'><strong>dicendum</strong></span> <span class='ocrx_word' id='word_1_56' title='bbox 975 1167 1091 1209; x_wconf 90' lang='lat' dir='ltr'><strong>erat</strong></span> <span class='ocrx_word' id='word_1_57' title='bbox 1114 1158 1253 1225; x_wconf 88' lang='lat' dir='ltr'><strong>quod</strong></span> <span class='ocrx_word' id='word_1_58' title='bbox 1295 1157 1576 1213; x_wconf 78' lang='lat' dir='ltr'><strong>deﬁciente</strong></span> <span class='ocrx_word' id='word_1_59' title='bbox 1619 1158 1708 1212; x_wconf 87' lang='lat' dir='ltr'><strong>illa</strong></span> <span class='ocrx_word' id='word_1_60' title='bbox 1741 1160 1797 1212; x_wconf 88' lang='lat' dir='ltr'><strong>tlt</strong></span> <span class='ocrx_word' id='word_1_61' title='bbox 1831 1173 1990 1212; x_wconf 88' lang='lat' dir='ltr'><strong>asce-</strong></span> 
     </span>
    </p>
   </div>
   <div class='ocr_carea' id='block_1_10' title="bbox 416 1247 1986 1314">
    <p class='ocr_par' dir='ltr' id='par_1_10' title="bbox 416 1247 1986 1314">
     <span class='ocr_line' id='line_1_10' title="bbox 416 1247 1986 1314; baseline 0.003 -17"><span class='ocrx_word' id='word_1_62' title='bbox 416 1255 482 1298; x_wconf 86' lang='lat' dir='ltr'><strong>t:e</strong></span> <span class='ocrx_word' id='word_1_63' title='bbox 514 1260 738 1314; x_wconf 89' lang='lat' dir='ltr'><strong>operum</strong></span> <span class='ocrx_word' id='word_1_64' title='bbox 781 1247 988 1312; x_wconf 77' lang='lat' dir='ltr'><strong>jactura</strong></span> <span class='ocrx_word' id='word_1_65' title='bbox 1017 1257 1072 1302; x_wconf 88' lang='lat' dir='ltr'><strong>et</strong></span> <span class='ocrx_word' id='word_1_66' title='bbox 1127 1265 1398 1302; x_wconf 87' lang='lat' dir='ltr'><strong>summum</strong></span> <span class='ocrx_word' id='word_1_67' title='bbox 1435 1252 1501 1304; x_wconf 88' lang='lat' dir='ltr'><strong>ad</strong></span> <span class='ocrx_word' id='word_1_68' title='bbox 1563 1260 1759 1305; x_wconf 85' lang='lat' dir='ltr'><strong>terram</strong></span> <span class='ocrx_word' id='word_1_69' title='bbox 1819 1251 1986 1305; x_wconf 85' lang='lat' dir='ltr'><strong>trahi-</strong></span> 
     </span>
    </p>
   </div>
   <div class='ocr_carea' id='block_1_11' title="bbox 415 1336 1994 1412">
    <p class='ocr_par' dir='ltr' id='par_1_11' title="bbox 415 1336 1994 1412">
     <span class='ocr_line' id='line_1_11' title="bbox 415 1336 1994 1412; baseline 0.005 -24"><span class='ocrx_word' id='word_1_70' title='bbox 415 1345 504 1389; x_wconf 89' lang='lat' dir='ltr'><strong>tur</strong></span> <span class='ocrx_word' id='word_1_71' title='bbox 532 1347 586 1391; x_wconf 88' lang='lat' dir='ltr'><strong>et</strong></span> <span class='ocrx_word' id='word_1_72' title='bbox 611 1336 752 1405; x_wconf 83' lang='lat' dir='ltr'><strong>quod</strong></span> <span class='ocrx_word' id='word_1_73' title='bbox 775 1338 892 1392; x_wconf 85' lang='lat' dir='ltr'><strong>leve</strong></span> <span class='ocrx_word' id='word_1_74' title='bbox 921 1347 1025 1405; x_wconf 90' lang='lat' dir='ltr'><strong>est,</strong></span> <span class='ocrx_word' id='word_1_75' title='bbox 1054 1351 1374 1409; x_wconf 77' lang='lat' dir='ltr'><strong>aggravatur</strong></span> <span class='ocrx_word' id='word_1_76' title='bbox 1410 1349 1464 1396; x_wconf 90' lang='lat' dir='ltr'><strong>ct</strong></span> <span class='ocrx_word' id='word_1_77' title='bbox 1501 1357 1532 1396; x_wconf 91' lang='lat' dir='ltr'><strong>a</strong></span> <span class='ocrx_word' id='word_1_78' title='bbox 1558 1355 1790 1412; x_wconf 81' lang='lat' dir='ltr'><strong>superno</strong></span> <span class='ocrx_word' id='word_1_79' title='bbox 1811 1342 1994 1397; x_wconf 78' lang='lat' dir='ltr'><strong>volatu</strong></span> 
     </span>
    </p>
   </div>
   <div class='ocr_carea' id='block_1_12' title="bbox 412 1427 1259 1496">
    <p class='ocr_par' dir='ltr' id='par_1_12' title="bbox 412 1427 1259 1496">
     <span class='ocr_line' id='line_1_12' title="bbox 412 1427 1259 1496; baseline 0.008 -19"><span class='ocrx_word' id='word_1_80' title='bbox 412 1439 633 1480; x_wconf 72' lang='lat' dir='ltr'><strong>cessans</strong></span> <span class='ocrx_word' id='word_1_81' title='bbox 669 1427 720 1481; x_wconf 87' lang='lat' dir='ltr'><strong>in</strong></span> <span class='ocrx_word' id='word_1_82' title='bbox 758 1438 952 1482; x_wconf 88' lang='lat' dir='ltr'><strong>terram</strong></span> <span class='ocrx_word' id='word_1_83' title='bbox 983 1429 1259 1496; x_wconf 79' lang='lat' dir='ltr'><strong>dejicitur.</strong></span> 
     </span>
    </p>
   </div>
   <div class='ocr_carea' id='block_1_13' title="bbox 415 1522 2023 1599">
    <p class='ocr_par' dir='ltr' id='par_1_13' title="bbox 415 1522 2023 1599">
     <span class='ocr_line' id='line_1_13' title="bbox 415 1522 2023 1599; baseline 0.007 -27"><span class='ocrx_word' id='word_1_84' title='bbox 415 1523 508 1572; x_wconf 69' lang='grc' dir='ltr'><strong>καὶ</strong></span> <span class='ocrx_word' id='word_1_85' title='bbox 562 1522 828 1591; x_wconf 80' lang='grc' dir='ltr'><strong>ἀμϐλύνει</strong></span> <span class='ocrx_word' id='word_1_86' title='bbox 879 1526 1052 1580; x_wconf 76' lang='grc' dir='ltr'><strong>ταῦτα</strong></span> <span class='ocrx_word' id='word_1_87' title='bbox 1090 1527 1150 1587; x_wconf 75' lang='grc' dir='ltr'><strong>τὸ</strong></span> <span class='ocrx_word' id='word_1_88' title='bbox 1199 1529 1258 1579; x_wconf 78' lang='grc' dir='ltr'><strong>ὲν</strong></span> <span class='ocrx_word' id='word_1_89' title='bbox 1286 1526 1469 1598; x_wconf 78' lang='grc' dir='ltr'><strong>ἔργοις</strong></span> <span class='ocrx_word' id='word_1_90' title='bbox 1521 1531 1842 1598; x_wconf 83' lang='grc' dir='ltr'><strong>ἀσκητικοῒς</strong></span> <span class='ocrx_word' id='word_1_91' title='bbox 1906 1529 2023 1599; x_wconf 73' lang='grc' dir='ltr'><strong>δεῖ),</strong></span> 
     </span>
    </p>
   </div>
   <div class='ocr_carea' id='block_1_14' title="bbox 1163 308 2974 377">
    <p class='ocr_par' dir='ltr' id='par_1_14' title="bbox 1163 308 2974 377">
     <span class='ocr_line' id='line_1_14' title="bbox 1163 308 2974 377; baseline 0.004 -9"><span class='ocrx_word' id='word_1_92' title='bbox 1163 308 1588 369; x_wconf 83' lang='lat' dir='ltr'><strong>EUSTATHII</strong></span> <span class='ocrx_word' id='word_1_93' title='bbox 1633 309 1732 370; x_wconf 90' lang='lat' dir='ltr'><strong>Tll</strong></span> <span class='ocrx_word' id='word_1_94' title='bbox 1747 309 2382 374; x_wconf 73' lang='lat' dir='ltr'><strong>ESSALONICENSIS</strong></span> <span class='ocrx_word' id='word_1_95' title='bbox 2413 313 2974 377; x_wconf 66' lang='lat' dir='ltr'><strong>METliOPOLlT/E</strong></span> 
     </span>
    </p>
   </div>
   <div class='ocr_carea' id='block_1_15' title="bbox 434 420 1995 504">
    <p class='ocr_par' dir='ltr' id='par_1_15' title="bbox 434 420 1972 498">
     <span class='ocr_line' id='line_1_15' title="bbox 434 420 1972 498; baseline 0.008 -28"><span class='ocrx_word' id='word_1_96' title='bbox 434 422 577 474; x_wconf 86' lang='lat' dir='ltr'><strong>orica</strong></span> <span class='ocrx_word' id='word_1_97' title='bbox 611 427 697 474; x_wconf 86' lang='lat' dir='ltr'><strong>tua</strong></span> <span class='ocrx_word' id='word_1_98' title='bbox 733 431 786 474; x_wconf 90' lang='lat' dir='ltr'><strong>et</strong></span> <span class='ocrx_word' id='word_1_99' title='bbox 817 420 958 476; x_wconf 81' lang='lat' dir='ltr'><strong>ferro</strong></span> <span class='ocrx_word' id='word_1_100' title='bbox 983 424 1125 492; x_wconf 85' lang='lat' dir='ltr'><strong>quod</strong></span> <span class='ocrx_word' id='word_1_101' title='bbox 1157 433 1207 478; x_wconf 87' lang='lat' dir='ltr'><strong>te</strong></span> <span class='ocrx_word' id='word_1_102' title='bbox 1236 426 1424 494; x_wconf 82' lang='lat' dir='ltr'><strong>cingit.</strong></span> <span class='ocrx_word' id='word_1_103' title='bbox 1475 426 1579 480; x_wconf 86' lang='lat' dir='ltr'><strong>Sed</strong></span> <span class='ocrx_word' id='word_1_104' title='bbox 1610 430 1788 498; x_wconf 80' lang='lat' dir='ltr'><strong>magni</strong></span> <span class='ocrx_word' id='word_1_105' title='bbox 1822 429 1972 484; x_wconf 81' lang='lat' dir='ltr'><strong>Pauli</strong></span> 
     </span>
    </p>
   </div>
   <div class='ocr_carea' id='block_1_16' title="bbox 2095 420 3659 504">
    <p class='ocr_par' dir='ltr' id='par_1_16' title="bbox 2095 428 3659 504">
     <span class='ocr_line' id='line_1_16' title="bbox 2095 428 3659 504; baseline -0.004 -20"><span class='ocrx_word' id='word_1_106' title='bbox 2095 450 2182 488; x_wconf 78' lang='lat' dir='ltr'><strong>:to:</strong></span> <span class='ocrx_word' id='word_1_107' title='bbox 2205 432 2271 484; x_wconf 80' lang='grc' dir='ltr'><strong>ἂν</strong></span> <span class='ocrx_word' id='word_1_108' title='bbox 2295 432 2458 502; x_wconf 80' lang='grc' dir='ltr'><strong>ἔχοις,</strong></span> <span class='ocrx_word' id='word_1_109' title='bbox 2479 433 2536 485; x_wconf 82' lang='grc' dir='ltr'><strong>ὃν</strong></span> <span class='ocrx_word' id='word_1_110' title='bbox 2568 433 2850 502; x_wconf 80' lang='grc' dir='ltr'><strong>ἐγκρατῶς</strong></span> <span class='ocrx_word' id='word_1_111' title='bbox 2875 431 3295 504; x_wconf 72' lang='grc' dir='ltr'><strong>περιϐέϐλησαι,</strong></span> <span class='ocrx_word' id='word_1_112' title='bbox 3326 451 3344 480; x_wconf 79' lang='grc' dir='ltr'><strong>ι</strong></span> <span class='ocrx_word' id='word_1_113' title='bbox 3375 428 3624 498; x_wconf 77' lang='grc' dir='ltr'><strong>θώρακα.</strong></span> <span class='ocrx_word' id='word_1_114' title='bbox 3642 450 3659 478; x_wconf 78' lang='grc' dir='ltr'><strong>ι</strong></span> 
     </span>
    </p>
   </div>
   <div class='ocr_carea' id='block_1_17' title="bbox 3561 313 3670 378">
    <p class='ocr_par' dir='ltr' id='par_1_17' title="bbox 3561 313 3670 378">
     <span class='ocr_line' id='line_1_17' title="bbox 3561 313 3670 378; baseline -0.018 0"><span class='ocrx_word' id='word_1_115' title='bbox 3561 313 3670 378; x_wconf 71' lang='grc' dir='ltr'><strong>Ξὲἔ.)</strong></span> 
     </span>
    </p>
   </div>
   <div class='ocr_carea' id='block_1_18' title="bbox 2088 521 3668 594">
    <p class='ocr_par' dir='ltr' id='par_1_18' title="bbox 2088 521 3668 594">
     <span class='ocr_line' id='line_1_18' title="bbox 2088 521 3668 594; baseline -0.003 -17"><span class='ocrx_word' id='word_1_116' title='bbox 2088 524 2302 578; x_wconf 73' lang='grc' dir='ltr'><strong>καὶτὸν</strong></span> <span class='ocrx_word' id='word_1_117' title='bbox 2334 525 2518 577; x_wconf 74' lang='grc' dir='ltr'><strong>λοιπὸν</strong></span> <span class='ocrx_word' id='word_1_118' title='bbox 2557 543 2576 576; x_wconf 76' lang='grc' dir='ltr'><strong>ι</strong></span> <span class='ocrx_word' id='word_1_119' title='bbox 2620 526 2859 594; x_wconf 77' lang='grc' dir='ltr'><strong>σίδηρον,</strong></span> <span class='ocrx_word' id='word_1_120' title='bbox 2897 543 2916 576; x_wconf 83' lang='grc'><strong>›</strong></span> <span class='ocrx_word' id='word_1_121' title='bbox 2955 524 3014 585; x_wconf 85' lang='grc' dir='ltr'><strong>ὃς</strong></span> <span class='ocrx_word' id='word_1_122' title='bbox 3062 521 3374 590; x_wconf 77' lang='grc' dir='ltr'><strong>περίκειταξ</strong></span> <span class='ocrx_word' id='word_1_123' title='bbox 3413 538 3494 574; x_wconf 89' lang='grc' dir='ltr'><strong>σε.</strong></span> <span class='ocrx_word' id='word_1_124' title='bbox 3520 522 3668 574; x_wconf 84' lang='grc' dir='ltr'><strong>Ἀλλ’</strong></span> 
     </span>
    </p>
   </div>
   <div class='ocr_carea' id='block_1_19' title="bbox 2087 613 3663 686">
    <p class='ocr_par' dir='ltr' id='par_1_19' title="bbox 2087 613 3663 686">
     <span class='ocr_line' id='line_1_19' title="bbox 2087 613 3663 686; baseline -0.004 -17"><span class='ocrx_word' id='word_1_125' title='bbox 2087 616 2199 684; x_wconf 81' lang='grc' dir='ltr'><strong>ἐγὼ</strong></span> <span class='ocrx_word' id='word_1_126' title='bbox 2231 618 2327 670; x_wconf 70' lang='grc' dir='ltr'><strong>καὶ</strong></span> <span class='ocrx_word' id='word_1_127' title='bbox 2355 619 2445 670; x_wconf 77' lang='grc' dir='ltr'><strong>τὸν</strong></span> <span class='ocrx_word' id='word_1_128' title='bbox 2501 615 2595 670; x_wconf 80' lang='grc' dir='ltr'><strong>τοῦ</strong></span> <span class='ocrx_word' id='word_1_129' title='bbox 2633 617 2870 686; x_wconf 77' lang='grc' dir='ltr'><strong>μεγάλου</strong></span> <span class='ocrx_word' id='word_1_130' title='bbox 2933 615 3143 668; x_wconf 86' lang='grc' dir='ltr'><strong>Παύλου</strong></span> <span class='ocrx_word' id='word_1_131' title='bbox 3179 615 3407 682; x_wconf 79' lang='grc' dir='ltr'><strong>θώρακα</strong></span> <span class='ocrx_word' id='word_1_132' title='bbox 3439 613 3533 666; x_wconf 77' lang='grc' dir='ltr'><strong>καὶ</strong></span> <span class='ocrx_word' id='word_1_133' title='bbox 3564 613 3663 680; x_wconf 79' lang='grc' dir='ltr'><strong>τὴν</strong></span> 
     </span>
    </p>
   </div>
   <div class='ocr_carea' id='block_1_20' title="bbox 2085 704 3668 775">
    <p class='ocr_par' dir='ltr' id='par_1_20' title="bbox 2085 704 3668 775">
     <span class='ocr_line' id='line_1_20' title="bbox 2085 704 3668 775; baseline -0.003 -16"><span class='ocrx_word' id='word_1_134' title='bbox 2085 707 2279 772; x_wconf 69' lang='grc' dir='ltr'><strong>λοιπὴν</strong></span> <span class='ocrx_word' id='word_1_135' title='bbox 2314 708 2533 762; x_wconf 74' lang='grc' dir='ltr'><strong>ἅπασαν</strong></span> <span class='ocrx_word' id='word_1_136' title='bbox 2562 707 2675 758; x_wconf 79' lang='grc' dir='ltr'><strong>ἐκεί</strong></span> <span class='ocrx_word' id='word_1_137' title='bbox 2688 724 2771 759; x_wconf 59' lang='grc' dir='ltr'><strong>μου</strong></span> <span class='ocrx_word' id='word_1_138' title='bbox 2801 706 3104 759; x_wconf 81' lang='grc' dir='ltr'><strong>πανοπλίαν</strong></span> <span class='ocrx_word' id='word_1_139' title='bbox 3157 704 3306 775; x_wconf 77' lang='grc' dir='ltr'><strong>ζητῶ</strong></span> <span class='ocrx_word' id='word_1_140' title='bbox 3338 704 3576 757; x_wconf 75' lang='grc' dir='ltr'>κατιδεῖν</span> <span class='ocrx_word' id='word_1_141' title='bbox 3607 706 3668 755; x_wconf 79' lang='grc' dir='ltr'><strong>ὲν</strong></span> 
     </span>
    </p>
   </div>
   <div class='ocr_carea' id='block_1_21' title="bbox 2087 786 3666 865">
    <p class='ocr_par' dir='ltr' id='par_1_21' title="bbox 2087 786 3666 865">
     <span class='ocr_line' id='line_1_21' title="bbox 2087 786 3666 865; baseline -0.003 -17"><span class='ocrx_word' id='word_1_142' title='bbox 2087 796 2191 850; x_wconf 80' lang='grc' dir='ltr'><strong>σοί.</strong></span> <span class='ocrx_word' id='word_1_143' title='bbox 2226 795 2444 864; x_wconf 87' lang='grc' dir='ltr'><strong>Ταύτην</strong></span> <span class='ocrx_word' id='word_1_144' title='bbox 2477 795 2702 865; x_wconf 74' lang='grc' dir='ltr'><strong>περίθου</strong></span> <span class='ocrx_word' id='word_1_145' title='bbox 2742 794 2995 865; x_wconf 68' lang='grc' dir='ltr'><strong>μάλιστα,</strong></span> <span class='ocrx_word' id='word_1_146' title='bbox 3028 794 3230 862; x_wconf 85' lang='grc' dir='ltr'><strong>ταύτην</strong></span> <span class='ocrx_word' id='word_1_147' title='bbox 3264 786 3492 846; x_wconf 68' lang='grc' dir='ltr'><strong>ὑπόδυθι</strong></span> <span class='ocrx_word' id='word_1_148' title='bbox 3518 811 3529 824; x_wconf 92' lang='grc'><strong>·</strong></span> <span class='ocrx_word' id='word_1_149' title='bbox 3567 796 3666 846; x_wconf 71' lang='grc' dir='ltr'><strong>καὶ</strong></span> 
     </span>
    </p>
   </div>
   <div class='ocr_carea' id='block_1_22' title="bbox 2083 882 3664 955">
    <p class='ocr_par' dir='ltr' id='par_1_22' title="bbox 2083 882 3664 955">
     <span class='ocr_line' id='line_1_22' title="bbox 2083 882 3664 955; baseline -0.004 -16"><span class='ocrx_word' id='word_1_150' title='bbox 2083 889 2111 939; x_wconf 99' lang='lat'><strong>6</strong></span> <span class='ocrx_word' id='word_1_151' title='bbox 2141 885 2248 938; x_wconf 85' lang='grc' dir='ltr'><strong>τῶν</strong></span> <span class='ocrx_word' id='word_1_152' title='bbox 2273 885 2462 955; x_wconf 75' lang='grc' dir='ltr'><strong>ψυχῶν</strong></span> <span class='ocrx_word' id='word_1_153' title='bbox 2497 885 2756 954; x_wconf 85' lang='grc' dir='ltr'><strong>πολέμιος</strong></span> <span class='ocrx_word' id='word_1_154' title='bbox 2802 887 3109 954; x_wconf 77' lang='grc' dir='ltr'><strong>οἰχήσεται,</strong></span> <span class='ocrx_word' id='word_1_155' title='bbox 3145 882 3434 952; x_wconf 82' lang='grc' dir='ltr'><strong>’Λρπυίαις</strong></span> <span class='ocrx_word' id='word_1_156' title='bbox 3467 883 3664 934; x_wconf 68' lang='grc' dir='ltr'><strong>ἑαυτὸν</strong></span> 
     </span>
    </p>
   </div>
   <div class='ocr_carea' id='block_1_23' title="bbox 2083 974 3664 1045">
    <p class='ocr_par' dir='ltr' id='par_1_23' title="bbox 2083 974 3664 1045">
     <span class='ocr_line' id='line_1_23' title="bbox 2083 974 3664 1045; baseline -0.003 -15"><span class='ocrx_word' id='word_1_157' title='bbox 2083 978 2291 1040; x_wconf 80' lang='grc' dir='ltr'><strong>ἐκδούς.</strong></span> <span class='ocrx_word' id='word_1_158' title='bbox 2327 978 2502 1030; x_wconf 76' lang='grc' dir='ltr'><strong>Καλὸν</strong></span> <span class='ocrx_word' id='word_1_159' title='bbox 2540 977 2638 1045; x_wconf 79' lang='grc' dir='ltr'><strong>μὲν</strong></span> <span class='ocrx_word' id='word_1_160' title='bbox 2667 977 2773 1045; x_wconf 78' lang='grc' dir='ltr'><strong>γὰρ</strong></span> <span class='ocrx_word' id='word_1_161' title='bbox 2792 979 2885 1029; x_wconf 69' lang='grc' dir='ltr'><strong>καὶ</strong></span> <span class='ocrx_word' id='word_1_162' title='bbox 2915 979 2942 1028; x_wconf 92' lang='lat'><strong>6</strong></span> <span class='ocrx_word' id='word_1_163' title='bbox 2971 976 3310 1045; x_wconf 73' lang='grc' dir='ltr'><strong>φορούμενος</strong></span> <span class='ocrx_word' id='word_1_164' title='bbox 3345 994 3362 1024; x_wconf 78' lang='grc' dir='ltr'><strong>ι</strong></span> <span class='ocrx_word' id='word_1_165' title='bbox 3392 974 3609 1044; x_wconf 80' lang='grc' dir='ltr'><strong>σίδηρος</strong></span> <span class='ocrx_word' id='word_1_166' title='bbox 3643 994 3664 1026; x_wconf 74' lang='grc' dir='ltr'><strong>ι</strong></span> 
     </span>
    </p>
   </div>
   <div class='ocr_carea' id='block_1_24' title="bbox 2083 1063 3658 1138">
    <p class='ocr_par' dir='ltr' id='par_1_24' title="bbox 2083 1063 3658 1138">
     <span class='ocr_line' id='line_1_24' title="bbox 2083 1063 3658 1138; baseline -0.003 -18"><span class='ocrx_word' id='word_1_167' title='bbox 2083 1063 2262 1131; x_wconf 71' lang='grc' dir='ltr'><strong>οὗτος,</strong></span> <span class='ocrx_word' id='word_1_168' title='bbox 2303 1069 2397 1120; x_wconf 60' lang='grc' dir='ltr'><strong>καὶ</strong></span> <span class='ocrx_word' id='word_1_169' title='bbox 2435 1068 2563 1138; x_wconf 75' lang='grc' dir='ltr'><strong>βέλη</strong></span> <span class='ocrx_word' id='word_1_170' title='bbox 2593 1069 2734 1122; x_wconf 77' lang='grc' dir='ltr'><strong>κατᾶ</strong></span> <span class='ocrx_word' id='word_1_171' title='bbox 2779 1067 2873 1120; x_wconf 81' lang='grc' dir='ltr'><strong>τοῦ</strong></span> <span class='ocrx_word' id='word_1_172' title='bbox 2922 1067 3293 1137; x_wconf 74' lang='grc' dir='ltr'><strong>πονηροτάτου</strong></span> <span class='ocrx_word' id='word_1_173' title='bbox 3323 1065 3658 1134; x_wconf 76' lang='grc' dir='ltr'><strong>πολεμιστοῦ</strong></span> 
     </span>
    </p>
   </div>
   <div class='ocr_carea' id='block_1_25' title="bbox 2085 1155 3669 1229">
    <p class='ocr_par' dir='ltr' id='par_1_25' title="bbox 2085 1155 3669 1229">
     <span class='ocr_line' id='line_1_25' title="bbox 2085 1155 3669 1229; baseline -0.003 -15"><span class='ocrx_word' id='word_1_174' title='bbox 2085 1159 2147 1225; x_wconf 72' lang='grc' dir='ltr'><strong>ἐξ</strong></span> <span class='ocrx_word' id='word_1_175' title='bbox 2171 1159 2336 1214; x_wconf 73' lang='grc' dir='ltr'><strong>αὐτοῦ</strong></span> <span class='ocrx_word' id='word_1_176' title='bbox 2367 1159 2746 1229; x_wconf 85' lang='grc' dir='ltr'><strong>χαλκεύονται.</strong></span> <span class='ocrx_word' id='word_1_177' title='bbox 2785 1161 2973 1228; x_wconf 81' lang='grc' dir='ltr'><strong>’Δρκεϊ</strong></span> <span class='ocrx_word' id='word_1_178' title='bbox 3001 1159 3057 1212; x_wconf 71' lang='grc' dir='ltr'><strong>δὲ</strong></span> <span class='ocrx_word' id='word_1_179' title='bbox 3089 1159 3235 1228; x_wconf 75' lang='grc' dir='ltr'><strong>ὅμως</strong></span> <span class='ocrx_word' id='word_1_180' title='bbox 3258 1157 3430 1217; x_wconf 75' lang='grc' dir='ltr'><strong>οὐδὲν,</strong></span> <span class='ocrx_word' id='word_1_181' title='bbox 3461 1157 3538 1220; x_wconf 83' lang='grc' dir='ltr'><strong>ὡς</strong></span> <span class='ocrx_word' id='word_1_182' title='bbox 3571 1155 3669 1210; x_wconf 74' lang='grc' dir='ltr'><strong>καὶ</strong></span> 
     </span>
    </p>
   </div>
   <div class='ocr_carea' id='block_1_26' title="bbox 2087 1249 3666 1320">
    <p class='ocr_par' dir='ltr' id='par_1_26' title="bbox 2087 1249 3666 1320">
     <span class='ocr_line' id='line_1_26' title="bbox 2087 1249 3666 1320; baseline -0.003 -15"><span class='ocrx_word' id='word_1_183' title='bbox 2087 1249 2465 1320; x_wconf 72' lang='grc' dir='ltr'><strong>ἀκατάϐλητον</strong></span> <span class='ocrx_word' id='word_1_184' title='bbox 2495 1251 2586 1303; x_wconf 82' lang='grc' dir='ltr'><strong>τδν</strong></span> <span class='ocrx_word' id='word_1_185' title='bbox 2613 1252 2670 1303; x_wconf 82' lang='grc' dir='ltr'><strong>ὲν</strong></span> <span class='ocrx_word' id='word_1_186' title='bbox 2703 1249 2850 1320; x_wconf 82' lang='grc' dir='ltr'><strong>αὑτῷ</strong></span> <span class='ocrx_word' id='word_1_187' title='bbox 2885 1251 3226 1318; x_wconf 80' lang='grc' dir='ltr'><strong>στρατιώτην</strong></span> <span class='ocrx_word' id='word_1_188' title='bbox 3271 1249 3579 1312; x_wconf 71' lang='grc' dir='ltr'><strong>ἀποτελεῖν,</strong></span> <span class='ocrx_word' id='word_1_189' title='bbox 3614 1249 3666 1301; x_wconf 75' lang='grc' dir='ltr'><strong>εἰ</strong></span> 
     </span>
    </p>
   </div>
   <div class='ocr_carea' id='block_1_27' title="bbox 2090 1338 3667 1411">
    <p class='ocr_par' dir='ltr' id='par_1_27' title="bbox 2090 1338 3667 1411">
     <span class='ocr_line' id='line_1_27' title="bbox 2090 1338 3667 1411; baseline -0.001 -18"><span class='ocrx_word' id='word_1_190' title='bbox 2090 1344 2188 1410; x_wconf 71' lang='grc' dir='ltr'><strong>τῆν</strong></span> <span class='ocrx_word' id='word_1_191' title='bbox 2219 1340 2584 1409; x_wconf 78' lang='grc' dir='ltr'><strong>ἀποστολικὴν</strong></span> <span class='ocrx_word' id='word_1_192' title='bbox 2628 1342 2836 1404; x_wconf 73' lang='grc' dir='ltr'><strong>ἐκεῖνος</strong></span> <span class='ocrx_word' id='word_1_193' title='bbox 2897 1341 3193 1411; x_wconf 70' lang='grc' dir='ltr'><strong>ἀπορρίψει</strong></span> <span class='ocrx_word' id='word_1_194' title='bbox 3226 1341 3451 1409; x_wconf 77' lang='grc' dir='ltr'><strong>σκευήν.</strong></span> <span class='ocrx_word' id='word_1_195' title='bbox 3505 1338 3574 1391; x_wconf 81' lang='grc' dir='ltr'><strong>Τί</strong></span> <span class='ocrx_word' id='word_1_196' title='bbox 3608 1338 3667 1392; x_wconf 69' lang='grc' dir='ltr'><strong>δὲ</strong></span> 
     </span>
    </p>
   </div>
   <div class='ocr_carea' id='block_1_28' title="bbox 2090 1428 3667 1502">
    <p class='ocr_par' dir='ltr' id='par_1_28' title="bbox 2090 1428 3667 1502">
     <span class='ocr_line' id='line_1_28' title="bbox 2090 1428 3667 1502; baseline -0.002 -17"><span class='ocrx_word' id='word_1_197' title='bbox 2090 1431 2235 1495; x_wconf 80' lang='grc' dir='ltr'><strong>λέγω</strong></span> <span class='ocrx_word' id='word_1_198' title='bbox 2269 1449 2288 1483; x_wconf 77' lang='lat' dir='ltr'><strong>t</strong></span> <span class='ocrx_word' id='word_1_199' title='bbox 2327 1432 2426 1484; x_wconf 80' lang='grc' dir='ltr'><strong>οὐκ</strong></span> <span class='ocrx_word' id='word_1_200' title='bbox 2481 1433 2674 1502; x_wconf 54' lang='lat' dir='ltr'><strong>apud;</strong></span> <span class='ocrx_word' id='word_1_201' title='bbox 2709 1452 2728 1484; x_wconf 71' lang='grc' dir='ltr'><strong>ι</strong></span> <span class='ocrx_word' id='word_1_202' title='bbox 2795 1432 2914 1485; x_wconf 85' lang='grc' dir='ltr'><strong>δέον</strong></span> <span class='ocrx_word' id='word_1_203' title='bbox 2960 1434 3155 1496; x_wconf 79' lang='grc' dir='ltr'><strong>εἰπεῖν,</strong></span> <span class='ocrx_word' id='word_1_204' title='bbox 3189 1428 3266 1494; x_wconf 80' lang='grc' dir='ltr'><strong>ὡς</strong></span> <span class='ocrx_word' id='word_1_205' title='bbox 3295 1429 3507 1500; x_wconf 75' lang='grc' dir='ltr'><strong>ἐκείνης</strong></span> <span class='ocrx_word' id='word_1_206' title='bbox 3537 1429 3667 1500; x_wconf 80' lang='grc' dir='ltr'><strong>δίχα</strong></span> 
     </span>
    </p>
   </div>
   <div class='ocr_carea' id='block_1_29' title="bbox 2103 1524 3671 1598">
    <p class='ocr_par' dir='ltr' id='par_1_29' title="bbox 2103 1524 3671 1598">
     <span class='ocr_line' id='line_1_29' title="bbox 2103 1524 3671 1598; baseline -0.003 -17"><span class='ocrx_word' id='word_1_207' title='bbox 2103 1528 2198 1582; x_wconf 79' lang='grc' dir='ltr'><strong>καὶ</strong></span> <span class='ocrx_word' id='word_1_208' title='bbox 2254 1525 2512 1581; x_wconf 82' lang='grc' dir='ltr'><strong>καθέλκει</strong></span> <span class='ocrx_word' id='word_1_209' title='bbox 2555 1526 2616 1581; x_wconf 84' lang='grc' dir='ltr'><strong>τδ</strong></span> <span class='ocrx_word' id='word_1_210' title='bbox 2669 1527 3140 1598; x_wconf 81' lang='grc' dir='ltr'><strong>ἀνωφορούμενον,</strong></span> <span class='ocrx_word' id='word_1_211' title='bbox 3191 1527 3284 1579; x_wconf 83' lang='grc' dir='ltr'><strong>καὶ</strong></span> <span class='ocrx_word' id='word_1_212' title='bbox 3339 1524 3566 1596; x_wconf 78' lang='grc' dir='ltr'><strong>βαρύνει</strong></span> <span class='ocrx_word' id='word_1_213' title='bbox 3606 1531 3671 1584; x_wconf 80' lang='grc' dir='ltr'><strong>τδ</strong></span> 
     </span>
    </p>
   </div>
   <div class='ocr_carea' id='block_1_30' title="bbox 414 1612 2315 1689">
    <p class='ocr_par' dir='ltr' id='par_1_30' title="bbox 414 1612 2315 1689">
     <span class='ocr_line' id='line_1_30' title="bbox 414 1612 2315 1689; baseline 0.007 -28"><span class='ocrx_word' id='word_1_214' title='bbox 414 1612 635 1679; x_wconf 60' lang='grc' dir='ltr'><strong>κοῦφον,</strong></span> <span class='ocrx_word' id='word_1_215' title='bbox 664 1617 754 1666; x_wconf 74' lang='grc' dir='ltr'><strong>καὶ</strong></span> <span class='ocrx_word' id='word_1_216' title='bbox 790 1616 887 1685; x_wconf 73' lang='grc' dir='ltr'><strong>τὴν</strong></span> <span class='ocrx_word' id='word_1_217' title='bbox 919 1615 1032 1671; x_wconf 71' lang='grc' dir='ltr'><strong>ἀνω</strong></span> <span class='ocrx_word' id='word_1_218' title='bbox 1085 1617 1281 1686; x_wconf 80' lang='grc' dir='ltr'><strong>πτῆσιν</strong></span> <span class='ocrx_word' id='word_1_219' title='bbox 1338 1618 1523 1682; x_wconf 88' lang='grc' dir='ltr'><strong>παύει,</strong></span> <span class='ocrx_word' id='word_1_220' title='bbox 1551 1623 1646 1672; x_wconf 75' lang='grc' dir='ltr'><strong>καὶ</strong></span> <span class='ocrx_word' id='word_1_221' title='bbox 1677 1621 1979 1688; x_wconf 69' lang='grc' dir='ltr'><strong>καταφέρει</strong></span> <span class='ocrx_word' id='word_1_222' title='bbox 2020 1619 2160 1689; x_wconf 77' lang='grc' dir='ltr'><strong>πρὸς</strong></span> <span class='ocrx_word' id='word_1_223' title='bbox 2185 1619 2315 1688; x_wconf 80' lang='grc' dir='ltr'><strong>γῆν.</strong></span> 
     </span>
    </p>
   </div>
   <div class='ocr_carea' id='block_1_31' title="bbox 482 1702 1987 1777">
    <p class='ocr_par' dir='ltr' id='par_1_31' title="bbox 482 1702 1987 1777">
     <span class='ocr_line' id='line_1_31' title="bbox 482 1702 1987 1777; baseline 0.003 -20"><span class='ocrx_word' id='word_1_224' title='bbox 482 1702 572 1758; x_wconf 71' lang='grc'><strong>54.</strong></span> <span class='ocrx_word' id='word_1_225' title='bbox 617 1703 812 1758; x_wconf 76' lang='lat' dir='ltr'><strong>Multos</strong></span> <span class='ocrx_word' id='word_1_226' title='bbox 871 1704 1074 1759; x_wconf 77' lang='lat' dir='ltr'><strong>ferrum</strong></span> <span class='ocrx_word' id='word_1_227' title='bbox 1119 1707 1173 1759; x_wconf 91' lang='lat' dir='ltr'><strong>in</strong></span> <span class='ocrx_word' id='word_1_228' title='bbox 1227 1705 1363 1760; x_wconf 85' lang='lat' dir='ltr'><strong>bella</strong></span> <span class='ocrx_word' id='word_1_229' title='bbox 1411 1717 1598 1762; x_wconf 91' lang='lat' dir='ltr'><strong>contra</strong></span> <span class='ocrx_word' id='word_1_230' title='bbox 1650 1709 1987 1777; x_wconf 76' lang='lat' dir='ltr'><strong>Spiritualeni</strong></span> 
     </span>
    </p>
   </div>
   <div class='ocr_carea' id='block_1_32' title="bbox 2168 1701 3668 1777">
    <p class='ocr_par' dir='ltr' id='par_1_32' title="bbox 2168 1701 3668 1777">
     <span class='ocr_line' id='line_1_32' title="bbox 2168 1701 3668 1777; baseline 0.001 -17"><span class='ocrx_word' id='word_1_231' title='bbox 2168 1705 2262 1760; x_wconf 77' lang='grc' dir='ltr'><strong>λδ¹.</strong></span> <span class='ocrx_word' id='word_1_232' title='bbox 2302 1706 2534 1768; x_wconf 75' lang='grc' dir='ltr'><strong>Πολλοὺς</strong></span> <span class='ocrx_word' id='word_1_233' title='bbox 2553 1706 2580 1759; x_wconf 89' lang='lat'><strong>6</strong></span> <span class='ocrx_word' id='word_1_234' title='bbox 2611 1723 2630 1756; x_wconf 79' lang='grc' dir='ltr'><strong>ι</strong></span> <span class='ocrx_word' id='word_1_235' title='bbox 2663 1704 2874 1774; x_wconf 76' lang='grc' dir='ltr'><strong>σίδηρος</strong></span> <span class='ocrx_word' id='word_1_236' title='bbox 2901 1723 2919 1756; x_wconf 74' lang='grc' dir='ltr'><strong>ι</strong></span> <span class='ocrx_word' id='word_1_237' title='bbox 2955 1707 3037 1767; x_wconf 84' lang='grc' dir='ltr'><strong>εἰς</strong></span> <span class='ocrx_word' id='word_1_238' title='bbox 3064 1706 3154 1759; x_wconf 70' lang='grc' dir='ltr'><strong>τὸν</strong></span> <span class='ocrx_word' id='word_1_239' title='bbox 3184 1705 3325 1760; x_wconf 80' lang='grc' dir='ltr'><strong>κατά</strong></span> <span class='ocrx_word' id='word_1_240' title='bbox 3352 1706 3448 1760; x_wconf 73' lang='grc' dir='ltr'><strong>τοῦ</strong></span> <span class='ocrx_word' id='word_1_241' title='bbox 3471 1701 3668 1777; x_wconf 69' lang='grc' dir='ltr'><strong>νοητοῦ</strong></span> 
     </span>
    </p>
   </div>
   <div class='ocr_carea' id='block_1_33' title="bbox 415 1788 1995 1874">
    <p class='ocr_par' dir='ltr' id='par_1_33' title="bbox 415 1798 1990 1869">
     <span class='ocr_line' id='line_1_33' title="bbox 415 1798 1990 1869; baseline 0.003 -21"><span class='ocrx_word' id='word_1_242' title='bbox 415 1798 624 1849; x_wconf 62' lang='lat' dir='ltr'><strong>hostem</strong></span> <span class='ocrx_word' id='word_1_243' title='bbox 668 1799 961 1861; x_wconf 78' lang='lat' dir='ltr'><strong>excitavit;</strong></span> <span class='ocrx_word' id='word_1_244' title='bbox 1015 1799 1214 1854; x_wconf 86' lang='lat' dir='ltr'><strong>multos</strong></span> <span class='ocrx_word' id='word_1_245' title='bbox 1270 1800 1546 1853; x_wconf 90' lang='lat' dir='ltr'><strong>hebetavit</strong></span> <span class='ocrx_word' id='word_1_246' title='bbox 1593 1811 1646 1854; x_wconf 93' lang='lat' dir='ltr'><strong>et</strong></span> <span class='ocrx_word' id='word_1_247' title='bbox 1690 1801 1990 1869; x_wconf 83' lang='lat' dir='ltr'><strong>impedivit,</strong></span> 
     </span>
    </p>
   </div>
   <div class='ocr_carea' id='block_1_34' title="bbox 2095 1788 3666 1874">
    <p class='ocr_par' dir='ltr' id='par_1_34' title="bbox 2096 1788 3666 1866">
     <span class='ocr_line' id='line_1_34' title="bbox 2096 1788 3666 1866; baseline 0.001 -18"><span class='ocrx_word' id='word_1_248' title='bbox 2096 1788 2395 1866; x_wconf 81' lang='grc' dir='ltr'><strong>ἀντιμάχου</strong></span> <span class='ocrx_word' id='word_1_249' title='bbox 2423 1795 2702 1862; x_wconf 77' lang='grc' dir='ltr'><strong>ἑστόμωσε</strong></span> <span class='ocrx_word' id='word_1_250' title='bbox 2729 1795 2985 1864; x_wconf 87' lang='grc' dir='ltr'><strong>πόλεμον,</strong></span> <span class='ocrx_word' id='word_1_251' title='bbox 3015 1795 3242 1857; x_wconf 76' lang='grc' dir='ltr'><strong>πολλοὺς</strong></span> <span class='ocrx_word' id='word_1_252' title='bbox 3267 1797 3362 1848; x_wconf 69' lang='grc' dir='ltr'><strong>καὶ</strong></span> <span class='ocrx_word' id='word_1_253' title='bbox 3381 1795 3666 1863; x_wconf 75' lang='grc' dir='ltr'><strong>ἀμϐλύνας</strong></span> 
     </span>
    </p>
   </div>
   <div class='ocr_carea' id='block_1_35' title="bbox 417 1888 1994 1960">
    <p class='ocr_par' dir='ltr' id='par_1_35' title="bbox 417 1888 1994 1960">
     <span class='ocr_line' id='line_1_35' title="bbox 417 1888 1994 1960; baseline 0.006 -25"><span class='ocrx_word' id='word_1_254' title='bbox 417 1888 519 1940; x_wconf 75' lang='lat' dir='ltr'><strong>illis</strong></span> <span class='ocrx_word' id='word_1_255' title='bbox 545 1902 691 1939; x_wconf 88' lang='lat' dir='ltr'><strong>arma</strong></span> <span class='ocrx_word' id='word_1_256' title='bbox 719 1889 1099 1953; x_wconf 85' lang='lat' dir='ltr'><strong>circumdedit,</strong></span> <span class='ocrx_word' id='word_1_257' title='bbox 1123 1892 1315 1943; x_wconf 92' lang='lat' dir='ltr'><strong>horum</strong></span> <span class='ocrx_word' id='word_1_258' title='bbox 1343 1892 1396 1944; x_wconf 91' lang='lat' dir='ltr'><strong>in</strong></span> <span class='ocrx_word' id='word_1_259' title='bbox 1420 1891 1682 1954; x_wconf 86' lang='lat' dir='ltr'><strong>manicas,</strong></span> <span class='ocrx_word' id='word_1_260' title='bbox 1707 1892 1994 1960; x_wconf 78' lang='lat' dir='ltr'><strong>compedes</strong></span> 
     </span>
    </p>
   </div>
   <div class='ocr_carea' id='block_1_36' title="bbox 2094 1886 3666 1957">
    <p class='ocr_par' dir='ltr' id='par_1_36' title="bbox 2094 1886 3666 1957">
     <span class='ocr_line' id='line_1_36' title="bbox 2094 1886 3666 1957; baseline 0.001 -16"><span class='ocrx_word' id='word_1_261' title='bbox 2094 1889 2458 1953; x_wconf 75' lang='grc' dir='ltr'><strong>συνεπόδισεν,</strong></span> <span class='ocrx_word' id='word_1_262' title='bbox 2493 1886 2718 1948; x_wconf 77' lang='grc' dir='ltr'><strong>ἐκείνοις</strong></span> <span class='ocrx_word' id='word_1_263' title='bbox 2748 1887 2846 1956; x_wconf 81' lang='grc' dir='ltr'><strong>μὲν</strong></span> <span class='ocrx_word' id='word_1_264' title='bbox 2875 1887 3033 1940; x_wconf 73' lang='grc' dir='ltr'><strong>ὁποῖα</strong></span> <span class='ocrx_word' id='word_1_265' title='bbox 3055 1905 3106 1939; x_wconf 88' lang='grc' dir='ltr'><strong>τι</strong></span> <span class='ocrx_word' id='word_1_266' title='bbox 3137 1886 3300 1941; x_wconf 83' lang='grc' dir='ltr'><strong>ὅπλον</strong></span> <span class='ocrx_word' id='word_1_267' title='bbox 3319 1889 3666 1957; x_wconf 72' lang='grc' dir='ltr'><strong>ἀμφιτεθεὶς,</strong></span> 
     </span>
    </p>
   </div>
   <div class='ocr_carea' id='block_1_37' title="bbox 418 1979 1995 2049">
    <p class='ocr_par' dir='ltr' id='par_1_37' title="bbox 418 1979 1995 2045">
     <span class='ocr_line' id='line_1_37' title="bbox 418 1979 1995 2045; baseline 0.007 -20"><span class='ocrx_word' id='word_1_268' title='bbox 418 1979 701 2040; x_wconf 73' lang='lat' dir='ltr'><strong>incidens:</strong></span> <span class='ocrx_word' id='word_1_269' title='bbox 731 1991 962 2045; x_wconf 86' lang='lat' dir='ltr'><strong>quorum</strong></span> <span class='ocrx_word' id='word_1_270' title='bbox 999 1980 1188 2033; x_wconf 87' lang='lat' dir='ltr'><strong>merito</strong></span> <span class='ocrx_word' id='word_1_271' title='bbox 1223 1981 1605 2035; x_wconf 78' lang='lat' dir='ltr'><strong>miserabimur</strong></span> <span class='ocrx_word' id='word_1_272' title='bbox 1627 1982 1668 2036; x_wconf 90' lang='lat' dir='ltr'><strong>si</strong></span> <span class='ocrx_word' id='word_1_273' title='bbox 1693 1981 1815 2036; x_wconf 74' lang='lat' dir='ltr'><strong>vita:</strong></span> <span class='ocrx_word' id='word_1_274' title='bbox 1849 1997 1995 2036; x_wconf 87' lang='lat' dir='ltr'><strong>mare</strong></span> 
     </span>
    </p>
   </div>
   <div class='ocr_carea' id='block_1_38' title="bbox 2095 1979 3668 2049">
    <p class='ocr_par' dir='ltr' id='par_1_38' title="bbox 2095 1979 3668 2049">
     <span class='ocr_line' id='line_1_38' title="bbox 2095 1979 3668 2049; baseline 0.001 -16"><span class='ocrx_word' id='word_1_275' title='bbox 2095 1981 2299 2042; x_wconf 80' lang='grc' dir='ltr'><strong>τούτοις</strong></span> <span class='ocrx_word' id='word_1_276' title='bbox 2331 1981 2385 2032; x_wconf 72' lang='grc' dir='ltr'><strong>δὲ</strong></span> <span class='ocrx_word' id='word_1_277' title='bbox 2423 1980 2495 2040; x_wconf 72' lang='grc' dir='ltr'><strong>ὥς</strong></span> <span class='ocrx_word' id='word_1_278' title='bbox 2524 1980 2601 2041; x_wconf 82' lang='grc' dir='ltr'><strong>εἰς</strong></span> <span class='ocrx_word' id='word_1_279' title='bbox 2631 1979 2955 2049; x_wconf 79' lang='grc' dir='ltr'><strong>χειροπέδην</strong></span> <span class='ocrx_word' id='word_1_280' title='bbox 2980 1979 3282 2032; x_wconf 81' lang='grc' dir='ltr'><strong>διεκπεσὼν</strong></span> <span class='ocrx_word' id='word_1_281' title='bbox 3307 1983 3401 2035; x_wconf 72' lang='grc' dir='ltr'><strong>καὶ</strong></span> <span class='ocrx_word' id='word_1_282' title='bbox 3434 1981 3668 2035; x_wconf 72' lang='grc' dir='ltr'><strong>πώοκάο</strong></span> 
     </span>
    </p>
   </div>
   <div class='ocr_carea' id='block_1_39' title="bbox 419 2071 1996 2140">
    <p class='ocr_par' dir='ltr' id='par_1_39' title="bbox 419 2071 1996 2140">
     <span class='ocr_line' id='line_1_39' title="bbox 419 2071 1996 2140; baseline 0.005 -20"><span class='ocrx_word' id='word_1_283' title='bbox 419 2071 769 2140; x_wconf 78' lang='lat' dir='ltr'><strong>pernzivigant</strong></span> <span class='ocrx_word' id='word_1_284' title='bbox 794 2071 1149 2139; x_wconf 90' lang='lat' dir='ltr'><strong>procellosum</strong></span> <span class='ocrx_word' id='word_1_285' title='bbox 1175 2081 1229 2124; x_wconf 91' lang='lat' dir='ltr'><strong>et</strong></span> <span class='ocrx_word' id='word_1_286' title='bbox 1262 2073 1514 2128; x_wconf 79' lang='lat' dir='ltr'><strong>ﬂuctibus</strong></span> <span class='ocrx_word' id='word_1_287' title='bbox 1551 2072 1687 2129; x_wconf 81' lang='lat' dir='ltr'><strong>diris</strong></span> <span class='ocrx_word' id='word_1_288' title='bbox 1717 2074 1996 2128; x_wconf 76' lang='lat' dir='ltr'><strong>exundans</strong></span> 
     </span>
    </p>
   </div>
   <div class='ocr_carea' id='block_1_40' title="bbox 419 2160 1993 2231">
    <p class='ocr_par' dir='ltr' id='par_1_40' title="bbox 419 2160 1993 2231">
     <span class='ocr_line' id='line_1_40' title="bbox 419 2160 1993 2231; baseline 0.005 -21"><span class='ocrx_word' id='word_1_289' title='bbox 419 2169 473 2211; x_wconf 75' lang='lat' dir='ltr'><strong>et</strong></span> <span class='ocrx_word' id='word_1_290' title='bbox 503 2160 888 2227; x_wconf 83' lang='lat' dir='ltr'><strong>periculosum,</strong></span> <span class='ocrx_word' id='word_1_291' title='bbox 931 2175 1094 2230; x_wconf 86' lang='lat' dir='ltr'><strong>super</strong></span> <span class='ocrx_word' id='word_1_292' title='bbox 1136 2163 1278 2230; x_wconf 90' lang='lat' dir='ltr'><strong>quod</strong></span> <span class='ocrx_word' id='word_1_293' title='bbox 1330 2163 1668 2231; x_wconf 78' lang='lat' dir='ltr'><strong>simplicibus</strong></span> <span class='ocrx_word' id='word_1_294' title='bbox 1735 2164 1993 2218; x_wconf 86' lang='lat' dir='ltr'><strong>membris</strong></span> 
     </span>
    </p>
   </div>
   <div class='ocr_carea' id='block_1_41' title="bbox 420 2247 1990 2319">
    <p class='ocr_par' dir='ltr' id='par_1_41' title="bbox 420 2247 1990 2319">
     <span class='ocr_line' id='line_1_41' title="bbox 420 2247 1990 2319; baseline 0.005 -23"><span class='ocrx_word' id='word_1_295' title='bbox 420 2248 501 2313; x_wconf 65' lang='lat' dir='ltr'><strong>agi</strong></span> <span class='ocrx_word' id='word_1_296' title='bbox 557 2247 867 2308; x_wconf 88' lang='lat' dir='ltr'><strong>deberent,</strong></span> <span class='ocrx_word' id='word_1_297' title='bbox 925 2249 1013 2311; x_wconf 87' lang='lat' dir='ltr'><strong>qui</strong></span> <span class='ocrx_word' id='word_1_298' title='bbox 1067 2249 1244 2301; x_wconf 81' lang='lat' dir='ltr'><strong>adimo</strong></span> <span class='ocrx_word' id='word_1_299' title='bbox 1293 2248 1424 2303; x_wconf 87' lang='lat' dir='ltr'><strong>l&#39;erri</strong></span> <span class='ocrx_word' id='word_1_300' title='bbox 1483 2250 1694 2318; x_wconf 87' lang='lat' dir='ltr'><strong>pondus</strong></span> <span class='ocrx_word' id='word_1_301' title='bbox 1755 2265 1990 2319; x_wconf 74' lang='lat' dir='ltr'><strong>gravatis</strong></span> 
     </span>
    </p>
   </div>
   <div class='ocr_carea' id='block_1_42' title="bbox 424 2329 1984 2409">
    <p class='ocr_par' dir='ltr' id='par_1_42' title="bbox 424 2329 1984 2409">
     <span class='ocr_line' id='line_1_42' title="bbox 424 2329 1984 2409; baseline 0.003 -20"><span class='ocrx_word' id='word_1_302' title='bbox 424 2329 638 2391; x_wconf 68' lang='lat' dir='ltr'><strong>habent.</strong></span> <span class='ocrx_word' id='word_1_303' title='bbox 695 2337 919 2393; x_wconf 85' lang='lat' dir='ltr'><strong>Ferrum</strong></span> <span class='ocrx_word' id='word_1_304' title='bbox 967 2339 1109 2394; x_wconf 84' lang='lat' dir='ltr'><strong>istud</strong></span> <span class='ocrx_word' id='word_1_305' title='bbox 1156 2340 1220 2393; x_wconf 91' lang='lat' dir='ltr'><strong>iis</strong></span> <span class='ocrx_word' id='word_1_306' title='bbox 1280 2339 1496 2409; x_wconf 82' lang='lat' dir='ltr'><strong>quidem</strong></span> <span class='ocrx_word' id='word_1_307' title='bbox 1541 2342 1633 2408; x_wconf 91' lang='lat' dir='ltr'><strong>qui</strong></span> <span class='ocrx_word' id='word_1_308' title='bbox 1687 2341 1984 2394; x_wconf 88' lang='lat' dir='ltr'><strong>secundum</strong></span> 
     </span>
    </p>
   </div>
   <div class='ocr_carea' id='block_1_43' title="bbox 421 2428 1988 2498">
    <p class='ocr_par' dir='ltr' id='par_1_43' title="bbox 421 2428 1988 2498">
     <span class='ocr_line' id='line_1_43' title="bbox 421 2428 1988 2498; baseline 0.004 -22"><span class='ocrx_word' id='word_1_309' title='bbox 421 2428 696 2481; x_wconf 78' lang='lat' dir='ltr'><strong>veritatem</strong></span> <span class='ocrx_word' id='word_1_310' title='bbox 747 2430 954 2483; x_wconf 90' lang='lat' dir='ltr'><strong>strenui</strong></span> <span class='ocrx_word' id='word_1_311' title='bbox 999 2439 1147 2495; x_wconf 89' lang='lat' dir='ltr'><strong>sunt,</strong></span> <span class='ocrx_word' id='word_1_312' title='bbox 1197 2445 1299 2482; x_wconf 93' lang='lat' dir='ltr'><strong>non</strong></span> <span class='ocrx_word' id='word_1_313' title='bbox 1336 2429 1638 2498; x_wconf 71' lang='lat' dir='ltr'><strong>prmcipites</strong></span> <span class='ocrx_word' id='word_1_314' title='bbox 1681 2430 1792 2498; x_wconf 73' lang='lat' dir='ltr'><strong>agit</strong></span> <span class='ocrx_word' id='word_1_315' title='bbox 1853 2445 1988 2498; x_wconf 88' lang='lat' dir='ltr'><strong>pon-</strong></span> 
     </span>
    </p>
   </div>
   <div class='ocr_carea' id='block_1_44' title="bbox 420 2522 1989 2591">
    <p class='ocr_par' dir='ltr' id='par_1_44' title="bbox 420 2522 1989 2591">
     <span class='ocr_line' id='line_1_44' title="bbox 420 2522 1989 2591; baseline 0.004 -20"><span class='ocrx_word' id='word_1_316' title='bbox 420 2525 537 2584; x_wconf 85' lang='lat' dir='ltr'><strong>dus,</strong></span> <span class='ocrx_word' id='word_1_317' title='bbox 571 2522 661 2575; x_wconf 58' lang='lat' dir='ltr'><strong>setl</strong></span> <span class='ocrx_word' id='word_1_318' title='bbox 698 2523 930 2576; x_wconf 64' lang='lat' dir='ltr'><strong>a&#39;iichOra</strong></span> <span class='ocrx_word' id='word_1_319' title='bbox 969 2523 1228 2578; x_wconf 82' lang='lat' dir='ltr'><strong>salutaris</strong></span> <span class='ocrx_word' id='word_1_320' title='bbox 1253 2523 1318 2591; x_wconf 59' lang='grc' dir='ltr'><strong>ζει</strong></span> <span class='ocrx_word' id='word_1_321' title='bbox 1349 2537 1502 2575; x_wconf 91' lang='lat' dir='ltr'><strong>sacra</strong></span> <span class='ocrx_word' id='word_1_322' title='bbox 1563 2523 1882 2588; x_wconf 87' lang='lat' dir='ltr'><strong>ordinatur;</strong></span> <span class='ocrx_word' id='word_1_323' title='bbox 1924 2524 1989 2577; x_wconf 90' lang='lat' dir='ltr'><strong>iis</strong></span> 
     </span>
    </p>
   </div>
   <div class='ocr_carea' id='block_1_45' title="bbox 420 2614 1986 2683">
    <p class='ocr_par' dir='ltr' id='par_1_45' title="bbox 420 2614 1986 2683">
     <span class='ocr_line' id='line_1_45' title="bbox 420 2614 1986 2683; baseline 0.001 -17"><span class='ocrx_word' id='word_1_324' title='bbox 420 2629 546 2666; x_wconf 87' lang='lat' dir='ltr'><strong>vero</strong></span> <span class='ocrx_word' id='word_1_325' title='bbox 578 2615 665 2682; x_wconf 83' lang='lat' dir='ltr'><strong>qui</strong></span> <span class='ocrx_word' id='word_1_326' title='bbox 704 2614 861 2667; x_wconf 83' lang='lat' dir='ltr'><strong>aliter</strong></span> <span class='ocrx_word' id='word_1_327' title='bbox 925 2627 982 2667; x_wconf 88' lang='lat' dir='ltr'><strong>se</strong></span> <span class='ocrx_word' id='word_1_328' title='bbox 1023 2614 1240 2676; x_wconf 87' lang='lat' dir='ltr'><strong>habent,</strong></span> <span class='ocrx_word' id='word_1_329' title='bbox 1295 2615 1572 2682; x_wconf 89' lang='lat' dir='ltr'><strong>plumbum</strong></span> <span class='ocrx_word' id='word_1_330' title='bbox 1623 2614 1680 2666; x_wconf 83' lang='lat' dir='ltr'><strong>tit</strong></span> <span class='ocrx_word' id='word_1_331' title='bbox 1729 2615 1781 2666; x_wconf 90' lang='lat' dir='ltr'><strong>in</strong></span> <span class='ocrx_word' id='word_1_332' title='bbox 1831 2615 1986 2683; x_wconf 80' lang='lat' dir='ltr'><strong>aquis</strong></span> 
     </span>
    </p>
   </div>
   <div class='ocr_carea' id='block_1_46' title="bbox 420 2690 1990 2772">
    <p class='ocr_par' dir='ltr' id='par_1_46' title="bbox 420 2690 1990 2772">
     <span class='ocr_line' id='line_1_46' title="bbox 420 2690 1990 2772; baseline 0.002 -19"><span class='ocrx_word' id='word_1_333' title='bbox 420 2705 829 2758; x_wconf 65' lang='lat' dir='ltr'><strong>vehementibus</strong></span> <span class='ocrx_word' id='word_1_334' title='bbox 864 2705 1172 2758; x_wconf 84' lang='lat' dir='ltr'><strong>submersos</strong></span> <span class='ocrx_word' id='word_1_335' title='bbox 1227 2703 1560 2772; x_wconf 81' lang='lat' dir='ltr'><strong>deprimens.</strong></span> <span class='ocrx_word' id='word_1_336' title='bbox 1597 2690 1713 2758; x_wconf 83' lang='lat' dir='ltr'><strong>Non</strong></span> <span class='ocrx_word' id='word_1_337' title='bbox 1751 2717 1880 2771; x_wconf 69' lang='lat' dir='ltr'><strong>ergo</strong></span> <span class='ocrx_word' id='word_1_338' title='bbox 1906 2717 1990 2759; x_wconf 75' lang='lat' dir='ltr'><strong>sa-</strong></span> 
     </span>
    </p>
   </div>
   <div class='ocr_carea' id='block_1_47' title="bbox 421 2796 1989 2866">
    <p class='ocr_par' dir='ltr' id='par_1_47' title="bbox 421 2796 1989 2866">
     <span class='ocr_line' id='line_1_47' title="bbox 421 2796 1989 2866; baseline 0.003 -20"><span class='ocrx_word' id='word_1_339' title='bbox 421 2796 592 2849; x_wconf 87' lang='lat' dir='ltr'><strong>lutare</strong></span> <span class='ocrx_word' id='word_1_340' title='bbox 625 2810 723 2850; x_wconf 87' lang='lat' dir='ltr'><strong>nec</strong></span> <span class='ocrx_word' id='word_1_341' title='bbox 755 2797 830 2849; x_wconf 88' lang='lat' dir='ltr'><strong>sic</strong></span> <span class='ocrx_word' id='word_1_342' title='bbox 863 2807 957 2851; x_wconf 88' lang='lat' dir='ltr'><strong>aut</strong></span> <span class='ocrx_word' id='word_1_343' title='bbox 982 2797 1138 2851; x_wconf 85' lang='lat' dir='ltr'><strong>aliter</strong></span> <span class='ocrx_word' id='word_1_344' title='bbox 1179 2797 1396 2859; x_wconf 87' lang='lat' dir='ltr'><strong>cecidit,</strong></span> <span class='ocrx_word' id='word_1_345' title='bbox 1431 2811 1528 2866; x_wconf 89' lang='lat' dir='ltr'><strong>pro</strong></span> <span class='ocrx_word' id='word_1_346' title='bbox 1560 2797 1788 2852; x_wconf 84' lang='lat' dir='ltr'><strong>consilio</strong></span> <span class='ocrx_word' id='word_1_347' title='bbox 1814 2797 1989 2852; x_wconf 89' lang='lat' dir='ltr'><strong>electo</strong></span> 
     </span>
    </p>
   </div>
   <div class='ocr_carea' id='block_1_48' title="bbox 422 2887 884 2942">
    <p class='ocr_par' dir='ltr' id='par_1_48' title="bbox 422 2887 884 2942">
     <span class='ocr_line' id='line_1_48' title="bbox 422 2887 884 2942; baseline 0.009 -4"><span class='ocrx_word' id='word_1_348' title='bbox 422 2887 700 2942; x_wconf 67' lang='lat' dir='ltr'><strong>Inusitante</strong></span> <span class='ocrx_word' id='word_1_349' title='bbox 733 2889 884 2942; x_wconf 84' lang='lat' dir='ltr'><strong>libra.</strong></span> 
     </span>
    </p>
   </div>
   <div class='ocr_carea' id='block_1_49' title="bbox 2091 2068 3667 2140">
    <p class='ocr_par' dir='ltr' id='par_1_49' title="bbox 2091 2068 3667 2140">
     <span class='ocr_line' id='line_1_49' title="bbox 2091 2068 3667 2140; baseline 0.001 -17"><span class='ocrx_word' id='word_1_350' title='bbox 2091 2087 2194 2140; x_wconf 84' lang='grc' dir='ltr'><strong>κην</strong></span> <span class='ocrx_word' id='word_1_351' title='bbox 2220 2069 2314 2122; x_wconf 81' lang='grc' dir='ltr'><strong>καὶ</strong></span> <span class='ocrx_word' id='word_1_352' title='bbox 2347 2069 2570 2137; x_wconf 71' lang='grc' dir='ltr'><strong>τύφωνα</strong></span> <span class='ocrx_word' id='word_1_353' title='bbox 2595 2086 2606 2097; x_wconf 87' lang='grc'><strong>·</strong></span> <span class='ocrx_word' id='word_1_354' title='bbox 2643 2068 2737 2130; x_wconf 85' lang='grc' dir='ltr'><strong>οὓς</strong></span> <span class='ocrx_word' id='word_1_355' title='bbox 2770 2070 2864 2121; x_wconf 72' lang='grc' dir='ltr'><strong>καὶ</strong></span> <span class='ocrx_word' id='word_1_356' title='bbox 2891 2069 3157 2139; x_wconf 77' lang='grc' dir='ltr'><strong>οἰκτείραι</strong></span> <span class='ocrx_word' id='word_1_357' title='bbox 3201 2069 3263 2123; x_wconf 83' lang='grc' dir='ltr'><strong>ἀν</strong></span> <span class='ocrx_word' id='word_1_358' title='bbox 3296 2081 3381 2133; x_wconf 79' lang='grc' dir='ltr'><strong>τις</strong></span> <span class='ocrx_word' id='word_1_359' title='bbox 3411 2073 3667 2136; x_wconf 80' lang='grc' dir='ltr'><strong>δικαίως,</strong></span> 
     </span>
    </p>
   </div>
   <div class='ocr_carea' id='block_1_50' title="bbox 2091 2159 3669 2231">
    <p class='ocr_par' dir='ltr' id='par_1_50' title="bbox 2091 2159 3669 2231">
     <span class='ocr_line' id='line_1_50' title="bbox 2091 2159 3669 2231; baseline 0 -16"><span class='ocrx_word' id='word_1_360' title='bbox 2091 2163 2264 2231; x_wconf 73' lang='grc' dir='ltr'><strong>εἱτὴν</strong></span> <span class='ocrx_word' id='word_1_361' title='bbox 2291 2160 2384 2213; x_wconf 77' lang='grc' dir='ltr'><strong>τοῦ</strong></span> <span class='ocrx_word' id='word_1_362' title='bbox 2419 2161 2534 2230; x_wconf 84' lang='grc' dir='ltr'><strong>βίου</strong></span> <span class='ocrx_word' id='word_1_363' title='bbox 2584 2161 2932 2225; x_wconf 75' lang='grc' dir='ltr'><strong>διαπλέοντες</strong></span> <span class='ocrx_word' id='word_1_364' title='bbox 2980 2159 3254 2215; x_wconf 61' lang='grc' dir='ltr'><strong>θάλασσαν</strong></span> <span class='ocrx_word' id='word_1_365' title='bbox 3311 2160 3457 2215; x_wconf 80' lang='grc' dir='ltr'><strong>οὕτω</strong></span> <span class='ocrx_word' id='word_1_366' title='bbox 3515 2159 3669 2216; x_wconf 81' lang='grc' dir='ltr'><strong>δεινὰ</strong></span> 
     </span>
    </p>
   </div>
   <div class='ocr_carea' id='block_1_51' title="bbox 2092 2250 3670 2322">
    <p class='ocr_par' dir='ltr' id='par_1_51' title="bbox 2092 2250 3670 2322">
     <span class='ocr_line' id='line_1_51' title="bbox 2092 2250 3670 2322; baseline 0.001 -18"><span class='ocrx_word' id='word_1_367' title='bbox 2092 2252 2506 2322; x_wconf 80' lang='grc' dir='ltr'><strong>βραττομένην,</strong></span> <span class='ocrx_word' id='word_1_368' title='bbox 2561 2250 2659 2302; x_wconf 78' lang='grc' dir='ltr'><strong>καὶ</strong></span> <span class='ocrx_word' id='word_1_369' title='bbox 2716 2251 3129 2319; x_wconf 82' lang='grc' dir='ltr'><strong>κυμαινομένην</strong></span> <span class='ocrx_word' id='word_1_370' title='bbox 3178 2251 3456 2305; x_wconf 79' lang='grc' dir='ltr'><strong>ἀκάθεκτα</strong></span> <span class='ocrx_word' id='word_1_371' title='bbox 3489 2294 3504 2319; x_wconf 97' lang='grc'><strong>,</strong></span> <span class='ocrx_word' id='word_1_372' title='bbox 3573 2256 3670 2307; x_wconf 77' lang='grc' dir='ltr'><strong>καὶ</strong></span> 
     </span>
    </p>
   </div>
   <div class='ocr_carea' id='block_1_52' title="bbox 2087 2341 3668 2414">
    <p class='ocr_par' dir='ltr' id='par_1_52' title="bbox 2087 2341 3668 2414">
     <span class='ocr_line' id='line_1_52' title="bbox 2087 2341 3668 2414; baseline -0.001 -16"><span class='ocrx_word' id='word_1_373' title='bbox 2087 2343 2416 2398; x_wconf 80' lang='grc' dir='ltr'><strong>ἀπειλοῦσαν</strong></span> <span class='ocrx_word' id='word_1_374' title='bbox 2461 2341 2724 2407; x_wconf 73' lang='grc' dir='ltr'><strong>κίνδυνον,</strong></span> <span class='ocrx_word' id='word_1_375' title='bbox 2775 2344 2824 2394; x_wconf 84' lang='grc' dir='ltr'><strong>οἱ</strong></span> <span class='ocrx_word' id='word_1_376' title='bbox 2853 2343 2908 2394; x_wconf 82' lang='grc' dir='ltr'><strong>δὲ</strong></span> <span class='ocrx_word' id='word_1_377' title='bbox 2939 2342 3058 2395; x_wconf 87' lang='grc' dir='ltr'><strong>δέον</strong></span> <span class='ocrx_word' id='word_1_378' title='bbox 3104 2343 3418 2414; x_wconf 75' lang='grc' dir='ltr'><strong>ἀπερίττοις</strong></span> <span class='ocrx_word' id='word_1_379' title='bbox 3477 2343 3668 2414; x_wconf 79' lang='grc' dir='ltr'><strong>μέλεσι</strong></span> 
     </span>
    </p>
   </div>
   <div class='ocr_carea' id='block_1_53' title="bbox 2088 2423 3670 2508">
    <p class='ocr_par' dir='ltr' id='par_1_53' title="bbox 2088 2423 3670 2508">
     <span class='ocr_line' id='line_1_53' title="bbox 2088 2423 3670 2508; baseline 0.003 -23"><span class='ocrx_word' id='word_1_380' title='bbox 2088 2434 2351 2503; x_wconf 74' lang='grc' dir='ltr'><strong>φέρεσθαι</strong></span> <span class='ocrx_word' id='word_1_381' title='bbox 2384 2433 2450 2486; x_wconf 87' lang='grc' dir='ltr'><strong>δι’</strong></span> <span class='ocrx_word' id='word_1_382' title='bbox 2501 2431 2692 2502; x_wconf 74' lang='grc' dir='ltr'><strong>αὐτῆς,</strong></span> <span class='ocrx_word' id='word_1_383' title='bbox 2733 2423 2852 2484; x_wconf 77' lang='grc' dir='ltr'><strong>εἶτα</strong></span> <span class='ocrx_word' id='word_1_384' title='bbox 2898 2433 2993 2485; x_wconf 80' lang='grc' dir='ltr'><strong>καὶ</strong></span> <span class='ocrx_word' id='word_1_385' title='bbox 3043 2432 3265 2502; x_wconf 75' lang='grc' dir='ltr'><strong>σιδήρου</strong></span> <span class='ocrx_word' id='word_1_386' title='bbox 3299 2434 3466 2505; x_wconf 78' lang='grc' dir='ltr'><strong>βάρος</strong></span> <span class='ocrx_word' id='word_1_387' title='bbox 3509 2437 3670 2508; x_wconf 79' lang='grc' dir='ltr'><strong>περὶ-</strong></span> 
     </span>
    </p>
   </div>
   <div class='ocr_carea' id='block_1_54' title="bbox 2087 2523 3668 2599">
    <p class='ocr_par' dir='ltr' id='par_1_54' title="bbox 2087 2523 3668 2599">
     <span class='ocr_line' id='line_1_54' title="bbox 2087 2523 3668 2599; baseline 0.001 -20"><span class='ocrx_word' id='word_1_388' title='bbox 2087 2541 2324 2580; x_wconf 77' lang='grc' dir='ltr'><strong>κεινταιο</strong></span> <span class='ocrx_word' id='word_1_389' title='bbox 2351 2524 2409 2588; x_wconf 91' lang='grc' dir='ltr'><strong>δς</strong></span> <span class='ocrx_word' id='word_1_390' title='bbox 2439 2523 2502 2594; x_wconf 75' lang='grc' dir='ltr'><strong>δὴ</strong></span> <span class='ocrx_word' id='word_1_391' title='bbox 2543 2523 2760 2591; x_wconf 70' lang='grc' dir='ltr'><strong>σίδηρος</strong></span> <span class='ocrx_word' id='word_1_392' title='bbox 2790 2527 2902 2588; x_wconf 87' lang='grc' dir='ltr'><strong>τοίς</strong></span> <span class='ocrx_word' id='word_1_393' title='bbox 2953 2525 3051 2594; x_wconf 78' lang='grc' dir='ltr'><strong>μὲν</strong></span> <span class='ocrx_word' id='word_1_394' title='bbox 3081 2524 3170 2576; x_wconf 77' lang='grc' dir='ltr'><strong>ἐπ’</strong></span> <span class='ocrx_word' id='word_1_395' title='bbox 3201 2525 3428 2598; x_wconf 70' lang='grc' dir='ltr'><strong>ἀληθείᾳ</strong></span> <span class='ocrx_word' id='word_1_396' title='bbox 3463 2528 3668 2599; x_wconf 74' lang='grc' dir='ltr'><strong>ἐγκραο</strong></span> 
     </span>
    </p>
   </div>
   <div class='ocr_carea' id='block_1_55' title="bbox 2085 2613 3666 2690">
    <p class='ocr_par' dir='ltr' id='par_1_55' title="bbox 2085 2613 3666 2690">
     <span class='ocr_line' id='line_1_55' title="bbox 2085 2613 3666 2690; baseline 0.001 -20"><span class='ocrx_word' id='word_1_397' title='bbox 2085 2619 2302 2679; x_wconf 83' lang='grc' dir='ltr'><strong>τευταῖς</strong></span> <span class='ocrx_word' id='word_1_398' title='bbox 2335 2615 2435 2668; x_wconf 83' lang='grc' dir='ltr'><strong>οὗκ</strong></span> <span class='ocrx_word' id='word_1_399' title='bbox 2468 2617 2546 2678; x_wconf 80' lang='grc' dir='ltr'><strong>εἰς</strong></span> <span class='ocrx_word' id='word_1_400' title='bbox 2587 2613 2802 2684; x_wconf 75' lang='grc' dir='ltr'><strong>βυθιζον</strong></span> <span class='ocrx_word' id='word_1_401' title='bbox 2838 2616 3023 2686; x_wconf 73' lang='grc' dir='ltr'><strong>βάρος,</strong></span> <span class='ocrx_word' id='word_1_402' title='bbox 3052 2617 3168 2670; x_wconf 78' lang='grc' dir='ltr'><strong>ἀλλ’</strong></span> <span class='ocrx_word' id='word_1_403' title='bbox 3199 2617 3274 2681; x_wconf 86' lang='grc' dir='ltr'><strong>ὡς</strong></span> <span class='ocrx_word' id='word_1_404' title='bbox 3307 2619 3388 2681; x_wconf 77' lang='grc' dir='ltr'><strong>εἰς</strong></span> <span class='ocrx_word' id='word_1_405' title='bbox 3414 2619 3666 2690; x_wconf 69' lang='grc' dir='ltr'><strong>ἄγκυραν</strong></span> 
     </span>
    </p>
   </div>
   <div class='ocr_carea' id='block_1_56' title="bbox 2077 2706 3670 2776">
    <p class='ocr_par' dir='ltr' id='par_1_56' title="bbox 2077 2706 3670 2776">
     <span class='ocr_line' id='line_1_56' title="bbox 2077 2706 3670 2776; baseline -0.001 -14"><span class='ocrx_word' id='word_1_406' title='bbox 2077 2706 2416 2775; x_wconf 62' lang='grc' dir='ltr'><strong>’σωηριὼδη</strong></span> <span class='ocrx_word' id='word_1_407' title='bbox 2469 2708 2559 2759; x_wconf 60' lang='grc' dir='ltr'><strong>και</strong></span> <span class='ocrx_word' id='word_1_408' title='bbox 2597 2708 2748 2776; x_wconf 80' lang='grc' dir='ltr'><strong>ἱερὰν</strong></span> <span class='ocrx_word' id='word_1_409' title='bbox 2792 2709 3183 2769; x_wconf 76' lang='grc' dir='ltr'><strong>ἀποτέτακται,</strong></span> <span class='ocrx_word' id='word_1_410' title='bbox 3237 2711 3351 2772; x_wconf 77' lang='grc' dir='ltr'><strong>τοῖς</strong></span> <span class='ocrx_word' id='word_1_411' title='bbox 3390 2710 3448 2763; x_wconf 84' lang='grc' dir='ltr'><strong>δὲ</strong></span> <span class='ocrx_word' id='word_1_412' title='bbox 3495 2710 3670 2773; x_wconf 76' lang='grc' dir='ltr'><strong>ἄλλως</strong></span> 
     </span>
    </p>
   </div>
   <div class='ocr_carea' id='block_1_57' title="bbox 2094 2797 3672 2869">
    <p class='ocr_par' dir='ltr' id='par_1_57' title="bbox 2094 2797 3672 2869">
     <span class='ocr_line' id='line_1_57' title="bbox 2094 2797 3672 2869; baseline 0.001 -18"><span class='ocrx_word' id='word_1_413' title='bbox 2094 2799 2308 2867; x_wconf 71' lang='grc' dir='ltr'><strong>ἔχουσιν</strong></span> <span class='ocrx_word' id='word_1_414' title='bbox 2341 2798 2415 2860; x_wconf 82' lang='grc' dir='ltr'><strong>ὡς</strong></span> <span class='ocrx_word' id='word_1_415' title='bbox 2449 2797 2710 2867; x_wconf 89' lang='grc' dir='ltr'><strong>μόλυϐδος</strong></span> <span class='ocrx_word' id='word_1_416' title='bbox 2743 2799 2798 2852; x_wconf 76' lang='grc' dir='ltr'><strong>ἑν</strong></span> <span class='ocrx_word' id='word_1_417' title='bbox 2829 2798 2980 2851; x_wconf 75' lang='grc' dir='ltr'><strong>ὕδατι</strong></span> <span class='ocrx_word' id='word_1_418' title='bbox 3015 2800 3228 2869; x_wconf 72' lang='grc' dir='ltr'><strong>σφοδρῷ</strong></span> <span class='ocrx_word' id='word_1_419' title='bbox 3262 2797 3492 2868; x_wconf 69' lang='grc' dir='ltr'><strong>γίνεται,</strong></span> <span class='ocrx_word' id='word_1_420' title='bbox 3533 2803 3672 2854; x_wconf 77' lang='grc' dir='ltr'><strong>ὑπο-</strong></span> 
     </span>
    </p>
   </div>
   <div class='ocr_carea' id='block_1_58' title="bbox 2096 2886 3671 2959">
    <p class='ocr_par' dir='ltr' id='par_1_58' title="bbox 2096 2886 3671 2959">
     <span class='ocr_line' id='line_1_58' title="bbox 2096 2886 3671 2959; baseline 0.003 -20"><span class='ocrx_word' id='word_1_421' title='bbox 2096 2888 2356 2956; x_wconf 75' lang='grc' dir='ltr'><strong>ϐρυχίους</strong></span> <span class='ocrx_word' id='word_1_422' title='bbox 2407 2887 2651 2948; x_wconf 72' lang='grc' dir='ltr'><strong>ἐκείνους</strong></span> <span class='ocrx_word' id='word_1_423' title='bbox 2687 2886 2878 2950; x_wconf 73' lang='grc' dir='ltr'><strong>τιθείς.</strong></span> <span class='ocrx_word' id='word_1_424' title='bbox 2911 2886 3121 2940; x_wconf 68' lang='grc' dir='ltr'><strong>Οὔκουν</strong></span> <span class='ocrx_word' id='word_1_425' title='bbox 3169 2889 3226 2954; x_wconf 81' lang='grc' dir='ltr'>ἐξ</span> <span class='ocrx_word' id='word_1_426' title='bbox 3259 2891 3506 2959; x_wconf 75' lang='grc' dir='ltr'><strong>ἀνάγκης</strong></span> <span class='ocrx_word' id='word_1_427' title='bbox 3543 2889 3671 2943; x_wconf 81' lang='grc' dir='ltr'><strong>οὗτε</strong></span> 
     </span>
    </p>
   </div>
   <div class='ocr_carea' id='block_1_59' title="bbox 423 2979 3674 3052">
    <p class='ocr_par' dir='ltr' id='par_1_59' title="bbox 423 2979 3674 3052">
     <span class='ocr_line' id='line_1_59' title="bbox 423 2979 3674 3052; baseline 0.002 -23"><span class='ocrx_word' id='word_1_428' title='bbox 423 2979 1078 3048; x_wconf 79' lang='grc' dir='ltr'><strong>σωτηριὼδηςότοιοῦτος</strong></span> <span class='ocrx_word' id='word_1_429' title='bbox 1098 2981 1338 3050; x_wconf 79' lang='grc' dir='ltr'><strong>σίδηρος,</strong></span> <span class='ocrx_word' id='word_1_430' title='bbox 1362 2982 1478 3036; x_wconf 82' lang='grc' dir='ltr'><strong>ἀλλ’</strong></span> <span class='ocrx_word' id='word_1_431' title='bbox 1507 2982 1628 3038; x_wconf 73' lang='grc' dir='ltr'><strong>οὐδὲ</strong></span> <span class='ocrx_word' id='word_1_432' title='bbox 1689 2982 2003 3052; x_wconf 77' lang='grc' dir='ltr'><strong>βλαπτικδς,</strong></span> <span class='ocrx_word' id='word_1_433' title='bbox 2040 2979 2470 3049; x_wconf 65' lang='grc' dir='ltr'><strong>ἐπαμφοτερίζει</strong></span> <span class='ocrx_word' id='word_1_434' title='bbox 2530 2980 2586 3032; x_wconf 84' lang='grc' dir='ltr'><strong>δέ</strong></span> <span class='ocrx_word' id='word_1_435' title='bbox 2647 2991 2798 3041; x_wconf 83' lang='grc' dir='ltr'><strong>πως·</strong></span> <span class='ocrx_word' id='word_1_436' title='bbox 2869 2981 2960 3032; x_wconf 77' lang='grc' dir='ltr'><strong>καὶ</strong></span> <span class='ocrx_word' id='word_1_437' title='bbox 3013 2980 3155 3033; x_wconf 73' lang='grc' dir='ltr'><strong>κατὰ</strong></span> <span class='ocrx_word' id='word_1_438' title='bbox 3220 2980 3318 3051; x_wconf 80' lang='grc' dir='ltr'><strong>τὴν</strong></span> <span class='ocrx_word' id='word_1_439' title='bbox 3365 2983 3514 3051; x_wconf 82' lang='grc' dir='ltr'><strong>παρά</strong></span> <span class='ocrx_word' id='word_1_440' title='bbox 3557 2984 3674 3045; x_wconf 79' lang='grc' dir='ltr'><strong>τοῖς</strong></span> 
     </span>
    </p>
   </div>
   <div class='ocr_carea' id='block_1_60' title="bbox 423 3067 3674 3158">
    <p class='ocr_par' dir='ltr' id='par_1_60' title="bbox 423 3067 3674 3158">
     <span class='ocr_line' id='line_1_60' title="bbox 423 3067 3674 3158; baseline 0.001 -35"><span class='ocrx_word' id='word_1_441' title='bbox 423 3075 602 3140; x_wconf 76' lang='grc' dir='ltr'><strong>σοφοῖς</strong></span> <span class='ocrx_word' id='word_1_442' title='bbox 655 3073 882 3140; x_wconf 88' lang='grc' dir='ltr'><strong>δύναμιν</strong></span> <span class='ocrx_word' id='word_1_443' title='bbox 907 3073 1046 3142; x_wconf 80' lang='grc' dir='ltr'><strong>τάχα</strong></span> <span class='ocrx_word' id='word_1_444' title='bbox 1078 3074 1176 3140; x_wconf 81' lang='grc' dir='ltr'><strong>μὲν</strong></span> <span class='ocrx_word' id='word_1_445' title='bbox 1223 3073 1416 3138; x_wconf 72' lang='grc' dir='ltr'><strong>οὕτως,</strong></span> <span class='ocrx_word' id='word_1_446' title='bbox 1447 3078 1588 3146; x_wconf 76' lang='grc' dir='ltr'><strong>τάχα</strong></span> <span class='ocrx_word' id='word_1_447' title='bbox 1616 3076 1672 3129; x_wconf 77' lang='grc' dir='ltr'><strong>δὲ</strong></span> <span class='ocrx_word' id='word_1_448' title='bbox 1731 3077 1903 3136; x_wconf 82' lang='grc' dir='ltr'><strong>ἄλλως</strong></span> <span class='ocrx_word' id='word_1_449' title='bbox 1943 3073 2190 3137; x_wconf 70' lang='grc' dir='ltr'><strong>ἐξέπεσε,</strong></span> <span class='ocrx_word' id='word_1_450' title='bbox 2223 3067 2300 3139; x_wconf 78' lang='grc' dir='ltr'><strong>τῷ</strong></span> <span class='ocrx_word' id='word_1_451' title='bbox 2325 3073 2424 3140; x_wconf 81' lang='grc' dir='ltr'><strong>τῆς</strong></span> <span class='ocrx_word' id='word_1_452' title='bbox 2453 3071 2823 3158; x_wconf 46' lang='grc' dir='ltr'><strong>προαιῴσεως</strong></span> <span class='ocrx_word' id='word_1_453' title='bbox 2861 3071 3108 3141; x_wconf 81' lang='grc' dir='ltr'><strong>ταλάντῳ</strong></span> <span class='ocrx_word' id='word_1_454' title='bbox 3155 3071 3674 3144; x_wconf 67' lang='grc' dir='ltr'><strong>ζυγοστατούμεειος.</strong></span> 
     </span>
    </p>
   </div>
   <div class='ocr_carea' id='block_1_61' title="bbox 496 3163 2059 3234">
    <p class='ocr_par' dir='ltr' id='par_1_61' title="bbox 496 3163 2059 3234">
     <span class='ocr_line' id='line_1_61' title="bbox 496 3163 2059 3234; baseline 0.001 -16"><span class='ocrx_word' id='word_1_455' title='bbox 496 3166 583 3220; x_wconf 82' lang='lat'><strong>55.</strong></span> <span class='ocrx_word' id='word_1_456' title='bbox 629 3163 764 3219; x_wconf 80' lang='lat' dir='ltr'><strong>Ecce</strong></span> <span class='ocrx_word' id='word_1_457' title='bbox 789 3167 1144 3233; x_wconf 81' lang='lat' dir='ltr'><strong>praesentibus</strong></span> <span class='ocrx_word' id='word_1_458' title='bbox 1175 3167 1525 3221; x_wconf 88' lang='lat' dir='ltr'><strong>adventitium</strong></span> <span class='ocrx_word' id='word_1_459' title='bbox 1552 3169 1681 3234; x_wconf 84' lang='lat' dir='ltr'><strong>quid</strong></span> <span class='ocrx_word' id='word_1_460' title='bbox 1704 3168 1770 3223; x_wconf 89' lang='lat' dir='ltr'><strong>de</strong></span> <span class='ocrx_word' id='word_1_461' title='bbox 1797 3183 1987 3221; x_wconf 87' lang='lat' dir='ltr'><strong>recens</strong></span> <span class='ocrx_word' id='word_1_462' title='bbox 2015 3169 2059 3227; x_wconf 88' lang='lat' dir='ltr'>c</span> 
     </span>
    </p>
   </div>
   <div class='ocr_carea' id='block_1_62' title="bbox 423 3255 1994 3328">
    <p class='ocr_par' dir='ltr' id='par_1_62' title="bbox 423 3255 1994 3328">
     <span class='ocr_line' id='line_1_62' title="bbox 423 3255 1994 3328; baseline -0.001 -15"><span class='ocrx_word' id='word_1_463' title='bbox 423 3260 578 3313; x_wconf 81' lang='lat' dir='ltr'><strong>factis</strong></span> <span class='ocrx_word' id='word_1_464' title='bbox 617 3256 783 3310; x_wconf 67' lang='grc' dir='ltr'><strong>ειπειο</strong></span> <span class='ocrx_word' id='word_1_465' title='bbox 815 3255 934 3310; x_wconf 88' lang='lat' dir='ltr'><strong>aliis</strong></span> <span class='ocrx_word' id='word_1_466' title='bbox 985 3256 1037 3308; x_wconf 92' lang='lat' dir='ltr'><strong>in</strong></span> <span class='ocrx_word' id='word_1_467' title='bbox 1072 3257 1385 3310; x_wconf 87' lang='lat' dir='ltr'><strong>memoriam</strong></span> <span class='ocrx_word' id='word_1_468' title='bbox 1423 3258 1598 3328; x_wconf 85' lang='lat' dir='ltr'><strong>(inulti</strong></span> <span class='ocrx_word' id='word_1_469' title='bbox 1637 3259 1778 3311; x_wconf 91' lang='lat' dir='ltr'><strong>enim</strong></span> <span class='ocrx_word' id='word_1_470' title='bbox 1829 3274 1994 3311; x_wconf 86' lang='lat' dir='ltr'><strong>nove-</strong></span> 
     </span>
    </p>
   </div>
   <div class='ocr_carea' id='block_1_63' title="bbox 425 3346 1995 3418">
    <p class='ocr_par' dir='ltr' id='par_1_63' title="bbox 425 3346 1995 3418">
     <span class='ocr_line' id='line_1_63' title="bbox 425 3346 1995 3418; baseline -0.001 -14"><span class='ocrx_word' id='word_1_471' title='bbox 425 3350 593 3418; x_wconf 89' lang='lat' dir='ltr'><strong>runt),</strong></span> <span class='ocrx_word' id='word_1_472' title='bbox 623 3348 741 3402; x_wconf 86' lang='lat' dir='ltr'><strong>aliis</strong></span> <span class='ocrx_word' id='word_1_473' title='bbox 771 3348 966 3416; x_wconf 86' lang='lat' dir='ltr'><strong>quibus</strong></span> <span class='ocrx_word' id='word_1_474' title='bbox 989 3346 1230 3414; x_wconf 83' lang='lat' dir='ltr'><strong>ignotum</strong></span> <span class='ocrx_word' id='word_1_475' title='bbox 1263 3356 1345 3402; x_wconf 90' lang='lat' dir='ltr'><strong>est</strong></span> <span class='ocrx_word' id='word_1_476' title='bbox 1376 3357 1434 3402; x_wconf 88' lang='lat' dir='ltr'><strong>ut</strong></span> <span class='ocrx_word' id='word_1_477' title='bbox 1474 3362 1586 3401; x_wconf 85' lang='lat' dir='ltr'><strong>rem</strong></span> <span class='ocrx_word' id='word_1_478' title='bbox 1626 3363 1845 3402; x_wconf 88' lang='lat' dir='ltr'><strong>novam.</strong></span> <span class='ocrx_word' id='word_1_479' title='bbox 1868 3349 1995 3402; x_wconf 83' lang='lat' dir='ltr'><strong>Cel-</strong></span> 
     </span>
    </p>
   </div>
   <div class='ocr_carea' id='block_1_64' title="bbox 425 3438 1994 3510">
    <p class='ocr_par' dir='ltr' id='par_1_64' title="bbox 425 3438 1994 3510">
     <span class='ocr_line' id='line_1_64' title="bbox 425 3438 1994 3510; baseline 0.001 -18"><span class='ocrx_word' id='word_1_480' title='bbox 425 3443 526 3492; x_wconf 85' lang='lat' dir='ltr'><strong>lani</strong></span> <span class='ocrx_word' id='word_1_481' title='bbox 571 3440 802 3492; x_wconf 85' lang='lat' dir='ltr'><strong>divinam</strong></span> <span class='ocrx_word' id='word_1_482' title='bbox 829 3455 934 3492; x_wconf 93' lang='lat' dir='ltr'><strong>non</strong></span> <span class='ocrx_word' id='word_1_483' title='bbox 969 3438 1032 3491; x_wconf 88' lang='lat' dir='ltr'><strong>ad</strong></span> <span class='ocrx_word' id='word_1_484' title='bbox 1071 3439 1410 3507; x_wconf 85' lang='lat' dir='ltr'><strong>splendorem</strong></span> <span class='ocrx_word' id='word_1_485' title='bbox 1445 3449 1685 3506; x_wconf 82' lang='lat' dir='ltr'><strong>paratam</strong></span> <span class='ocrx_word' id='word_1_486' title='bbox 1728 3441 1851 3510; x_wconf 89' lang='lat' dir='ltr'><strong>quia</strong></span> <span class='ocrx_word' id='word_1_487' title='bbox 1888 3457 1994 3494; x_wconf 89' lang='lat' dir='ltr'><strong>non</strong></span> 
     </span>
    </p>
   </div>
   <div class='ocr_carea' id='block_1_65' title="bbox 424 3530 1999 3604">
    <p class='ocr_par' dir='ltr' id='par_1_65' title="bbox 424 3530 1999 3604">
     <span class='ocr_line' id='line_1_65' title="bbox 424 3530 1999 3604; baseline 0.003 -22"><span class='ocrx_word' id='word_1_488' title='bbox 424 3530 748 3604; x_wconf 83' lang='lat' dir='ltr'><strong>venerabilis</strong></span> <span class='ocrx_word' id='word_1_489' title='bbox 783 3546 950 3598; x_wconf 80' lang='lat' dir='ltr'><strong>usque</strong></span> <span class='ocrx_word' id='word_1_490' title='bbox 985 3533 1048 3582; x_wconf 90' lang='lat' dir='ltr'><strong>ad</strong></span> <span class='ocrx_word' id='word_1_491' title='bbox 1089 3547 1304 3596; x_wconf 86' lang='lat' dir='ltr'><strong>nomen,</strong></span> <span class='ocrx_word' id='word_1_492' title='bbox 1337 3533 1468 3586; x_wconf 89' lang='lat' dir='ltr'><strong>lavit</strong></span> <span class='ocrx_word' id='word_1_493' title='bbox 1492 3533 1642 3587; x_wconf 90' lang='lat' dir='ltr'><strong>sinus</strong></span> <span class='ocrx_word' id='word_1_494' title='bbox 1685 3535 1788 3588; x_wconf 79' lang='lat' dir='ltr'><strong>iste</strong></span> <span class='ocrx_word' id='word_1_495' title='bbox 1812 3542 1999 3588; x_wconf 88' lang='lat' dir='ltr'><strong>noster</strong></span> 
     </span>
    </p>
   </div>
   <div class='ocr_carea' id='block_1_66' title="bbox 425 3623 1998 3692">
    <p class='ocr_par' dir='ltr' id='par_1_66' title="bbox 425 3623 1998 3692">
     <span class='ocr_line' id='line_1_66' title="bbox 425 3623 1998 3692; baseline 0.001 -16"><span class='ocrx_word' id='word_1_496' title='bbox 425 3625 674 3692; x_wconf 88' lang='lat' dir='ltr'><strong>quiante</strong></span> <span class='ocrx_word' id='word_1_497' title='bbox 723 3623 907 3678; x_wconf 89' lang='lat' dir='ltr'><strong>oculos</strong></span> <span class='ocrx_word' id='word_1_498' title='bbox 953 3634 1032 3677; x_wconf 90' lang='lat' dir='ltr'><strong>est</strong></span> <span class='ocrx_word' id='word_1_499' title='bbox 1078 3639 1241 3690; x_wconf 83' lang='lat' dir='ltr'><strong>prope</strong></span> <span class='ocrx_word' id='word_1_500' title='bbox 1285 3624 1520 3678; x_wconf 83' lang='lat' dir='ltr'><strong>civitatis</strong></span> <span class='ocrx_word' id='word_1_501' title='bbox 1569 3641 1753 3679; x_wconf 89' lang='lat' dir='ltr'><strong>muros</strong></span> <span class='ocrx_word' id='word_1_502' title='bbox 1803 3625 1998 3690; x_wconf 78' lang='lat' dir='ltr'><strong>quibus</strong></span> 
     </span>
    </p>
   </div>
   <div class='ocr_carea' id='block_1_67' title="bbox 427 3705 1998 3786">
    <p class='ocr_par' dir='ltr' id='par_1_67' title="bbox 427 3705 1998 3786">
     <span class='ocr_line' id='line_1_67' title="bbox 427 3705 1998 3786; baseline 0 -18"><span class='ocrx_word' id='word_1_503' title='bbox 427 3733 585 3770; x_wconf 86' lang='lat' dir='ltr'><strong>inane</strong></span> <span class='ocrx_word' id='word_1_504' title='bbox 620 3716 698 3771; x_wconf 90' lang='lat' dir='ltr'><strong>sol</strong></span> <span class='ocrx_word' id='word_1_505' title='bbox 733 3715 1016 3772; x_wconf 86' lang='lat' dir='ltr'><strong>illucescit.</strong></span> <span class='ocrx_word' id='word_1_506' title='bbox 1047 3715 1191 3770; x_wconf 85' lang='lat' dir='ltr'><strong>Cella</strong></span> <span class='ocrx_word' id='word_1_507' title='bbox 1223 3717 1398 3771; x_wconf 87' lang='lat' dir='ltr'><strong>virum</strong></span> <span class='ocrx_word' id='word_1_508' title='bbox 1444 3705 1730 3786; x_wconf 83' lang='lat' dir='ltr'><strong>quemdam</strong></span> <span class='ocrx_word' id='word_1_509' title='bbox 1770 3717 1998 3771; x_wconf 87' lang='lat' dir='ltr'><strong>nutrivit</strong></span> 
     </span>
    </p>
   </div>
   <div class='ocr_carea' id='block_1_68' title="bbox 425 3809 2000 3878">
    <p class='ocr_par' dir='ltr' id='par_1_68' title="bbox 425 3809 2000 3878">
     <span class='ocr_line' id='line_1_68' title="bbox 425 3809 2000 3878; baseline 0.003 -20"><span class='ocrx_word' id='word_1_510' title='bbox 425 3812 516 3878; x_wconf 85' lang='lat' dir='ltr'><strong>qui</strong></span> <span class='ocrx_word' id='word_1_511' title='bbox 546 3818 782 3863; x_wconf 92' lang='lat' dir='ltr'><strong>ascetam</strong></span> <span class='ocrx_word' id='word_1_512' title='bbox 814 3809 1125 3871; x_wconf 87' lang='lat' dir='ltr'><strong>simulabat,</strong></span> <span class='ocrx_word' id='word_1_513' title='bbox 1158 3827 1263 3862; x_wconf 91' lang='lat' dir='ltr'><strong>non</strong></span> <span class='ocrx_word' id='word_1_514' title='bbox 1294 3818 1401 3863; x_wconf 89' lang='lat' dir='ltr'><strong>tam</strong></span> <span class='ocrx_word' id='word_1_515' title='bbox 1453 3809 1605 3878; x_wconf 80' lang='lat' dir='ltr'><strong>nigro</strong></span> <span class='ocrx_word' id='word_1_516' title='bbox 1649 3810 1880 3862; x_wconf 83' lang='lat' dir='ltr'><strong>vestium</strong></span> <span class='ocrx_word' id='word_1_517' title='bbox 1917 3824 2000 3863; x_wconf 91' lang='lat' dir='ltr'><strong>or-</strong></span> 
     </span>
    </p>
   </div>
   <div class='ocr_carea' id='block_1_69' title="bbox 431 3899 2000 3972">
    <p class='ocr_par' dir='ltr' id='par_1_69' title="bbox 431 3899 2000 3972">
     <span class='ocr_line' id='line_1_69' title="bbox 431 3899 2000 3972; baseline 0.001 -18"><span class='ocrx_word' id='word_1_518' title='bbox 431 3911 589 3956; x_wconf 86' lang='lat' dir='ltr'><strong>natus</strong></span> <span class='ocrx_word' id='word_1_519' title='bbox 627 3917 792 3970; x_wconf 90' lang='lat' dir='ltr'><strong>quam</strong></span> <span class='ocrx_word' id='word_1_520' title='bbox 842 3899 941 3955; x_wconf 87' lang='lat' dir='ltr'><strong>sub</strong></span> <span class='ocrx_word' id='word_1_521' title='bbox 977 3901 1106 3968; x_wconf 89' lang='lat' dir='ltr'><strong>ipsis</strong></span> <span class='ocrx_word' id='word_1_522' title='bbox 1145 3901 1474 3972; x_wconf 79' lang='lat' dir='ltr'><strong>hypocrisim</strong></span> <span class='ocrx_word' id='word_1_523' title='bbox 1522 3911 1792 3965; x_wconf 58' lang='lat' dir='ltr'><strong>retexens.</strong></span> <span class='ocrx_word' id='word_1_524' title='bbox 1844 3901 2000 3956; x_wconf 83' lang='lat' dir='ltr'><strong>Hunc</strong></span> 
     </span>
    </p>
   </div>
   <div class='ocr_carea' id='block_1_70' title="bbox 427 3993 1999 4063">
    <p class='ocr_par' dir='ltr' id='par_1_70' title="bbox 427 3993 1999 4063">
     <span class='ocr_line' id='line_1_70' title="bbox 427 3993 1999 4063; baseline 0.001 -17"><span class='ocrx_word' id='word_1_525' title='bbox 427 3995 731 4063; x_wconf 79' lang='lat' dir='ltr'><strong>stringebat</strong></span> <span class='ocrx_word' id='word_1_526' title='bbox 762 3993 989 4058; x_wconf 80' lang='lat' dir='ltr'><strong>ferrum,</strong></span> <span class='ocrx_word' id='word_1_527' title='bbox 1025 4003 1137 4046; x_wconf 90' lang='lat' dir='ltr'><strong>tum</strong></span> <span class='ocrx_word' id='word_1_528' title='bbox 1185 4008 1343 4047; x_wconf 89' lang='lat' dir='ltr'><strong>renes</strong></span> <span class='ocrx_word' id='word_1_529' title='bbox 1371 3995 1619 4062; x_wconf 81' lang='lat' dir='ltr'><strong>cingens,</strong></span> <span class='ocrx_word' id='word_1_530' title='bbox 1659 4003 1772 4046; x_wconf 90' lang='lat' dir='ltr'><strong>tum</strong></span> <span class='ocrx_word' id='word_1_531' title='bbox 1805 3993 1999 4048; x_wconf 86' lang='lat' dir='ltr'><strong>hume-</strong></span> 
     </span>
    </p>
   </div>
   <div class='ocr_carea' id='block_1_71' title="bbox 427 4083 2002 4153">
    <p class='ocr_par' dir='ltr' id='par_1_71' title="bbox 427 4083 2002 4153">
     <span class='ocr_line' id='line_1_71' title="bbox 427 4083 2002 4153; baseline -0.001 -16"><span class='ocrx_word' id='word_1_532' title='bbox 427 4087 504 4141; x_wconf 88' lang='lat' dir='ltr'><strong>ris</strong></span> <span class='ocrx_word' id='word_1_533' title='bbox 555 4086 886 4153; x_wconf 87' lang='lat' dir='ltr'><strong>impositum,</strong></span> <span class='ocrx_word' id='word_1_534' title='bbox 927 4095 1038 4140; x_wconf 90' lang='lat' dir='ltr'><strong>tum</strong></span> <span class='ocrx_word' id='word_1_535' title='bbox 1091 4086 1518 4138; x_wconf 76' lang='lat' dir='ltr'><strong>ambidextriim.</strong></span> <span class='ocrx_word' id='word_1_536' title='bbox 1578 4083 1724 4138; x_wconf 85' lang='lat' dir='ltr'><strong>Talis</strong></span> <span class='ocrx_word' id='word_1_537' title='bbox 1773 4092 1892 4138; x_wconf 91' lang='lat' dir='ltr'><strong>erat</strong></span> <span class='ocrx_word' id='word_1_538' title='bbox 1945 4093 2002 4137; x_wconf 82' lang='lat' dir='ltr'><strong>et</strong></span> 
     </span>
    </p>
   </div>
   <div class='ocr_carea' id='block_1_72' title="bbox 425 4173 2002 4230">
    <p class='ocr_par' dir='ltr' id='par_1_72' title="bbox 425 4173 2002 4230">
     <span class='ocr_line' id='line_1_72' title="bbox 425 4173 2002 4230; baseline -0.001 0"><span class='ocrx_word' id='word_1_539' title='bbox 425 4173 940 4230; x_wconf 88' lang='lat' dir='ltr'><strong>circuincursitabat</strong></span> <span class='ocrx_word' id='word_1_540' title='bbox 992 4175 1192 4228; x_wconf 87' lang='lat' dir='ltr'><strong>multos</strong></span> <span class='ocrx_word' id='word_1_541' title='bbox 1245 4174 1511 4229; x_wconf 88' lang='lat' dir='ltr'><strong>sediicens</strong></span> <span class='ocrx_word' id='word_1_542' title='bbox 1569 4173 1710 4228; x_wconf 78' lang='lat' dir='ltr'><strong>ferro</strong></span> <span class='ocrx_word' id='word_1_543' title='bbox 1756 4173 2002 4229; x_wconf 89' lang='lat' dir='ltr'><strong>criminis</strong></span> 
     </span>
    </p>
   </div>
   <div class='ocr_carea' id='block_1_73' title="bbox 427 4247 1998 4331">
    <p class='ocr_par' dir='ltr' id='par_1_73' title="bbox 427 4247 1998 4331">
     <span class='ocr_line' id='line_1_73' title="bbox 427 4247 1998 4331; baseline 0.001 -14"><span class='ocrx_word' id='word_1_544' title='bbox 427 4247 672 4330; x_wconf 81' lang='lat' dir='ltr'><strong>alicujus,</strong></span> <span class='ocrx_word' id='word_1_545' title='bbox 703 4275 760 4316; x_wconf 92' lang='lat' dir='ltr'><strong>ut</strong></span> <span class='ocrx_word' id='word_1_546' title='bbox 810 4263 1024 4330; x_wconf 91' lang='lat' dir='ltr'><strong>opinor,</strong></span> <span class='ocrx_word' id='word_1_547' title='bbox 1061 4263 1292 4316; x_wconf 88' lang='lat' dir='ltr'><strong>divinam</strong></span> <span class='ocrx_word' id='word_1_548' title='bbox 1343 4263 1478 4316; x_wconf 88' lang='lat' dir='ltr'><strong>hanc</strong></span> <span class='ocrx_word' id='word_1_549' title='bbox 1523 4278 1736 4331; x_wconf 82' lang='lat' dir='ltr'><strong>pmnam</strong></span> <span class='ocrx_word' id='word_1_550' title='bbox 1768 4264 1998 4327; x_wconf 84' lang='lat' dir='ltr'><strong>solvens,</strong></span> 
     </span>
    </p>
   </div>
   <div class='ocr_carea' id='block_1_74' title="bbox 429 4337 2003 4422">
    <p class='ocr_par' dir='ltr' id='par_1_74' title="bbox 429 4337 2003 4422">
     <span class='ocr_line' id='line_1_74' title="bbox 429 4337 2003 4422; baseline -0.001 -15"><span class='ocrx_word' id='word_1_551' title='bbox 429 4337 478 4407; x_wconf 87' lang='lat' dir='ltr'><strong>et</strong></span> <span class='ocrx_word' id='word_1_552' title='bbox 513 4354 727 4408; x_wconf 83' lang='lat' dir='ltr'><strong>debitor</strong></span> <span class='ocrx_word' id='word_1_553' title='bbox 774 4369 1039 4422; x_wconf 85' lang='lat' dir='ltr'><strong>apparens</strong></span> <span class='ocrx_word' id='word_1_554' title='bbox 1072 4353 1192 4407; x_wconf 87' lang='lat' dir='ltr'><strong>talis</strong></span> <span class='ocrx_word' id='word_1_555' title='bbox 1219 4353 1548 4408; x_wconf 82' lang='lat' dir='ltr'><strong>vestimenti.</strong></span> <span class='ocrx_word' id='word_1_556' title='bbox 1602 4352 1825 4407; x_wconf 89' lang='lat' dir='ltr'><strong>Occasio</strong></span> <span class='ocrx_word' id='word_1_557' title='bbox 1853 4370 2003 4421; x_wconf 64' lang='lat' dir='ltr'><strong>qum-</strong></span> 
     </span>
    </p>
   </div>
   <div class='ocr_carea' id='block_1_75' title="bbox 431 4442 2000 4513">
    <p class='ocr_par' dir='ltr' id='par_1_75' title="bbox 431 4442 2000 4513">
     <span class='ocr_line' id='line_1_75' title="bbox 431 4442 2000 4513; baseline -0.001 -16"><span class='ocrx_word' id='word_1_558' title='bbox 431 4447 553 4497; x_wconf 86' lang='lat' dir='ltr'><strong>dam</strong></span> <span class='ocrx_word' id='word_1_559' title='bbox 587 4443 778 4497; x_wconf 83' lang='lat' dir='ltr'><strong>aderat</strong></span> <span class='ocrx_word' id='word_1_560' title='bbox 805 4454 864 4498; x_wconf 90' lang='lat' dir='ltr'><strong>et</strong></span> <span class='ocrx_word' id='word_1_561' title='bbox 907 4445 1117 4512; x_wconf 75' lang='lat' dir='ltr'><strong>negotia</strong></span> <span class='ocrx_word' id='word_1_562' title='bbox 1148 4443 1292 4498; x_wconf 87' lang='lat' dir='ltr'><strong>circa</strong></span> <span class='ocrx_word' id='word_1_563' title='bbox 1335 4442 1510 4513; x_wconf 89' lang='lat' dir='ltr'><strong>ipsum</strong></span> <span class='ocrx_word' id='word_1_564' title='bbox 1545 4442 1740 4508; x_wconf 82' lang='lat' dir='ltr'><strong>aliena,</strong></span> <span class='ocrx_word' id='word_1_565' title='bbox 1785 4453 1839 4496; x_wconf 91' lang='lat' dir='ltr'><strong>et</strong></span> <span class='ocrx_word' id='word_1_566' title='bbox 1887 4445 2000 4496; x_wconf 65' lang='lat' dir='ltr'><strong>huic</strong></span> 
     </span>
    </p>
   </div>
   <div class='ocr_carea' id='block_1_76' title="bbox 2160 3163 3637 3237">
    <p class='ocr_par' dir='ltr' id='par_1_76' title="bbox 2160 3163 3637 3237">
     <span class='ocr_line' id='line_1_76' title="bbox 2160 3163 3637 3237; baseline 0.003 -21"><span class='ocrx_word' id='word_1_567' title='bbox 2160 3163 2253 3220; x_wconf 83' lang='grc' dir='ltr'><strong>λε’.</strong></span> <span class='ocrx_word' id='word_1_568' title='bbox 2273 3165 2407 3233; x_wconf 81' lang='grc' dir='ltr'><strong>Φέρε</strong></span> <span class='ocrx_word' id='word_1_569' title='bbox 2439 3166 2756 3232; x_wconf 83' lang='grc' dir='ltr'><strong>προενέγκω</strong></span> <span class='ocrx_word' id='word_1_570' title='bbox 2773 3165 2886 3226; x_wconf 77' lang='grc' dir='ltr'><strong>τοῖς</strong></span> <span class='ocrx_word' id='word_1_571' title='bbox 2911 3163 3144 3234; x_wconf 79' lang='grc' dir='ltr'><strong>παροῦσι</strong></span> <span class='ocrx_word' id='word_1_572' title='bbox 3167 3169 3465 3236; x_wconf 78' lang='grc' dir='ltr'><strong>συγκυρίαν</strong></span> <span class='ocrx_word' id='word_1_573' title='bbox 3482 3170 3637 3237; x_wconf 66' lang='grc' dir='ltr'><strong>πρᾶγ</strong></span> 
     </span>
    </p>
   </div>
   <div class='ocr_carea' id='block_1_77' title="bbox 2099 3253 3674 3326">
    <p class='ocr_par' dir='ltr' id='par_1_77' title="bbox 2099 3253 3674 3326">
     <span class='ocr_line' id='line_1_77' title="bbox 2099 3253 3674 3326; baseline 0.002 -19"><span class='ocrx_word' id='word_1_574' title='bbox 2099 3270 2268 3325; x_wconf 65' lang='grc' dir='ltr'><strong>ματος⁹</strong></span> <span class='ocrx_word' id='word_1_575' title='bbox 2320 3256 2733 3321; x_wconf 70' lang='grc' dir='ltr'><strong>παραπεσόντος</strong></span> <span class='ocrx_word' id='word_1_576' title='bbox 2767 3253 3017 3322; x_wconf 76' lang='grc' dir='ltr'><strong>ἔναγχος,</strong></span> <span class='ocrx_word' id='word_1_577' title='bbox 3065 3259 3176 3316; x_wconf 85' lang='grc' dir='ltr'><strong>τοῖς</strong></span> <span class='ocrx_word' id='word_1_578' title='bbox 3211 3257 3308 3324; x_wconf 82' lang='grc' dir='ltr'><strong>μὲν</strong></span> <span class='ocrx_word' id='word_1_579' title='bbox 3333 3258 3412 3318; x_wconf 75' lang='grc' dir='ltr'><strong>εἰς</strong></span> <span class='ocrx_word' id='word_1_580' title='bbox 3445 3259 3674 3326; x_wconf 82' lang='grc' dir='ltr'><strong>μνήμην</strong></span> 
     </span>
    </p>
   </div>
   <div class='ocr_carea' id='block_1_78' title="bbox 2097 3343 3671 3418">
    <p class='ocr_par' dir='ltr' id='par_1_78' title="bbox 2097 3343 3671 3418">
     <span class='ocr_line' id='line_1_78' title="bbox 2097 3343 3671 3418; baseline 0.001 -20"><span class='ocrx_word' id='word_1_581' title='bbox 2097 3345 2314 3416; x_wconf 75' lang='grc' dir='ltr'><strong>(πολλοὶ</strong></span> <span class='ocrx_word' id='word_1_582' title='bbox 2359 3346 2467 3413; x_wconf 76' lang='grc' dir='ltr'><strong>γὰρ</strong></span> <span class='ocrx_word' id='word_1_583' title='bbox 2496 3344 2669 3418; x_wconf 72' lang='grc' dir='ltr'><strong>οζδασι</strong></span> <span class='ocrx_word' id='word_1_584' title='bbox 2691 3343 2730 3412; x_wconf 87' lang='grc'><strong>),</strong></span> <span class='ocrx_word' id='word_1_585' title='bbox 2757 3347 2868 3406; x_wconf 76' lang='grc' dir='ltr'><strong>τοῖς</strong></span> <span class='ocrx_word' id='word_1_586' title='bbox 2899 3345 2955 3396; x_wconf 86' lang='grc' dir='ltr'><strong>δὲ</strong></span> <span class='ocrx_word' id='word_1_587' title='bbox 3001 3346 3080 3407; x_wconf 72' lang='grc' dir='ltr'><strong>εἰς</strong></span> <span class='ocrx_word' id='word_1_588' title='bbox 3105 3345 3478 3412; x_wconf 75' lang='grc' dir='ltr'><strong>διδασκαλίαν,</strong></span> <span class='ocrx_word' id='word_1_589' title='bbox 3516 3348 3671 3411; x_wconf 83' lang='grc' dir='ltr'><strong>ὅσοις</strong></span> 
     </span>
    </p>
   </div>
   <div class='ocr_carea' id='block_1_79' title="bbox 2096 3435 3673 3508">
    <p class='ocr_par' dir='ltr' id='par_1_79' title="bbox 2096 3435 3673 3508">
     <span class='ocr_line' id='line_1_79' title="bbox 2096 3435 3673 3508; baseline 0.003 -21"><span class='ocrx_word' id='word_1_590' title='bbox 2096 3437 2194 3488; x_wconf 81' lang='grc' dir='ltr'><strong>ούκ</strong></span> <span class='ocrx_word' id='word_1_591' title='bbox 2219 3436 2508 3503; x_wconf 69' lang='grc' dir='ltr'><strong>ἔγνωσται.</strong></span> <span class='ocrx_word' id='word_1_592' title='bbox 2541 3435 2959 3504; x_wconf 77' lang='grc' dir='ltr'><strong>Φροντιστήριον</strong></span> <span class='ocrx_word' id='word_1_593' title='bbox 2987 3435 3149 3502; x_wconf 81' lang='grc' dir='ltr'><strong>θεῖον,</strong></span> <span class='ocrx_word' id='word_1_594' title='bbox 3181 3437 3279 3490; x_wconf 79' lang='grc' dir='ltr'><strong>οὐκ</strong></span> <span class='ocrx_word' id='word_1_595' title='bbox 3307 3437 3387 3496; x_wconf 75' lang='grc' dir='ltr'><strong>εἰς</strong></span> <span class='ocrx_word' id='word_1_596' title='bbox 3417 3437 3673 3508; x_wconf 77' lang='grc' dir='ltr'><strong>λαμπρόο</strong></span> 
     </span>
    </p>
   </div>
   <div class='ocr_carea' id='block_1_80' title="bbox 2095 3526 3670 3598">
    <p class='ocr_par' dir='ltr' id='par_1_80' title="bbox 2095 3526 3670 3598">
     <span class='ocr_line' id='line_1_80' title="bbox 2095 3526 3670 3598; baseline 0.001 -20"><span class='ocrx_word' id='word_1_597' title='bbox 2095 3544 2232 3597; x_wconf 84' lang='grc' dir='ltr'><strong>τητα</strong></span> <span class='ocrx_word' id='word_1_598' title='bbox 2258 3528 2680 3596; x_wconf 75' lang='grc' dir='ltr'><strong>ἐσκευασμένον,</strong></span> <span class='ocrx_word' id='word_1_599' title='bbox 2712 3528 2795 3579; x_wconf 86' lang='grc' dir='ltr'><strong>ὅτι</strong></span> <span class='ocrx_word' id='word_1_600' title='bbox 2828 3526 2903 3596; x_wconf 86' lang='grc' dir='ltr'><strong>μὴ</strong></span> <span class='ocrx_word' id='word_1_601' title='bbox 2923 3527 3122 3596; x_wconf 79' lang='grc' dir='ltr'><strong>σεμνὸν</strong></span> <span class='ocrx_word' id='word_1_602' title='bbox 3153 3530 3345 3597; x_wconf 80' lang='grc' dir='ltr'><strong>μέχρις</strong></span> <span class='ocrx_word' id='word_1_603' title='bbox 3375 3529 3670 3598; x_wconf 80' lang='grc' dir='ltr'><strong>ὀνόματος,</strong></span> 
     </span>
    </p>
   </div>
   <div class='ocr_carea' id='block_1_81' title="bbox 2096 3609 3672 3690">
    <p class='ocr_par' dir='ltr' id='par_1_81' title="bbox 2096 3609 3672 3690">
     <span class='ocr_line' id='line_1_81' title="bbox 2096 3609 3672 3690; baseline 0.001 -18"><span class='ocrx_word' id='word_1_604' title='bbox 2096 3621 2124 3672; x_wconf 91' lang='lat'><strong>6</strong></span> <span class='ocrx_word' id='word_1_605' title='bbox 2145 3619 2266 3672; x_wconf 76' lang='grc' dir='ltr'><strong>καθ’</strong></span> <span class='ocrx_word' id='word_1_606' title='bbox 2293 3619 2440 3688; x_wconf 77' lang='grc' dir='ltr'><strong>ἡμᾶς</strong></span> <span class='ocrx_word' id='word_1_607' title='bbox 2477 3618 2663 3682; x_wconf 78' lang='grc' dir='ltr'><strong>κλύζει</strong></span> <span class='ocrx_word' id='word_1_608' title='bbox 2701 3617 2900 3682; x_wconf 80' lang='grc' dir='ltr'><strong>κόλπος</strong></span> <span class='ocrx_word' id='word_1_609' title='bbox 2934 3609 3113 3684; x_wconf 76' lang='grc' dir='ltr'><strong>οὗτος,</strong></span> <span class='ocrx_word' id='word_1_610' title='bbox 3151 3622 3178 3672; x_wconf 90' lang='grc' dir='ltr'>ὁ</span> <span class='ocrx_word' id='word_1_611' title='bbox 3207 3622 3311 3690; x_wconf 70' lang='grc' dir='ltr'><strong>προ</strong></span> <span class='ocrx_word' id='word_1_612' title='bbox 3337 3620 3672 3690; x_wconf 71' lang='grc' dir='ltr'><strong>ὀφθαλμῶν,</strong></span> 
     </span>
    </p>
   </div>
   <div class='ocr_carea' id='block_1_82' title="bbox 2101 3707 3674 3780">
    <p class='ocr_par' dir='ltr' id='par_1_82' title="bbox 2101 3707 3674 3780">
     <span class='ocr_line' id='line_1_82' title="bbox 2101 3707 3674 3780; baseline 0.003 -20"><span class='ocrx_word' id='word_1_613' title='bbox 2101 3709 2272 3780; x_wconf 83' lang='grc' dir='ltr'><strong>βραχύ</strong></span> <span class='ocrx_word' id='word_1_614' title='bbox 2301 3727 2353 3761; x_wconf 87' lang='grc' dir='ltr'><strong>τι</strong></span> <span class='ocrx_word' id='word_1_615' title='bbox 2388 3709 2492 3778; x_wconf 85' lang='grc' dir='ltr'><strong>πρὸ</strong></span> <span class='ocrx_word' id='word_1_616' title='bbox 2519 3710 2625 3761; x_wconf 82' lang='grc' dir='ltr'><strong>τῶν</strong></span> <span class='ocrx_word' id='word_1_617' title='bbox 2651 3709 2876 3778; x_wconf 81' lang='grc' dir='ltr'><strong>τειχέων</strong></span> <span class='ocrx_word' id='word_1_618' title='bbox 2901 3711 3000 3777; x_wconf 80' lang='grc' dir='ltr'><strong>τῆς</strong></span> <span class='ocrx_word' id='word_1_619' title='bbox 3024 3712 3255 3774; x_wconf 74' lang='grc' dir='ltr'><strong>πόλεως,</strong></span> <span class='ocrx_word' id='word_1_620' title='bbox 3293 3707 3375 3774; x_wconf 70' lang='grc' dir='ltr'><strong>οἷς</strong></span> <span class='ocrx_word' id='word_1_621' title='bbox 3403 3714 3674 3780; x_wconf 83' lang='grc' dir='ltr'><strong>προσϐλέ-</strong></span> 
     </span>
    </p>
   </div>
   <div class='ocr_carea' id='block_1_83' title="bbox 2101 3801 3674 3874">
    <p class='ocr_par' dir='ltr' id='par_1_83' title="bbox 2101 3801 3674 3874">
     <span class='ocr_line' id='line_1_83' title="bbox 2101 3801 3674 3874; baseline 0.003 -20"><span class='ocrx_word' id='word_1_622' title='bbox 2101 3817 2189 3854; x_wconf 86' lang='grc' dir='ltr'><strong>πει</strong></span> <span class='ocrx_word' id='word_1_623' title='bbox 2222 3801 2528 3854; x_wconf 76' lang='grc' dir='ltr'><strong>ἀναϐαίνων</strong></span> <span class='ocrx_word' id='word_1_624' title='bbox 2562 3801 2698 3867; x_wconf 81' lang='grc' dir='ltr'><strong>ὲῷος</strong></span> <span class='ocrx_word' id='word_1_625' title='bbox 2722 3801 2893 3871; x_wconf 75' lang='grc' dir='ltr'><strong>ἥλιος.</strong></span> <span class='ocrx_word' id='word_1_626' title='bbox 2923 3801 3095 3854; x_wconf 74' lang='grc' dir='ltr'><strong>Τοῦτο</strong></span> <span class='ocrx_word' id='word_1_627' title='bbox 3127 3802 3187 3854; x_wconf 82' lang='grc' dir='ltr'><strong>τὸ</strong></span> <span class='ocrx_word' id='word_1_628' title='bbox 3219 3801 3466 3872; x_wconf 87' lang='grc' dir='ltr'><strong>σεμνεῖον</strong></span> <span class='ocrx_word' id='word_1_629' title='bbox 3497 3804 3674 3874; x_wconf 78' lang='grc' dir='ltr'><strong>ἀνδρα</strong></span> 
     </span>
    </p>
   </div>
   <div class='ocr_carea' id='block_1_84' title="bbox 2099 3891 3674 3964">
    <p class='ocr_par' dir='ltr' id='par_1_84' title="bbox 2099 3891 3674 3964">
     <span class='ocr_line' id='line_1_84' title="bbox 2099 3891 3674 3964; baseline 0.005 -22"><span class='ocrx_word' id='word_1_630' title='bbox 2099 3891 2220 3943; x_wconf 78' lang='grc' dir='ltr'><strong>τινὰ</strong></span> <span class='ocrx_word' id='word_1_631' title='bbox 2252 3891 2496 3956; x_wconf 71' lang='grc' dir='ltr'><strong>ἔϐοσκεν,</strong></span> <span class='ocrx_word' id='word_1_632' title='bbox 2528 3891 2586 3954; x_wconf 82' lang='grc' dir='ltr'><strong>ὃς</strong></span> <span class='ocrx_word' id='word_1_633' title='bbox 2611 3891 2700 3943; x_wconf 83' lang='grc' dir='ltr'><strong>τὸν</strong></span> <span class='ocrx_word' id='word_1_634' title='bbox 2732 3892 2983 3962; x_wconf 76' lang='grc' dir='ltr'><strong>ἀσκητὴν</strong></span> <span class='ocrx_word' id='word_1_635' title='bbox 3004 3892 3371 3962; x_wconf 76' lang='grc' dir='ltr'><strong>ὲμορφάζετο,</strong></span> <span class='ocrx_word' id='word_1_636' title='bbox 3395 3895 3493 3964; x_wconf 80' lang='grc' dir='ltr'><strong>οὐχ</strong></span> <span class='ocrx_word' id='word_1_637' title='bbox 3521 3893 3674 3950; x_wconf 79' lang='grc' dir='ltr'><strong>οὕτω</strong></span> 
     </span>
    </p>
   </div>
   <div class='ocr_carea' id='block_1_85' title="bbox 2101 3983 3676 4054">
    <p class='ocr_par' dir='ltr' id='par_1_85' title="bbox 2101 3983 3676 4054">
     <span class='ocr_line' id='line_1_85' title="bbox 2101 3983 3676 4054; baseline 0.003 -20"><span class='ocrx_word' id='word_1_638' title='bbox 2101 3985 2472 4053; x_wconf 83' lang='grc' dir='ltr'><strong>κοσμούμενος</strong></span> <span class='ocrx_word' id='word_1_639' title='bbox 2499 3983 2578 4053; x_wconf 80' lang='grc' dir='ltr'><strong>τῷ</strong></span> <span class='ocrx_word' id='word_1_640' title='bbox 2601 3983 2711 4035; x_wconf 84' lang='grc' dir='ltr'><strong>τῶν</strong></span> <span class='ocrx_word' id='word_1_641' title='bbox 2741 3984 2964 4054; x_wconf 70' lang='grc' dir='ltr'><strong>ἀμφίων</strong></span> <span class='ocrx_word' id='word_1_642' title='bbox 3007 3985 3220 4052; x_wconf 81' lang='grc' dir='ltr'><strong>μέλανι,</strong></span> <span class='ocrx_word' id='word_1_643' title='bbox 3257 3987 3381 4038; x_wconf 83' lang='grc' dir='ltr'><strong>ὅσον</strong></span> <span class='ocrx_word' id='word_1_644' title='bbox 3407 3987 3676 4040; x_wconf 72' lang='grc' dir='ltr'><strong>ἐπικαλύ-</strong></span> 
     </span>
    </p>
   </div>
   <div class='ocr_carea' id='block_1_86' title="bbox 2103 4074 3674 4148">
    <p class='ocr_par' dir='ltr' id='par_1_86' title="bbox 2103 4074 3674 4148">
     <span class='ocr_line' id='line_1_86' title="bbox 2103 4074 3674 4148; baseline 0.001 -19"><span class='ocrx_word' id='word_1_645' title='bbox 2103 4093 2252 4129; x_wconf 87' lang='grc' dir='ltr'><strong>πτων</strong></span> <span class='ocrx_word' id='word_1_646' title='bbox 2282 4078 2338 4128; x_wconf 88' lang='grc' dir='ltr'><strong>ὲν</strong></span> <span class='ocrx_word' id='word_1_647' title='bbox 2369 4075 2555 4138; x_wconf 79' lang='grc' dir='ltr'><strong>αὐτοῖς</strong></span> <span class='ocrx_word' id='word_1_648' title='bbox 2585 4075 2907 4144; x_wconf 84' lang='grc' dir='ltr'><strong>κρυπτικῶς</strong></span> <span class='ocrx_word' id='word_1_649' title='bbox 2926 4074 3026 4144; x_wconf 76' lang='grc' dir='ltr'><strong>τὴν</strong></span> <span class='ocrx_word' id='word_1_650' title='bbox 3055 4076 3364 4146; x_wconf 78' lang='grc' dir='ltr'><strong>ὑπόκρισιν.</strong></span> <span class='ocrx_word' id='word_1_651' title='bbox 3394 4077 3499 4130; x_wconf 70' lang='grc' dir='ltr'><strong>Καὶ</strong></span> <span class='ocrx_word' id='word_1_652' title='bbox 3523 4078 3674 4148; x_wconf 70' lang='grc' dir='ltr'><strong>σίδη-</strong></span> 
     </span>
    </p>
   </div>
   <div class='ocr_carea' id='block_1_87' title="bbox 2103 4165 3674 4237">
    <p class='ocr_par' dir='ltr' id='par_1_87' title="bbox 2103 4165 3674 4237">
     <span class='ocr_line' id='line_1_87' title="bbox 2103 4165 3674 4237; baseline 0.002 -19"><span class='ocrx_word' id='word_1_653' title='bbox 2103 4183 2194 4237; x_wconf 89' lang='grc' dir='ltr'><strong>ρος</strong></span> <span class='ocrx_word' id='word_1_654' title='bbox 2223 4167 2386 4218; x_wconf 69' lang='grc' dir='ltr'><strong>αὑτὸν</strong></span> <span class='ocrx_word' id='word_1_655' title='bbox 2415 4165 2697 4234; x_wconf 75' lang='grc' dir='ltr'><strong>ἔσφιγγεν,</strong></span> <span class='ocrx_word' id='word_1_656' title='bbox 2723 4165 2752 4217; x_wconf 91' lang='lat'><strong>6</strong></span> <span class='ocrx_word' id='word_1_657' title='bbox 2789 4166 2886 4234; x_wconf 74' lang='grc' dir='ltr'><strong>μὲν</strong></span> <span class='ocrx_word' id='word_1_658' title='bbox 2908 4165 3008 4236; x_wconf 85' lang='grc' dir='ltr'><strong>τὴν</strong></span> <span class='ocrx_word' id='word_1_659' title='bbox 3035 4166 3206 4233; x_wconf 75' lang='grc' dir='ltr'><strong>ὀσφὺν</strong></span> <span class='ocrx_word' id='word_1_660' title='bbox 3243 4167 3517 4231; x_wconf 74' lang='grc' dir='ltr'><strong>ζωννύων,</strong></span> <span class='ocrx_word' id='word_1_661' title='bbox 3555 4169 3584 4222; x_wconf 84' lang='lat'><strong>6</strong></span> <span class='ocrx_word' id='word_1_662' title='bbox 3615 4169 3674 4221; x_wconf 71' lang='grc' dir='ltr'><strong>δὲ</strong></span> 
     </span>
    </p>
   </div>
   <div class='ocr_carea' id='block_1_88' title="bbox 2102 4254 3672 4328">
    <p class='ocr_par' dir='ltr' id='par_1_88' title="bbox 2102 4254 3672 4328">
     <span class='ocr_line' id='line_1_88' title="bbox 2102 4254 3672 4328; baseline 0.001 -17"><span class='ocrx_word' id='word_1_663' title='bbox 2102 4259 2536 4327; x_wconf 69' lang='grc' dir='ltr'><strong>ἒπωμιζόμενος,</strong></span> <span class='ocrx_word' id='word_1_664' title='bbox 2594 4259 2622 4310; x_wconf 96' lang='lat'><strong>6</strong></span> <span class='ocrx_word' id='word_1_665' title='bbox 2677 4257 2735 4310; x_wconf 63' lang='grc' dir='ltr'><strong>δὲ</strong></span> <span class='ocrx_word' id='word_1_666' title='bbox 2798 4258 3241 4328; x_wconf 82' lang='grc' dir='ltr'><strong>ἀμφιμάσχαλος.</strong></span> <span class='ocrx_word' id='word_1_667' title='bbox 3294 4254 3402 4312; x_wconf 82' lang='grc' dir='ltr'><strong>Ἦν</strong></span> <span class='ocrx_word' id='word_1_668' title='bbox 3459 4262 3672 4324; x_wconf 72' lang='grc' dir='ltr'><strong>ἐκεῖνος</strong></span> 
     </span>
    </p>
   </div>
   <div class='ocr_carea' id='block_1_89' title="bbox 2101 4349 3675 4418">
    <p class='ocr_par' dir='ltr' id='par_1_89' title="bbox 2101 4349 3675 4418">
     <span class='ocr_line' id='line_1_89' title="bbox 2101 4349 3675 4418; baseline 0.002 -18"><span class='ocrx_word' id='word_1_669' title='bbox 2101 4349 2364 4411; x_wconf 71' lang='grc' dir='ltr'><strong>τοιοῦτος,</strong></span> <span class='ocrx_word' id='word_1_670' title='bbox 2398 4350 2491 4402; x_wconf 79' lang='grc' dir='ltr'><strong>καὶ</strong></span> <span class='ocrx_word' id='word_1_671' title='bbox 2519 4349 2857 4417; x_wconf 82' lang='grc' dir='ltr'><strong>περιενόστει</strong></span> <span class='ocrx_word' id='word_1_672' title='bbox 2901 4349 3262 4418; x_wconf 79' lang='grc' dir='ltr'><strong>φρεναπατῶν</strong></span> <span class='ocrx_word' id='word_1_673' title='bbox 3285 4350 3411 4412; x_wconf 79' lang='grc' dir='ltr'><strong>τοὺς</strong></span> <span class='ocrx_word' id='word_1_674' title='bbox 3437 4351 3675 4414; x_wconf 75' lang='grc' dir='ltr'><strong>πολλοὺς</strong></span> 
     </span>
    </p>
   </div>
   <div class='ocr_carea' id='block_1_90' title="bbox 2106 4436 3674 4511">
    <p class='ocr_par' dir='ltr' id='par_1_90' title="bbox 2106 4436 3674 4511">
     <span class='ocr_line' id='line_1_90' title="bbox 2106 4436 3674 4511; baseline 0.002 -17"><span class='ocrx_word' id='word_1_675' title='bbox 2106 4441 2469 4511; x_wconf 85' lang='grc' dir='ltr'><strong>σιδηρόδετος,</strong></span> <span class='ocrx_word' id='word_1_676' title='bbox 2503 4441 2842 4510; x_wconf 72' lang='grc' dir='ltr'><strong>κακουργίας</strong></span> <span class='ocrx_word' id='word_1_677' title='bbox 2867 4441 3011 4502; x_wconf 85' lang='grc' dir='ltr'><strong>τινὸς</strong></span> <span class='ocrx_word' id='word_1_678' title='bbox 3043 4436 3198 4511; x_wconf 74' lang='grc' dir='ltr'><strong>οἶμαι</strong></span> <span class='ocrx_word' id='word_1_679' title='bbox 3247 4442 3387 4495; x_wconf 87' lang='grc' dir='ltr'><strong>κατά</strong></span> <span class='ocrx_word' id='word_1_680' title='bbox 3428 4459 3477 4494; x_wconf 83' lang='grc' dir='ltr'><strong>τι</strong></span> <span class='ocrx_word' id='word_1_681' title='bbox 3527 4443 3674 4497; x_wconf 83' lang='grc' dir='ltr'><strong>θεῖον</strong></span> 
     </span>
    </p>
   </div>
   <div class='ocr_carea' id='block_1_91' title="bbox 431 4507 1995 4607">
    <p class='ocr_par' dir='ltr' id='par_1_91' title="bbox 431 4535 1995 4607">
     <span class='ocr_line' id='line_1_91' title="bbox 431 4535 1995 4607; baseline 0 -17"><span class='ocrx_word' id='word_1_682' title='bbox 431 4537 615 4607; x_wconf 75' lang='lat' dir='ltr'><strong>peragi</strong></span> <span class='ocrx_word' id='word_1_683' title='bbox 664 4535 974 4606; x_wconf 82' lang='lat' dir='ltr'><strong>Oportebat;</strong></span> <span class='ocrx_word' id='word_1_684' title='bbox 1023 4544 1075 4589; x_wconf 89' lang='lat' dir='ltr'><strong>et</strong></span> <span class='ocrx_word' id='word_1_685' title='bbox 1116 4550 1245 4590; x_wconf 87' lang='lat' dir='ltr'><strong>ecce</strong></span> <span class='ocrx_word' id='word_1_686' title='bbox 1274 4537 1488 4590; x_wconf 91' lang='lat' dir='ltr'><strong>mirum.</strong></span> <span class='ocrx_word' id='word_1_687' title='bbox 1534 4536 1775 4590; x_wconf 82' lang='lat' dir='ltr'><strong>Solvitur</strong></span> <span class='ocrx_word' id='word_1_688' title='bbox 1804 4544 1995 4604; x_wconf 79' lang='lat' dir='ltr'><strong>sponte</strong></span> 
     </span>
    </p>
   </div>
   <div class='ocr_carea' id='block_1_92' title="bbox 2095 4507 3676 4607">
    <p class='ocr_par' dir='ltr' id='par_1_92' title="bbox 2102 4534 3676 4606">
     <span class='ocr_line' id='line_1_92' title="bbox 2102 4534 3676 4606; baseline -0.001 -18"><span class='ocrx_word' id='word_1_689' title='bbox 2102 4535 2259 4604; x_wconf 88' lang='grc' dir='ltr'><strong>δίκην</strong></span> <span class='ocrx_word' id='word_1_690' title='bbox 2312 4535 2517 4605; x_wconf 81' lang='grc' dir='ltr'><strong>ταύτην</strong></span> <span class='ocrx_word' id='word_1_691' title='bbox 2566 4534 2764 4597; x_wconf 69' lang='grc' dir='ltr'><strong>διδοὺς,</strong></span> <span class='ocrx_word' id='word_1_692' title='bbox 2821 4536 2913 4587; x_wconf 79' lang='grc' dir='ltr'><strong>καὶ</strong></span> <span class='ocrx_word' id='word_1_693' title='bbox 2967 4536 3332 4604; x_wconf 77' lang='grc' dir='ltr'><strong>παραφαξνων</strong></span> <span class='ocrx_word' id='word_1_694' title='bbox 3381 4534 3676 4606; x_wconf 75' lang='grc' dir='ltr'><strong>ὀφειλέτης</strong></span> 
     </span>
    </p>
   </div>
   <div class='ocr_carea' id='block_1_93' title="bbox 432 4625 2003 4696">
    <p class='ocr_par' dir='ltr' id='par_1_93' title="bbox 432 4625 2003 4696">
     <span class='ocr_line' id='line_1_93' title="bbox 432 4625 2003 4696; baseline 0.001 -18"><span class='ocrx_word' id='word_1_695' title='bbox 432 4644 460 4678; x_wconf 87' lang='lat' dir='ltr'><strong>a</strong></span> <span class='ocrx_word' id='word_1_696' title='bbox 508 4626 698 4682; x_wconf 81' lang='lat' dir='ltr'><strong>ferreis</strong></span> <span class='ocrx_word' id='word_1_697' title='bbox 748 4627 954 4682; x_wconf 81' lang='lat' dir='ltr'><strong>catenis</strong></span> <span class='ocrx_word' id='word_1_698' title='bbox 992 4625 1188 4694; x_wconf 88' lang='lat' dir='ltr'><strong>quibus</strong></span> <span class='ocrx_word' id='word_1_699' title='bbox 1229 4626 1578 4696; x_wconf 81' lang='lat' dir='ltr'><strong>dignissimus</strong></span> <span class='ocrx_word' id='word_1_700' title='bbox 1617 4637 1754 4693; x_wconf 91' lang='lat' dir='ltr'><strong>erat,</strong></span> <span class='ocrx_word' id='word_1_701' title='bbox 1803 4627 2003 4680; x_wconf 79' lang='lat' dir='ltr'><strong>ferrum</strong></span> 
     </span>
    </p>
   </div>
   <div class='ocr_carea' id='block_1_94' title="bbox 432 4717 2006 4790">
    <p class='ocr_par' dir='ltr' id='par_1_94' title="bbox 432 4717 2006 4790">
     <span class='ocr_line' id='line_1_94' title="bbox 432 4717 2006 4790; baseline 0.002 -22"><span class='ocrx_word' id='word_1_702' title='bbox 432 4717 578 4772; x_wconf 82' lang='lat' dir='ltr'><strong>humi</strong></span> <span class='ocrx_word' id='word_1_703' title='bbox 624 4717 860 4788; x_wconf 74' lang='lat' dir='ltr'><strong>iacebat,</strong></span> <span class='ocrx_word' id='word_1_704' title='bbox 901 4717 1154 4786; x_wconf 76' lang='lat' dir='ltr'><strong>iacebant</strong></span> <span class='ocrx_word' id='word_1_705' title='bbox 1183 4727 1234 4772; x_wconf 75' lang='lat' dir='ltr'><strong>et</strong></span> <span class='ocrx_word' id='word_1_706' title='bbox 1269 4719 1445 4773; x_wconf 87' lang='lat' dir='ltr'><strong>aliena</strong></span> <span class='ocrx_word' id='word_1_707' title='bbox 1474 4734 1637 4790; x_wconf 81' lang='lat' dir='ltr'><strong>grave</strong></span> <span class='ocrx_word' id='word_1_708' title='bbox 1674 4719 1884 4786; x_wconf 88' lang='lat' dir='ltr'><strong>pondus</strong></span> <span class='ocrx_word' id='word_1_709' title='bbox 1917 4735 2006 4771; x_wconf 87' lang='lat' dir='ltr'><strong>as-</strong></span> 
     </span>
    </p>
   </div>
   <div class='ocr_carea' id='block_1_95' title="bbox 428 4809 2002 4880">
    <p class='ocr_par' dir='ltr' id='par_1_95' title="bbox 428 4809 2002 4880">
     <span class='ocr_line' id='line_1_95' title="bbox 428 4809 2002 4880; baseline 0.002 -20"><span class='ocrx_word' id='word_1_710' title='bbox 428 4818 562 4862; x_wconf 77' lang='lat' dir='ltr'><strong>ceta:</strong></span> <span class='ocrx_word' id='word_1_711' title='bbox 591 4809 829 4864; x_wconf 87' lang='lat' dir='ltr'><strong>humeris</strong></span> <span class='ocrx_word' id='word_1_712' title='bbox 864 4810 1194 4879; x_wconf 83' lang='lat' dir='ltr'><strong>impositum,</strong></span> <span class='ocrx_word' id='word_1_713' title='bbox 1251 4821 1308 4864; x_wconf 92' lang='lat' dir='ltr'><strong>iit</strong></span> <span class='ocrx_word' id='word_1_714' title='bbox 1357 4812 1574 4877; x_wconf 91' lang='lat' dir='ltr'><strong>opinor,</strong></span> <span class='ocrx_word' id='word_1_715' title='bbox 1626 4810 1680 4863; x_wconf 92' lang='lat' dir='ltr'><strong>in</strong></span> <span class='ocrx_word' id='word_1_716' title='bbox 1734 4811 2002 4880; x_wconf 87' lang='lat' dir='ltr'><strong>cauponis</strong></span> 
     </span>
    </p>
   </div>
   <div class='ocr_carea' id='block_1_96' title="bbox 429 4896 2000 4968">
    <p class='ocr_par' dir='ltr' id='par_1_96' title="bbox 429 4896 2000 4968">
     <span class='ocr_line' id='line_1_96' title="bbox 429 4896 2000 4968; baseline 0.003 -19"><span class='ocrx_word' id='word_1_717' title='bbox 429 4896 708 4965; x_wconf 72' lang='lat' dir='ltr'><strong>cujusdam</strong></span> <span class='ocrx_word' id='word_1_718' title='bbox 767 4901 1014 4964; x_wconf 85' lang='lat' dir='ltr'><strong>taberna,</strong></span> <span class='ocrx_word' id='word_1_719' title='bbox 1070 4899 1166 4968; x_wconf 90' lang='lat' dir='ltr'><strong>qui</strong></span> <span class='ocrx_word' id='word_1_720' title='bbox 1223 4900 1397 4955; x_wconf 85' lang='lat' dir='ltr'><strong>lassos</strong></span> <span class='ocrx_word' id='word_1_721' title='bbox 1471 4899 1536 4953; x_wconf 90' lang='lat' dir='ltr'><strong>ad</strong></span> <span class='ocrx_word' id='word_1_722' title='bbox 1581 4915 1641 4954; x_wconf 84' lang='lat' dir='ltr'><strong>se</strong></span> <span class='ocrx_word' id='word_1_723' title='bbox 1694 4899 1886 4952; x_wconf 89' lang='lat' dir='ltr'><strong>invitat</strong></span> <span class='ocrx_word' id='word_1_724' title='bbox 1941 4911 2000 4954; x_wconf 93' lang='lat' dir='ltr'><strong>ut</strong></span> 
     </span>
    </p>
   </div>
   <div class='ocr_carea' id='block_1_97' title="bbox 431 4991 1986 5048">
    <p class='ocr_par' dir='ltr' id='par_1_97' title="bbox 431 4991 1986 5048">
     <span class='ocr_line' id='line_1_97' title="bbox 431 4991 1986 5048; baseline 0.004 -6"><span class='ocrx_word' id='word_1_725' title='bbox 431 4999 824 5045; x_wconf 79' lang='lat' dir='ltr'><strong>restaurentur.</strong></span> <span class='ocrx_word' id='word_1_726' title='bbox 856 4991 1345 5048; x_wconf 87' lang='lat' dir='ltr'><strong>Conimutaiionem</strong></span> <span class='ocrx_word' id='word_1_727' title='bbox 1393 4993 1533 5048; x_wconf 86' lang='lat' dir='ltr'><strong>hanc</strong></span> <span class='ocrx_word' id='word_1_728' title='bbox 1567 4995 1804 5048; x_wconf 81' lang='lat' dir='ltr'><strong>retinens</strong></span> <span class='ocrx_word' id='word_1_729' title='bbox 1831 5008 1986 5048; x_wconf 65' lang='lat' dir='ltr'><strong>asce—</strong></span> 
     </span>
    </p>
   </div>
   <div class='ocr_carea' id='block_1_98' title="bbox 433 5080 1996 5146">
    <p class='ocr_par' dir='ltr' id='par_1_98' title="bbox 433 5080 1996 5146">
     <span class='ocr_line' id='line_1_98' title="bbox 433 5080 1996 5146; baseline 0.004 -15"><span class='ocrx_word' id='word_1_730' title='bbox 433 5090 498 5133; x_wconf 67' lang='lat' dir='ltr'><strong>Iit:</strong></span> <span class='ocrx_word' id='word_1_731' title='bbox 549 5080 793 5133; x_wconf 78' lang='lat' dir='ltr'><strong>exercitii</strong></span> <span class='ocrx_word' id='word_1_732' title='bbox 847 5090 900 5134; x_wconf 89' lang='lat' dir='ltr'><strong>et</strong></span> <span class='ocrx_word' id='word_1_733' title='bbox 931 5082 1146 5137; x_wconf 89' lang='lat' dir='ltr'><strong>virtutis</strong></span> <span class='ocrx_word' id='word_1_734' title='bbox 1197 5083 1709 5146; x_wconf 86' lang='lat' dir='ltr'><strong>remunerationem,</strong></span> <span class='ocrx_word' id='word_1_735' title='bbox 1761 5085 1996 5137; x_wconf 79' lang='lat' dir='ltr'><strong>maxime</strong></span> 
     </span>
    </p>
   </div>
   <div class='ocr_carea' id='block_1_99' title="bbox 432 5171 1994 5243">
    <p class='ocr_par' dir='ltr' id='par_1_99' title="bbox 432 5171 1994 5243">
     <span class='ocr_line' id='line_1_99' title="bbox 432 5171 1994 5243; baseline 0.002 -19"><span class='ocrx_word' id='word_1_736' title='bbox 432 5171 737 5240; x_wconf 77' lang='lat' dir='ltr'><strong>hypocrisis</strong></span> <span class='ocrx_word' id='word_1_737' title='bbox 780 5172 882 5224; x_wconf 88' lang='lat' dir='ltr'><strong>hoc</strong></span> <span class='ocrx_word' id='word_1_738' title='bbox 929 5175 1158 5240; x_wconf 89' lang='lat' dir='ltr'><strong>pretium</strong></span> <span class='ocrx_word' id='word_1_739' title='bbox 1207 5175 1482 5240; x_wconf 87' lang='lat' dir='ltr'><strong>accipiens</strong></span> <span class='ocrx_word' id='word_1_740' title='bbox 1533 5174 1716 5228; x_wconf 89' lang='lat' dir='ltr'><strong>abibat</strong></span> <span class='ocrx_word' id='word_1_741' title='bbox 1753 5175 1994 5243; x_wconf 78' lang='lat' dir='ltr'><strong>gaudens</strong></span> 
     </span>
    </p>
   </div>
   <div class='ocr_carea' id='block_1_100' title="bbox 432 5262 1994 5332">
    <p class='ocr_par' dir='ltr' id='par_1_100' title="bbox 432 5262 1994 5332">
     <span class='ocr_line' id='line_1_100' title="bbox 432 5262 1994 5332; baseline -0.001 -16"><span class='ocrx_word' id='word_1_742' title='bbox 432 5262 565 5332; x_wconf 59' lang='lat' dir='ltr'><strong>ipse,</strong></span> <span class='ocrx_word' id='word_1_743' title='bbox 626 5263 894 5331; x_wconf 76' lang='lat' dir='ltr'><strong>lacryiuas</strong></span> <span class='ocrx_word' id='word_1_744' title='bbox 946 5277 1071 5316; x_wconf 88' lang='lat' dir='ltr'><strong>vero</strong></span> <span class='ocrx_word' id='word_1_745' title='bbox 1127 5264 1352 5330; x_wconf 79' lang='lat' dir='ltr'><strong>depositi</strong></span> <span class='ocrx_word' id='word_1_746' title='bbox 1398 5264 1616 5318; x_wconf 87' lang='lat' dir='ltr'><strong>domino</strong></span> <span class='ocrx_word' id='word_1_747' title='bbox 1671 5265 1994 5331; x_wconf 87' lang='lat' dir='ltr'><strong>relinquens.</strong></span> 
     </span>
    </p>
   </div>
   <div class='ocr_carea' id='block_1_101' title="bbox 433 5354 1996 5423">
    <p class='ocr_par' dir='ltr' id='par_1_101' title="bbox 433 5354 1996 5423">
     <span class='ocr_line' id='line_1_101' title="bbox 433 5354 1996 5423; baseline 0.001 -17"><span class='ocrx_word' id='word_1_748' title='bbox 433 5355 650 5418; x_wconf 84' lang='lat' dir='ltr'><strong>Quanto</strong></span> <span class='ocrx_word' id='word_1_749' title='bbox 682 5354 846 5423; x_wconf 79' lang='lat' dir='ltr'><strong>igitur</strong></span> <span class='ocrx_word' id='word_1_750' title='bbox 871 5354 1062 5407; x_wconf 85' lang='lat' dir='ltr'><strong>melius</strong></span> <span class='ocrx_word' id='word_1_751' title='bbox 1088 5354 1370 5422; x_wconf 82' lang='lat' dir='ltr'><strong>inagiiilice</strong></span> <span class='ocrx_word' id='word_1_752' title='bbox 1407 5355 1592 5408; x_wconf 86' lang='lat' dir='ltr'><strong>vestiri</strong></span> <span class='ocrx_word' id='word_1_753' title='bbox 1627 5354 1799 5415; x_wconf 73' lang='lat' dir='ltr'><strong>illiilli,</strong></span> <span class='ocrx_word' id='word_1_754' title='bbox 1833 5354 1996 5422; x_wconf 90' lang='lat' dir='ltr'><strong>pallio</strong></span> 
     </span>
    </p>
   </div>
   <div class='ocr_carea' id='block_1_102' title="bbox 435 5445 1989 5514">
    <p class='ocr_par' dir='ltr' id='par_1_102' title="bbox 435 5445 1989 5514">
     <span class='ocr_line' id='line_1_102' title="bbox 435 5445 1989 5514; baseline 0.001 -17"><span class='ocrx_word' id='word_1_755' title='bbox 435 5447 714 5514; x_wconf 73' lang='lat' dir='ltr'><strong>Splendida</strong></span> <span class='ocrx_word' id='word_1_756' title='bbox 763 5457 818 5501; x_wconf 90' lang='lat' dir='ltr'><strong>ct</strong></span> <span class='ocrx_word' id='word_1_757' title='bbox 875 5461 1065 5499; x_wconf 83' lang='lat' dir='ltr'><strong>sanum</strong></span> <span class='ocrx_word' id='word_1_758' title='bbox 1119 5461 1260 5509; x_wconf 87' lang='lat' dir='ltr'><strong>esse,</strong></span> <span class='ocrx_word' id='word_1_759' title='bbox 1288 5461 1447 5512; x_wconf 90' lang='lat' dir='ltr'><strong>quam</strong></span> <span class='ocrx_word' id='word_1_760' title='bbox 1511 5447 1589 5499; x_wconf 89' lang='lat' dir='ltr'><strong>sic</strong></span> <span class='ocrx_word' id='word_1_761' title='bbox 1632 5445 1774 5498; x_wconf 82' lang='lat' dir='ltr'><strong>ferro</strong></span> <span class='ocrx_word' id='word_1_762' title='bbox 1808 5445 1989 5499; x_wconf 77' lang='lat' dir='ltr'><strong>accin-</strong></span> 
     </span>
    </p>
   </div>
   <div class='ocr_carea' id='block_1_103' title="bbox 438 5536 1994 5608">
    <p class='ocr_par' dir='ltr' id='par_1_103' title="bbox 438 5536 1994 5608">
     <span class='ocr_line' id='line_1_103' title="bbox 438 5536 1994 5608; baseline 0.004 -23"><span class='ocrx_word' id='word_1_763' title='bbox 438 5546 580 5590; x_wconf 76' lang='lat' dir='ltr'><strong>i-tuni</strong></span> <span class='ocrx_word' id='word_1_764' title='bbox 619 5538 756 5592; x_wconf 87' lang='lat' dir='ltr'><strong>mala</strong></span> <span class='ocrx_word' id='word_1_765' title='bbox 787 5537 996 5593; x_wconf 80' lang='lat' dir='ltr'><strong>inﬁnita</strong></span> <span class='ocrx_word' id='word_1_766' title='bbox 1033 5537 1282 5606; x_wconf 83' lang='lat' dir='ltr'><strong>Operari!</strong></span> <span class='ocrx_word' id='word_1_767' title='bbox 1320 5536 1382 5589; x_wconf 85' lang='lat' dir='ltr'><strong>Et</strong></span> <span class='ocrx_word' id='word_1_768' title='bbox 1410 5552 1552 5591; x_wconf 92' lang='lat' dir='ltr'><strong>nunc</strong></span> <span class='ocrx_word' id='word_1_769' title='bbox 1587 5541 1724 5608; x_wconf 86' lang='lat' dir='ltr'><strong>apud</strong></span> <span class='ocrx_word' id='word_1_770' title='bbox 1765 5554 1860 5592; x_wconf 79' lang='lat' dir='ltr'><strong>nos</strong></span> <span class='ocrx_word' id='word_1_771' title='bbox 1910 5555 1994 5591; x_wconf 87' lang='lat' dir='ltr'><strong>as-</strong></span> 
     </span>
    </p>
   </div>
   <div class='ocr_carea' id='block_1_104' title="bbox 511 5691 1646 5764">
    <p class='ocr_par' dir='ltr' id='par_1_104' title="bbox 511 5691 1646 5764">
     <span class='ocr_line' id='line_1_104' title="bbox 511 5691 1646 5764; baseline -0.004 -13"><span class='ocrx_word' id='word_1_772' title='bbox 511 5692 585 5757; x_wconf 78' lang='lat' dir='ltr'><strong>(l)</strong></span> <span class='ocrx_word' id='word_1_773' title='bbox 617 5691 706 5743; x_wconf 88' lang='lat' dir='ltr'><strong>Sic</strong></span> <span class='ocrx_word' id='word_1_774' title='bbox 734 5705 917 5760; x_wconf 84' lang='lat' dir='ltr'><strong>aperte</strong></span> <span class='ocrx_word' id='word_1_775' title='bbox 948 5710 1044 5749; x_wconf 87' lang='lat' dir='ltr'><strong>nis.</strong></span> <span class='ocrx_word' id='word_1_776' title='bbox 1079 5709 1092 5755; x_wconf 87' lang='lat'><strong>:</strong></span> <span class='ocrx_word' id='word_1_777' title='bbox 1125 5703 1341 5764; x_wconf 73' lang='lat' dir='ltr'><strong>prmstat</strong></span> <span class='ocrx_word' id='word_1_778' title='bbox 1376 5695 1646 5762; x_wconf 73' lang='grc' dir='ltr'><strong>καμήλου.</strong></span> 
     </span>
    </p>
   </div>
   <div class='ocr_carea' id='block_1_105' title="bbox 2103 4621 3674 4694">
    <p class='ocr_par' dir='ltr' id='par_1_105' title="bbox 2103 4621 3674 4694">
     <span class='ocr_line' id='line_1_105' title="bbox 2103 4621 3674 4694; baseline 0 -16"><span class='ocrx_word' id='word_1_779' title='bbox 2103 4621 2242 4678; x_wconf 81' lang='grc' dir='ltr'><strong>εἶναι</strong></span> <span class='ocrx_word' id='word_1_780' title='bbox 2271 4625 2525 4694; x_wconf 86' lang='grc' dir='ltr'><strong>τοιαύτης</strong></span> <span class='ocrx_word' id='word_1_781' title='bbox 2552 4624 2863 4694; x_wconf 82' lang='grc' dir='ltr'><strong>περιϐολῆς.</strong></span> <span class='ocrx_word' id='word_1_782' title='bbox 2891 4623 3090 4694; x_wconf 66' lang='grc' dir='ltr'><strong>Καιρὲς</strong></span> <span class='ocrx_word' id='word_1_783' title='bbox 3132 4624 3193 4693; x_wconf 73' lang='grc' dir='ltr'><strong>δή</strong></span> <span class='ocrx_word' id='word_1_784' title='bbox 3223 4642 3324 4686; x_wconf 85' lang='grc' dir='ltr'><strong>τις,</strong></span> <span class='ocrx_word' id='word_1_785' title='bbox 3368 4627 3462 4677; x_wconf 69' lang='grc' dir='ltr'><strong>καὶ</strong></span> <span class='ocrx_word' id='word_1_786' title='bbox 3484 4627 3674 4693; x_wconf 73' lang='grc' dir='ltr'><strong>πραγ-</strong></span> 
     </span>
    </p>
   </div>
   <div class='ocr_carea' id='block_1_106' title="bbox 2103 4711 3672 4786">
    <p class='ocr_par' dir='ltr' id='par_1_106' title="bbox 2103 4711 3672 4786">
     <span class='ocr_line' id='line_1_106' title="bbox 2103 4711 3672 4786; baseline -0.001 -17"><span class='ocrx_word' id='word_1_787' title='bbox 2103 4733 2250 4785; x_wconf 87' lang='grc' dir='ltr'><strong>ματα</strong></span> <span class='ocrx_word' id='word_1_788' title='bbox 2287 4717 2414 4786; x_wconf 72' lang='grc' dir='ltr'><strong>περὶ</strong></span> <span class='ocrx_word' id='word_1_789' title='bbox 2467 4715 2627 4767; x_wconf 66' lang='grc' dir='ltr'><strong>αὑτὸν</strong></span> <span class='ocrx_word' id='word_1_790' title='bbox 2659 4715 2865 4777; x_wconf 74' lang='grc' dir='ltr'><strong>ξενικὰ,</strong></span> <span class='ocrx_word' id='word_1_791' title='bbox 2901 4715 2996 4766; x_wconf 83' lang='grc' dir='ltr'><strong>καί</strong></span> <span class='ocrx_word' id='word_1_792' title='bbox 3027 4714 3132 4766; x_wconf 78' lang='grc' dir='ltr'><strong>ἔδει</strong></span> <span class='ocrx_word' id='word_1_793' title='bbox 3163 4715 3302 4767; x_wconf 83' lang='grc' dir='ltr'><strong>αύτά</strong></span> <span class='ocrx_word' id='word_1_794' title='bbox 3337 4711 3627 4783; x_wconf 74' lang='grc' dir='ltr'><strong>τηρεῐτῦαι</strong></span> <span class='ocrx_word' id='word_1_795' title='bbox 3654 4731 3672 4746; x_wconf 86' lang='grc'><strong>·</strong></span> 
     </span>
    </p>
   </div>
   <div class='ocr_carea' id='block_1_107' title="bbox 2100 4806 3674 4876">
    <p class='ocr_par' dir='ltr' id='par_1_107' title="bbox 2100 4806 3674 4876">
     <span class='ocr_line' id='line_1_107' title="bbox 2100 4806 3674 4876; baseline 0.001 -18"><span class='ocrx_word' id='word_1_796' title='bbox 2100 4809 2195 4859; x_wconf 65' lang='grc' dir='ltr'><strong>καὶ</strong></span> <span class='ocrx_word' id='word_1_797' title='bbox 2221 4807 2380 4870; x_wconf 74' lang='grc' dir='ltr'><strong>εὐθὺς</strong></span> <span class='ocrx_word' id='word_1_798' title='bbox 2430 4806 2640 4875; x_wconf 76' lang='grc' dir='ltr'><strong>Θαύμα.</strong></span> <span class='ocrx_word' id='word_1_799' title='bbox 2695 4807 2899 4858; x_wconf 88' lang='grc' dir='ltr'><strong>Λύεται</strong></span> <span class='ocrx_word' id='word_1_800' title='bbox 2957 4806 3058 4874; x_wconf 77' lang='grc' dir='ltr'><strong>μὲν</strong></span> <span class='ocrx_word' id='word_1_801' title='bbox 3097 4807 3204 4876; x_wconf 75' lang='grc' dir='ltr'><strong>γὰρ</strong></span> <span class='ocrx_word' id='word_1_802' title='bbox 3236 4807 3545 4874; x_wconf 70' lang='grc' dir='ltr'><strong>αὐτόματος</strong></span> <span class='ocrx_word' id='word_1_803' title='bbox 3575 4807 3674 4860; x_wconf 70' lang='grc' dir='ltr'><strong>τοῦ</strong></span> 
     </span>
    </p>
   </div>
   <div class='ocr_carea' id='block_1_108' title="bbox 2099 4898 3677 4968">
    <p class='ocr_par' dir='ltr' id='par_1_108' title="bbox 2099 4898 3677 4968">
     <span class='ocr_line' id='line_1_108' title="bbox 2099 4898 3677 4968; baseline -0.002 -16"><span class='ocrx_word' id='word_1_804' title='bbox 2099 4899 2349 4968; x_wconf 77' lang='grc' dir='ltr'><strong>σιδηρέονι</strong></span> <span class='ocrx_word' id='word_1_805' title='bbox 2387 4900 2588 4967; x_wconf 75' lang='grc' dir='ltr'><strong>δεσμοῦ</strong></span> <span class='ocrx_word' id='word_1_806' title='bbox 2625 4900 2652 4950; x_wconf 92' lang='lat'><strong>6</strong></span> <span class='ocrx_word' id='word_1_807' title='bbox 2683 4898 2894 4950; x_wconf 82' lang='grc' dir='ltr'><strong>πολλῶν</strong></span> <span class='ocrx_word' id='word_1_808' title='bbox 2924 4899 3186 4951; x_wconf 82' lang='grc' dir='ltr'><strong>τοιούτων</strong></span> <span class='ocrx_word' id='word_1_809' title='bbox 3223 4899 3478 4964; x_wconf 73' lang='grc' dir='ltr'><strong>ὲπάξιος⁶</strong></span> <span class='ocrx_word' id='word_1_810' title='bbox 3519 4900 3618 4951; x_wconf 72' lang='grc' dir='ltr'><strong>καὶ</strong></span> <span class='ocrx_word' id='word_1_811' title='bbox 3647 4899 3677 4949; x_wconf 92' lang='lat'><strong>6</strong></span> 
     </span>
    </p>
   </div>
   <div class='ocr_carea' id='block_1_109' title="bbox 2101 4988 3674 5058">
    <p class='ocr_par' dir='ltr' id='par_1_109' title="bbox 2101 4988 3674 5058">
     <span class='ocr_line' id='line_1_109' title="bbox 2101 4988 3674 5058; baseline -0.001 -16"><span class='ocrx_word' id='word_1_812' title='bbox 2101 4990 2200 5058; x_wconf 80' lang='grc' dir='ltr'><strong>μὲν</strong></span> <span class='ocrx_word' id='word_1_813' title='bbox 2227 4990 2442 5058; x_wconf 80' lang='grc' dir='ltr'><strong>σίδηρος</strong></span> <span class='ocrx_word' id='word_1_814' title='bbox 2475 4988 2618 5041; x_wconf 83' lang='grc' dir='ltr'><strong>κατὰ</strong></span> <span class='ocrx_word' id='word_1_815' title='bbox 2647 4988 2747 5057; x_wconf 81' lang='grc' dir='ltr'><strong>γῆς</strong></span> <span class='ocrx_word' id='word_1_816' title='bbox 2777 4989 2973 5052; x_wconf 78' lang='grc' dir='ltr'><strong>ἔκειτο,</strong></span> <span class='ocrx_word' id='word_1_817' title='bbox 2995 4989 3065 5040; x_wconf 75' lang='grc' dir='ltr'><strong>τὰ</strong></span> <span class='ocrx_word' id='word_1_818' title='bbox 3102 4989 3156 5040; x_wconf 82' lang='grc' dir='ltr'><strong>δὲ</strong></span> <span class='ocrx_word' id='word_1_819' title='bbox 3184 4989 3444 5054; x_wconf 83' lang='grc' dir='ltr'><strong>ἀλλότρια</strong></span> <span class='ocrx_word' id='word_1_820' title='bbox 3469 4990 3674 5054; x_wconf 71' lang='grc' dir='ltr'><strong>φόρτος</strong></span> 
     </span>
    </p>
   </div>
   <div class='ocr_carea' id='block_1_110' title="bbox 2089 5078 3678 5148">
    <p class='ocr_par' dir='ltr' id='par_1_110' title="bbox 2089 5078 3678 5148">
     <span class='ocr_line' id='line_1_110' title="bbox 2089 5078 3678 5148; baseline -0.002 -15"><span class='ocrx_word' id='word_1_821' title='bbox 2089 5083 2200 5143; x_wconf 86' lang='grc' dir='ltr'><strong>τοῖς</strong></span> <span class='ocrx_word' id='word_1_822' title='bbox 2222 5081 2542 5148; x_wconf 83' lang='grc' dir='ltr'><strong>ἀσκητικοίς</strong></span> <span class='ocrx_word' id='word_1_823' title='bbox 2573 5078 2746 5148; x_wconf 78' lang='grc' dir='ltr'><strong>ὤμοις</strong></span> <span class='ocrx_word' id='word_1_824' title='bbox 2777 5080 3053 5146; x_wconf 76' lang='grc' dir='ltr'><strong>ἐπέκειτο,</strong></span> <span class='ocrx_word' id='word_1_825' title='bbox 3089 5081 3143 5141; x_wconf 78' lang='grc' dir='ltr'><strong>ἐς</strong></span> <span class='ocrx_word' id='word_1_826' title='bbox 3194 5081 3440 5147; x_wconf 81' lang='grc' dir='ltr'><strong>καπήλου</strong></span> <span class='ocrx_word' id='word_1_827' title='bbox 3476 5079 3558 5146; x_wconf 79' lang='grc'><strong>(1)</strong></span> <span class='ocrx_word' id='word_1_828' title='bbox 3590 5097 3678 5130; x_wconf 83' lang='grc' dir='ltr'><strong>τι·</strong></span> 
     </span>
    </p>
   </div>
   <div class='ocr_carea' id='block_1_111' title="bbox 2091 5167 3673 5242">
    <p class='ocr_par' dir='ltr' id='par_1_111' title="bbox 2091 5167 3673 5242">
     <span class='ocr_line' id='line_1_111' title="bbox 2091 5167 3673 5242; baseline -0.002 -20"><span class='ocrx_word' id='word_1_829' title='bbox 2091 5173 2179 5232; x_wconf 75' lang='grc' dir='ltr'><strong>νὸς</strong></span> <span class='ocrx_word' id='word_1_830' title='bbox 2203 5167 2356 5240; x_wconf 78' lang='grc' dir='ltr'><strong>οἶμαι</strong></span> <span class='ocrx_word' id='word_1_831' title='bbox 2387 5169 2446 5222; x_wconf 83' lang='grc' dir='ltr'><strong>τὸ</strong></span> <span class='ocrx_word' id='word_1_832' title='bbox 2473 5170 2635 5242; x_wconf 72' lang='grc' dir='ltr'><strong>ἄχθος</strong></span> <span class='ocrx_word' id='word_1_833' title='bbox 2669 5171 3214 5239; x_wconf 70' lang='grc' dir='ltr'><strong>ἁποφορτισομένοις,</strong></span> <span class='ocrx_word' id='word_1_834' title='bbox 3252 5169 3673 5236; x_wconf 77' lang='grc' dir='ltr'><strong>ὑποφωνοῦντος</strong></span> 
     </span>
    </p>
   </div>
   <div class='ocr_carea' id='block_1_112' title="bbox 2093 5259 3673 5331">
    <p class='ocr_par' dir='ltr' id='par_1_112' title="bbox 2093 5259 3673 5331">
     <span class='ocr_line' id='line_1_112' title="bbox 2093 5259 3673 5331; baseline -0.003 -16"><span class='ocrx_word' id='word_1_835' title='bbox 2093 5264 2202 5324; x_wconf 84' lang='grc' dir='ltr'><strong>τοῖς</strong></span> <span class='ocrx_word' id='word_1_836' title='bbox 2235 5261 2377 5315; x_wconf 74' lang='grc' dir='ltr'><strong>οὕτω</strong></span> <span class='ocrx_word' id='word_1_837' title='bbox 2435 5263 2695 5324; x_wconf 82' lang='grc' dir='ltr'><strong>κοπιῶσι,</strong></span> <span class='ocrx_word' id='word_1_838' title='bbox 2754 5265 2846 5315; x_wconf 72' lang='grc' dir='ltr'><strong>καὶ</strong></span> <span class='ocrx_word' id='word_1_839' title='bbox 2901 5264 3354 5331; x_wconf 76' lang='grc' dir='ltr'><strong>πεφορτισμένοις</strong></span> <span class='ocrx_word' id='word_1_840' title='bbox 3385 5259 3673 5329; x_wconf 78' lang='grc' dir='ltr'><strong>ἔρχεσθαι,</strong></span> 
     </span>
    </p>
   </div>
   <div class='ocr_carea' id='block_1_113' title="bbox 2097 5350 3669 5424">
    <p class='ocr_par' dir='ltr' id='par_1_113' title="bbox 2097 5350 3669 5424">
     <span class='ocr_line' id='line_1_113' title="bbox 2097 5350 3669 5424; baseline -0.004 -17"><span class='ocrx_word' id='word_1_841' title='bbox 2097 5357 2193 5407; x_wconf 75' lang='grc' dir='ltr'><strong>καὶ</strong></span> <span class='ocrx_word' id='word_1_842' title='bbox 2221 5354 2598 5407; x_wconf 82' lang='grc' dir='ltr'><strong>ἀναπαύεσθαι</strong></span> <span class='ocrx_word' id='word_1_843' title='bbox 2623 5355 2752 5424; x_wconf 75' lang='grc' dir='ltr'><strong>παρ’</strong></span> <span class='ocrx_word' id='word_1_844' title='bbox 2784 5355 2953 5423; x_wconf 78' lang='grc' dir='ltr'><strong>αὐτῷ.</strong></span> <span class='ocrx_word' id='word_1_845' title='bbox 2985 5356 3091 5406; x_wconf 80' lang='grc' dir='ltr'><strong>Καὶ</strong></span> <span class='ocrx_word' id='word_1_846' title='bbox 3117 5353 3474 5420; x_wconf 74' lang='grc' dir='ltr'><strong>ἀντάλλαγμα</strong></span> <span class='ocrx_word' id='word_1_847' title='bbox 3506 5350 3669 5402; x_wconf 79' lang='grc' dir='ltr'><strong>τοῦτο</strong></span> 
     </span>
    </p>
   </div>
   <div class='ocr_carea' id='block_1_114' title="bbox 2099 5442 3672 5516">
    <p class='ocr_par' dir='ltr' id='par_1_114' title="bbox 2099 5442 3672 5516">
     <span class='ocr_line' id='line_1_114' title="bbox 2099 5442 3672 5516; baseline -0.004 -18"><span class='ocrx_word' id='word_1_848' title='bbox 2099 5448 2243 5516; x_wconf 81' lang='grc' dir='ltr'><strong>σχὼν</strong></span> <span class='ocrx_word' id='word_1_849' title='bbox 2266 5448 2472 5508; x_wconf 76' lang='grc' dir='ltr'><strong>ἐκεῖνος</strong></span> <span class='ocrx_word' id='word_1_850' title='bbox 2505 5447 2790 5516; x_wconf 83' lang='grc' dir='ltr'><strong>ἀσκήσεως</strong></span> <span class='ocrx_word' id='word_1_851' title='bbox 2820 5451 2914 5498; x_wconf 75' lang='grc' dir='ltr'><strong>καὶ</strong></span> <span class='ocrx_word' id='word_1_852' title='bbox 2947 5446 3138 5513; x_wconf 81' lang='grc' dir='ltr'><strong>μισθὸν</strong></span> <span class='ocrx_word' id='word_1_853' title='bbox 3168 5443 3391 5512; x_wconf 80' lang='grc' dir='ltr'><strong>ἀρετῆς,</strong></span> <span class='ocrx_word' id='word_1_854' title='bbox 3429 5442 3672 5511; x_wconf 76' lang='grc' dir='ltr'><strong>μάλιστα</strong></span> 
     </span>
    </p>
   </div>
   <div class='ocr_carea' id='block_1_115' title="bbox 2109 5535 3668 5608">
    <p class='ocr_par' dir='ltr' id='par_1_115' title="bbox 2109 5535 3668 5608">
     <span class='ocr_line' id='line_1_115' title="bbox 2109 5535 3668 5608; baseline -0.003 -19"><span class='ocrx_word' id='word_1_855' title='bbox 2109 5540 2207 5608; x_wconf 76' lang='grc' dir='ltr'><strong>μὲν</strong></span> <span class='ocrx_word' id='word_1_856' title='bbox 2257 5536 2347 5588; x_wconf 78' lang='grc' dir='ltr'><strong>οὖν</strong></span> <span class='ocrx_word' id='word_1_857' title='bbox 2380 5537 2512 5590; x_wconf 50' lang='grc' dir='ltr'><strong>ὥνια</strong></span> <span class='ocrx_word' id='word_1_858' title='bbox 2565 5537 2737 5590; x_wconf 73' lang='grc' dir='ltr'><strong>ταῦτα</strong></span> <span class='ocrx_word' id='word_1_859' title='bbox 2797 5538 3017 5607; x_wconf 81' lang='grc' dir='ltr'><strong>βαθείας</strong></span> <span class='ocrx_word' id='word_1_860' title='bbox 3071 5535 3248 5589; x_wconf 81' lang='grc' dir='ltr'><strong>λαϐὼν</strong></span> <span class='ocrx_word' id='word_1_861' title='bbox 3303 5535 3668 5603; x_wconf 79' lang='grc' dir='ltr'><strong>ὑποκρίσεως,</strong></span> 
     </span>
    </p>
   </div>
  </div>
