3950 6208
208 276 326 339 233

1367 269 1466 325 AD
1489 267 1879 326 STYLITAM
1911 267 2315 337 QUEMDAM.

3358 269 3463 330 234

211 387 384 458 ᾤχετο
413 381 577 444 αὐτὸς
611 381 712 452 μὲν
744 381 972 450 χαίρων,
1031 376 1321 446 κλαύματα
1355 380 1408 431 δὲ
1442 380 1518 448 τῷ
1553 382 1648 448 τῆς
1683 395 1778 429 πα-

1898 388 2141 432 servatur
2194 379 2396 431 lerrum
2465 380 2647 442 ismd,
2703 380 2843 436 risus
2903 383 3116 451 quidem
3178 385 3458 436 materiam

219 479 472 548 ραθήκης
533 473 776 543 δεσπότῃ
829 469 1166 524 καταλιπών.
1225 471 1390 522 Πόσον
1447 471 1510 539 δὴ
1548 471 1791 534 κάλλιον,

217 567 654 638 λαμπρειμονεῖν
680 567 914 623 ἐκεῖνον,
942 563 1035 614 καὶ
1072 561 1368 631 ἱματισμὸν
1395 561 1575 628 εύαφῆ
1629 577 1694 612 πε
1707 577 1792 628 ριο

218 660 456 721 κεῖσθαι,
486 658 581 710 καὶ
613 657 938 725 σωφρονεῖν,
970 656 1114 723 ἥπερ
1147 653 1291 706 οὕτω
1324 653 1526 723 σιδήρῳ
1557 653 1789 722 βαρυνό-

222 767 382 821 μενον
412 749 583 818 μυρία
618 750 762 799 κακὰ
784 743 1198 813 ἐπαχθὶζεσθαι.
1227 745 1336 795 Καὶ
1360 743 1456 795 νῦν
1476 743 1793 812 κειμηλιοῦ-

213 859 300 895 ται
334 841 467 910 παρ’
494 842 626 908 ἡμῖν
661 840 872 898 ἐκεῖνος
902 839 929 889 6
955 836 1196 904 σίδηρος,
1225 833 1403 902 θέαμα
1433 833 1629 902 σεμνὸν
1667 832 1790 883 ἐσό-

215 950 395 1001 μενος,
428 931 629 1001 ιιενοῦν
668 947 729 998 γε
756 930 995 1000 χορηγία
1019 928 1252 994 γέλωτος
1279 926 1378 995 μὲν
1397 927 1511 988 τοῖς
1545 924 1781 988 πολλοῖς,

210 1021 548 1089 ἐπιστροφῆς
577 1021 635 1072 δὲ
668 1023 781 1082 τοῖς
817 1020 1064 1086 ἀγαθοῖς.
1104 1016 1364 1068 Κείσεται
1407 1017 1515 1085 γὰρ
1553 1015 1783 1084 ὑποκρί-

212 1128 344 1173 σεως
398 1110 694 1180 θρίαμϐος,
734 1111 978 1176 ἐλέγχων
1039 1107 1242 1176 ἀρετὴν
1288 1105 1782 1174 ψευδεπίπλαστον,

211 1204 298 1254 καὶ
355 1191 871 1272 παραδειγματῐζων
929 1201 1023 1252 τὸν
1081 1202 1181 1252 ούκ
1244 1198 1468 1265 ἀγαθὸν,
1509 1197 1646 1265 τάχα
1675 1195 1782 1247 οὐδ’

209 1293 538 1364 ἀπορριφεὶς
589 1294 693 1344 ὑπὸ
744 1293 838 1345 τοῦ
868 1293 1076 1361 φαύλου
1100 1292 1388 1360 ζωγράφου
1419 1289 1518 1356 τῆς
1557 1288 1782 1358 ἀρετῆς,

1890 472 2073 525 multis
2104 472 2474 539 suppeditans,
2499 487 2886 528 conversurum
2923 490 3051 530 vero
3086 477 3272 530 honos.
3306 477 3460 531 Jace-

1890 565 1964 616 hit
1997 563 2139 616 enim
2173 564 2472 632 hypocrisis
2503 565 2828 634 triumphus,
2877 571 3131 624 virtutem
3156 572 3461 628 simulatam

1886 667 2141 720 arguens,
2177 670 2410 722 eumque
2440 657 2532 724 qui
2565 672 2667 708 non
2697 668 2780 710 est
2827 659 3000 712 bonus
3029 663 3308 732 detegens,
3355 679 3460 715 non

1895 747 2157 814 spoliatus
2191 763 2218 798 a
2250 748 2340 799 vili
2377 748 2593 800 virtutis
2622 749 2858 813 ﬁctione,
2891 757 2982 806 sed
3015 754 3186 806 virum
3236 755 3461 810 insidia-

1887 845 2057 889 torem
2119 836 2331 889 evitans
2369 854 2431 890 ne
2469 838 2674 891 inutiiis
2714 839 2824 893 Iiat.
2879 840 3123 910 Sigillum
3167 858 3245 900 est
3276 851 3458 916 proba:

1883 924 2176 989 asperioris
2208 924 2329 975 vita:
2378 925 2678 992 symbolum
2731 943 2966 982 mercem
3004 934 3320 991 adulterans
3353 938 3460 991 vir-

1885 1013 2016 1066 tutis
2063 1015 2272 1066 beatam
2323 1030 2524 1068 Sumen)
2565 1018 2614 1069 iu
2650 1017 2867 1074 homine
2908 1022 3095 1076 doloso
3140 1036 3193 1079 et
3240 1029 3461 1084 malitiae

1884 1104 2250 1172 prostitueus;
2289 1106 2487 1160 u-ullos
2529 1110 2582 1160 in
2617 1109 2783 1176 ipsam
2829 1112 3052 1168 lenones
3082 1117 3459 1188 adducitprteo

1885 1194 2074 1248 sertim
2107 1195 2391 1250 desideriis
2437 1199 2602 1252 honos
2642 1202 2928 1255 desideriis
2956 1205 3270 1274 subjugutos
3295 1217 3351 1260 et
3382 1211 3460 1264 vi-

1884 1284 2052 1337 litatis
2087 1288 2402 1354 apparentia
2447 1289 2682 1343 delusus.

207 1390 314 1441 ἀλλ’
346 1390 512 1450 αὐτὸς
538 1388 850 1457 διεκφυγὼν
884 1389 1050 1457 ἄνδρα
1086 1387 1393 1448 ἐπίϐουλον,
1431 1385 1515 1440 ἵνα
1551 1385 1625 1454 μὴ
1676 1383 1772 1434 καὶ
1813 1381 2090 1450 ἀχρειοῖτο
2116 1397 2129 1410 ·
2177 1383 2490 1454 σήμαντρον
2563 1387 2661 1454 μὲν
2713 1389 2786 1440 ὢν
2833 1392 3082 1462 ἐναρέτου
3125 1396 3292 1467 ζωῆς,
3360 1401 3456 1454 καὶ

205 1483 538 1550 τραχυτέρου
562 1481 680 1549 βίου
704 1479 994 1548 σύμϐολον,
1019 1479 1350 1547 καπηλεύων
1412 1477 1469 1530 δέ
1529 1477 1626 1544 τῆς
1653 1474 1853 1544 ἀρετῆς
1890 1473 1949 1526 τὸ
1988 1474 2262 1543 μακάριον
2297 1477 2354 1526 ἐν
2383 1477 2540 1546 ἀνδρὶ
2597 1479 2854 1550 κιϐδήλῳ,
2919 1487 3013 1536 καὶ¹
3063 1495 3456 1558 μαστροπεύων

205 1571 303 1625 οἷον
358 1574 425 1641 τῇ
460 1571 652 1641 κακία,
697 1566 804 1624 ’καὶ
838 1572 1067 1634 πολλοὺς
1115 1573 1194 1633 εἰς
1229 1570 1400 1638 αὐτὴν
1437 1568 1777 1636 ἐπαγόμενος
1817 1565 2058 1635 φαύλους
2086 1567 2344 1633 ἐραστὰς,
2377 1569 2578 1633 μᾶλλον
2615 1574 2711 1639 μὲν
2741 1572 2833 1624 οὖν
2887 1577 3121 1642 ἀγαθοὺς
3187 1582 3457 1650 ζηλωτὰς.

204 1666 592 1733 δουλουμένους
648 1664 747 1732 τὴν
795 1663 1090 1732 ἐπιθυμίαν
1115 1704 1131 1728 ,
1193 1665 1285 1715 καὶ
1319 1659 1783 1729 φενακιζομένους
1821 1658 1896 1729 τῷ
1922 1659 2349 1728 προφαινομένῳ
2378 1661 2474 1728 τῆς
2505 1662 2862 1732 φαυλότητος.

267 1757 378 1821 λς’.
409 1756 616 1824 Μηδεὶς
641 1735 1014 1822 εἴη’τοιοῦτος,
1044 1755 1233 1824 μηδεὶς
1252 1753 1396 1806 οὕτω
1425 1751 1768 1822 βαρυνὲσθω’

1943 1749 2030 1804 56.
2074 1749 2242 1803 Nemo
2287 1751 2410 1805 talis
2455 1762 2590 1818 esto;
2641 1770 2704 1807 ne
2745 1758 2825 1809 sic
2867 1771 3162 1828 gravetur;
3212 1769 3304 1820 sed
3343 1771 3457 1826 alas

206 1850 337 1904 ἀλλὰ
385 1849 449 1900 τὸ
480 1847 578 1916 τῆς
621 1847 1021 1912 ἁνυποκρισιας
1056 1845 1240 1914 φέρων
1295 1844 1518 1914 πτερὸν,
1575 1841 1776 1909 κοῦφος

209 1940 467 2010 αἰρέσθω,
505 1942 603 1990 καὶ
631 1937 768 2006 πρὸς
798 1937 932 1990 Θεὸν
959 1936 1320 2001 ἁναϐαινέτω,
1363 1935 1539 2002 είὸὼς,
1573 1935 1647 1997 ὡς
1682 1952 1779 1986 κα-

207 2033 288 2097 λὸς
321 2033 430 2102 μὲν
454 2035 549 2084 καὶ
584 2032 612 2082 ὁ
645 2031 906 2101 ἀσίδηρος
945 2031 1039 2082 καὶ
1067 2029 1220 2096 ψιλὸς
1251 2029 1384 2099 βίος,
1417 2030 1579 2091 καλὸς
1602 2027 1658 2081 δέ
1685 2029 1777 2080 καὶ

204 2130 228 2179 ό
256 2126 672 2194 καταφρασσων
709 2123 947 2191 σίδηρος,
979 2123 1027 2175 εί
1072 2121 1252 2184 καλῶς
1287 2124 1527 2192 φοροῖτο,
1558 2121 1652 2172 καὶ
1685 2135 1776 2185 γε·

205 2219 520 2286 γανωμένος
543 2218 610 2284 τῇ
638 2213 905 2282 ἁπλότητι
935 2213 1169 2279 στίλϐει,
1203 2215 1299 2267 καὶ
1325 2214 1402 2284 μὴ
1444 2212 1536 2266 τὸν
1564 2211 1657 2264 τοῦ
1680 2211 1776 2264 τύ-

207 2327 297 2378 φου
329 2310 413 2360 ίὴν
447 2307 846 2376 προϐέϐληται.

268 2399 362 2462 λζ’.
399 2401 472 2450 Τί
508 2400 619 2468 γάρ
650 2414 736 2466 μοι
766 2399 862 2450 καὶ
899 2396 1164 2467 ἱστορίαις
1196 2397 1559 2465 ἐνδιατρῖψαι,
1598 2395 1673 2458 ὡς
1712 2397 1777 2448 ἂν

209 2491 446 2562 ἐντρέψω
484 2489 577 2541 τὸν
607 2492 672 2540 ὲκ
710 2489 804 2540 τοῦ
849 2489 1229 2559 σιδηροφορεῖν
1256 2489 1460 2557 τύφονς
1497 2487 1562 2539 Τί
1599 2488 1654 2540 δέ
1685 2488 1778 2542 καὶ

211 2585 335 2634 ἐθῶν
367 2582 758 2650 ἀναμνηστέον
791 2581 1037 2633 παλαιῶν
1061 2581 1156 2634 καὶ
1181 2580 1370 2646 ἐθνῶν,
1407 2582 1464 2631 ὲν
1493 2573 1573 2642 οἷς
1610 2579 1777 2648 εὓρη-

213 2693 289 2727 ται
315 2676 378 2726 τὸ
405 2673 807 2743 στρατιωτικὸν
851 2675 1037 2735 ὅπλοις
1068 2674 1470 2742 ἐπηχθισμένυν
1509 2673 1598 2726 διὰ
1633 2672 1774 2742 βίου,

211 2767 262 2818 ἓν
284 2784 338 2819 τε
365 2767 449 2835 τῷ
478 2766 888 2833 ἐκκλησιάζειν,
917 2765 973 2817 ἐν
999 2783 1057 2817 τε
1089 2765 1166 2834 τῷ
1197 2764 1607 2833 συμποσ.ἁζειν,
1639 2765 1696 2815 ἑν
1718 2781 1779 2816 τε

213 2859 359 2923 ὁδοῖς,
395 2861 496 2912 καὶ
521 2859 663 2919 ὅλως
707 2858 1016 2926 πανταχοῦ·
1050 2857 1126 2918 ὡς
1157 2857 1222 2910 ἂν
1257 2856 1428 2918 οὕτως
1461 2855 1691 2926 εὔφορον
1721 2855 1780 2906 τὸ

212 2951 296 3019 τῆς
326 2949 645 3009 πανοπλίας
677 2947 840 3016 βάρος
873 2948 1056 3009 αὐτοῖς
1087 2948 1174 3015 εῐη
1199 2948 1293 3000 καὶ
1323 2945 1632 3016 περίϐλημι..
1659 2946 1782 2998 σύν-

214 3042 358 3109 ηθες,
433 3041 584 3093 καθὰ
638 3039 732 3091 καὶ
765 3057 846 3102 τις
901 3040 1217 3108 ἱματισμὸς,
1271 3041 1781 3108 ἐγγυμνασαμένοις

209 3133 278 3200 τῷ
305 3134 533 3200 συνεχεῖ
570 3131 664 3184 τοῦ
697 3129 1064 3200 συνεθισμοῦ;
1098 3133 1163 3184 Τί
1207 3133 1264 3184 δὲ
1299 3131 1774 3201 προσιστορητέον,

211 3226 296 3275 καὶ
321 3225 444 3276 ὅσοι
471 3223 612 3291 πρὸς
641 3225 758 3285 τοῖς
790 3222 981 3284 ὅπλοις
1026 3224 1120 3275 καὶ
1150 3223 1298 3275 λίθον
1334 3222 1483 3286 ἄξιον
1513 3222 1670 3289 λόγου
1700 3223 1779 3284 είς

211 3316 396 3383 φόρτον
421 3315 642 3385 ἔφερον,
669 3313 730 3366 ὃν
761 3313 930 3384 ἐχρῆν
953 3316 1010 3367 ἐν
1029 3314 1204 3383 καιρῷ
1220 3314 1588 3384 ἁπερῤιφότας
1618 3313 1776 3382 ἔργου

211 3407 481 3459 ἅπτεσθαι
522 3406 904 3474 γενναιότερόν
937 3422 996 3457 τε
1029 3407 1125 3458 καὶ
1155 3407 1539 3476 ἐλαφρότερον,
1572 3405 1646 3466 ὡς
1685 3405 1778 3457 ἐὰν

214 3499 284 3567 μὴ
308 3497 710 3568 κατάφρακτός
748 3514 832 3558 τις
861 3492 950 3567 ἦν,
979 3496 1115 3549 ἀλλὰ
1141 3498 1316 3566 ψιλὸς,
1347 3497 1379 3567 ἢ
1413 3497 1507 3550 καὶ
1527 3496 1777 3566 ἡμίγυμ-

210 3607 322 3655 νο;;
364 3593 435 3643 Τί
464 3590 600 3658 γοῦν
649 3605 741 3659 μοι
769 3591 866 3642 καὶ
894 3590 1158 3652 τοιούτοις
1201 3591 1536 3661 ἐνδιατρίψαι
1575 3591 1774 3658 λόγοις,

214 3682 328 3734 ἔνθα
358 3684 546 3734 είττείν
581 3681 822 3751 ἀπόχρη,
856 3682 925 3734 τὰ
957 3682 1144 3751 μακρὰ
1185 3683 1514 3752 ἐπιτεμόντα
1540 3682 1614 3744 ὡς
1637 3683 1777 3750 φιλῶ

218 3775 310 3842 μὲν
345 3774 464 3841 ἐγὼ
494 3774 588 3826 τὸν
618 3774 858 3826 τοιοῦτον
899 3774 1118 3844 σίδηρον
1147 3775 1240 3826 καὶ
1267 3775 1574 3844 ὑπερφιλῶ,
1600 3776 1777 3826 ἐκεῖνο

220 3866 698 3933 συνεννοούμενος,
727 3866 801 3928 ὠς
843 3863 968 3918 οὔτε
1019 3863 1252 3934 πόλεμος
1283 3868 1310 3918 6
1339 3867 1474 3936 πρὸς
1522 3866 1777 3932 αἴσθησιν

215 3959 334 4025 ῥᾷον
360 3957 802 4027 κατεργασθείη,
835 3956 909 4028 μὴ
969 3957 1064 4010 καὶ
1113 3957 1316 4027 σιδήρῳ
1348 3957 1771 4028 βραϐευόμενος,

213 4048 298 4099 καὶ
324 4048 522 4117 νοητὸς
547 4047 603 4100 δὲ
627 4047 800 4099 δέοιτο
830 4049 894 4102 ἄν
927 4065 1058 4100 ποτε
1079 4048 1173 4100 τοῦ
1206 4048 1424 4118 σιδήρου
1459 4047 1653 4100 τούτου
1680 4063 1779 4099 κα-

210 4135 342 4202 λῶςς
377 4139 493 4191 Καὶ
523 4140 552 4190 ό
577 4137 767 4190 τοῦτον
792 4139 970 4208 φορῶν
996 4139 1132 4208 μετὰ
1161 4139 1320 4206 λόγου
1345 4137 1506 4207 ὀρθοῦ
1527 4137 1658 4190 ὡσεὶ
1684 4138 1778 4190 καὶ

218 4227 359 4292 βέλος
389 4229 653 4281 ἐκλεκτὸν
673 4229 948 4296 λογίζεται
981 4230 1058 4299 τῷ
1088 4229 1208 4299 Θεῷ
1231 4229 1309 4300 τῷ
1334 4229 1518 4300 πτερῷ
1550 4231 1648 4300 μὲν
1676 4229 1778 4298 τῆς

217 4321 402 4384 νοερᾶς
438 4318 841 4386 άνωφορήσεως
871 4317 1291 4387 κουφιζόμενος,
1334 4318 1777 4389 προϐεϐλημένος

1878 1842 1945 1894 ab
1992 1842 2258 1912 hypocrisi
2303 1843 2506 1896 alienas
2531 1861 2747 1914 gerens,
2792 1851 3038 1908 sublimis
3064 1857 3282 1912 tollatur
3307 1869 3360 1914 ct
3389 1865 3457 1917 ad

1883 1933 2050 1986 Deum
2093 1939 2366 1996 ascendat,
2438 1937 2618 1990 sciens
2683 1941 2825 2006 quod
2879 1944 2921 1996 si
2972 1946 3192 2012 pulchra
3241 1952 3456 2019 quidem

1887 2024 2092 2090 absque
2122 2025 2264 2078 ferro
2320 2037 2372 2078 et
2433 2027 2648 2082 humilis
2681 2031 2812 2096 vita,
2847 2034 3130 2100 pulchrum
3175 2043 3337 2094 etiam
3373 2055 3458 2096 cst

1881 2129 2154 2168 armorum
2190 2115 2389 2170 ferrum
2441 2119 2482 2172 si
2537 2121 2671 2174 bene
2704 2134 2974 2191 gestatum
3008 2130 3115 2182 erit
3147 2141 3202 2184 et
3237 2134 3458 2202 simpli.-

1879 2206 2044 2261 citate
2098 2207 2320 2276 politum
2374 2210 2641 2277 splendet,
2691 2228 2790 2268 nec
2819 2233 3052 2288 unquam
3101 2238 3208 2291 ιιι-ω
3248 2240 3306 2280 se
3337 2225 3458 2282 tulit

1879 2298 2145 2364 Superbiae
2178 2315 2466 2354 venenum.

1951 2386 2034 2440 57.
2081 2389 2189 2441 Cur
2218 2401 2395 2444 autem
2427 2398 2828 2454 narrationibus
2856 2409 3066 2472 tempus
3093 2415 3226 2467 tero,
3247 2419 3302 2460 ut
3328 2411 3454 2462 l'crri

1881 2478 2108 2546 superbe
2180 2485 2378 2549 portati
2445 2492 2807 2554 arrogantiam
2882 2494 3182 2550 incutiam?
3236 2499 3346 2554 Cur
3401 2501 3454 2554 in

1883 2573 2195 2626 memoriam
2233 2577 2484 2644 antiquos
2509 2595 2688 2635 mores
2728 2586 3055 2654 populosque
3101 2603 3367 2656 revocent,
3400 2593 3453 2646 iu

1880 2665 2077 2732 quibus
2137 2667 2484 2722 inveniuntur
2537 2687 2633 2739 per
2669 2675 2836 2727 vitam
2893 2680 3088 2732 armati
3141 2681 3452 2743 bellatores,

1883 2753 1934 2807 in
1965 2756 2216 2819 cmtibus,
2239 2759 2290 2809 in
2330 2761 2618 2826 conviviis,
2645 2764 2698 2815 in
2731 2763 2854 2827 viis.
2883 2767 3120 2834 ubique;
3155 2773 3306 2838 quasi
3340 2773 3456 2826 leve

1881 2857 2026 2900 esset
2053 2859 2340 2904 armaturae
2371 2853 2535 2905 totius
2569 2869 2707 2908 onus
2733 2866 2787 2908 et
2818 2857 3452 2927 solitumindumentum,

1883 2939 2023 2991 sicut
2084 2944 2478 2997 consuetudine
2532 2945 2861 3004 indesinenti
2913 2952 3303 3010 circumdatis?
3345 2957 3456 3012 Cm-

1885 3045 2014 3085 vero
2041 3031 2264 3102 insuper
2292 3034 2466 3089 dicam
2502 3048 2770 3108 quotquot
2805 3051 3002 3108 praeter
3043 3059 3193 3099 arma
3236 3057 3290 3101 et
3328 3065 3456 3118 pre-

1886 3122 2054 3176 tiosos
2105 3124 2308 3191 lapides
2341 3131 2652 3196 portabunt,
2679 3146 2840 3200 quem
2877 3143 3115 3204 tempore
3153 3152 3459 3208 opportuno

1887 3215 2150 3280 projicere
2205 3219 2487 3284 oportebat
2537 3223 2786 3276 nobiliori
2841 3237 2897 3279 et
2956 3227 3138 3281 leviori
3178 3245 3458 3301 assttmpto

1884 3319 2066 3373 opere,
2100 3309 2223 3360 utsi
2250 3310 2372 3377 quis
2415 3327 2519 3365 non
2554 3322 2698 3367 totus
2732 3315 2989 3372 loricatus
3021 3332 3163 3376 esset
3193 3333 3286 3377 aut
3325 3325 3458 3378 levis

1884 3407 2033 3450 esset
2076 3404 2410 3456 armaturae?
2456 3404 2563 3458 Cur
2614 3418 2793 3461 autem
2857 3410 3052 3465 talibus
3115 3417 3457 3474 sermonibus

1895 3495 2104 3553 tempus
2143 3499 2280 3554 tero,
2336 3493 2424 3544 ubi
2469 3495 2650 3551 dicere
2678 3497 2870 3551 sullicit
2907 3500 3162 3570 breviter,
3193 3519 3454 3574 quanttm

1889 3577 1994 3630 tale
2038 3577 2240 3632 ferrum
2287 3596 2411 3634 amo
2443 3593 2492 3636 et
2529 3584 2714 3655 diligo,
2756 3588 2884 3642 illud
2930 3606 3142 3646 mecum
3199 3609 3456 3664 reputans

1887 3671 2032 3737 quod
2073 3671 2278 3724 nullum
2329 3673 2542 3729 [acilius
2596 3692 3002 3736 consummatur
3048 3686 3245 3740 bellum
3293 3705 3452 3756 quam

1885 3760 2032 3814 ferro
2064 3763 2129 3815 ad
2156 3763 2418 3832 judicium
2472 3778 2786 3836 assumpto;
2831 3782 2885 3826 et
2939 3775 3221 3842 spirituale
3256 3779 3452 3834 bellum

1884 3855 2086 3920 optime
2119 3853 2266 3908 ferro
2299 3855 2399 3910 hoc
2425 3859 2588 3926 eget?
2618 3859 2720 3923 Qui
2762 3861 2908 3915 istud
2943 3876 3090 3918 recta
3117 3869 3323 3924 ratione
3352 3875 3456 3925 l'ert

1888 3940 1980 3992 teli
2011 3941 2172 3995 electi
2215 3944 2388 3997 instar
2410 3944 2521 3998 Deo
2559 3948 2799 4001 destinat
2825 3953 3128 4018 spiritualis
3159 3959 3452 4014 cxaltatio-

1886 4032 1971 4084 nis
2009 4032 2093 4085 ala
2146 4033 2410 4100 sublatus,
2453 4035 2540 4090 teli
2577 4053 2706 4092 vero
2743 4041 2912 4094 instar
2949 4057 3164 4099 acutum
3213 4049 3356 4105 istud
3395 4063 3453 4107 et

1887 4123 2069 4178 hostes
2117 4138 2353 4180 enecaus
2399 4128 2540 4182 inter
2596 4132 2829 4197 pericula
2880 4150 3060 4189 secum
3092 4153 3284 4207 gerens
3346 4142 3453 4196 fer-

1886 4229 2028 4280 rum,
2056 4225 2110 4270 et
2133 4218 2212 4272 sic
2241 4219 2380 4272 alata
2413 4224 2606 4292 sagitta
2639 4237 2939 4294 opportune
2990 4231 3192 4285 vibrata
3235 4246 3287 4288 et
3319 4252 3451 4288 eon-

1888 4315 1966 4359 tra
2007 4308 2276 4362 diabolutn
2334 4313 2530 4366 intorta
2581 4317 2632 4368 in
2670 4320 2922 4387 sagittam
2959 4325 3229 4378 volantem
3281 4331 3330 4379 in
3363 4328 3452 4383 die

217 4405 263 4456 δὲ
292 4409 383 4458 τὸν
440 4404 554 4459 οἷον
584 4407 816 4476 ὀξυϐελῆ
847 4408 1036 4460 τοῦτον
1071 4410 1165 4461 καὶ
1202 4410 1472 4478 τμητικὸν
1501 4409 1610 4460 τῶν
1645 4411 1776 4461 όπε-

1885 4395 2079 4451 l‘ertur.
2113 4400 2201 4453 Sic
2241 4403 2451 4469 quidem
2489 4404 2616 4460 ferri
2646 4413 2997 4476 gestationem
3021 4419 3257 4473 maxime
3292 4436 3448 4486 amo;

215 4500 436 4560 ναντίας
479 4498 767 4565 δυνάμεων
813 4499 1065 4569 σίδηρον
1108 4501 1203 4554 καὶ
1239 4501 1417 4563 όῖστὸς
1463 4500 1606 4552 οὕτω
1650 4519 1784 4553 πτεο

217 4588 373 4653 ρόεις,
414 4589 610 4657 καίρια
643 4589 872 4657 βάλλων,
918 4592 1017 4642 καὶ
1065 4592 1207 4644 κατὰ
1241 4590 1337 4643 τοῦ
1369 4593 1616 4645 διαϐόλου
1643 4609 1782 4660 πεμ-

213 4677 472 4743 πόμενος,
521 4681 617 4730 καὶ
648 4680 724 4747 τῷ
753 4696 1042 4750 πετομενῳ
1085 4681 1299 4751 ἡμέρας
1329 4683 1473 4751 βέλει
1503 4685 1779 4736 ἀντιπετό·

217 4781 394 4829 μενος.
463 4769 568 4820 Καὶ
603 4770 746 4822 οὓτω
796 4771 896 4838 μὲν
952 4772 1050 4840 τὴν
1086 4773 1340 4841 τοιαύτην
1395 4773 1775 4843 σιὸηροφορίαν

1883 4498 2006 4551 dico
2021 4514 2147 4553 vero
2164 4499 2556 4570 desperandum
2583 4522 2684 4560 non
2699 4524 2820 4564 esse
2835 4516 2976 4580 quod
2992 4517 3152 4570 aliter
3167 4520 3312 4574 salus
3337 4531 3451 4575 ten-

1883 4589 2040 4643 tanda
2062 4591 2150 4644 sit.
2176 4592 2308 4644 Nam
2331 4609 2519 4663 pugnae
2551 4599 2730 4653 multae
2763 4613 2815 4654 et
2848 4604 3078 4659 hostium
3110 4612 3291 4663 clades
3319 4626 3450 4664 con-

1880 4679 2290 4736 ﬁcerentursine
2306 4683 2467 4737 ferro.
2492 4685 2687 4745 .‘llultos
2703 4709 2829 4760 ergo
2841 4704 2894 4748 et
2907 4696 3111 4765 lapides
3129 4701 3450 4763 adiuverunt

1875 4781 1929 4826 et
1949 4772 2176 4837 trophzra
2201 4773 2473 4829 innumera
2501 4793 2792 4836 erexerunt
2811 4797 2862 4838 et
2880 4789 3086 4854 publice
3103 4802 3156 4844 et
3176 4797 3445 4861 privatim.

215 4859 536 4928 ὖτερφιλώ·
577 4864 723 4932 λέγω
768 4865 844 4928 δὲ,
891 4866 964 4934 μὴ
994 4867 1193 4936 χρῆναι
1220 4870 1625 4936 ἀπεγνωκέναι,
1663 4867 1805 4921 εἶναι
1845 4873 1938 4919 καὶ
1964 4868 2137 4928 ἄλλως
2172 4868 2462 4932 σώζεσθαι.
2501 4872 2602 4926 Καὶ
2632 4879 2740 4950 γάρ
2770 4897 2852 4934 τοι
2907 4887 3000 4936 καὶ
3043 4859 3213 4958 μάχαι
3254 4895 3446 4955 πολλαὶ

216 4953 304 5003 καὶ
337 4953 620 5020 πολεμίων
644 4955 944 5009 καταϐολαὶ
972 4958 1216 5011 ἀνύοιντο
1269 4960 1359 5026 ἂν,
1384 4960 1589 5030 σιδήρῳ
1639 4959 2109 5029 ἁμεταχείριστοιο
2147 4961 2380 5024 Πολλοὺς
2405 4963 2535 5031 γοῦν
2575 4969 2670 5020 καὶ
2731 4971 2867 5024 λίθοι
2933 4985 3243 5049 καταμόνας

3306 4989 3446 5059 ὠνη-

214 5064 326 5108 σαν,
360 5048 456 5097 καὶ
488 5047 656 5116 μυρία
681 5047 944 5117 ὤρθωσαν
973 5051 1228 5120 τρόπαια,
1270 5055 1366 5106 καὶ
1409 5053 1582 5106 ταῢτα
1613 5055 1766 5122 κοινῇ
1808 5071 1866 5104 τε
1904 5055 1996 5105 καὶ
2031 5053 2158 5123 ἰδία.

275 5141 379 5209 λη’.
422 5138 482 5190 Ei
521 5140 657 5207 γοῦν
697 5145 788 5194 καὶ
819 5145 847 5193 6
891 5145 1076 5206 ἱκανὸς
1106 5149 1171 5214 τῇ
1223 5147 1372 5216 χειρὶ
1413 5147 1573 5199 Δαυῒὸ
1625 5148 1772 5216 ὅπλῳ

207 5231 436 5296 τοιούτῳ
469 5235 609 5284 κατὰ
654 5235 890 5301 μεγάλου
939 5236 1135 5306 ἐχθροῦ
1194 5239 1552 5306 ἐνελὰμψατο,
1612 5242 1659 5291 εί
1707 5240 1769 5310 δὴ

211 5321 387 5383 τοῦτο,
441 5327 761 5388 γινωσκέτω
807 5328 834 5377 ό
869 5327 1221 5398 σιδηροφόρος
1289 5331 1556 5400 ἀσκητὴς,
1608 5331 1773 5384 καλὸν

212 5415 444 5483 πρᾶγμα
476 5421 650 5468 ποιεῖν
677 5433 689 5446 ’
721 5419 1012 5488 ἀπεχέσθω
1042 5422 1096 5473 δέ
1143 5422 1242 5491 τῆς
1290 5424 1399 5474 τῶν
1438 5423 1639 5475 λοιπῶν
1679 5443 1775 5477 κα-

211 5507 528 5573 τακρίσεως,
563 5509 658 5562 καὶ
695 5510 788 5562 τοῦ
822 5511 1006 5564 λαλεῖν
1045 5512 1225 5582 ὑψηλᾶ
1263 5517 1358 5566 καὶ
1417 5519 1656 5584 φρονεῖν,
1684 5518 1770 5568 ἴνα

216 5598 286 5666 μὴ
316 5599 479 5667 μόνον
507 5601 612 5664 ἔξω
664 5604 858 5672 φοροίη
907 5605 997 5656 τὶν
1045 5607 1286 5676 σίδηρον,
1327 5608 1417 5660 καὶ
1478 5609 1770 5676 προφαίνοι

217 5690 494 5756 ἐπιπολῆς.
532 5693 668 5744 ἀλλὰ
697 5695 789 5746 καὶ
821 5697 898 5757 είς
954 5697 1117 5763 βάθος
1155 5699 1309 5767 φέροι
1373 5700 1430 5750 ἐν
1483 5704 1546 5772 τῇ
1581 5701 1750 5772 ψυχῇ,

423 5783 682 5844 ιλιτιιυιη
722 5788 836 5846 (in.
873 5789 1210 5851 CXXXVI.

1952 5146 2042 5202 58.
2083 5146 2138 5201 Si
2175 5164 2302 5215 ergo
2331 5162 2384 5204 et
2417 5168 2575 5206 manu
2609 5156 2761 5210 fortis
2787 5157 2952 5213 David
2989 5165 3090 5217 isto
3125 5169 3229 5222 telo
3256 5187 3441 5227 contra

1873 5253 2122 5306 magnum
2155 5241 2359 5296 hostem
2395 5245 2610 5309 ell‘ulsit,
2634 5249 2677 5302 si
2716 5250 2841 5303 illud
2875 5268 3206 5325 reputamus,
3233 5268 3442 5316 noSeiio

1871 5325 2002 5381 ferri
2045 5341 2287 5397 gestator
2313 5349 2517 5401 asceta,
2554 5340 2838 5405 pulchrum
2867 5362 2924 5398 se
2952 5364 3090 5416 opus
3120 5350 3332 5417 facere;
3382 5371 3440 5407 se

1872 5436 2004 5476 vero
2046 5439 2074 5476 a
2126 5426 2352 5494 reliquis
2377 5428 2688 5496 jndicandis
2727 5435 3022 5504 abstineat,
3053 5456 3080 5493 a
3119 5443 3438 5498 sublimibus

1870 5515 2050 5568 verbis
2093 5528 2142 5568 et
2174 5521 2615 5588 cogitationibus,
2653 5544 2718 5580 ne
2745 5530 2916 5581 solum
2950 5534 3290 5589 extrinsecus
3325 5538 3436 5590 fer-

1868 5618 1985 5657 rum
2035 5619 2186 5674 gerat
2233 5621 2282 5663 et
2335 5612 2465 5665 foris
2506 5616 2721 5680 fulgeat,
2775 5625 2870 5673 sed
2925 5637 2974 5674 ct
3020 5624 3202 5676 intima
3259 5630 3434 5683 anima

1863 5701 2002 5757 ferat
2035 5714 2088 5756 et
2118 5705 2196 5759 sic
2233 5707 2538 5763 incurvelttr
2562 5714 2794 5778 humilis,
2817 5715 3285 5790 imoundequaque
3306 5724 3436 5780 lori-

3002 5813 3041 5868 8
