4002 6208
412 338 515 405 217

1557 356 1657 413 ΑΙ)
1696 352 2066 413 STYLITAM
2102 356 2504 426 QUEMDAM.

3544 373 3647 433 9.33

412 446 703 513 ἁνάγοιντο
748 449 888 518 πρὸς
917 453 976 503 τὸ
1013 470 1245 521 μγιστον
1280 457 1609 527 ἀρχέτυπον.
1649 478 1666 509 ι
1702 460 1909 523 Σκοπὸς

2045 505 2052 526 ,
2080 463 2297 530 penitus
2331 480 2435 519 non
2469 467 2629 522 debes
2654 467 2894 525 dormire
2944 472 3008 524 ad
3052 480 3275 528 mortem
3326 492 3423 530 nec
3451 481 3645 533 eadem

407 536 736 592 τέθεισαιέν
773 559 793 592 ι
826 547 1209 616 σκοπευτηρίιρ
1239 566 1257 598 ι
1293 551 1540 621 τοιούτῳ,
1579 553 1672 606 καὶ
1713 554 1818 625 χρὴ
1849 555 1985 608 πάν-

412 643 521 689 τως
558 627 635 697 μὴ
683 632 822 701 πρὸς
872 633 1100 688 θάνατόν
1144 656 1202 690 σε
1247 642 1594 709 ἀφυπνῶσαι,
1636 644 1976 699 άναπεσόντα

403 717 496 767 ἐπ’
528 720 719 784 αὐτοῦ,
752 727 845 776 καὶ
885 729 1275 798 κατενεχθέντα
1318 736 1397 795 εἰς
1450 735 1612 804 κῶμα
1639 736 1961 804 βαθύτατον,

2091 556 2145 607 in
2179 554 2501 623 profundum
2538 572 2809 627 soporem,
2854 564 2946 615 sed
2988 563 3213 632 leipsum
3261 567 3553 630 custodire,
3580 585 3646 622 ne

2085 643 2137 697 iu
2192 646 2424 700 hostium
2469 663 2660 703 manus
2701 654 2862 707 cadas
2908 664 2962 707 ct
3014 664 3188 709 tecum
3229 669 3493 727 quotquot
3538 662 3645 717 tuis

2076 736 2630 794 conﬁduntexcubﬁs.

402 807 541 862 ἀλλὰ
565 814 790 865 σεαυτόν
826 832 883 867 τε
909 817 1292 887 φυλάττεσθαι,
1317 824 1392 893 μὴ
1413 825 1518 878 ὑπὸ
1552 830 1708 897 χεῖρα
1730 831 1840 890 τοῖς
1863 826 2141 894 πολεμίοις
2167 829 2363 897 πέσῃς,
2381 824 2610 895 καὶτοὺς
2625 832 2737 884 ὅσοι
2754 833 2829 904 τῷ
2851 834 2928 905 σῷ
2947 838 3279 909 σκοπεύματι
3299 843 3637 897 πεποίθασιν.

489 901 604 970 μα’.
650 904 965 974 Ἑξεγένετό
1006 926 1088 962 σοι
1124 930 1145 963 ι
1180 916 1613 986 μετεωρισθῆναι
1650 937 1695 982 ι,
1738 919 1835 972 καὶ
1878 921 1976 988 οὐχ

2077 954 2111 981 ρ
2144 917 2233 971 41.
2276 918 2393 973 Tibi
2427 922 2605 974 evenit
2650 933 2705 977 ut
2734 925 3001 982 uallatus
3028 929 3124 994 sis,
3157 945 3252 983 nec
3288 934 3513 998 modice,
3541 941 3636 990 seri

398 993 625 1060 ἁπλῶς,
677 997 818 1051 ἀλλὰ
848 1001 940 1054 καὶ
997 1002 1072 1065 ὠς
1107 1008 1188 1067 εὶς
1243 1008 1473 1076 ούρανοῦ
1525 1008 1866 1088 ὕψωμσιμαὶ
1896 1013 1941 1063 εἰ

2072 1022 2242 1077 usque
2269 1013 2335 1064 ad
2365 1013 2558 1067 omium
2588 1024 2642 1068 et
2676 1016 2742 1070 ad
2789 1016 3120 1075 Dontinicam
3157 1024 3475 1093 dignitatem
3517 1046 3637 1097 qua:

388 1087 729 1158 κυριότητος
776 1090 938 1155 ἀξίαν
997 1096 1407 1167 μκατανοηθῆναι
1465 1099 1739 1170 ἀνθρώπῳ
1784 1101 1947 1170 τελείο

2071 1099 2346 1155 hominem
2402 1104 2701 1171 perfectum
2741 1109 2917 1174 decet,
2952 1121 3011 1165 ut
3041 1115 3130 1182 qui
3165 1087 3247 1169 est
3276 1133 3304 1169 a
3336 1116 3444 1173 Deo
3467 1120 3636 1191 inspi—

397 1177 745 1257 πρέπουσαν,
774 1180 955 1243 ὁποῖος
980 1184 1008 1235 ό
1036 1183 1140 1253 πρὸ
1185 1183 1415 1256 βραχέος
1448 1187 1740 1259 θεωρηθεὶς
1767 1188 1967 1253 ἔνθεος.

390 1256 711 1335 Μὴντοίνυν
765 1270 1026 1343 ἐθελήσῃς
1054 1273 1332 1345 χθαμαλὸς
1370 1256 1647 1347 γενέσθαι,
1683 1281 1778 1334 καὶ
1804 1281 1970 1335 ἀκοῦ-

392 1359 493 1409 σαί
524 1358 712 1424 ποθεν,
745 1361 858 1414 ἄνω
883 1365 1212 1436 καταϐῆναι,
1242 1369 1353 1421 εἴτε
1383 1372 1477 1423 καὶ
1503 1371 1677 1436 ἄλλως
1704 1372 1970 1452 ἀναὸῆναι

388 1450 573 1514 κάτω,
613 1447 694 1513 οἷς
747 1452 824 1521 τῷ
856 1454 958 1522 μὲν
992 1475 1010 1507 ι
1058 1458 1236 1528 στύλῳ
1265 1477 1284 1511 ι
1325 1461 1458 1527 ἄνω,
1490 1466 1558 1533 τῇ
1591 1464 1646 1516 δέ
1698 1465 1827 1534 περὶ
1865 1447 1967 1535 γῆν

393 1541 745 1613 προσπαθείᾳ
774 1544 925 1597 κάτω
948 1539 1206 1617 βέϐηκας.
1236 1568 1259 1601 4
1288 1551 1647 1622 Περιφρονεῐν
1683 1573 1702 1607 ι
1733 1555 1968 1626 ἐτάχθης

395 1647 416 1679 ι
458 1631 560 1702 τὴν
599 1635 736 1702 γῆν·
770 1634 1014 1706 ὑψώθης,
1053 1656 1074 1690 ›
1121 1640 1265 1693 εἴποι
1313 1641 1378 1696 ἂν
1403 1644 1590 1711 Δαυῒδ,
1647 1646 1721 1709 ὡς
1759 1665 1777 1698 ι
1814 1648 1969 1699 ἐκλε-
2008 1672 2013 1677 ·

390 1722 521 1783 κτδς
564 1742 582 1774 ι
618 1725 683 1776 ἐκ
709 1725 806 1777 τοῦ
841 1726 970 1781 λαοῦ
1000 1729 1092 1782 τοῦ
1124 1731 1281 1785 Θεοῦ.
1316 1751 1337 1784 ι
1372 1735 1754 1805 Αίθεροὸατείς
1787 1756 1806 1789 ι
1837 1739 1956 1807 ἤδη,

383 1810 500 1862 τῶν
524 1813 729 1880 γηΐνων
747 1816 1199 1889 ὑπεραιρόμενος.
1226 1823 1318 1891 Μὴ
1342 1823 1405 1892 δὴ
1433 1825 1491 1876 τὸ
1509 1791 1712 1896 πτερὸν
1993 1791 2032 1847 Β

387 1917 513 1971 σῃς,
544 1902 613 1953 δι’
639 1899 807 1975 οὗπερ
839 1909 955 1960 ἐστι
997 1926 1079 1963 σοι
1129 1912 1410 1969 πέτεσθαι.
1473 1916 1735 1985 Οὑράνιος
1776 1914 1846 1981 εἴ,
1894 1921 1955 1972 οὐ

384 1995 584 2061 μόνον,
614 1996 698 2049 ὅτι
732 2015 753 2049 ι
792 1999 956 2066 φυτὸν
989 2003 1237 2072 οὐράνιον
1273 2022 1291 2054 ι
1325 2007 1503 2066 (τοῦτο
1548 2008 1654 2078 γὰρ
1689 2012 1783 2064 καὶ
1812 2012 1957 2074 ἄπας

379 2084 709 2156 ἄνθρωπος,
746 2092 888 2144 καθά
933 2108 1017 2155 τις
1070 2094 1546 2169 πεφιλοσόφηκεν),
1577 2100 1714 2153 ἀλλὰ
1752 2102 1845 2154 καὶ
1876 2103 1955 2154 ὅτι

378 2174 492 2244 τῆς
528 2180 631 2247 γῆς
671 2179 1071 2250 άπορῤιζωθεὶς
1121 2186 1454 2255 παραδείσου
1499 2191 1665 2258 φυτὸν
1703 2193 1955 2259 γενέσθαι

378 2267 735 2334 φιλονεικεϊς.
766 2273 982 2342 Κάτεχε
1021 2270 1114 2328 οὖν
1166 2278 1226 2328 τὸ
1263 2278 1535 2347 οὐράνιον,
1585 2282 1959 2353 ὑποϐλεπόμε-

342 2408 347 2411 _
375 2374 475 2419 νος
499 2358 592 2412 τὸν
620 2361 717 2414 ἀπ’
751 2364 999 2428 ἐναντίας
1022 2365 1315 2436 τάρταρον.
1347 2369 1530 2423 Ταῦτα
1559 2372 1738 2426 πάντα
1764 2390 1957 2443 συντη-

375 2447 522 2515 ρῶν,
548 2452 837 2523 περιποιοῦ
867 2454 928 2507 τὸ
966 2457 1023 2506 ἐν
1054 2455 1462 2527 θαυμαστότητι
1509 2479 1529 2512 ι
1569 2461 1869 2534 μετέωρον,
1894 2466 1954 2516 τὸ

375 2542 666 2609 ούρανιον,
704 2543 768 2597 τὸ
796 2546 1024 2615 ἀρχικόν
1044 2563 1059 2579 ·
1091 2564 1108 2598 ι
1146 2549 1239 2601 καὶ
1270 2550 1438 2620 μηδέν
1467 2567 1521 2605 τι
1550 2553 1660 2606 τῶν
1699 2553 1954 2608 τοιούτων

373 2632 849 2703 παραδειγμάτων
877 2637 1038 2707 ῥίψῃς
1060 2637 1167 2705 ἔξω
1185 2642 1489 2711 μιμήσεως,
1516 2643 1601 2696 ἵνα
1625 2645 1758 2714 πρὸς
1777 2644 1953 2716 ἄκραν

367 2721 701 2792 τελειότητα
729 2724 987 2796 ἐξαρθῇς.

442 2809 565 2879 .μβ’.
595 2811 662 2863 Ei.
706 2811 764 2865 δέ
794 2814 882 2867 διὰ
928 2815 1139 2870 πολλῶν
1194 2819 1483 2888 συμὸόλων
1529 2823 1557 2875 ὁ
1587 2822 1742 2890 λόγος
1793 2824 1949 2895 ἑρχό·

372 2915 554 2967 μενος
616 2903 646 2954 ό
702 2904 977 2974 ὁριστικὸς
1034 2910 1128 2963 καὶ
1192 2910 1274 2973 είς
1306 2928 1329 2961 ι
1367 2911 1513 2967 θεῖον
1546 2932 1566 2964 ι
1601 2916 1839 2984 ἀνήγαγέ
1890 2933 1949 2969 σε

381 3009 407 3041 ι
450 2990 693 3061 ἀξίωμα,
726 3012 750 3046 ι
781 2996 876 3047 καὶ
895 2997 1053 3050 τοῦτό
1085 3017 1145 3052 σε
1167 3004 1328 3071 τυχὸν
1349 3002 1585 3074 ἁρπάζει
1611 3006 1747 3075 πρὸς
1772 3007 1948 3076 ἐπαρ-

2028 1204 2033 1209 ·
2068 1198 2238 1243 ratus.
2274 1189 2394 1245 Noli
2428 1208 2560 1263 ergo
2612 1195 2760 1251 humi
2795 1213 3002 1268 repere,
3031 1214 3083 1256 et
3111 1205 3297 1258 audire
3327 1221 3385 1261 ut
3415 1189 3639 1265 descent.

2066 1278 2245 1342 deres,
2281 1280 2395 1335 sive
2424 1284 2584 1338 aliter
2602 1290 2949 1357 ascenderes,
2968 1295 3097 1362 quia
3113 1296 3363 1352 columna
3395 1300 3447 1354 in
3468 1303 3633 1356 altum

2068 1382 2253 1422 eorum
2317 1386 2437 1440 quae
2484 1374 2620 1430 iiunt
2668 1392 2831 1448 super
2886 1390 3079 1437 terram
3134 1389 3482 1449 miseratione
3535 1400 3633 1449 de-

2064 1460 2344 1514 scendisti.
2384 1458 2682 1518 Terrestria
2725 1481 3070 1529 contemnere
3106 1479 3400 1544 appellatus
3426 1494 3483 1537 et
3525 1487 3631 1537 ele-

2067 1555 2226 1603 vatus
2254 1565 2335 1617 es,
2371 1562 2428 1606 ut
2468 1556 2543 1608 ait
2576 1555 2764 1621 David,
2796 1566 2950 1628 quasi
2982 1578 3012 1616 e
3041 1568 3238 1633 populo
3282 1570 3375 1625 Dei
3399 1574 3628 1629 electus.

2061 1638 2162 1694 Per
2190 1657 2313 1695 aera
2359 1644 2476 1714 jam
2511 1648 2776 1716 gradieris
2800 1657 3152 1711 terrestribus
3198 1666 3627 1729 supereminens.

2062 1727 2142 1784 Ne
2166 1732 2304 1785 alam
2330 1734 2573 1790 inutilem
2602 1741 2812 1806 reddas,
2847 1759 2952 1812 qua
2982 1747 3077 1801 tibi
3109 1727 3286 1806 volare
3314 1753 3492 1809 datum
3522 1772 3627 1815 est.

2059 1820 2397 1888 Celestises,
2421 1842 2523 1880 non
2550 1829 2722 1884 solum
2749 1835 2876 1900 quia
2906 1836 3144 1892 cmlestis
3171 1840 3352 1908 planta
3382 1859 3441 1898 es
3470 1848 3624 1914 (illud

2056 1910 2199 1964 enim
2243 1913 2421 1981 quivis
2454 1915 2615 1971 homo
2645 1927 2748 1984 est,
2783 1934 2938 1989 prout
2982 1926 3346 1997 philosophice
3377 1910 3628 2003 exp‘nsnit

2056 2002 2324 2074 quidam),
2343 2009 2433 2062 sed
2450 2016 2504 2062 et
2519 2010 2646 2078 quia
2671 2026 2700 2063 a
2718 2022 2862 2068 terra
2893 2018 3154 2085 revulsus,
3182 2026 3415 2090 paradisi
3446 2002 3626 2096 planta

2055 2093 2171 2146 ﬁeri
2210 2098 2509 2151 contendis.
2545 2100 2797 2156 Caelestia
2843 2121 2972 2173 ergo
3018 2110 3215 2177 retine,
3246 2093 3502 2170 tartarum
3540 2135 3627 2173 re-

2031 2184 2314 2252 .spiciens.
2369 2187 2494 2243 liae
2540 2203 2737 2249 cuncta
2789 2199 3107 2266 observans,
3139 2205 3364 2272 acq‘uire
3397 2210 3539 2276 quod
3567 2214 3618 2263 in

2054 2273 2361 2332 admirabili
2406 2282 2621 2351 negotio
2678 2294 2762 2338 est
2818 2286 3111 2357 elevatum,
3171 2295 3315 2362 quod
3371 2273 3618 2367 cmleste,

2054 2366 2196 2430 quod
2239 2382 2509 2424 summum
2552 2382 2655 2437 est,
2693 2388 2871 2444 neque
2904 2380 3031 2446 quid
3067 2383 3135 2436 de
3167 2382 3253 2438 his
3288 2389 3623 2445 documentis

2055 2462 2258 2510 temere
2306 2461 2589 2528 proiicias,
2673 2474 2730 2518 ut
2784 2467 2851 2521 ad
2910 2484 3177 2527 summam
3230 2477 3620 2545 perfectionem

2052 2544 2284 2602 tollaris.

2038 2833 2045 2839 ο
2122 2807 2208 2860 42.
2252 2808 2308 2863 Si
2344 2825 2470 2867 vero
2502 2815 2689 2870 multis
2721 2818 2910 2888 ﬁguris
2934 2821 3200 2881 deﬁniens
3241 2842 3422 2884 sermo
3464 2842 3516 2899 te
3546 2838 3614 2887 aut

2051 2895 2285 2951 divinam
2304 2900 2620 2970 dignitatem
2639 2907 3096 2975 adduxit,etillud
3122 2926 3176 2970 te
3194 2915 3335 2976 forte
3360 2923 3424 2975 ad
3445 2895 3616 2978 sublt~

2051 2986 2296 3043 mitatem
2347 2994 2527 3047 evexit
2569 3007 2790 3066 propter
2840 3003 3165 3059 conditionis
3205 3015 3613 3077 supereminen-

366 3098 466 3134 σιν
509 3081 599 3135 διὰ
643 3087 705 3135 τὸ
748 3084 1097 3157 ὑπεροχικδν,
1137 3090 1255 3143 ἀλλ’
1285 3092 1381 3146 ἐπὶ
1420 3094 1681 3163 λογισμοῦ
1733 3095 1822 3165 ἔχε
1871 3099 1945 3168 μὴ

2053 3078 2204 3143 tiam,
2240 3094 2417 3138 mente
2449 3090 2628 3155 cogita
2671 3105 2780 3144 non
2818 3093 2997 3149 solum
3027 3112 3148 3153 eum
3184 3103 3274 3168 qui
3295 3105 3362 3157 ad
3392 3107 3611 3162 tertium

362 3172 541 3239 μόνον
570 3174 662 3227 τὸν
708 3178 789 3239 είς
820 3177 1002 3248 τρίτον
1032 3181 1133 3249 μὲν
1188 3182 1418 3252 οὐρανὸν
1460 3185 1798 3254 ἁρπαγέντα,
1843 3190 1941 3259 μὲ-

364 3278 534 3314 νοντα
572 3264 628 3316 δὲ
654 3269 719 3336 τῇ
752 3269 1082 3324 ταπεινώσει
1114 3272 1284 3339 κάτω,
1333 3274 1471 3328 ἀλλὰ
1516 3277 1611 3329 καὶ
1638 3277 1735 3348 τὴν
1766 3297 1785 3329 ι
1825 3280 1937 3349 εἱρ-

360 3352 535 3422 κτὴν,
573 3372 594 3405 ι
631 3356 711 3420 είς
746 3357 813 3428 ἢν
848 3361 881 3428 ὴ
909 3363 967 3412 ἐν
994 3361 1138 3431 λόγῳ
1175 3365 1377 3434 θεωρία
1427 3368 1844 3439 περιαγαγοῦσά
1876 3387 1938 3424 σε

360 3444 780 3510 ἐγκατέκλεισε.
817 3450 925 3503 Καὶ
976 3452 1053 3520 τῷ
1086 3454 1228 3522 λόγῳ
1258 3455 1433 3526 τούτῳ
1479 3459 1630 3513 κάτω
1676 3460 1859 3528 βάλλε,
1888 3464 1940 3516 ετ

366 3549 481 3585 που
512 3535 605 3588 καὶ
646 3538 960 3592 ἀνασπᾶται.
987 3542 1048 3593 τὸ
1086 3558 1183 3612 της
1215 3546 1415 3614 ὀφρύος
1456 3548 1592 3602 πολύ
1617 3565 1630 3580 ο
1664 3553 1758 3602 καὶ
1799 3552 1935 3604 άνα-

362 3626 702 3695 ϐαίωνεὲως
728 3630 827 3682 καὶ
848 3633 939 3693 είς
970 3631 1196 3702 οὐρανὸν
1221 3639 1285 3705 τῇ
1320 3637 1453 3705 πρὸς
1480 3637 1609 3690 Θεὸν
1643 3639 1709 3693 δι’
1737 3642 1933 3712 ἀρετῆς

363 3719 658 3796 ἑγγύτητι,
704 3722 939 3777 κατάϐαι
952 3742 999 3776 νε
1030 3726 1125 3778 καὶ
1159 3725 1264 3789 ἕως
1292 3727 1398 3782 τῶν
1424 3729 1677 3784 ἀσύσσων
1704 3732 1781 3802 τῷ
1803 3734 1934 3785 ἁνυ-

364 3810 620 3879 ποκρίτῳ
664 3814 1062 3882 ταπεινώματι.
1110 3817 1252 3883 Λέγε
1301 3820 1395 3872 καὶ
1435 3821 1598 3884 αὑτός
1624 3836 1640 3853 ·
1678 3840 1699 3874 ι
1733 3823 1844 3890 ἐγὼ
1875 3824 1935 3876 δέ
1966 3864 1970 3868 Α

362 3900 488 3968 ειμι
538 3899 776 3971 σκώληξ,
816 3905 909 3957 καὶ
954 3906 1055 3959 οὐκ
1096 3907 1416 3976 ἄνθρωπος·
1471 3930 1491 3963 ι
1540 3913 1627 3965 ἴνα
1660 3930 1744 3977 τις
1787 3918 1935 3969 ἀντι-

359 3992 693 4063 φθέγξηται,
733 3995 810 4066 μὴ
829 3995 985 4048 τοῦτο
1015 3994 1156 4051 εἶναί
1193 4016 1273 4063 σε,
1306 4000 1424 4054 ἀλλ’
1455 4004 1703 4074 οὐράνιον
1726 4006 1934 4075 ἄνθρω-

358 4100 468 4136 πον
492 4099 508 4113 ο
537 4084 633 4150 ὡς,
687 4087 784 4142 ἐάν
809 4104 871 4155 γε
902 4088 963 4140 τὸ
1013 4090 1209 4159 σεμνὸν
1257 4092 1420 4146 τοῦτο
1450 4096 1611 4159 αὐτὸς
1658 4098 1931 4165 ἐπιλέγειν

360 4177 582 4245 σεαυτῷ
624 4177 882 4243 δικαιοῖς,
912 4181 1012 4233 οὐκ
1042 4183 1108 4236 ἂν
1135 4182 1363 4250 φθάνοις
1395 4186 1477 4249 είς
1515 4204 1568 4240 τι
1599 4189 1930 4257 φαυλότατον
1972 4254 1979 4266 ἢ

363 4268 765 4336 καταγόμενος.
818 4271 918 4323 Διὰ
972 4272 1149 4325 τοίνυν
1202 4275 1265 4327 τὸ
1316 4277 1542 4346 ἀρχικὸν
1582 4279 1675 4333 καὶ
1728 4280 1930 4350 ὑψηλὸν

356 4358 746 4430 ἐξαιρόμενος,
781 4361 937 4425 αὖθις
974 4364 1062 4418 διὰ
1091 4366 1153 4418 τὸ
1200 4370 1593 4438 κατακριτικδν
1629 4372 1925 4425 κατάϐαινε

2051 3185 2238 3240 raptus
2269 3187 2351 3229 est
2391 3180 2614 3246 coelum,
2645 3181 2700 3235 in
2747 3182 3052 3245 humilitate
3080 3191 3240 3271 .inl‘ra
3269 3209 3610 3262 permanetis.

2045 3264 2138 3315 sed
2169 3274 2224 3317 et
2252 3280 2548 3337 carcerem,
2595 3272 2650 3325 in
2675 3288 2784 3341 quo
2822 3264 3102 3336 meditatio
3132 3283 3289 3353 juxta
3342 3290 3606 3363 rationein

2046 3362 2097 3408 te
2145 3356 2365 3411 adduxit
2429 3371 2485 3415 et
2539 3362 2778 3418 inclusit.
2825 3366 2893 3422 Et
2923 3372 3142 3428 ratione
3187 3376 3290 3431 ista
3342 3378 3481 3434 infra
3553 3358 3608 3437 te

2047 3444 2288 3512 projice,
2321 3451 2567 3516 quamvis
2603 3451 2830 3520 alicujus
2896 3462 3246 3527 supercilium
3289 3468 3512 3535 tollitur,
3552 3487 3608 3526 et

2045 3536 2347 3591 ascendens
2377 3541 2546 3595 donec
2580 3542 2634 3596 in
2657 3546 2796 3599 caelo
2831 3549 3026 3605 virtute
3056 3551 3164 3607 Deo
3189 3558 3410 3625 propior
3436 3555 3605 3629 adsis,

2044 3640 2216 3694 usque
2249 3629 2317 3682 ad
2357 3630 2585 3699 abyssos
2637 3637 2905 3693 descende
2952 3654 3073 3694 cum
3118 3647 3335 3701 sincera
3385 3651 3605 3707 humili-

2043 3720 2171 3769 tate.
2210 3717 2301 3772 Dic
2343 3727 2400 3772 tu
2446 3722 2559 3789 ipse
2593 3739 2608 3776 :
2641 3721 2853 3782 Vermis
2882 3744 3022 3797 sum,
3073 3744 3127 3786 et
3169 3751 3273 3791 non
3321 3739 3502 3806 homo,
3547 3760 3605 3798 ut

2041 3808 2566 3874 respondeaturnon
2593 3814 2755 3869 talem
2785 3827 2854 3884 te,
2894 3820 2989 3873 sed
3026 3821 3299 3879 caelestem
3343 3845 3483 3896 esse,
3511 3838 3599 3901 qni

2042 3906 2211 3958 certe,
2240 3898 2321 3967 ,εἰ
2358 3915 2610 3969 magnum
2656 3906 2800 3960 istud
2846 3907 2913 3960 de
2949 3920 3000 3962 te
3034 3913 3154 3979 ipso
3191 3918 3378 3970 dicens
3413 3930 3463 3973 te
3500 3898 3603 3990 λίη-

2040 3987 2332 4054 stilicares,
2393 4008 2517 4045 mox
2569 3996 2638 4048 ad
2695 3997 3019 4054 vilissimum
3066 4008 3398 4071 pervenires.
3459 3987 3600 4078 Ergo

2038 4077 2105 4129 ad
2138 4092 2348 4132 summa
2380 4090 2432 4134 et
2461 4083 2674 4138 excelsa
2731 4088 2995 4154 elevatus,
3031 4107 3129 4161 per
3167 4110 3414 4151 severum
3450 4077 3600 4168 judi~

2037 4168 2179 4222 ciunt
2210 4171 2647 4237 inhumilitatetu
2675 4179 2964 4234 descende.
2986 4180 3278 4239 Domorum
3302 4194 3444 4244 enim
3466 4209 3598 4261 quo-

2036 4260 2328 4316 dammodo
2364 4264 2566 4333 januas
2598 4270 2921 4326 continuant
2947 4276 3220 4330 damnatio
3265 4288 3319 4333 et
3353 4282 3598 4340 incarce-

2039 4351 2199 4418 ratio,
2232 4369 2329 4408 nec
2357 4356 2499 4411 ullus
2540 4373 2727 4415 carcer
2756 4362 2862 4416 nisi
2892 4379 3016 4420 cum
3046 4368 3292 4426 criminis
3322 4379 3593 4431 sententia

359 4451 444 4512 είς
467 4450 818 4507 ταπείνωσιν.
874 4451 1256 4523 ’Δγχιθυροῦσι
1288 4456 1395 4524 γάρ
1442 4473 1561 4518 πως
1608 4458 1931 4528 κατάκρισις
1961 4471 2006 4523 ι)
2034 4446 2331 4515 cogitatur.

360 4541 459 4591 καὶ
507 4539 869 4611 ἐγκάθειρξις,
915 4544 1011 4595 καὶ
1058 4544 1282 4612 οὐδεμία
1332 4547 1521 4618 εἱρκτὴ
1553 4547 1629 4617 μὴ
1683 4549 1803 4618 οὐχὶ
1834 4549 1928 4603 ἐπὶ

364 4630 651 4684 δικαιώσει
682 4633 1026 4704 πταίσματος
1052 4637 1413 4706 ἐπινενόηται.

440 4720 556 4790 μγ’.
592 4722 853 4775 Ἐνταῦθα
896 4725 953 4776 δὲ
992 4724 1292 4794 ἀξιώσαιμι
1320 4729 1408 4789 ἂν,
1447 4728 1538 4780 καὶ
1577 4729 1634 4794 ἐξ
1667 4728 1924 4799 ἀκεραίου

363 4816 460 4866 καὶ
492 4813 735 4881 πλήρους
769 4811 910 4869 εἶναι
941 4817 1039 4884 τὴν
1066 4817 1367 4888 κάθειρξιν,
1401 4819 1475 4882 ὡς
1523 4821 1597 4890 μὴ
1629 4822 1788 4890 μέρει
1825 4823 1926 4889 μέν

358 4921 468 4956 τινι
488 4906 929 4971 κατακλείεσθαι,
954 4904 1110 4970 αὖθις
1139 4910 1194 4962 δὲ
1220 4911 1375 4978 μέρει
1402 4912 1595 4979 ἐτέρῳ,
1631 4913 1724 4963 καὶ
1751 4912 1924 4965 ταῦτα

358 4991 434 5059 τῷ
469 4997 792 5063 κυριωτέρα)
844 4997 1034 5049 ἄνετον
1069 4995 1206 5049 εἶναι
1232 4998 1320 5049 τὸν
1373 4999 1795 5068 καθειργμένον,
1828 5005 1924 5053 καὶ

361 5083 690 5149 πλανᾶσθαι,
723 5087 843 5138 ὅποι
880 5087 977 5140 καὶ
1015 5087 1284 5156 βούλεται.
1318 5084 1424 5140 'Hv
1452 5090 1561 5157 γὰρ
1590 5091 1650 5140 οὐ
1682 5090 1923 5152 τοιοῦτος

357 5176 386 5225 ό
409 5174 485 5243 τῷ
511 5175 725 5244 σώματι
758 5177 854 5244 μὲν
880 5178 1470 5248 ἐγκατῳκοδομημένο,
1503 5176 1614 5232 οἷον
1640 5181 1716 5250 τῷ
1746 5199 1765 5230 ι
1798 5180 1922 5233 στύ-

354 5265 454 5334 λῳ,
491 5285 510 5318 ι
541 5269 661 5328 ταῖς
713 5267 769 5318 δὲ
804 5267 1017 5335 ὀρέξεσι
1080 5267 1290 5336 βόσκων
1339 5271 1533 5323 ἑαυτὸν
1566 5269 1791 5334 ἄνετον;
1836 5270 1917 5336 ὃς,

356 5356 511 5425 εἴπερ
542 5350 651 5424 εἶχε
684 5356 759 5424 τῷ
783 5356 890 5408 τῶν
923 5357 1227 5425 ἐπιθυμιῶν
1246 5358 1431 5428 κούφῳ
1455 5360 1916 5429 συνεπτερῶσθαι,

358 5447 679 5498 συνεπέτετο
717 5446 785 5498 ἂν
824 5448 1084 5511 ἐκείναις,
1111 5449 1204 5500 καὶ
1226 5449 1381 5517 ὀλίγα
1412 5450 1503 5502 τὸν
1531 5448 1774 5502 οἰκίσκον
1789 5449 1915 5502 τοῦ·

354 5553 443 5589 τον
470 5536 707 5607 ᾤκησεν.
751 5540 1124 5606 Ἐγκλειστέον
1163 5536 1278 5600 οὖν,
1311 5536 1355 5593 ὦ
1382 5534 1556 5603 οὗτος,
1588 5542 1707 5593 ὅλον
1750 5557 1914 5594 σεαυ-

351 5625 442 5676 τὸν
469 5625 682 5695 σώματι
710 5626 909 5697 δηλαδὴ
946 5632 1039 5682 καὶ
1062 5629 1233 5698 ψυχῇ,
1264 5631 1358 5683 καὶ
1391 5631 1627 5698 μάλιστα
1656 5626 1718 5699 τῇ
1741 5630 1910 5699 ψυχῇ,

356 5712 488 5768 ὥστε
538 5715 596 5767 σὲ
626 5717 725 5782 μὲν
750 5717 868 5770 ὃ).ον
907 5718 980 5780 ὡς
1018 5720 1096 5780 εἰς
1128 5718 1306 5787 ψυχὴν
1344 5716 1693 5787 μονάζεσοαι,
1726 5718 1913 5771 ἁπλοῖ·

2100 4709 2190 4764 45.
2228 4710 2329 4766 llic
2362 4727 2489 4768 vero
2515 4724 2878 4785 opportunum
2913 4722 3151 4778 arbitror
3183 4732 3236 4778 et
3269 4725 3336 4779 de
3375 4727 3588 4783 sincero

2029 4809 2082 4855 et
2117 4803 2182 4858 de
2213 4805 2478 4872 completo
2519 4821 2641 4861 esse
2678 4809 3183 4879 incarcerationem,
3236 4818 3447 4872 scilicet
3481 4836 3585 4874 non

2028 4893 2243 4960 quidem
2303 4895 2525 4961 includi,
2575 4914 2604 4953 e
2647 4910 2833 4955 contra
2880 4920 3007 4957 vero
3047 4919 3077 4960 ο
3120 4909 3364 4961 custodia
3410 4912 3585 4964 emitti

2026 4984 2296 5052 captivum
2324 4997 2377 5040 et
2408 4992 2588 5055 vagari
2622 5006 2730 5059 quo
2758 4993 2993 5050 libtterit.
3032 4996 3148 5051 Non
3192 4999 3331 5051 enim
3366 5001 3411 5054 is
3443 5016 3584 5071 esset

2027 5074 2117 5139 qui
2151 5090 2376 5142 corpore
2402 5079 2619 5146 quidem
2655 5085 3050 5139 habitationem
3081 5087 3326 5154 haberet,
3372 5094 3581 5144 sicutin

2024 5165 2294 5231 columna,
2332 5170 2659 5236 appetitibus
2705 5188 2832 5227 vero
2875 5177 3157 5234 remissius
3204 5182 3584 5236 satisfaceret?

2022 5258 2136 5327 qui,
2188 5258 2313 5311 licet
2371 5260 2438 5313 ad
2488 5263 2775 5317 velandum
2831 5270 3101 5335 cupidinis
3156 5272 3375 5325 levitate
3424 5281 3580 5339 aptus

2020 5363 2184 5417 esset,
2218 5353 2302 5409 his
2328 5355 2615 5425 indulgens
2644 5360 2875 5427 volaret,
2938 5373 2991 5417 et
3040 5380 3165 5419 raro
3193 5366 3382 5419 cellam
3419 5366 3574 5417 istam

2020 5445 2311 5503 habitaret.
2344 5447 2701 5505 lncludendns
2764 5468 2915 5523 ergo,
2965 5471 2997 5509 υ
3028 5462 3103 5518 tn,
3140 5465 3280 5509 totus
3321 5471 3350 5507 a
3382 5466 3432 5510 te
3459 5456 3577 5525 ipso

2016 5552 2094 5603 es,
2119 5554 2345 5607 corpore
2372 5541 2580 5596 scilicet
2607 5554 2657 5595 et
2694 5546 2895 5610 anima,
2927 5556 2977 5600 et
3020 5548 3319 5613 praesertim
3371 5547 3571 5613 anima,

2016 5630 2088 5683 ita
2121 5639 2177 5683 nt
2209 5642 2261 5684 te
2296 5640 2464 5684 totum
2509 5634 2753 5690 includas
2792 5637 2843 5688 in
2884 5638 3120 5690 animant
3161 5648 3414 5708 tanquam
3458 5657 3572 5696 mo-

2019 5720 2175 5774 nachi
2226 5721 2438 5784 ccliun,
2487 5735 2538 5776 te
2586 5725 2882 5792 simplicem
2937 5726 3248 5796 integritate
3301 5732 3567 5803 completa
