4002 6208
351 303 459 368 239
1053 303 1462 366 EUSTATHII
1503 303 2241 363 TIlESSALONiCENSlS
2281 304 2382 362 ME
2401 303 2833 361 l'ROPOLlT.E
3451 297 3564 358 Ξιθ

356 430 472 474 toto
499 417 661 472 corde
681 415 746 470 ad
771 415 988 472 virtutis
1017 418 1261 471 bravium
1294 425 1561 482 paratum,
1593 415 1897 468 columnam

2009 418 2336 484 κευσάμενον
2383 417 2442 468 τὸ
2474 417 2571 481 τῆς
2601 416 2848 482 διαρτίας
2899 414 3152 466 σύνθετον
3174 412 3254 471 είς
3298 409 3560 477 “sequ

356 523 481 563 vero
526 508 665 564 sicut
712 509 956 576 corporis
996 506 1297 573 analogiam
1351 503 1512 555 habet
1545 517 1642 570 pro
1684 502 1903 555 homine

2009 507 2078 574 τῷ
2109 507 2206 574 τῆς
2246 505 2447 572 ἀρετῆς
2502 505 2852 572 ἑκνικήματι,
2897 503 2990 554 τὸν
3039 501 3095 554 δὲ
3125 519 3144 553 ι
3182 499 3377 553 στύλον
3410 517 3429 550 ι
3461 499 3560 550 ὅσα.

355 598 444 664 qui
483 597 626 650 intus
669 604 776 662 est,
809 595 1013 664 pariter
1047 594 1410 646 includentcm
1453 607 1549 659 pro
1580 600 1686 642 tota
1723 590 1900 642 anima

355 695 560 742 teneas.

425 771 516 826 44.
559 771 613 823 Si
671 768 799 824 vero
853 783 1074 823 necesse
1125 779 1206 820 est
1267 767 1588 835 cupiditates
1646 769 1902 835 quasdam

357 871 506 916 extra
535 861 838 915 columnam
871 862 1102 921 mittere,
1171 859 1358 912 saltem
1399 859 1724 926 compositas
1758 858 1903 918 volo,

360 951 573 1018 penitus
621 950 963 1002 rationabiles
989 957 1043 1001 et
1073 960 1265 1001 asceis:
1315 946 1602 1000 reclusioni
1631 956 1684 998 et
1720 961 1905 998 coarc-

359 1041 544 1093 tatioui
577 1050 987 1100 consentaneas,
1021 1046 1096 1100 ut,
1135 1035 1583 1103 quemadmodum
1629 1036 1762 1088 bona
1812 1033 1906 1086 do-

361 1133 502 1186 mina
552 1131 835 1198 prudentes
884 1128 1102 1180 ancillas
1157 1127 1316 1178 mittit
1385 1139 1700 1192 quocunque
1774 1138 1906 1189 opus

369 1232 481 1286 est,
527 1223 604 1273 sic
637 1231 687 1273 et
715 1221 888 1272 anima
918 1229 1005 1270 tua
1034 1216 1333 1269 utiliorihus
1355 1214 1706 1281 cupiditatum
1748 1214 1907 1265 mini-

372 1311 548 1364 steriis
597 1318 794 1362 utatur.
829 1306 962 1359 Num
995 1305 1126 1358 nihil
1155 1313 1364 1372 appetet
1390 1303 1602 1372 stylita?
1625 1301 1784 1362 Sane,
1816 1305 1905 1370 qui

384 1415 486 1450 non
518 1398 690 1448 anima
740 1407 902 1456 caret,
937 1408 1134 1456 escam,
1168 1401 1345 1459 potum
1373 1401 1602 1459 appetet,
1629 1399 1682 1443 et
1707 1400 1909 1444 utrum-

361 1503 461 1555 que
512 1501 609 1555 pro
663 1484 980 1537 necessitate
1045 1482 1316 1534 hominum
1369 1495 1652 1532 occursum
1706 1481 1905 1547 cupiet,

357 1578 672 1646 quibuscum
697 1573 838 1641 loqui
861 1572 1062 1640 possit;
1093 1571 1192 1624 erit
1216 1570 1314 1638 ipsi
1339 1570 1559 1622 aliorum
1586 1569 1905 1623 desiderium

357 1681 474 1732 qua:
540 1666 805 1718 hominem
848 1664 1040 1716 bonum
1082 1663 1441 1726 constituent;
1475 1675 1576 1714 non
1610 1662 1750 1714 enim
1785 1675 1906 1729 pro-

357 1769 473 1824 pter
505 1759 614 1810 baec
650 1755 1030 1822 vituperandus
1060 1753 1218 1805 homo
1251 1759 1355 1804 est.

425 1931 513 1985 45.
552 1929 618 1984 Ει
663 1929 740 1982 sic
788 1927 1002 1996 quidem
1035 1927 1272 1981 celestis
1313 1941 1409 1995 per
1456 1925 1582 1979 illud
1617 1924 1903 1994 pravalere

358 2022 591 2075 videtur.
639 2017 951 2073 Custodiam
1015 2016 1296 2078 meditare,
1351 2023 1403 2068 et
1454 2015 1750 2068 humilitate
1782 2015 1907 2066 sub-

358 2112 556 2164 missus
620 2109 735 2171 tias,
783 2116 1030 2174 reputans
1077 2113 1127 2159 te
1173 2111 1337 2157 totum
1397 2104 1727 2158 reconditum
1761 2119 1902 2169 esse,

359 2202 653 2255 secundum
697 2199 856 2251 talem
891 2197 1157 2250 hominem
1195 2195 1391 2263 cogita.
1425 2193 1503 2248 Ne
1531 2208 1658 2249 vero
1687 2196 1906 2248 omnino

362 2291 414 2342 in
467 2289 796 2342 Otiositatem
835 2287 1061 2350 incidas,
1101 2295 1349 2351 reputans
1400 2293 1450 2338 te
1494 2284 1545 2338 in
1595 2286 1905 2352 spectaculo

361 2380 425 2430 ad
480 2379 732 2445 exiguum
767 2386 976 2443 tempus
1020 2375 1278 2428 athletam
1322 2388 1461 2437 esse,
1493 2383 1546 2427 et
1587 2373 1904 2428 athletarum

361 2466 458 2519 tibi
488 2482 607 2521 esse
641 2478 883 2529 arenam,
914 2465 965 2516 in
1012 2479 1116 2532 qua
1149 2475 1200 2517 te
1237 2473 1450 2530 oportet
1491 2462 1681 2515 fortem
1707 2477 1828 2516 esse
1855 2471 1908 2516 et

360 2557 632 2611 scenicum
676 2554 866 2609 videri.
898 2555 1067 2622 llujus
1100 2554 1411 2606 certaminis
1439 2553 1641 2606 athleta
1691 2561 1909 2621 propter

362 2657 574 2715 sperata
619 2647 836 2715 praemia
859 2656 997 2700 esto.
1033 2644 1129 2697 llic
1159 2659 1291 2712 opus
1320 2654 1482 2698 estet
1516 2657 1704 2697 omnes
1735 2651 1908 2696 metas

363 2735 659 2800 transilire,
691 2736 815 2803 quia
852 2734 1206 2801 apostolicum
1233 2741 1314 2788 est
1352 2733 1582 2786 inveniri
1617 2733 1671 2785 in
1715 2731 1911 2784 labori-

362 2827 459 2878 bus
489 2841 650 2895 supra
695 2827 929 2878 modum.
965 2823 1056 2878 Sic
1098 2823 1240 2876 enim
1271 2823 1641 2876 adversarium
1675 2833 1910 2889 proster-

2005 597 2100 650 καὶ
2158 598 2417 662 ἀνάλογόν
2449 613 2502 646 τι
2536 596 2695 662 σῶμα
2732 589 2872 645 εἶναι
2899 593 2977 662 τῷ
3005 593 3111 643 ἔσω
3151 589 3449 661 ἀνθρώπῳ,
3481 588 3558 654 τῷ

2003 686 2106 755 ὅλῳ
2129 687 2272 754 ψυχῇ
2284 727 2298 739 .

2074 773 2176 842 μδ’.
2209 775 2268 825 Et
2298 773 2354 825 δὲ
2378 775 2587 840 ἀνάγκη
2622 772 2785 832 πᾶσα,
2817 770 3108 838 ἐπιθυμίας
3141 768 3291 829 τινάς
3323 766 3428 831 ἔξω
3459 765 3552 818 τοῦ

2011 884 2030 916 ι
2069 865 2259 916 στόλου
2296 882 2317 915 ι
2359 862 2692 931 πέμπεσθαι,
2736 863 2868 914 άλλά
2900 861 3101 922 ταύτας
3136 859 3268 923 ἀξιῶ
3300 858 3556 927 ἐμμελῶς

2005 956 2168 1023 ἔχειν,
2202 955 2295 1006 καὶ⁵
2323 952 2463 1005 πάνυ
2493 952 2748 1017 έλλόγως,
2780 951 2872 1004 καὶ
2916 950 3078 1016 ἀξίως
3108 949 3206 1016 τῆς
3239 948 3346 1000 ἔσω
3373 964 3552 1000 στενοο

2004 1044 2204 1113 χωρίας
2241 1043 2334 1094 τοῦ
2360 1041 2597 1109 ἁσκητοῦ
2632 1041 2725 1092 καὶ
2754 1039 3164 1106 κατασφίγξεως
3190 1055 3203 1068 ·
3237 1037 3344 1100 ἴνα,
3388 1036 3555 1090 καθά-

2004 1149 2110 1201 περ
2169 1131 2347 1201 ἀγαθὴ
2398 1131 2649 1182 δέσποινα
2701 1128 3061 1195 θεραπανίδας
3119 1128 3391 1194 ἐκπέμπει
3447 1124 3554 1177 σῶ-

2006 1237 2229 1290 φρονας,
2255 1221 2380 1272 ὅποι
2425 1219 2542 1271 δέον
2594 1219 2731 1282 ἐστὶ,
2761 1217 2901 1269 οὕτω
2941 1216 3030 1268 καὶ
3062 1217 3095 1285 ὴ
3147 1215 3213 1284 σὴ
3245 1214 3390 1283 ψυχὴ
3437 1218 3554 1278 ταῖς

2002 1308 2390 1378 χρηστοτέραις
2430 1307 2538 1358 τῶν
2571 1305 2874 1373 ἐπιθυμιῶν
2921 1305 3210 1374 ὑπουργοῖς
3241 1303 3441 1372 χρῷτο.
3468 1301 3552 1370 Μὴ

2004 1399 2110 1467 γάρ
2131 1398 2231 1449 οὐκ
2257 1396 2583 1464 ἐπιθυμήσει
2609 1395 2700 1447 καὶ
2722 1395 2749 1446 ὁ
2783 1411 2800 1444 ι
2835 1393 3083 1462 στυλίτης
3103 1407 3119 1422 ο
3156 1410 3175 1443 ι
3204 1394 3292 1444 ναι
3316 1392 3552 1451 πάντως,

2002 1487 2084 1539 ὅτι
2111 1487 2247 1553 μηδὲ
2291 1485 2516 1553 ἄψυχος,
2551 1483 2799 1553 όρέξεται
2835 1482 3115 1552 βρώσεως,
3161 1482 3410 1550 ὀρέξεται
3455 1480 3554 1533 πό-

2005 1591 2162 1638 σεως,
2211 1576 2307 1627 καὶ
2344 1574 2546 1642 ἀμφοῖν
2592 1575 2649 1626 έν
2694 1573 2895 1626 δέοντιο
2944 1571 3270 1640 ἐπιθυμήσει
3309 1571 3554 1638 ἐντυχίας

2003 1667 2334 1737 προσώπων,
2378 1663 2460 1728 οἷς
2493 1663 2671 1735 χρεὼν
2720 1665 2882 1718 αὐτὸν
2922 1665 3168 1733 ὁμιλεῖνο
3213 1665 3361 1716 ἔσται
3406 1661 3554 1731 αὐτῷ

2001 1757 2184 1825 ἔφεσις
2214 1757 2310 1808 καὶ
2364 1756 2586 1823 ἑτέρων,
2623 1755 2715 1807 ὅσα
2748 1755 2836 1806 τὸν
2883 1753 3083 1820 ἀγαθὸν
3119 1753 3438 1805 συνιστῶσιν
3462 1754 3554 1806 ἄν·

2002 1847 2217 1914 θρωπον
2239 1859 2254 1874 °
2315 1845 2428 1897 ἀλλ’
2461 1845 2519 1895 οὑ
2551 1844 2828 1910 μεμπτέος
2855 1841 2944 1894 διὰ
2984 1841 3157 1894 ταῦτα
3190 1845 3218 1894 ό
3245 1842 3550 1912 ἄνθρωπος.

2072 1934 2175 2002 με’.
2215 1935 2324 1988 Καὶ
2372 1933 2511 1986 οὕτω
2573 1933 2670 2001 μὲν
2719 1934 2746 1983 ό
2801 1934 3069 2002 οὐράνιος,
3125 1933 3219 1986 καὶ
3272 1933 3358 1984 διά
3395 1935 3552 1986 τοῦτο

2003 2027 2289 2094 ὑπερέχειν
2343 2023 2532 2077 δοκῶν.
2575 2022 2835 2092 Ἐνθυμοῦ
2886 2024 2977 2074 καὶ
3020 2021 3117 2089 τὴν
3173 2039 3192 2073 ι
3235 2021 3481 2090 εἱρκτὴν,
3522 2041 3540 2072 ι

2003 2117 2097 2170 καὶ
2123 2117 2276 2186 γίνου
2311 2119 2371 2186 τῇ
2396 2115 2717 2168 ταπεινώσει
2747 2115 2894 2166 κάτω
2913 2129 2928 2144 ·
2959 2113 3048 2166 καὶ
3071 2112 3224 2178 νοῶν,
3248 2114 3366 2174 ὅλος
3391 2114 3546 2179 ἔγκε-

2005 2201 2324 2270 κλεισμένος
2352 2197 2509 2263 εἶναι,
2560 2201 2742 2270 φρόνει
2773 2202 2912 2254 κατὰ
2957 2201 3193 2263 τοιοῦτον
3245 2203 3544 2271 ἄνθρωπον.

2004 2291 2095 2358 Μὴ
2127 2291 2346 2350 πάντως
2373 2289 2429 2341 δὲ
2471 2289 2563 2342 καὶ
2596 2290 2674 2350 είς
2703 2289 2896 2356 ἀργίαν
2947 2288 3192 2341 ἐντεῦθεν
3221 2291 3548 2350 κατάπιπτε,

2007 2376 2388 2442 συννοούμενος
2417 2379 2532 2440 καὶ,
2562 2377 2646 2427 ὅτι
2676 2376 2814 2427 κατὰ
2837 2375 2934 2444 τὴν
2959 2376 3064 2444 πρὸ
3089 2376 3286 2444 μικροῦ
3321 2377 3550 2445 θεωρίαν

2011 2482 2030 2514 ι
2067 2465 2302 2534 ἀθλητὴς
2355 2483 2373 2516 ι
2431 2461 2515 2526 εἷ,
2559 2465 2652 2516 καὶ
2699 2483 2718 2514 ι
2772 2466 3004 2532 σκάμμα
3062 2484 3080 2516 ι
3142 2483 3223 2518 σοι
3272 2468 3549 2534 πρόκειται

2012 2573 2030 2604 ι
2064 2553 2370 2623 ἀθλητικὸν,
2402 2573 2420 2604 ι
2454 2554 2580 2608 ἔνθα
2635 2555 2740 2624 χρὴ
2786 2556 3006 2624 ἐνεργὸν
3051 2553 3189 2609 εἶναί
3219 2573 3298 2622 σε,
3346 2560 3437 2609 καὶ
3476 2557 3551 2618 ὡς

2006 2646 2228 2712 ἐντρεχῇ
2257 2643 2651 2711 θεατρίζεσθαι.
2682 2645 2880 2697 Τούτου
2915 2645 3074 2712 γενοῦ
3108 2645 3202 2698 τοῦ
3234 2647 3439 2713 ἀγῶνος
3463 2647 3550 2700 διὰ

2005 2734 2071 2785 τὰ
2098 2736 2156 2786 έν
2202 2733 2411 2784 ἐλπίσιν
2468 2733 2696 2787 ἔπαθλα.
2737 2734 2994 2787 Ἐνταῦθα
3033 2739 3229 2805 χρεὼν,
3283 2740 3376 2790 καὶ
3413 2739 3550 2806 ὑπὲρ

2006 2825 2074 2874 τά
2119 2821 2433 2888 ἐσκαμμένα
2487 2823 2662 2892 πηδᾷν
2689 2839 2747 2874 σε
2787 2824 2879 2876 καὶ
2907 2824 3285 2892 ὑπερϐάλλειν,
3342 2828 3422 2879 ὅτι
3457 2829 3550 2879 καὶ

367 2929 485 2978 nes,
515 2916 607 2983 qui
643 2916 904 2968 virtutqu
927 2915 1106 2968 ordini
1136 2910 1363 2966 infestus
1395 2921 1446 2965 et
1473 2911 1562 2964 vili
1592 2912 1909 2965 immodera-

2009 2910 2357 2962 ἁποστολικδν
2399 2928 2419 2961 r
2462 2910 2522 2962 τὸ
2558 2913 2615 2963 έν
2656 2913 2842 2973 κόποις
2865 2913 3322 2981 ὑπερϐαλλόντως.
3356 2933 3375 2966 ι
3398 2914 3553 2969 Οὕτω

361 3005 493 3058 tioni
545 3014 794 3058 assuetus
842 3003 1252 3072 temperantiam
1284 3001 1602 3054 detestatur.
1641 3001 1704 3053 Et
1733 3015 1909 3067 quam-

2009 3002 2120 3071 γὰρ
2151 2999 2241 3052 τὸν
2272 3002 2645 3070 ἀντικείμενον
2668 3001 3016 3066 καταϐαλεῖς,
3039 3003 3096 3066 ὃς
3137 3007 3254 3061 ταῖς
3282 3007 3388 3057 τῶν
3419 3006 3550 3076 άρε-

361 3099 443 3148 vis
499 3097 714 3147 vincere
765 3095 860 3146 tibi
895 3093 1170 3160 contingat
1201 3100 1257 3145 et
1294 3100 1586 3160 martyrum
1639 3092 1909 3160 praemium

2009 3090 2115 3141 τῶν
2147 3091 2505 3157 συμμετρίαις
2535 3091 3063 3157 άντιπαρακάθηται,
3103 3095 3195 3145 καὶ
3224 3094 3318 3162 τῆς
3344 3094 3552 3162 φαύλης

361 3186 606 3252 adipisci,
640 3200 744 3236 nun
782 3184 910 3238 licet
938 3183 1093 3250 erigi,
1125 3191 1216 3234 aut
1263 3181 1497 3235 elatione
1532 3184 1830 3250 spernenda
1860 3191 1909 3234 et

2011 3175 2308 3244 ὑπερϐολῆς
2337 3175 2432 3236 ὢν.
2467 3178 2832 3245 ἀπεχθάνεται
2863 3182 2980 3241 ταῖς
3040 3182 3266 3249 ἰσότησι.
3307 3182 3410 3234 Καὶ
3453 3185 3550 3251 γέ-

362 3274 672 3344 arrogantia
725 3272 974 3327 exaltari.
1012 3270 1161 3324 Licet
1211 3271 1354 3324 enim
1408 3271 1659 3325 ditissimi
1707 3270 1909 3324 domini

2009 3280 2148 3316 νοιτο
2177 3265 2272 3333 μέν
2306 3281 2384 3316 σοι
2408 3270 2581 3335 νικᾷν,
2604 3269 2696 3318 καὶ
2717 3267 2821 3320 τῶν
2850 3268 3112 3338 βραϐείων
3143 3273 3423 3341 τυγχάνειν
3445 3272 3550 3325 τῶν

367 3363 593 3415 conviva
625 3363 916 3414 secundum
949 3360 1334 3429 philosophiam
1375 3360 1427 3413 in
1467 3361 1744 3414 emunt-nlo
1771 3375 1909 3413 sun:-

2017 3355 2380 3425 μαρτυρικῶν,
2403 3355 2474 3425 μὴ
2499 3357 2792 3428 ἔπαρθῆναι
2809 3359 2864 3411 δὲ
2885 3361 3018 3429 μηδὲ
3033 3360 3191 3424 οὕτω,
3218 3363 3349 3431 μηδὲ
3379 3381 3552 3432 παρυ-

371 3468 460 3508 tuo
504 3453 618 3517 sis;
653 3453 744 3505 sed
781 3451 1084 3505 convivium
1135 3451 1272 3502 istud
1304 3449 1648 3516 protrahitur,
1703 3448 1909 3515 quando

2010 3445 2253 3512 ψωθῆναι
2277 3445 2373 3514 τὴν
2388 3447 2485 3497 οὐκ
2501 3447 2892 3517 ἐπαινουμένην
2909 3449 3133 3518 ἐπαρσίν
3150 3468 3206 3503 τε
3217 3454 3312 3505 καὶ
3327 3452 3551 3520 ὕψωσιν.

370 3551 570 3612 parata:
611 3544 778 3612 justis
817 3540 1021 3596 delicia:
1059 3548 1111 3595 et
1141 3540 1385 3607 voluptas
1424 3539 1820 3592 revelahuntur.

2029 3533 2091 3586 Εἰ
2121 3534 2226 3601 γὰρ
2254 3535 2347 3586 καὶ
2381 3535 2682 3598 σύνδειπνος
2706 3537 2804 3607 Eon
2825 3541 2900 3606 τῷ
2927 3540 3311 3609 πλουσιωτάτῳ
3339 3542 3552 3592 δειπνο-

377 3636 597 3704 κλήτορι
637 3635 772 3686 κατὰ
803 3633 898 3703 τὴν
940 3634 998 3687 έν
1043 3631 1119 3702 τῷ
1165 3649 1183 3682 ι
1233 3631 1452 3701 άνωγέῳ
1504 3651 1521 3683 ι
1574 3630 1905 3699 φιλοσοφίαν,
1947 3627 2060 3680 ἀλλ’
2097 3626 2126 3677 ὁ
2158 3626 2255 3693 μὲν
2285 3627 2494 3688 δεῖπνος
2523 3621 2671 3687 οὗτος
2719 3625 2962 3696 ὕστερον,
3010 3630 3096 3681 ὅτε
3146 3631 3238 3682 καὶ
3304 3633 3337 3700 ἡ
3398 3648 3554 3684 τεταο

376 3729 638 3799 μιευμένη
692 3731 800 3790 τοῖς
864 3727 1084 3790 δικαίοις
1139 3727 1533 3794 ὲκφανθήσεται
1591 3725 1769 3791 τρυφὴ
1820 3725 1912 3773 καὶ
1948 3720 2259 3780 ἀπόλαυσις.

439 3821 526 3876 ιθ.
570 3819 719 3874 Nunc
759 3823 1052 3874 secundum
1081 3820 1251 3873 Deum
1294 3821 1539 3885 stigmata
1586 3820 1770 3884 cupito
1801 3831 1909 3867 cru-

2087 3817 2201 3878 pg’.
2231 3812 2386 3879 Ἀρτι
2423 3811 2479 3862 δὲ
2511 3811 2604 3862 καὶ
2640 3813 2706 3862 τά
2741 3813 2880 3865 κατὰ
2917 3812 3048 3865 Θεὸν
3089 3813 3358 3881 στίγματα
3395 3814 3553 3868 ἐνθυ·’

365 3915 630 3969 ciﬁxionis
663 3914 813 3982 signa
843 3919 1066 3964 mortem
1101 3919 1152 3963 et
1185 3924 1347 3977 super
1369 3911 1547 3962 omnia
1581 3908 1909 3974 sepulchrum

2019 3899 2143 3970 μοῦ,
2181 3901 2246 3952 τὰ
2293 3899 2385 3951 τοῦ
2445 3902 2820 3970 σταυρωθῆναι
2853 3903 3135 3972 δείγματα,
3191 3908 3284 3959 καὶ
3319 3907 3415 3977 τὴν
3463 3911 3553 3960 νέ-

367 4010 540 4076 cogita
562 4007 612 4059 in
635 4021 740 4073 quo
760 4005 1015 4058 columna
1040 4003 1184 4056 illius
1203 4002 1582 4070 contemplatio
1603 4002 1774 4069 quoad
1797 4002 1909 4053 vita

2015 3991 2360 4058 κρωσιν,καὶ
2405 3989 2494 4039 ἐπὶ
2542 3992 2674 4042 πᾶσι
2717 3992 2808 4041 τὸν
2839 4007 2857 4040 ι
2892 3993 3076 4058 τάφον,
3121 4010 3140 4044 ›
3176 3994 3255 4055 είς
3297 3994 3416 4063 an,
3457 3995 3555 4047 τοῦ

369 4103 714 4155 imitationem
735 4098 1019 4151 terminum
1042 4095 1248 4158 habuit,
1263 4095 1544 4161 enjusvilae
1559 4093 1909 4147 tumuluslinit

2023 4100 2039 4131 ι
2079 4080 2268 4132 στύλου
2302 4097 2319 4129 ι
2357 4081 2537 4149 ἐκείνη
2563 4081 2762 4148 θεωρία
2788 4080 3044 4149 κατέληξε
3075 4085 3214 4135 κατά
3246 4085 3359 4152 βίου
3383 4085 3556 4152 μίμη-

369 4200 470 4244 est.
530 4188 680 4240 illum
731 4188 891 4238 corde
945 4183 1145 4250 cupito,
1203 4185 1254 4233 in
1307 4197 1413 4249 quo
1465 4193 1518 4236 te
1568 4182 1806 4250 reposuit
1849 4191 1909 4232 et.

2019 4187 2122 4233 σιν,
2157 4165 2218 4221 οὗ
2251 4172 2343 4221 καὶ
2392 4169 2553 4220 αὑτοῦ
2599 4172 2761 4236 τάφος
2809 4170 2868 4222 τὸ
2916 4173 3304 4242 συμπέρασμα.
3355 4175 3556 4226 Τοῦτον

371 4287 430 4331 ιιι
474 4277 544 4330 ita
591 4275 792 4337 dicam,
827 4272 1070 4324 condidit
1126 4273 1284 4324 ratio.
1339 4270 1394 4324 Si
1447 4273 1586 4323 enim
1638 4272 1776 4323 intra
1811 4286 1909 4322 ιηοε

2017 4259 2266 4327 ἐνθύμιον
2297 4261 2406 4327 ἔχε,
2440 4261 2497 4310 ὲν
2527 4256 2568 4326 ᾦ
2596 4260 2804 4312 τέθεικέ
2837 4278 2892 4312 σε
2928 4266 2955 4314 ό
2999 4264 3174 4330 λόγος,
3213 4267 3303 4317 καὶ
3333 4265 3407 4328 ὡς
3444 4262 3554 4319 οἷον

372 4377 558 4419 nentes
592 4375 845 4430 tanquam
884 4378 1096 4417 sursum
1135 4363 1369 4415 ablatum
1416 4371 1468 4414 et
1507 4361 1616 4425 jam
1647 4362 1909 4414 caelestem

2023 4349 2192 4400 είπεῖν
2221 4348 2610 4415 ὲγκατέχωσεν.
2645 4349 2704 4398 Εἰ
2733 4351 2839 4418 γὰρ
2872 4351 2968 4401 καὶ
2996 4352 3154 4419 ἡμεῖς
3188 4356 3336 4405 κάτω
3366 4355 3555 4422 μένον-

370 4457 637 4509 hominem
673 4463 724 4507 te
754 4452 1216 4520 contemplatnur,
1281 4453 1406 4505 licet
1467 4452 1518 4504 iu
1571 4451 1705 4504 ccelo
1761 4462 1921 4518 caput

377 4546 694 4606 tirmaveris,
727 4559 887 4611 super
912 4553 1104 4596 terram
1142 4553 1318 4596 tamen
1351 4542 1596 4595 incedere
1629 4540 1918 4595 ctelicolam

381 4648 430 4690 te.
473 4636 828 4688 meminimus.
870 4633 1387 4700 thucmadmodum
1407 4632 1510 4684 alio
1531 4631 1682 4683 modo
1705 4630 1755 4682 in
1787 4630 1921 4683 ccclo

378 4734 479 4783 isto
524 4727 769 4778 conditus
822 4740 902 4784 es,
951 4723 1179 4776 ascende
1226 4731 1279 4775 et
1318 4722 1534 4784 decede,
1589 4723 1682 4774 tibi
1721 4722 1919 4774 clama-

380 4832 542 4870 musx:
591 4833 692 4868 non
726 4825 786 4867 ut
823 4817 1090 4867 inhabiles
1120 4823 1172 4867 et
1203 4821 1467 4866 mortuum
1498 4821 1549 4865 te
1589 4827 1762 4879 geras,
1797 4812 1920 4864 licet

381 4907 485 4958 alio
523 4921 681 4958 sensu
729 4903 1108 4970 cupiditatibus
1141 4910 1381 4954 mortuus
1417 4901 1513 4963 sis,
1568 4902 1658 4952 sed
1691 4907 1748 4951 ut
1784 4899 1916 4951 divi-

379 4996 499 5047 nius
542 5003 593 5045 ct
637 4997 698 5044 ad
749 4997 883 5043 bona
933 5007 1093 5059 opera
1133 4988 1352 5053 tigilans
1387 4985 1786 5053 expergefactus
1821 5003 1914 5054 ap-

376 5101 532 5155 parca
541 5099 588 5136 Β.

445 5343 528 5394 47.
575 5340 643 5394 Ut
667 5355 788 5391 vero
817 5345 975 5389 etiam
999 5375 1010 5395 ,
1043 5336 1253 5401 quando
1282 5335 1332 5388 in
1362 5336 1606 5404 sepulcro
1638 5335 1912 5388 morientis

377 5434 778 5487 similitudinem
815 5430 1017 5495 praebet
1057 5426 1312 5478 columnae
1353 5425 1570 5491 pulchra
1612 5427 1800 5493 imago,
1829 5427 1919 5478 itc-

380 5539 496 5576 I'UIII
565 5531 618 5575 et
673 5522 826 5572 aliter
887 5516 1030 5569 illum
1113 5515 1440 5568 venerationi
1494 5515 1912 5580 dentttttietuus,

381 5622 627 5666 accurate
656 5611 1052 5662 consideremus
1091 5607 1375 5659 secundum
1406 5605 1568 5656 Deum
1615 5606 1898 5658 viventium

2019 4454 2126 4502 τες,
2158 4438 2230 4498 ὡς
2260 4437 2769 4506 ἀναλαμϐανόμενον
2823 4439 3126 4510 θεωροῦμέν
3181 4460 3259 4505 σε,
3316 4447 3410 4497 καὶ
3453 4446 3554 4514 ἤδη

2019 4527 2264 4594 οὐράνιον
2311 4526 2608 4594 ἄνθρωπον,
2647 4526 2761 4578 ἀλλ’
2807 4529 3308 4600 άναμιμνήσκομεν,
3352 4534 3433 4584 ὅτι
3472 4551 3554 4596 τε,

2020 4620 2066 4670 εἰ
2102 4618 2194 4668 καὶ
2221 4617 2429 4684 οὐρανῷ
2459 4616 2740 4686 έστὴριξας
2783 4619 2946 4687 κάρη,
2990 4620 3103 4672 ἀλλ’
3132 4621 3224 4672 ἐπὶ
3267 4621 3414 4688 χθονὶ
3441 4622 3556 4690 βαί-

2019 4723 2128 4767 νεις
2155 4705 2182 4755 ὁ
2225 4707 2627 4776 οὐρανοϐάμων.
2666 4709 2773 4759 Καὶ
2813 4709 2886 4770 ὡς
2934 4710 3089 4761 ἄλλον
3117 4711 3314 4777 τρόπον
3355 4711 3431 4779 τῷ
3460 4715 3553 4763 οὑ-

2021 4797 2164 4865 ρανῴ
2193 4797 2362 4865 τούτῳ
2397 4798 2706 4866 ὲντέθαψαι,
2741 4800 2830 4850 καί
2863 4817 2977 4861 πως
3012 4816 3030 4848 ι
3058 4801 3312 4854 ἀνάϐαινε
3339 4804 3431 4853 καὶ
3462 4818 3553 4853 τε·-

2017 4886 2178 4937 λεύτα
2220 4904 2238 4935 ι
2273 4887 2647 4954 ἐπιφωνοῡμέν
2679 4904 2759 4938 σοι
2781 4903 2794 4916 ·
2831 4889 2930 4957 οὐχ
2959 4888 3096 4942 ὥστε
3122 4891 3225 4958 μὴν
3249 4893 3342 4943 καὶ
3363 4893 3551 4944 ἐναποο

2021 4980 2199 5043 μεῖναι
2243 4977 2336 5026 καὶ
2366 4979 2678 5043 νεκριμαίον
2713 4972 2889 5039 εἶναι,
2930 4981 2978 5031 εί
3023 4981 3117 5030 καὶ
3153 4980 3310 5032 ἄλλον
3355 4983 3553 5048 τρόπον

2018 5063 2203 5129 νεκρὸν
2234 5067 2342 5124 τοῖς
2382 5064 2629 5125 πάθεσιν,
2665 5064 2796 5115 ἀλλὰ
2844 5067 3277 5136 ἀνεγηγερμένον
3324 5068 3554 5135 φανῆναι

2020 5157 2155 5208 κατὰ
2191 5155 2457 5222 θειότερον
2486 5159 2672 5216 τύπον,
2728 5160 2818 5209 καὶ
2866 5158 2944 5216 είς
2995 5159 3171 5225 ἁγαθὰ
3206 5158 3340 5225 ἔργα
3387 5159 3557 5225 νηφά-

2017 5248 2148 5299 λιον.

2089 5337 2194 5405 μξ’.
2227 5338 2341 5389 Ἵνα
2370 5338 2449 5402 δὲ,
2481 5339 2526 5388 εί
2558 5339 2647 5389 καὶ
2684 5357 2700 5388 ι
2745 5338 2896 5404 τάφῳ
2938 5356 2954 5387 ι
3000 5336 3256 5388 τελευτῶν
3295 5336 3554 5405 παρείκα-

2017 5445 2137 5480 σται
2163 5430 2221 5480 τὸ
2250 5429 2340 5480 τοῦ
2385 5449 2402 5479 ι
2435 5428 2624 5480 στύλου
2672 5446 2691 5479 ι
2725 5428 2904 5490 καλὸν,
2931 5427 3416 5495 σεμνολογήσωμεν
3443 5428 3553 5476 εἰσ-

2017 5519 2169 5580 αῦθις
2196 5524 2287 5571 καὶ
2314 5519 2484 5579 ἄλλως
2512 5520 2609 5569 αὐτ
2622 5520 2696 5583 ὸν,
2727 5518 3045 5586 σκεψώμεθα
3075 5521 3168 5570 καὶ
3192 5518 3332 5586 μάλα
3359 5516 3552 5585 ὀρθῶς,

2017 5611 2087 5670 ὡς
2123 5611 2200 5660 ὅτι
2245 5608 2350 5660 τῶν
2381 5609 2519 5661 κατὰ
2548 5610 2677 5660 Θεὸν
2713 5609 2925 5671 ζώντων
2964 5610 3054 5660 καὶ
3102 5610 3198 5669 τὴν
3234 5609 3311 5668 είς
3356 5607 3554 5675 ἀρετὴν
