4002 6208
430 333 532 398 2ῐί

1590 340 1691 402 A‘D
1731 344 1948 404 STYLI
1965 343 2111 404 {AM
2141 344 2540 415 QUEMDAM;

3585 345 3691 408 242

430 452 731 505 ὁδευόντων
759 450 946 504 πολλοὶ
976 450 1075 522 μὲν
1104 453 1151 506 οἱ
1195 455 1388 523 τρόποι
1420 454 1513 508 τοῦ
1560 456 1676 527 βίου
1704 461 1801 512 καὶ
1825 461 1881 515 αί
1911 461 2009 530 τῆς

2121 469 2167 514 et
2229 461 2446 516 virtutis
2497 461 2720 516 semitas
2772 458 3166 516 ambulantium
3221 461 3422 515 multos
3469 463 3687 532 quidem

373 534 380 553 ’³
430 547 661 614 πορείας
694 545 872 614 τρίσοι
923 547 1288 616 πολυσχιδεῐς,
1325 549 1350 600 6
1399 547 1456 600 δὲ
1493 549 1633 601 κατὰ
1692 568 1710 600 ι
1754 550 1946 604 στύλον
1987 571 2006 603 ι

432 640 548 705 βίος
621 637 882 690 ἁπάντων
946 639 1188 709 πέφηνεν
1249 641 1670 709 ὲκφανέστατος.
1727 644 1859 714 Διχῆ
1905 644 2014 713 γὰρ

428 730 770 799 διῃρημένης
796 730 894 799 τῆς
921 730 1064 783 κατὰ
1107 729 1240 783 Θεὸν
1273 731 1442 801 ζωῆς,
1472 734 1550 796 εἷς
1580 751 1640 787 τε
1668 734 1766 804 τὴν
1807 735 2013 788 ἁπλου-

340 839 352 848 ο
433 822 637 892 στέραν
668 821 762 872 καὶ
805 822 916 882 τοῖς
963 821 1206 875 πλείοσιν
1257 823 1443 890 ὲθὰδα,
1486 825 1915 896 πολιτικωτέραν
1953 843 2014 879 τε

431 914 533 966 καὶ
561 915 771 982 κοινὴν,
806 915 884 977 εῐς
912 932 971 967 τε
1004 916 1103 987 τὴν
1147 918 1362 989 ἑτέραν,
1396 919 1496 990 τὴν
1525 920 1635 973 εἴτε
1665 923 2011 992 καινοτόμον,

428 1005 546 1057 εἴτε
576 1005 915 1071 ξενίζουσαν,
951 1008 1062 1062 είτε
1093 1008 1519 1082 ἀπεξενωμένην
1541 1013 1715 1066 εἰπεῖν
1747 1011 1946 1084 χρεὼν,
1980 1015 2012 1083 ὴ

434 1097 538 1164 μὲν
565 1096 761 1167 πρώτη
784 1099 843 1150 οὐ
870 1098 1004 1152 πολὺ
1031 1098 1254 1154 πλουτεῖ
1291 1102 1353 1154 τὸ
1378 1105 1624 1158 ποικίλον
1661 1121 1721 1159 τε
1748 1107 1840 1160 καὶ
1873 1107 2012 1170 ξενί-

427 1188 548 1255 ζον,
582 1192 616 1261 η
652 1190 708 1244 δὲ
731 1191 962 1262 δευτέρα
991 1194 1070 1254 είς
1103 1192 1274 1247 πολλὰ
1313 1196 1605 1266 καινότερα
1636 1196 1904 1268 ἔσχισται.

511 1367 625 1440 μη’.
661 1368 881 1439 Ταύτης
919 1371 1084 1442 μέρος
1118 1375 1216 1445 τῆς
1269 1375 1416 1445 ζωῆς
1455 1376 1505 1428 οί
1535 1376 1622 1428 διὰ
1653 1376 1888 1448 Χριστὸν
1914 1376 2012 1449 τὴν

430 1467 783 1534 αύτοσοφίαν,
815 1467 912 1520 καὶ
939 1462 999 1520 οὗ
1031 1467 1129 1536 τῆς
1164 1467 1432 1530 συνέσεως
1456 1468 1556 1521 οὐκ
1579 1468 1726 1521 ἔστιν
1754 1469 2009 1538 ἀριθμὸς,

430 1557 886 1628 ἀπαρνησάμενοι
920 1556 1018 1627 τὴν
1056 1557 1197 1610 κατὰ
1232 1557 1347 1628 βίον
1376 1559 1642 1612 δοκοῦσαν
1685 1561 1876 1628 σοφίαν
1919 1561 2012 1614 καὶ

430 1653 729 1720 φρόνησιν’
763 1648 968 1719 ταύτης
1011 1667 1029 1701 ι
1067 1650 1116 1702 οί
1165 1651 1448 1720 γυμνῖται,
1489 1668 1506 1702 ι
1547 1651 1598 1703 οί
1625 1651 1701 1720 τῷ
1731 1652 2012 1725 ίματισμῷ

429 1743 528 1794 καὶ
574 1739 903 1810 περιεργίαν
945 1740 1127 1792 πᾶσαν
1181 1740 1758 1810 συναπεκδυσάμενοιο
1807 1745 2012 1812 ταύτης

439 1853 460 1885 ιι
495 1834 544 1886 οί
571 1833 677 1885 τῶν
706 1831 912 1901 τριχῶν
958 1831 1368 1901 ἀνεπίστροφοι,
1399 1851 1417 1884 ι
1469 1834 1552 1885 ὅτι
1599 1834 1691 1885 καὶ
1738 1834 1840 1902 τῆς
1871 1835 2014 1887 κατὰ

433 1923 642 1995 κόσμον
682 1924 906 1992 ἀπάσης
946 1921 1337 1993 περιττότητος
1366 1923 1459 1976 καὶ
1497 1922 1796 1993 ἁδρότητος
1819 1939 1832 1954 ο
1881 1923 2012 1977 ταύ-

427 2035 535 2087 της
583 2018 632 2068 οἱ
672 2034 692 2066 ι
738 2014 1069 2085 χαμαιεῦναι
1105 2033 1124 2065 ι
1177 2015 1272 2068 καὶ
1337 2033 1356 2066 ι
1415 2015 1796 2082 ἀνιπτόποδες,
1851 2037 1869 2068 ι
1921 2015 2015 2081 οὓς

427 2109 652 2179 εὐφυῶς
688 2107 956 2173 ἀνέπτυξέ
1010 2124 1095 2169 τις
1121 2107 1228 2159 τῶν
1281 2107 1632 2177 σοφωτέρων,
1681 2108 1858 2178 χαμαὶ
1913 2107 2014 2178 μὲν

429 2199 834 2269 εὐναζομένους
861 2197 1050 2261 είπὼν,
1079 2199 1478 2268 ἀνιπταμένους
1506 2199 1561 2252 δὲ
1585 2199 1666 2262 είς
1691 2200 1756 2253 τὰ
1782 2199 2012 2269 ὕψιστα·

429 2291 638 2360 ταύτης
672 2291 721 2343 οί
759 2307 777 2339 ι
824 2287 1108 2358 ρυπῶντες
1144 2305 1162 2338 ι
1192 2288 1286 2340 καὶ
1329 2286 1722 2356 ὲντεθαμμένοι
1759 2290 1826 2356 τῇ
1853 2287 2018 2358 πηλο-

433 2383 592 2454 erat?
649 2380 846 2450 ταύτῃ,
898 2379 987 2433 ίνα
1041 2379 1132 2432 τὸν
1187 2377 1415 2446 πήλινον
1463 2375 1872 2441 ἀποπλύναντες
1924 2381 2017 2430 ἁν-

432 2474 690 2545 δριάντα,
722 2471 959 2540 καθαροὶ
982 2470 1080 2539 τὴν
1113 2469 1342 2540 καρδίαν
1383 2468 1653 2537 γένωνται
1677 2483 1693 2499 ο
1728 2469 1934 2540 ταύτης
1967 2471 2015 2522 οί

438 2584 465 2618 σ
501 2565 763 2634 σιγῶντες
802 2581 821 2613 ι
855 2562 1001 2633 ἢδιὰ
1035 2562 1175 2629 βίου,
1203 2560 1236 2630 ἢ
1271 2559 1360 2628 ἐφ’
1382 2562 1505 2613 ὅσον
1540 2559 1605 2613 ἂν
1629 2559 1805 2622 ἄλλως
1833 2559 2018 2630 δοκοίη

433 2659 642 2722 αὐτοῖς,
674 2654 971 2709 κάντεῦθεν
1003 2653 1238 2721 ἀοίδιμοι
1277 2652 1452 2717 ὄντες,
1492 2653 1588 2704 καὶ
1618 2650 1779 2720 σιγῆς
1814 2650 2017 2721 ταύτης

430 2752 497 2803 τὸ
524 2746 909 2820 μὴςσιτᾶσθαι,
932 2744 1071 2798 ἀλλὰ
1103 2744 1173 2797 δι’
1220 2743 1515 2812 ἐγκωμίων
1550 2741 1813 2812 φέρεσθαι
1855 2741 2021 2796 ἀλλα-

435 2839 696 2909 ξάμενον
727 2838 934 2906 ταύτης
976 2837 1026 2889 oi
1063 2853 1083 2886 ι
1116 2834 1478 2904 σπηλαιῶται,
1515 2852 1536 2887 ι
1570 2833 1618 2886 οἳ
1649 2833 1710 2885 τδ
1734 2831 1872 2902 βαθὺ
1919 2830 2020 2901 τῆς

434 2933 581 2987 κατὰ
623 2930 842 3000 πνεῦμα
898 2928 1134 2999 Θεωρίας
1182 2926 1262 2997 τῷ
1320 2925 1420 2996 βίῳ
1467 2925 1642 2995 τούτῳ
1674 2923 2020 2991 καθυποφαί-

434 3042 616 3080 νουσισ
666 3021 873 3092 ταύτης
915 3040 934 3073 ι
975 3021 1026 3073 οί
1067 3019 1448 3090 σιδηρούμενοι
1479 3017 1574 3071 τοῦ
1603 3016 1737 3069 Θεοῦ
1780 3018 1829 3068 οί
1862 3015 2019 3068 ὁπλῖ-

433 3131 560 3169 ται⁶
601 3133 621 3168 ι
656 3114 861 3183 ταύτης
901 3131 918 3165 ι
957 3111 1009 3164 oi
1059 3110 1350 3181 δενδρῖται,
1391 3128 1411 3162 ι
1462 3111 1510 3162 οί
1564 3108 1657 3161 τοῦ
1709 3107 1866 3174 ξύλου
1919 3109 2018 3177 τῆς
2045 3135 2091 3197 c

439 3209 585 3276 ζωῆς
611 3206 942 3276 ἀκρέμονες,
986 3203 1034 3256 οί
1067 3200 1354 3264 ἀνθοῦντες
1388 3201 1446 3254 ὲν
1485 3202 1729 3271 ἀρεταῖς,
1762 3201 1811 3252 οἱ
1859 3199 2020 3253 καλοὶ

437 3299 645 3369 καρποὶ
674 3296 769 3352 τοῦ
801 3296 1112 3366 πνεύματος
1137 3309 1152 3327 ο
1183 3293 1387 3363 ταύτης
1407 3293 1455 3345 οί
1487 3311 1506 3344 ι
1539 3295 1825 3360 novitas,»
1861 3295 1908 3345 0l
1930 3292 2021 3345 τὸν

442 3390 569 3446 καθ’
600 3391 751 3461 ἡμᾶς
786 3388 898 3458 βίον
927 3377 1236 3455 ἀνέχοντες,
1269 3385 1360 3436 καὶ
1391 3383 1556 3454 λῆρον
1595 3385 1850 3454 ἀφιέντες
1879 3379 2019 3438 εἶναι

445 3482 535 3534 τὸν
596 3483 676 3540 είς
725 3478 953 3549 οὐρανὸν
1000 3476 1218 3529 ἀνιόντα
1249 3475 1479 3546 χάλκεον
1527 3476 1683 3528 κίονα
1735 3477 1828 3528 καὶ
1892 3475 2020 3538 τοῦς

441 3570 799 3634 ἁτλαντικούς
827 3586 840 3600 ’
883 3568 1092 3636 ταύτης
1139 3567 1254 3636 (ἵνα
1287 3568 1415 3630 τοὺς
1443 3566 1664 3631 λοιποὺς
1692 3566 1921 3637 ἀφῶμεν
1951 3567 2020 3621 τὰ

441 3663 654 3718 ἑαυτῶν
681 3658 1115 3731 διαπράττεσθαι
1165 3659 1308 3711 κατὰ
1338 3657 1436 3727 τὴν
1476 3659 1664 3712 θεόθεν
1702 3659 2014 3730 ἐπίπνοιαν)

439 3756 540 3809 καὶ
576 3756 624 3808 οί
662 3773 680 3806 ι
720 3755 778 3806 ὲν
809 3753 1045 3822 ἀσκήσει
1076 3750 1432 3820 τεθαμμένοι.
1464 3768 1485 3802 ι

514 3847 624 3916 μθ¹.
657 3844 874 3899 Τούτων
912 3845 970 3897 δὲ
1019 3839 1173 3905 αὖθις
1204 3841 1463 3913 τριπλοῦς
1493 3844 1520 3895 6
1557 3841 1755 3912 τρόπος
1777 3858 1792 3872 ’
1840 3844 1890 3896 οί
1919 3842 2017 3913 μὲν

436 3938 548 4008 τὰρ
577 3935 1121 4006 ὲγκαταχωννύουσιν
1154 3935 1234 3998 είς
1263 3937 1368 4004 γῆν
1397 3934 1553 3997 ὅλους
1583 3934 1831 3997 ἑαυτοὺς,
1859 3935 2016 4002 ἐγγί-

439 4028 625 4092 ζοντες
664 4027 812 4082 οῦτω
847 4028 926 4098 τῷ
963 4028 1061 4096 τῆς
1092 4027 1267 4096 ταφῆς
1292 4027 1517 4096 ὀνόματι
1553 4026 1654 4097 (μὴ
1690 4027 1796 4097 γὰρ
1821 4029 1848 4080 ὁ
1884 4027 2017 4080 ὑπό-

437 4138 580 4189 τεως
618 4119 677 4173 οὐ
704 4118 908 4190 μικροῦ
934 4119 1202 4172 τέθαπται
1222 4118 1262 4188 ;)
1285 4133 1299 4147 °
1336 4119 1386 4171 οί
1431 4118 1487 4171 δὲ
1517 4119 1620 4188 γῆν
1653 4117 1753 4188 μὲν
1780 4117 2014 4171 πατοῦν-

435 4230 548 4275 τες,
584 4211 907 4282 βραχυτάτῳ
929 4211 984 4264 δὲ
1013 4210 1360 4280 καταλύματι
1390 4210 1730 4280 ἐνείρξαντες
1761 4211 2013 4279 ἑαυτοὺς,

436 4302 840 4374 ὑπεμφαίνουσι
867 4303 941 4373 τῷ
964 4305 1212 4374 ἀπροΐτῳ
1237 4302 1509 4371 τεθάφθαι
1541 4301 1634 4356 καὶ
1665 4303 1841 4356 αύτοί.
1876 4303 2011 4373 Τρί-

435 4411 526 4456 τος
553 4393 611 4446 δὲ
639 4393 814 4462 τάφος
849 4394 877 4445 6
906 4394 1181 4462 μετέωρος
1227 4389 1378 4458 οὗτος
1399 4411 1413 4426 ο
1450 4395 1543 4448 καὶ
1577 4397 1604 4447 ό
1649 4396 1705 4447 ὲν
1739 4394 1892 4464 αύτῷ
1918 4412 2009 4447 τε·

2122 555 2245 606 vita:
2294 553 2483 607 modos
2531 567 2651 607 esse
2694 562 2746 607 et
2783 554 3025 609 tramites
3091 553 3436 608 multifariam
3499 553 3688 614 dividi,

2118 645 2244 698 dum
2306 643 2606 699 secundum
2651 645 2958 699 columnam
3006 646 3114 699 vita
3176 646 3418 699 omnium
3483 646 3687 700 eminet

2118 735 2510 791 illustrissima.
2549 736 2606 789 in
2637 738 2768 792 duas
2807 739 2948 792 enim
2981 748 3161 806 partes
3188 736 3360 791 divisa
3393 734 3691 790 secundum

2117 825 2287 882 Deum
2334 829 2465 892 vita,
2499 829 2552 881 iu
2603 843 2720 882 eam
2772 844 2890 898 quae
2922 829 3222 899 simplicior
3274 829 3546 899 plerisque
3603 834 3690 882 est

2118 931 2397 985 consueta,
2421 922 2589 990 magis
2610 920 2858 975 civilibus
2878 921 3285 976 accommodata
3310 931 3360 975 ct
3384 919 3691 976 communis

2117 1019 2170 1063 et
2195 1010 2246 1063 in
2273 1010 2496 1064 alteram
2529 1027 2646 1080 qua:
2665 1013 2782 1067 sive
2803 1013 3063 1068 iunovans
3095 1023 3176 1067 est
3198 1013 3313 1067 sive
3342 1028 3449 1080 prae
3473 1013 3692 1067 insolito

2115 1101 2476 1169 Stupel'aciens
2507 1112 2559 1156 et
2586 1119 2746 1172 quam
2768 1104 2921 1170 plane
2950 1104 3271 1174 singularem
3293 1103 3516 1166 dixeris,
3545 1103 3694 1169 prior

2116 1193 2334 1262 quidem
2369 1209 2471 1248 non
2512 1196 2773 1249 varietate
2803 1207 2858 1250 et
2889 1195 3264 1262 singularitate
3298 1194 3556 1257 abundat,
3592 1210 3693 1262 po-

2117 1286 2319 1339 sterior
2347 1301 2475 1339 vero
2509 1287 2863 1340 multifariam
2899 1286 3180 1341 dividitur.

2185 1375 2275 1429 48.
2295 1374 2466 1448 Hujus
2480 1378 2599 1432 vitae
2614 1380 2834 1446 parsqui
2855 1388 3071 1447 propter
3087 1378 3357 1433 Christum
3375 1377 3464 1448 qui
3481 1377 3694 1445 sapien-

2118 1467 2188 1519 tia
2226 1468 2339 1536 ipsa
2378 1477 2545 1522 estet
2582 1468 2740 1538 cujus
2771 1467 3079 1539 prudentia:
3125 1485 3234 1524 nou
3271 1478 3355 1524 est
3398 1483 3686 1529 numerus,

2113 1557 2438 1626 sapientiam
2480 1558 2730 1628 rejiciunt
2773 1574 2890 1628 quae
2920 1559 3213 1613 secundum
3257 1558 3511 1612 saeculum
3561 1571 3685 1610 esse

2115 1647 2329 1701 videtur
2364 1657 2417 1702 et
2448 1647 2876 1718 intelligentiam,
2921 1650 3098 1718 hujus,
3130 1648 3222 1718 qui
3250 1649 3375 1702 nudi
3401 1687 3416 1712 .
3447 1663 3569 1702 cum
3600 1662 3692 1702 ve.

2115 1741 2372 1795 stimcnto
2403 1757 2619 1794 omnem
2654 1741 3070 1796 sollicitudinem
3111 1741 3468 1811 abjecerunl;
3511 1738 3692 1807 hujus,

2120 1831 2213 1900 qui
2264 1832 2496 1886 crinium
2529 1847 2714 1887 curam
2757 1848 2862 1887 non
2920 1833 3140 1896 habent,
3191 1832 3316 1901 quia
3349 1831 3696 1885 abundantia:

2115 1928 2169 1977 et
2221 1922 2464 1978 mollitiei
2516 1924 2812 1977 secundum
2855 1923 3113 1977 mundum
3174 1922 3304 1976 illud
3362 1931 3480 1987 est;
3532 1921 3694 1990 hujus

2116 2017 2260 2078 vitm,
2306 2017 2396 2086 qui
2429 2015 2545 2071 solo
2603 2017 2882 2084 recubant,
2929 2017 3021 2086 qui
3053 2016 3250 2071 balneo
3295 2032 3400 2070 non
3448 2024 3694 2080 utuntur,

2115 2106 2346 2175 quorum
2411 2109 2617 2176 Optime
2670 2108 2908 2161 animum
2979 2108 3232 2163 revelarit
3276 2123 3307 2162 e
3355 2105 3695 2176 sapientibus

2117 2199 2337 2267 quidam
2400 2200 2587 2255 dicens
2646 2200 2788 2271 quod
2852 2200 3001 2256 humi
3049 2201 3266 2271 quidem
3325 2200 3559 2261 cubent,
3625 2198 3696 2251 ad

2118 2291 2378 2346 altissima
2408 2307 2536 2346 vero
2569 2293 2769 2349 volent.
2809 2290 2984 2360 Hujus
3024 2293 3147 2348 vitae
3174 2293 3272 2362 qui
3298 2293 3506 2348 sordidi
3543 2300 3691 2356 sunt,

2117 2382 2232 2436 luto
2289 2384 2389 2437 hoc
2440 2386 2642 2453 aspersi
2695 2393 2753 2439 ut
2805 2385 3004 2439 luteam
3052 2386 3275 2454 figuram
3341 2385 3690 2445 mundantes.

2119 2471 2304 2525 mundi
2341 2473 2504 2526 corde
2526 2474 2678 2527 liant.
2713 2472 2901 2542 Hujus,
2936 2475 3027 2544 qui
3059 2475 3219 2530 silent
3249 2483 3342 2528 aut
3369 2490 3462 2542 per
3495 2473 3691 2537 vitam,

2124 2572 2216 2617 aut
2254 2577 2348 2633 per
2377 2575 2636 2631 quantum
2664 2565 2769 2620 illis
2813 2566 2983 2620 visum
3006 2574 3109 2630 est,
3149 2574 3202 2620 et
3225 2567 3420 2621 exinde
3451 2565 3695 2634 insignes

2120 2669 2229 2709 non
2251 2653 2465 2709 silentio
2494 2669 2614 2710 sese
2639 2657 3062 2722 praetereundos,
3083 2656 3176 2710 sed
3201 2655 3446 2709 laudibus
3463 2653 3697 2710 etl'ereu-

2120 2729 2218 2799 d'os
2253 2754 2573 2811 autumant;
2608 2761 2769 2815 porro
2813 2745 2904 2815 qui
2929 2745 2983 2799 in
3028 2746 3275 2800 cavernis
3296 2745 3563 2810 habitant,
3598 2745 3695 2814 qui

2127 2838 2594 2909 contemplationis
2625 2839 2918 2894 secundum
2947 2838 3198 2908 spiritum
3243 2838 3448 2892 viscera
3480 2836 3534 2892 in
3587 2838 3695 2892 vita

2125 2932 2233 2986 ista
2263 2930 2592 2996 ostendunt;
2626 2928 2812 2984 ferrati
2841 2929 2936 2984 Dei
2967 2929 3200 2996 milites;
3233 2929 3414 2999 hujus,
3440 2930 3531 3000 qui
3562 2932 3696 2983 arbo

2123 3040 2241 3079 rum
2274 3039 2422 3078 more
2455 3024 2664 3089 vivunt,
2703 3025 2796 3093 qui
2847 3023 2969 3078 vita:
2999 3023 3126 3094 ligni
3163 3023 3504 3078 summitates
3535 3033 3692 3088 sunt;

2123 3113 2214 3183 qui
2258 3114 2546 3168 virtutibus
2578 3112 2937 3179 etﬂorescunt,
2959 3113 3168 3183 pulchri
3201 3113 3426 3184 spiritus
3453 3112 3695 3178 fructus;

2125 3206 2320 3262 deinde
2350 3206 2696 3260 colunmares
2733 3207 2823 3276 qui
2859 3206 3025 3261 vitam
3059 3206 3354 3261 secundum
3386 3220 3486 3260 nos
3524 3205 3697 3259 susti-

2124 3307 2254 3353 nent
2282 3306 2336 3352 et
2378 3299 2748 3353 commentitia
2783 3298 3206 3366 prmtermittunt
3250 3312 3455 3351 teneam
3490 3296 3554 3350 ad
3586 3309 3697 3350 ete-

2121 3387 2230 3442 lum
2286 3389 2589 3443 tendentem
2637 3390 2945 3442 columnam
2995 3398 3050 3442 et
3101 3389 3389 3442 atlanticas
3441 3397 3693 3452 statuas;

2122 3481 2283 3550 hujus
2342 3479 2464 3534 vitae
2519 3479 2601 3548 (ut
2651 3480 2892 3548 reliquos
2943 3459 3435 3550 [pratermittamus
3475 3480 3697 3549 propria

2120 3572 2341 3640 exsequi
2367 3573 2669 3626 secundum
2709 3572 3124 3642 inspirationem
3164 3586 3192 3625 a
3223 3572 3378 3642 Deo),
3420 3581 3473 3627 et
3511 3573 3604 3642 qui
3641 3573 3695 3626 in

2119 3667 2207 3735 pia
2239 3666 2625 3720 exercitatione
2661 3666 2862 3736 sepulti
2891 3675 3044 3720 sunt.

2189 3845 2276 3899 49.
2319 3844 2521 3898 Horum
2555 3860 2715 3914 porro
2739 3845 2928 3914 triplex
2950 3860 3121 3916 genus
3147 3848 3353 3902 :alii'se
3381 3857 3521 3903 totos
3549 3857 3694 3905 terra

2117 3939 2380 4002 obruunt,
2410 3937 2634 4005 propius
2663 3937 2741 3991 sic
2769 3937 2836 3991 ad
2864 3937 3155 4008 sepultura:
3183 3938 3690 3995 denominatiouem

2116 4029 2436 4085 accedentes
2470 4031 2672 4098 (nonne
2696 4031 3086 4084 subterraneus
3127 4031 3240 4086 fere
3273 4033 3518 4101 sepultus
3545 4034 3689 4104 οει);

2113 4119 2201 4174 isti
2219 4121 2312 4190 qui
2331 4120 2382 4174 in
2407 4131 2547 4176 terra
2577 4121 2879 4187 ambulant,
2899 4122 3207 4176 arctissima
3231 4137 3362 4177 vero
3389 4129 3442 4176 in
3465 4122 3600 4178 cella
3631 4139 3691 4177 se

2115 4212 2417 4276 includunt,
2437 4213 2690 4282 sepelitos
2713 4223 2765 4267 et
2787 4214 2994 4282 seipsos
3023 4214 3260 4269 inclusos
3281 4229 3400 4270 esse
3429 4215 3691 4269 indicant.

2115 4303 2358 4359 Tertium
2391 4320 2517 4360 vero
2564 4305 2869 4376 sepulcrum
2904 4309 3118 4361 excelsa
3176 4307 3266 4362 illa
3301 4307 3553 4362 columna
3583 4323 3599 4360 :
3635 4317 3691 4360 et

2113 4395 2277 4463 quiin
2306 4411 2367 4450 ea
2385 4395 2675 4450 collocatus
2699 4407 2752 4451 et
2775 4397 3038 4467 sepultus,
3067 4396 3265 4452 virtute
3287 4399 3522 4467 reliquos
3547 4398 3694 4452 viros

435 4479 711 4549 θειμένος,
764 4481 873 4532 εἴτε
937 4483 1030 4534 καὶ
1084 4481 1446 4551 τεθαμμένος,
1499 4484 1605 4536 τῶν
1651 4483 1856 4538 λοιπῶν
1911 4485 2009 4554 τῆς

2121 4489 2305 4555 vincit,
2334 4489 2442 4543 alte
2460 4504 2516 4543 se
2537 4489 2757 4559 insuper
2779 4489 2863 4543 illa
2894 4489 3187 4554 collocans,
3212 4490 3398 4566 sicque
3435 4489 3690 4543 omnibus

434 4572 640 4642 ἀρετῆς
672 4573 884 4642 ἀνδρῶν
927 4573 1342 4644 ὑπερφαίνεται,
1399 4575 1788 4648 ἀναστηλώσας
1820 4579 2014 4632 ἑαυτὸν

2121 4580 2348 4648 scipsum
2369 4580 2724 4648 conspicuum
2749 4579 3019 4649 praebens,
3039 4579 3113 4633 ita
3132 4587 3190 4633 ut
3212 4580 3487 4634 netninem
3524 4578 3694 4634 lateat

436 4667 516 4724 είς
569 4663 865 4733 πρόοπτον,
926 4665 1021 4717 καὶ
1084 4664 1208 4728 δοὺς
1247 4664 1420 4728 οὕτως
1464 4666 1670 4720 ἅπασιν
1719 4670 1800 4731 είς
1851 4669 2014 4722 αὐτὸν

2121 4680 2168 4726 et
2191 4669 2392 4726 exinde
2409 4686 2676 4740 apparens
2694 4671 3100 4726 illustrissimus
3119 4683 3172 4725 et
3195 4672 3312 4726 visu
3345 4673 3556 4739 dignus,
3579 4687 3688 4726 non

435 4754 786 4822 ἀναϐλέπειν,
820 4757 891 4819 ὠς
925 4758 1036 4820 τοῖς
1073 4757 1328 4811 ἁπάντων
1358 4757 1658 4828 ὀφθαλμοῖς
1689 4761 2008 4830 ἐμπίπτειν,

2121 4779 2240 4818 sane
2254 4764 2343 4833 qui
2362 4763 2724 4817 abscondatur
2738 4764 2852 4817 etin
2876 4763 3112 4819 tenebris
3131 4764 3223 4827 sit,
3241 4778 3341 4818 nec
3359 4765 3448 4833 qui
3467 4763 3688 4818 lucerna

435 4851 533 4902 καὶ
563 4851 767 4920 μηδένα
799 4851 1161 4921 κρύπτεσθαι,
1199 4852 1500 4908 κάντεῦθεν
1531 4857 1814 4924 ἐμφαίνων
1847 4858 2014 4925 φανό-

2121 4857 2179 4909 sit
2198 4855 2298 4908 sub
2314 4853 2491 4908 modio
2513 4854 2853 4920 abscondita,
2880 4854 3005 4908 llcet
3024 4854 3128 4908 alio
3149 4855 3306 4907 modo
3330 4855 3491 4907 modii
3519 4855 3688 4907 instar

431 4957 596 5004 τατος
625 4937 764 4995 εἶναι
800 4945 894 4996 καὶ
925 4941 1054 5006 θέας
1086 4943 1251 5008 ἄξιος,
1303 4945 1364 4996 ού
1417 4944 1525 5015 μὴν
1566 4946 2006 5014 ἐγκαλύπτεσθαι

2121 4945 2356 4999 :olumna
2391 4944 2480 4997 illa
2529 4955 2762 4998 aseetam
2807 4944 3136 5000 abscondere
3169 4945 3350 5009 vellet,
3391 4945 3533 5014 quod
3576 4957 3685 4997 non

431 5031 532 5082 καὶ
589 5032 808 5102 ἀφανῶς
855 5034 1022 5105 ἔχειν,
1083 5033 1218 5104 μηδὲ
1267 5033 1455 5104 λύχνος
1488 5029 1629 5086 εἶναι
1685 5037 1790 5087 ὑπὸ
1841 5034 2008 5105 μοδίῳ

2121 5041 2316 5103 potest,
2343 5034 2588 5088 claritate
2620 5035 2986 5089 translucente
3011 5046 3064 5089 et
3094 5036 3361 5091 inclusum
3385 5038 3680 5092 revelaute.

431 5121 838 5189 κεκρυμμένος,
874 5124 977 5174 κᾶν
1007 5121 1206 5190 τρόπον
1253 5119 1412 5174 ἄλλον
1453 5123 1621 5175 ὁποῖαι
1660 5122 1751 5174 καί
1786 5140 1867 5185 τις
1912 5123 2094 5192 μόδιος
2154 5123 2182 5174 6
2260 5142 2278 5174 ι
2320 5123 2512 5186 στύλος
2547 5143 2565 5175 ι
2635 5118 2790 5189 οὗτος
2845 5126 3110 5196 κρύπτειν
3155 5129 3312 5202 ἐθέλῃ
3359 5131 3451 5181 τὸν
3503 5131 3681 5190 ἀσκη-

429 5209 551 5279 τὴν,
602 5211 650 5262 εί
684 5209 778 5264 καὶ
830 5211 905 5281 μὴ
931 5211 1181 5278 δύναται,
1217 5211 1647 5280 διεκπιπτούσης
1693 5213 1792 5282 τῆς
1832 5213 2131 5283 φανότητος
2164 5216 2256 5267 καὶ
2289 5217 2747 5286 καταμηνυούσης
2777 5217 2835 5269 τὸ
2872 5219 3301 5291 καλυπτόμενον.

501 5299 563 5356 ν’.
611 5300 670 5354 Ὀ
703 5300 885 5354 τοίνυν
935 5303 1174 5366 τοιοῦτος
1223 5303 1508 5372 ἄνθρωπος
1545 5304 1772 5366 εἰκότως
1806 5304 1870 5356 ἂν
1921 5322 2010 5372 φι-

427 5393 720 5464 λονεικοίη,
781 5395 890 5447 τῶν
951 5394 1124 5448 ἄλλων
1185 5395 1389 5458 μείζων
1448 5395 1638 5468 ῶσπερ
1698 5395 2010 5464 φαίνεσθαι,

2180 5306 2267 5361 50.
2312 5307 2497 5377 Itaque
2565 5310 2685 5362 talis
2741 5311 2899 5365 homo
2941 5313 3310 5368 verisimiliter
3362 5316 3669 5378 contendet.

2111 5397 2250 5452 sicut
2280 5402 2489 5454 caeteris
2536 5401 2726 5455 melior
2755 5418 2875 5458 esse
2907 5416 3154 5474 apparet,
3196 5407 3266 5459 ita
3307 5422 3427 5459 esse
3458 5418 3510 5460 et
3564 5426 3672 5465 non

428 5482 575 5538 οὕτω
600 5487 694 5538 καὶ
732 5479 895 5553 εἶναι,
944 5489 1038 5539 καὶ
1068 5487 1128 5539 ού
1160 5487 1267 5538 τῶν
1315 5486 1519 5539 ὲθάδων
1557 5489 1648 5540 καὶ
1686 5488 2010 5558 κοινοτέρων

2121 5504 2492 5547 :onsuetornm
2552 5506 2605 5549 et
2667 5497 3053 5567 plerarumque
3106 5501 3194 5567 qui
3259 5499 3472 5554 virtutis
3529 5505 3672 5558 viam

428 5577 527 5628 καὶ
557 5576 836 5640 πλειόνων,
883 5578 930 5629 οἳ
959 5579 1057 5647 τὴν
1094 5578 1192 5645 τῆς
1234 5579 1440 5646 ἀρετῆς
1469 5579 1743 5649 λεωφόρον
1787 5580 2007 5649 τρίϐου-

431 5681 535 5725 σιν,
566 5665 700 5717 ἀλλὰ
754 5669 849 5718 καὶ
893 5668 1072 5719 αὐτῶν
1118 5669 1353 5728 πάντων,
1389 5669 1502 5720 ὅσοι
1555 5674 1664 5729 τοῖς
1707 5671 2008 5741 ἐπιτυγχά-

431 5770 581 5808 νουσι
631 5757 833 5810 σπανία
886 5759 1283 5828 προσὸἁλλουσι
1340 5760 1456 5825 θέα,
1524 5762 1614 5814 καὶ
1681 5763 1999 5832 παράδοξος,

2113 5592 2315 5647 terunt,
2347 5587 2438 5638 sed
2489 5596 2543 5641 et
2573 5589 2810 5642 omnium
2859 5591 2948 5657 qui
2988 5592 3159 5644 obviis
3209 5607 3386 5644 rarum
3442 5593 3678 5652 oﬂ‘erttnt

2110 5678 2478 5740 spectaculum
2513 5688 2622 5730 tttm
2656 5681 2955 5747 insolitum,
3002 5689 3137 5743 tum,
3171 5695 3226 5736 ut
3256 5700 3417 5752 supra
3474 5687 3672 5741 dictum

2115 5774 2238 5833 cst,
2299 5769 2594 5837 singulare.
2652 5771 2784 5824 Nam
2843 5788 2949 5825 non
3002 5776 3224 5830 omnino
3278 5780 3492 5846 negabit
3552 5793 3674 5833 esse
