3950 6208
469 335 574 399 247

1211 335 1628 395 EUSTATHII
1670 331 2114 394 THESSALON
2127 332 2369 394 ICENSI
2383 335 2422 394 S
2459 333 3018 394 METROPOLIT/E

3611 333 3722 396 2i8

473 451 597 516 ista,
628 448 825 503 divinis
855 448 1019 503 radiis
1055 447 1305 502 subtilius
1337 458 1390 501 et
1438 449 1680 502 exactius
1723 448 2032 500 illustratur

2150 465 2244 515 νης
2277 467 2422 511 τινος
2459 448 2608 519 αὐτῷ
2633 449 3059 518 προσϐάλλοντα,
3100 449 3147 499 εἰ
3177 449 3269 500 καὶ
3299 447 3460 502 ἄλλον
3495 448 3720 517 τρόπον,

472 547 564 590 aut
611 537 764 604 quasi
820 536 1101 606 spirituale
1151 545 1318 604 petra:
1369 535 1610 589 foramen
1666 545 1878 599 nactus,
1934 551 2037 588 non

473 632 645 686 solum
678 631 771 686 Dei
807 631 1138 700 posteriora.
1175 633 1268 685 sed
1306 641 1361 684 et
1397 631 1529 684 facie
1577 632 1645 683 ad
1695 629 1882 683 faciem
1915 645 2036 683 eum

473 724 732 777 intuetur.
765 723 829 775 Et
861 723 913 776 hi
941 723 1154 790 quidem
1187 734 1548 791 opportunum
1574 723 1774 776 ducunt
1799 724 2040 774 viventes

470 817 662 881 videri;
687 816 776 870 ille
792 829 921 869 vero
939 829 998 868 se
1017 815 1319 880 abscondit,
1336 814 1486 881 quasi
1512 823 1674 867 testes
1693 813 1985 866 erubescen
2001 827 2037 876 ις

469 916 618 960 totus
649 905 946 962 mansionis
979 907 1031 959 in
1073 907 1390 961 abscondito
1429 920 1652 972 compos
1697 903 1890 963 factus.
1927 902 2039 956 dis-

466 1003 788 1067 positionem
844 1003 1108 1058 columnae
1160 1013 1364 1072 partem
1421 1001 1681 1054 visibilem
1734 999 2034 1061 obuubilat,

466 1094 688 1148 humilis
721 1094 973 1152 eﬂ'ectus.
1000 1095 1142 1162 quod
1183 1095 1268 1148 hic
1304 1093 1687 1160 consepelitur.

536 1357 625 1411 56.
668 1357 722 1410 Si
759 1373 890 1412 vero
923 1358 1052 1412 mihi
1083 1359 1258 1414 unctis
1289 1359 1466 1427 frigus
1491 1359 1542 1411 in
1583 1357 1700 1412 istis
1730 1366 1783 1411 et
1808 1357 1911 1412 diei
1936 1358 2036 1410 ob-

458 1448 579 1515 jicit
633 1449 1244 1512 ardorem,.eousiderct
1303 1449 1691 1503 mansiunculm
1738 1450 2033 1518 angustias,

461 1546 802 1590 contractum
837 1552 886 1588 et
913 1547 1198 1604 angustum
1230 1553 1324 1600 os;
1360 1549 1411 1592 et
1438 1538 1574 1591 facta
1607 1538 2032 1606 comparatione,

462 1643 529 1680 ne
577 1627 772 1697 stylitze
809 1627 956 1696 justo
992 1627 1306 1683 inferiorem
1347 1629 1617 1698 nimisque
1655 1629 1912 1683 humilem
1945 1639 2034 1681 at—

460 1719 662 1772 tribuat
696 1720 1056 1774 conditionem
1097 1729 1370 1787 reputans.
1397 1719 1647 1789 ,Reliquo
1691 1721 2030 1775 terrestrium

460 1807 670 1861 incluso
698 1817 1043 1876 cntnparatus
1075 1809 1338 1860 columine
1364 1807 1446 1859 vir
1481 1808 1628 1875 large
1659 1817 1832 1861 semet
1883 1809 2028 1861 exal-
2064 1793 2106 1847 Β

459 1895 636 1955 tavit,
702 1895 1160 1961 quemadmodum
1197 1895 1506 1959 diversorii,
1543 1897 1623 1950 sic
1653 1907 1704 1950 et
1741 1897 1868 1951 vitae
1922 1897 2031 1951 ele-

461 1984 700 2038 vatione.
727 1983 860 2037 Nam
890 1985 981 2054 qui
1019 1985 1180 2051 infra,
1206 2001 1330 2042 cum
1364 1998 1562 2041 terram
1607 1988 2030 2042 inhabitantibus

457 2082 514 2128 et
545 2089 655 2144 prie
699 2075 966 2142 manibus,
995 2087 1050 2130 ut
1094 2077 1168 2131 ita
1217 2078 1410 2141 dicam,
1442 2079 1841 2135 consolationes
1871 2080 2033 2134 habet

457 2164 675 2232 quando
711 2165 761 2218 in
795 2164 1112 2237 cujusquam
1143 2167 1491 2239 indigentiam
1514 2172 1722 2234 incidit,
1751 2180 1804 2225 et
1837 2171 2031 2224 buma-

460 2256 584 2308 nior
633 2265 750 2321 est;
783 2257 964 2327 Stylita
995 2273 1125 2313 vero
1179 2261 1362 2329 procul
1410 2263 1476 2315 ab
1531 2263 1835 2318 hominibus
1864 2262 1944 2328 fit,
1977 2272 2031 2317 et

460 2345 615 2400 tarde
645 2354 790 2416 quod
814 2349 1064 2417 quaesivit
1094 2350 1158 2403 ad
1189 2367 1314 2404 euut
1341 2354 1603 2405 ascendit.

529 2525 622 2581 57.
660 2526 764 2580 Sed
810 2529 923 2581 hinc
965 2528 1251 2587 hactenus.
1290 2527 1435 2582 Ultra
1478 2546 1607 2583 vero
1657 2532 2033 2600 progredietur

459 2618 676 2688 aliquis,
706 2629 761 2674 et
814 2620 1044 2688 amplius
1079 2624 1144 2674 ad
1185 2622 1392 2693 singula
1430 2639 1487 2678 se
1520 2624 1684 2677 dabit.
1715 2625 1770 2677 Si
1817 2639 1944 2679 vero
1978 2636 2032 2680 et

457 2710 687 2764 voluerit
713 2713 777 2765 de
799 2713 1225 2766 accidentalibus
1258 2723 1308 2768 el
1344 2717 1507 2768 certis
1534 2717 1695 2770 rebus
1723 2717 1885 2768 vitam
1919 2727 2030 2787 sty-

457 2802 660 2857 liticam
699 2803 974 2868 extollere,
1007 2812 1060 2860 et
1103 2819 1267 2872 supra
1311 2806 1444 2859 alias
1494 2821 1681 2859 omnes
1724 2807 2032 2860 necessario

458 2895 752 2949 uallatam
805 2895 1111 2959 ostendere,
1149 2895 1294 2949 dicet
1347 2898 1489 2965 quod
1525 2897 1700 2950 cuivis
1729 2900 2021 2951 secundum

458 2989 714 3042 virtutem
765 2987 967 3042 viventi
1019 2987 1318 3057 prmsertim
1369 2988 1563 3059 stylitte
1599 2997 1872 3042 certamen
1908 3004 2028 3044 cum

461 3079 642 3147 pravis
685 3077 1071 3147 cupiditatibus
1099 3079 1292 3133 durum
1343 3088 1444 3134 est.
1473 3079 1608 3133 Nam
1643 3081 1731 3148 qui
1772 3083 1957 3150 procul
1995 3099 2024 3135 a

461 3182 604 3222 terra
657 3168 716 3222 in.
761 3167 884 3224 altis
931 3168 1197 3234 habitant,
1228 3172 1488 3224 accedere
1537 3183 1809 3240 nequeunt
1859 3173 1923 3226 ad
1973 3188 2033 3225 ea

460 3262 655 3330 quibus
680 3261 1014 3318 delectentur
1042 3264 1258 3326 quando
1289 3265 1520 3320 maxime
1551 3266 1758 3319 volunt.
1788 3266 2035 3334 Magnam

460 3367 592 3406 ’κει-ο
644 3353 781 3407 tollit
833 3353 962 3408 illud
1015 3353 1238 3409 vilitatis
1307 3363 1539 3424 partem,
1599 3372 1714 3410 nec
1759 3357 2038 3421 cupidita-

463 3456 578 3499 tum
607 3445 811 3514 janu's,
844 3445 1113 3511 sensibus,
1145 3447 1360 3501 licentia
1398 3456 1638 3502 remanet
1669 3449 1830 3502 nimis
1872 3459 2040 3502 teme-

463 3537 631 3591 rariis
687 3535 969 3593 desideriis
1022 3536 1234 3593 facilius
1293 3539 1546 3608 expandi.
1602 3537 1710 3594 Nec
1775 3555 2040 3594 enervans

465 3641 560 3680 cos
609 3625 702 3694 qui
754 3626 807 3679 in
873 3626 1184 3682 carnalibus
1247 3628 1456 3684 deliciis
1525 3629 1712 3681 vivunt
1776 3628 2036 3690 luxuries,

463 3719 529 3771 ad
561 3732 684 3772 eum
729 3718 817 3787 qui
869 3718 920 3772 in
974 3719 1097 3773 altis
1145 3720 1350 3773 habitat
1408 3719 1684 3789 pervenit;
1743 3736 1839 3775 nec
1891 3720 2035 3774 aliud

460 3811 568 3866 vlle
635 3810 902 3879 iuveniles
975 3811 1175 3866 auditui
1251 3823 1498 3880 procreat
1565 3812 1826 3878 allectus,
1895 3817 2036 3882 quod

462 3907 668 3974 absque
724 3913 920 3959 conatu
976 3907 1030 3958 in
1084 3905 1257 3974 ipsum
1319 3906 1618 3975 irrumpere
1680 3905 1875 3961 valeat.
1928 3905 2038 3960 Nec

462 4001 722 4052 odoratus
787 3995 1055 4050 illecebrae
1119 3998 1330 4051 trahere
1388 4012 1510 4051 eum
1574 3996 1802 4051 faciliter
1858 3996 2038 4050 valent

461 4088 688 4143 fortuito
737 4088 1030 4141 incidentes
1073 4095 1126 4139 et
1158 4103 1250 4155 per
1271 4103 1448 4151 nares,
1469 4097 1527 4141 ιιι
1567 4088 1738 4153 aiunt,
1767 4099 2030 4155 attractar,

463 4179 517 4230 itt
539 4191 699 4246 quem
740 4190 839 4228 nec
865 4177 1062 4242 reliqua
1096 4190 1350 4228 sensuum
1385 4177 1744 4230 illectamenta
1774 4179 2037 4233 insidian-

465 4281 547 4320 σοι·
569 4265 882 4337 praevalent,
916 4267 1005 4334 qui
1034 4266 1279 4319 altiorem
1310 4268 1592 4320 constituit
1619 4266 1835 4322 domum
1870 4285 2034 4340 seque

462 4358 531 4410 ab
558 4354 796 4409 inferiori
823 4355 1223 4424 perturbatione
1253 4366 1514 4419 removet,
1538 4369 1590 4410 et
1618 4360 2032 4415 oblectamentis

2146 542 2221 602 ὼς
2252 543 2357 593 ἀπὸ
2384 541 2642 617 διόπτρας
2676 542 2899 610 ταύτης,
2926 545 3047 604 ταῖς
3081 540 3258 602 θείαις
3285 540 3597 610 ὲντρανίζει
3621 541 3722 593 ἀκ-

2142 637 2250 686 τῖσι
2284 634 2614 703 λεπτότερόν
2647 651 2704 686 τε
2736 635 2831 687 καὶ
2853 633 3270 703 ἀκριϐέστερον,
3299 633 3342 702 ἢ
3365 632 3458 684 καὶ
3489 635 3565 694 ὡς
3595 649 3722 702 νοη-

2145 723 2244 793 τὴν
2270 724 2479 792 ταύτην
2514 723 2652 792 ὀπὴν
2681 724 2886 795 πέτρας
2909 723 3241 793 ἐξευρηκὼς,
3265 723 3334 775 ὀύ
3375 723 3535 791 μόνον
3580 739 3722 790 φαν-

2143 815 2366 878 τάζεται
2397 815 2532 867 Θεοῦ
2567 815 2635 866 τὰ
2665 814 2910 880 ὀπίσθια,
2945 812 3080 867 ἀλλά
3110 815 3202 866 καὶ
3238 815 3528 884 πρόσωπον
3584 813 3720 881 πρὸς

2145 907 2435 975 πρόσωπον
2461 907 2622 960 αὐτὸν
2656 906 2886 977 καθορᾷ.
2920 907 3029 959 Καὶ
3059 906 3109 958 οἱ
3137 906 3237 975 μὲν
3263 904 3475 968 ἀξιοῦσι
3527 904 3720 970 φαίνει

2145 999 2267 1051 σθαι
2299 999 2398 1068 ζῇν
2425 1015 2438 1029 ·
2473 1002 2499 1052 6
2525 999 2569 1050 δ’
2596 998 3022 1066 ἐγκαλύπτεται,
3055 999 3131 1062 ὼς
3179 991 3289 1051 οἷον
3326 997 3718 1066 αἰσχυνόμενος

2143 1091 2235 1143 xui.
2263 1089 2359 1160 τὴν
2395 1089 2524 1143 θέαν
2560 1090 2730 1159 αὑτήν
2759 1107 2772 1120 ·
2811 1090 3021 1158 καὶτῆς
3055 1091 3112 1141 ἐν
3141 1087 3370 1159 κρυπτῷ
3399 1089 3570 1156 μονῆς
3595 1087 3720 1149 ὅλος

2142 1180 2452 1250 γινόμενος,
2483 1182 2578 1234 καὶ
2615 1182 2705 1233 τὸν
2733 1183 2796 1234 ἐκ
2819 1180 2913 1233 τοῦ
2953 1200 2970 1232 ι
3018 1181 3210 1232 στύλου
3255 1199 3273 1229 ›
3337 1177 3720 1246 φανητιασμδν

2139 1275 2396 1342 ἀμαυροῖ.
2421 1272 2862 1341 ταπεινούμενος,
2883 1265 2965 1335 οἷς
2989 1271 3138 1340 αύτῷ
3185 1269 3532 1322 ἐντέθαπται.

2204 1371 2310 1427 νς·’.
2337 1365 2394 1416 ΕΙ
2433 1365 2488 1416 δέ
2525 1381 2613 1433 μοι
2639 1364 2828 1425 νυκτὸς
2860 1363 3095 1428 παγετὸν
3121 1364 3178 1414 ἐν
3203 1360 3430 1422 ἐκείνοις
3453 1360 3549 1412 καὶ
3571 1357 3718 1428 ἠμέ-

2138 1473 2236 1526 ρας
2264 1455 2628 1526 προϐάλλεται
2664 1473 2747 1518 τις
2806 1455 3061 1507 καύσωνα
3085 1493 3102 1517 ,
3154 1452 3438 1505 ἐννοείσθω
3497 1451 3556 1502 τὶ
3589 1467 3719 1503 πνι-

2136 1547 2304 1616 γηρὺν
2347 1547 2449 1614 τῆς
2491 1546 2724 1600 ἐνταῦθα
2779 1547 2996 1614 στέγης,
3021 1546 3116 1598 καὶ
3171 1545 3228 1597 τὸ
3283 1542 3719 1610 συνεσταλμένον

2136 1639 2230 1691 καὶ
2286 1637 2588 1707 σύστομον·
2648 1639 2742 1690 καὶ
2785 1636 3182 1706 παρεξετάσας,
3239 1635 3312 1703 μὴ
3357 1634 3522 1695 πολὺς
3571 1631 3719 1684 οὕτω

2136 1727 2366 1796 γινέσθω
2426 1728 2780 1797 σοφιζόμενος
2824 1727 2901 1797 τῷ
2955 1745 2973 1778 ι
3023 1726 3236 1796 στυλιτῃ
3279 1744 3297 1776 ι
3369 1724 3470 1794 τὴν
3525 1722 3718 1775 ὑποσί-

2135 1820 2314 1874 6ασιν.
2370 1821 2553 1889 Λοιπῷ
2597 1821 2660 1890 δὴ
2718 1820 2792 1888 τῷ
2857 1820 2982 1888 περὶ
3017 1820 3120 1887 γῆν
3180 1817 3479 1884 ἐγκλείστῳ
3530 1831 3718 1882 παραυ

2132 1911 2408 1980 τιθέμενος
2435 1913 2463 1964 6
2489 1911 2583 1963 τοῦ
2618 1929 2636 1960 ι
2689 1909 2878 1963 στύλου
2919 1929 2938 1960 ι
2974 1906 3169 1977 μακρῷ
3211 1907 3303 1958 καὶ
3341 1904 3501 1956 αὑτὸν
3538 1904 3718 1969 ὑπερο

2132 2003 2496 2072 ἀναϐέϐηκεν,
2533 2002 2719 2072 ὥσπερ
2760 2002 2836 2069 τῷ
2865 1999 2956 2052 τοῦ
2987 1997 3368 2066 καταλύματος
3391 1993 3543 2062 ὕψει,
3566 1991 3718 2044 οὕτω

2133 2097 2226 2148 καὶ
2250 2095 2326 2164 τῷ
2366 2095 2464 2162 τῆς
2499 2093 2770 2162 βιώσεωςς
2821 2093 2879 2143 Ὀ
2917 2092 3014 2161 μὲν
3043 2089 3152 2158 γὰρ
3197 2087 3347 2140 κάτω
3400 2086 3494 2138 καὶ
3551 2083 3722 2145 αὐτὸς

2133 2185 2272 2238 κατὰ
2300 2185 2425 2247 τοὺς
2459 2186 2516 2237 ἐν
2543 2188 2634 2252 γῇ,
2658 2184 2753 2237 καὶ
2781 2182 2887 2253 πρὸ
2917 2181 3114 2251 χειρῶν
3159 2179 3232 2242 ὡς
3251 2178 3426 2231 εἰπεῖν
3482 2175 3600 2243 ἔχει
3657 2172 3720 2224 τὸ

2132 2274 2529 2341 παρηγόρημα,
2569 2272 2657 2323 ὅτε
2681 2271 2826 2332 τινὸς
2857 2269 3164 2338 παραπέσοι
3220 2264 3401 2334 χρείᾳ,
3462 2263 3560 2313 καὶ
3619 2260 3720 2311 ἀν-

2134 2361 2549 2432 θρωπικώτερός
2576 2362 2722 2414 ἐστιν
2742 2377 2755 2390 ’
2792 2363 2819 2413 6
2843 2359 2898 2412 δὲ
2930 2377 2948 2412 ι
2983 2357 3233 2425 στυλίτης
3258 2374 3276 2406 ι
3315 2355 3376 2418 ἐξ
3404 2350 3719 2434 ἀνθρώπων

2130 2455 2358 2524 γίνεται,
2395 2455 2490 2505 καὶ
2519 2451 2614 2521 ὀψὲ
2637 2451 2696 2505 τὸ
2727 2450 2958 2522 ζητηθὲν
3007 2449 3292 2517 ἀνέρχεται
3329 2447 3408 2508 εἰς
3429 2444 3615 2496 αὐτόν.

2205 2550 2302 2612 νζ’.
2340 2546 2504 2599 Ἀλλά
2532 2543 2755 2597 τοιαῦτα
2791 2543 2890 2612 μὲν
2917 2541 3208 2597 καὶταῦτα
3245 2541 3342 2592 καὶ
3384 2539 3476 2589 ἐπὶ
3515 2535 3722 2588 τοσοῦ-

2130 2659 2244 2695 τον.
2283 2636 2730 2708 Προσευπορήσει
2785 2637 2842 2689 δέ
2893 2654 2997 2699 τις,
3050 2637 3144 2690 καὶ
3201 2633 3371 2687 πλείω
3415 2634 3525 2694 τοῖς
3567 2631 3720 2684 κατά

2135 2731 2299 2800 μέρος
2328 2728 2596 2788 ἐπιδιδοὺς
2623 2728 2835 2780 ἑαυτόν.
2864 2727 2926 2778 Ei
2963 2726 3020 2778 δὲ
3049 2728 3142 2778 καὶ
3173 2725 3456 2795 βουληθείη
3483 2724 3719 2777 ἐπελευ-

2134 2822 2460 2891 στικὼτερον
2489 2822 2583 2874 καὶ
2611 2819 3024 2889 ἀπεριλαλήτως
3047 2819 3187 2871 κατὰ
3214 2819 3413 2878 παντὸς
3440 2817 3553 2887 βίου
3579 2817 3719 2879 eid.

2136 2932 2228 2984 ραι
2275 2913 2366 2965 τὸν
2400 2930 2419 2962 ι
2454 2911 2780 2976 στυλιτικόν,
2822 2930 2841 2961 ι
2878 2911 3054 2962 ἐκεῖνο
3106 2909 3237 2978 φαίη
3295 2909 3378 2971 ἂν,
3412 2909 3486 2970 ὠς
3546 2910 3723 2961 παντὶ

2135 3001 2331 3072 μὲντῷ
2354 3002 2476 3054 κατ’
2505 3001 2709 3071 ἀρετὴν
2741 2999 2946 3070 βιοῦντι
2974 2998 3210 3069 δύσεργα
3231 2999 3299 3052 τὰ
3335 3000 3448 3052 τῶν
3471 2999 3714 3066 σφοδρορ

2135 3095 2309 3162 τέρων
2339 3089 2666 3160 ἐπιθυμιῶν,
2687 3092 2798 3153 τοῖς
2814 3089 2871 3141 δὲ
2887 3087 3148 3150 τοιούτοις
3179 3089 3272 3139 καὶ
3301 3087 3560 3157 μάλιστα.
3585 3087 3716 3155 Τῆς

2143 3189 2245 3256 γῆς
2267 3203 2326 3239 τε
2355 3186 2464 3255 γὰρ
2513 3183 2899 3256 ἀνῳκισμένοι,
2939 3183 3040 3236 οὐκ
3068 3182 3250 3251 ἔχουσι
3307 3181 3561 3244 πελάζειν
3599 3184 3723 3244 τοῖς

2143 3278 2446 3344 θέλγουσιν,
2471 3277 2558 3329 ὅτε
2584 3275 2678 3328 καὶ
2702 3275 2936 3328 θέλουσι.
2973 3273 3144 3326 Τοῦτο
3171 3273 3226 3326 δὲ
3262 3271 3393 3324 πολύ
3441 3290 3493 3324 τι
3543 3271 3723 3340 μέρος

2143 3370 2422 3439 περιαιρεῖ
2450 3367 2549 3436 τῆς
2583 3366 2937 3435 φαυλότητος,
2972 3365 3067 3417 καὶ
3091 3365 3212 3417 οὐδὲ
3238 3367 3354 3424 ταῖς
3379 3363 3488 3415 τῶν
3518 3363 3724 3414 παθῶν

2145 3463 2359 3531 θύραις,
2420 3462 2540 3521 ταῖς
2587 3457 2922 3527 αἰσθήσεσιν,
2981 3455 3133 3508 ἄδεια
3177 3456 3534 3524 περιγίνεται,
3590 3456 3722 3516 ταῖς

2144 3551 2509 3622 θρασυτέραις
2538 3547 2859 3617 ἐπιθυμίαις
2887 3548 3017 3618 ῥᾷον
3047 3545 3539 3599 ἀναπετάννυσθαι.
3568 3545 3722 3596 Οὔτε

2142 3646 2250 3714 γὰρ
2279 3645 2310 3713 ἡ
2350 3639 2682 3696 κατακλῶσα
2712 3641 2838 3702 τοὺς
2869 3639 2937 3692 τὰ
2969 3641 3116 3693 κάτω
3167 3637 3488 3706 τρυφῶντας
3535 3637 3724 3706 ἐμ.μέ-

2139 3737 2256 3789 λεια
2277 3735 2611 3788 καθικνεῖται
2644 3733 2736 3786 τοῦ
2760 3731 2933 3794 οὕτως
2964 3731 3192 3799 ὑψηλοῦ,
3230 3732 3310 3782 ὅτι
3350 3729 3482 3798 μηδὲ
3519 3729 3724 3799 ῥᾴδιον

2139 3828 2217 3888 εἰς
2252 3825 2412 3877 αὐτὸν
2437 3824 2747 3891 ἀφικνεῖται
2767 3838 2780 3853 ⁸
2811 3821 2933 3874 οὔτε
2954 3840 3006 3875 τι
3053 3821 3256 3890 φαῦλον
3308 3821 3491 3889 ἕτερον
3541 3821 3726 3873 ἀκου-

2142 3935 2254 3985 σμα
2291 3914 2650 3978 νεανιεύεται,
2701 3913 2914 3974 ἀπόνως
2963 3913 3294 3982 ἀναδραμεῖν
3354 3911 3472 3964 κατ’
3515 3912 3723 3970 αὑτοῦ.

2139 4009 2249 4062 Καὶ
2277 4006 2394 4059 οὑδὲ
2417 4005 2486 4058 τὰ
2514 4005 2614 4073 τῆς
2632 4006 2950 4073 ὀσφρήσεως
2973 4003 3239 4071 ἐπαγωγὰ
3294 4003 3582 4073 περιάγειν
3617 4005 3725 4056 a23-

2136 4098 2225 4152 τὸν
2247 4095 2502 4166 εὐμαρῶς
2527 4095 2782 4165 ἐξισχύει,
2812 4093 3158 4163 ἐμπίπτοντα
3181 4095 3322 4146 κατὰ
3349 4094 3410 4145 τὸ
3461 4094 3727 4163 αλύτόμαο

2136 4207 2247 4250 τον,
2277 4189 2370 4240 καὶ
2397 4188 2504 4242 ἀπὸ
2537 4187 2722 4258 ῥινῶν,
2760 4187 2787 4238 ὅ
2813 4203 2998 4252 φασιν,
3033 4187 3263 4240 ἕλκοντα
3285 4202 3299 4214 ο
3340 4185 3456 4238 ούδέ
3486 4187 3602 4254 μὴν
3647 4190 3723 4241 τὰ

2135 4281 2296 4333 λοιπὰ
2329 4279 2563 4348 αἰσθητὰ
2605 4279 2905 4341 ἐπιϐούλως
2929 4278 3072 4331 οὕτω
3102 4279 3575 4347 κατευμεγεθοῦσι
3611 4282 3722 4334 τοῦ

2135 4373 2502 4433 ἀνοικίσαντος
2527 4372 2737 4432 ἐαυτὸν,
2765 4374 2856 4425 καὶ
2879 4373 2973 4439 τῆς
2997 4372 3148 4426 κάτω
3167 4373 3477 4442 συγχύσεως
3510 4377 3726 4445 ἀφορί-

465 4445 722 4510 removit,
747 4460 846 4500 nec
881 4445 1118 4514 amplius
1150 4444 1216 4498 de
1249 4455 1387 4498 terra
1421 4457 1498 4499 est
1519 4449 1664 4513 (nam
1694 4463 1854 4516 supra
1881 4461 1984 4504 stat
2013 4452 2032 4521 )

2143 4480 2356 4523 σαντος,
2389 4463 2483 4515 καὶ
2513 4462 2618 4513 τῶν
2641 4462 2993 4515 ἀπολαυστῶν
3021 4465 3449 4532 ἀποστήσαντος,
3492 4467 3592 4517 καὶ
3622 4468 3727 4518 οὑ-

463 4554 566 4594 nec
588 4537 655 4592 de
675 4540 963 4605 aere(ttam
987 4536 1186 4590 densus
1202 4536 1327 4604 est),
1352 4551 1536 4605 parum
1563 4553 1688 4590 vero
1720 4549 1921 4593 naturzc
1949 4555 2032 4596 est

464 4629 738 4701 particeps
765 4639 818 4684 et
850 4628 900 4682 in
932 4637 1192 4697 quantum
1222 4627 1325 4680 vita
1359 4629 1651 4682 secundum
1681 4645 1897 4685 carnem
1941 4633 2030 4686 fiat

465 4734 648 4779 sancta
679 4724 866 4792 piatio.
899 4721 1004 4776 Sed
1032 4737 1196 4778 verus
1235 4723 1448 4792 quidem
1495 4725 1676 4793 stylita
1726 4728 2031 4780 venerabile

464 4818 592 4883 quid
642 4817 826 4886 utique
875 4815 1044 4870 oculis
1098 4816 1292 4870 nostris
1337 4815 1558 4884 praebet.
1603 4815 1687 4870 Sit
1733 4817 1896 4874 etiam
1937 4820 2028 4874 alii

463 4910 588 4962 vita:
617 4921 648 4961 α
682 4909 992 4975 vulgaribus
1028 4908 1269 4963 moribus
1302 4907 1562 4976 elongatae
1600 4911 2025 4972 communit-aus,

461 5002 576 5056 sive
608 5000 695 5053 uni
729 4993 967 5064 cuidam,
1000 5001 1069 5054 ita
1095 5009 1152 5054 ut
1176 4999 1464 5069 dupliciter
1493 5002 1770 5070 pulchrum
1803 5001 1890 5065 sit,
1918 5003 2030 5057 sive

462 5093 706 5164 pluribus
739 5093 859 5146 vita
892 5092 1211 5157 rationibus,
1246 5092 1525 5160 pulchrum
1555 5093 1633 5146 sic
1663 5094 1768 5146 erit
1797 5109 1824 5146 e
1851 5093 2030 5146 multis

462 5167 856 5252 compositum,
893 5191 1019 5237 tunc
1088 5184 1346 5236 virtutum
1415 5185 1583 5237 series
1645 5194 1699 5237 et
1765 5186 2027 5237 bonorum

461 5273 1136 5346 operum,etrepositarmn
1154 5288 1332 5327 rerum
1351 5275 1760 5337 eoacervatio,et
1775 5284 2028 5344 t-mqnam

463 5370 516 5424 itt
542 5369 784 5422 iuacesso
815 5365 1092 5436 thesauro,
1113 5365 1164 5418 in
1189 5362 1434 5420 colunina
1465 5366 1680 5435 inquam
1705 5369 1886 5420 statio.

533 5457 624 5513 58.
651 5457 788 5513 Ecce
819 5470 946 5524 ergo
979 5457 1112 5524 ipse,
1135 5470 1167 5509 ο
1197 5456 1446 5511 sublimis
1483 5457 1662 5524 homo,
1692 5459 1853 5512 habes
1881 5473 2031 5513 novae

461 5549 586 5600 vita:
612 5551 865 5616 speciem,
891 5558 943 5601 et
975 5547 1174 5602 ferrum
1194 5548 1334 5601 circa
1356 5559 1404 5600 te
1429 5547 1676 5603 idoneum
1705 5551 2028 5616 venerabile,

467 5639 736 5707 propriam
768 5655 978 5709 semper
994 5642 1175 5696 oneris
1206 5651 1449 5694 naturam
1482 5641 1606 5695 fert.
1641 5642 1859 5697 Penitus
1885 5645 2027 5698 enim

466 5741 696 5785 ascetam
723 5745 909 5801 gravat
937 5745 990 5792 et
1023 5754 1050 5789 a
1085 5737 1346 5806 patientia
1382 5736 1436 5791 in
1477 5737 1768 5793 laboribus
1794 5736 2030 5794 ferendis

2134 4553 2252 4604 κέτι
2284 4551 2406 4604 οὔτε
2433 4552 2534 4618 τῆς
2566 4551 2669 4618 γῆς
2703 4551 2855 4613 ὗντος
2889 4552 3230 4622 (ὑπέρκειται
3259 4551 3408 4621 γὰρ),
3440 4551 3567 4604 οὔτε
3619 4553 3726 4606 τοῦ

2133 4643 2289 4709 ἀέρος
2307 4641 2696 4710 (ἐστεγάνωται
2726 4641 2876 4710 γὰρ),
2896 4642 3087 4710 μικρὸν
3105 4642 3161 4692 δέ
3185 4658 3236 4691 τι
3268 4643 3596 4710 μετέχοντος
3615 4643 3728 4711 τῆς

2132 4734 2364 4801 φύσεως,
2383 4734 2475 4784 καὶ
2493 4733 2570 4793 εἰς
2587 4733 2710 4784 ὅσον
2727 4733 2787 4784 τὸ
2803 4733 2942 4784 κατά
2962 4733 3133 4800 σάρκα
3157 4734 3255 4802 ζῇν
3275 4732 3730 4800 ἀφοσιώσασθαι.

2146 4826 2284 4878 Ἀλλ’
2299 4823 2441 4878 οὕτω
2463 4823 2558 4892 μὲν
2575 4823 2600 4874 6
2623 4822 2851 4892 ἀληθὴς(
2867 4823 3138 4886 στυλίτης,
3155 4841 3172 4874 ι
3192 4824 3385 4892 σεμνόν
3398 4841 3450 4876 τι
3473 4829 3730 4895 πρὶγμα

2133 4916 2446 4986 καταμόνας
2473 4915 2863 4984 θεωρούμενος.
2892 4916 2947 4967 Ei
2978 4914 3034 4966 δὲ
3065 4915 3156 4967 καὶ
3191 4915 3375 4984 ἐτέρου
3404 4917 3732 4990 ἐπιπλοκὴν

2135 5010 2284 5078 σχοίη
2339 5007 2453 5076 βίου
2499 5007 2816 5072 ξενίζοντος,
2844 5006 2950 5057 εἴτε
2984 5010 3073 5058 καὶ
3105 5007 3224 5068 ἑνός
3253 5023 3417 5074 τινος,
3457 5009 3535 5069 ὡς
3568 5006 3734 5066 εἶναι

2131 5100 2352 5152 διπλοῦν
2383 5099 2442 5150 τὸ
2474 5097 2662 5161 καλὸν,
2683 5099 2790 5149 εἴτε
2816 5099 2908 5149 καὶ
2931 5097 3211 5155 πλειόνων.
3229 5098 3391 5148 καλὶν
3418 5098 3519 5168 ἤδη
3552 5102 3736 5155 τοῦτο

2133 5189 2544 5249 πολυσύνθετον,
2581 5187 2671 5237 καὶ
2705 5186 2910 5252 ἀρετῶν
2929 5186 3168 5255 όρμαθὸς
3192 5187 3286 5238 κἰὶ
3311 5186 3535 5252 ἀγαθῶν
3568 5191 3736 5258 πρά.

2133 5281 2289 5345 ξεων,
2322 5275 2413 5332 καὶ
2443 5275 2527 5330 οἵα
2572 5277 2667 5329 καὶ
2701 5277 2964 5348 θημονίας
3001 5278 3142 5337 τινὶς
3192 5277 3578 5346 ὲπισώρευσις,
3621 5282 3735 5333 καὶ

2133 5374 2207 5434 ὼς
2237 5374 2292 5424 ἐν
2326 5372 2580 5440 ἀποθήκῃ
2612 5369 2816 5438 ἀσύλῳ,
2850 5368 2931 5437 τῷ
2971 5385 2992 5418 ι
3039 5368 3235 5436 στύλῳ,
3285 5387 3304 5420 ι
3339 5367 3631 5432 ἀπόθεσις.

2201 5463 2300 5532 νη’.
2368 5463 2499 5516 Ἰδοὺ
2550 5461 2740 5514 τοίνυν
2817 5462 2910 5512 καὶ
2969 5454 3228 5521 αύτὸς,ὧ
3278 5461 3539 5528 μετάρσιε
3621 5464 3736 5517 ἄν·

2135 5555 2344 5624 θρωπε,
2376 5550 2535 5603 τοῦτό
2569 5568 2627 5602 τε
2663 5551 2809 5619 ἔχεις
2841 5552 2900 5602 τὸ
2927 5552 3026 5618 τῆς
3060 5552 3384 5618 καινοτέρας
3418 5549 3562 5618 ζωῆς
3649 5550 3741 5603 el-

2132 5645 2340 5710 δος,καὶ
2369 5644 2581 5711 σίδηρος
2607 5643 2734 5711 περί
2766 5658 2823 5693 σε
2858 5641 3057 5704 ἱκανὸς,
3090 5641 3145 5703 ὃς
3172 5643 3284 5708 ἔχει
3320 5639 3420 5709 μὲν
3452 5640 3592 5691 πολὺ
3662 5643 3739 5696 τὸ

2135 5737 2354 5808 σεμνὸν,
2377 5735 2860 5806 παρυφιστάμενον
2879 5735 2932 5787 δέ
2964 5753 3015 5788 τι
3053 5735 3146 5786 καὶ
3169 5736 3366 5804 φόρτον
3402 5735 3581 5804 φέρει.
3608 5736 3737 5791 Ba.-
