4002 6208
383 304 490 370 249

1538 309 1634 366 AD
1674 308 2050 368 STYLITAM
2090 309 2408 380 QUEMDA
2421 311 2494 370 Μ.

3521 307 3632 371 2ἰο

381 423 533 489 ρύνει
568 420 674 490 γὰρ
713 421 928 482 πάντως
957 421 1046 472 τὸν
1084 420 1352 489 ἀσκητὴν,
1379 418 1470 471 καὶ
1497 419 1595 486 τῆς
1654 421 1733 479 είς
1757 420 1816 472 τὸ
1853 437 1947 490 μο-

2070 419 2286 475 ι1›‹1ιιρίι.
2312 419 2462 474 Genu
2488 435 2615 488 ergo
2641 433 2782 489 saepe
2822 417 3036 472 ﬂectere
3069 414 3225 470 facile
3251 415 3324 469 illi
3355 430 3456 470 non
3483 429 3626 472 esset

373 515 530 585 χθεῖν
563 513 843 576 συντονίας
873 514 1096 578 ἀπάγει.
1140 514 1274 565 Γόνυ
1340 513 1466 580 γοῦν
1527 512 1727 565 κλίνειν
1774 513 1944 581 συχνά

372 606 474 656 οὐκ
507 604 570 655 ἃν
598 604 888 672 ἐγγένηται
918 603 995 671 τῷ
1024 604 1250 672 τοιούτῳ
1277 603 1471 674 ῥαδίως
1512 605 1654 656 κατὰ
1687 604 1776 657 τὸν
1824 604 1946 656 ἀσί-

371 692 554 757 δηρον.
584 692 755 744 Τοῦτο
787 690 965 744 τοίνυν
991 691 1108 744 δέον
1145 709 1202 743 σε
1232 691 1406 754 ἄλλως
1436 691 1808 762 ἀναπληροῦν,
1843 710 1940 746 κα·

370 781 661 835 τακλῶντα
691 781 751 834 τὸ
773 781 1142 852 ὑπερήφανον,
1169 783 1258 832 καὶ
1281 781 1432 833 κάτω
1452 781 1711 850 βάλλοντα
1742 782 1802 835 τὸ
1819 781 1948 852 φρό-

370 893 524 944 νημα
553 875 650 942 τῆς
687 873 910 942 σαρκὸς,
941 873 1035 926 καὶ
1099 873 1199 942 τὴν
1250 872 1377 924 τῶν’
1429 875 1670 940 γονάτων
1718 874 1943 926 ὅκλασιν

370 965 725 1027 ἀνασώζοντα
751 963 1199 1038 τῇ-κατακπὶμψει
1225 965 1318 1016 καὶ
1348 964 1607 1034 συντριϐῇ
1660 964 1761 1033 τῆς
1825 964 1943 1032 ψυ-

2045 512 2262 566 inermi.
2293 511 2406 565 Hoc
2445 529 2571 580 ergo
2610 523 2820 580 oportet
2873 521 2923 564 te
2975 509 3292 577 adimplere,
3325 511 3625 577 superbiam

2048 603 2321 671 frangere,
2355 610 2408 655 et
2458 606 2640 656 carnis
2682 603 3018 671 prudentiam
3056 602 3202 654 bumi
3257 599 3542 666 projicere,
3575 611 3629 653 et

2049 707 2279 762 genuum
2311 694 2728 767 prostrationem
2764 693 2957 746 animm
2985 692 3214 745 ﬂexione
3233 701 3286 746 et
3311 693 3631 747 contritione

2053 770 2289 837 sancire.
2324 783 2378 837 Si
2414 785 2555 837 enim
2594 785 2937 838 exaltatiouis
2967 792 3020 838 et
3059 785 3400 838 ascensionis
3429 784 3633 837 colum-

2047 891 2118 940 ,na
2155 884 2258 950 ista
2296 876 2600 950 symbolum
2639 887 2745 940 eat,
2777 885 2921 930 certe
2954 876 3279 930 conditionis
3323 876 3388 930 ad
3436 877 3628 943 Deum,

2061 981 2166 1021 non
2207 970 2270 1021 ad
2304 969 2470 1033 aliud,
2503 983 2878 1038 quamcunque
2912 968 3107 1022 dixerit
3138 970 3283 1023 illam
3319 968 3536 1036 aliquis.

371 1063 500 1130 γῆς.
543 1061 604 1130 ΕΞ
631 1059 742 1127 γὰρ
773 1059 865 1110 καὶ
885 1057 1230 1120 ἀνατάσεωςυ
1261 1060 1356 1112 καὶ
1393 1059 1654 1126 ὑψώσεως
1712 1059 1804 1110 καὶ
1877 1057 2189 1125 ἀναϐάσεως
2256 1065 2284 1114 ὁ
2322 1083 2339 1113 ι
2389 1064 2581 1125 στύλος
2612 1081 2634 1114 ›
2665 1055 2816 1126 οὗτος
2879 1064 3170 1134 σύμϐολον,
3213 1063 3350 1118 ἀλλά
3401 1063 3499 1131 τῆς
3551 1057 3633 1115 εἰς

371 1152 511 1204 Θεὸν
539 1150 781 1211 πάντως,
806 1149 867 1200 οὐ
899 1149 1242 1216 τῆς.λοιπῆς,
1269 1149 1461 1201 ὁποίαν
1487 1148 1552 1201 ἂν
1605 1149 1820 1217 ἐκείνην
1876 1150 2020 1203 εῑποι
2054 1169 2158 1216 τις.

443 1243 541 1296 νθ¹.
582 1241 721 1294 Ἀλλ’
746 1241 862 1310 ἅμα
913 1259 932 1292 ι
979 1240 1252 1308 σύμϐολον
1291 1259 1309 1293 ι
1348 1236 1522 1306 εἷπον,
1556 1237 1600 1294 ὦ
1665 1243 1949 1309 παρόντες,

371 1333 474 1385 καί
503 1349 588 1394 τις
619 1330 778 1398 λόγος
827 1329 1159 1400 θεωρητικὸς
1203 1332 1572 1402 ἀναπέφηνεν,
1599 1332 1674 1394 ὡς
1727 1325 1840 1386 οἷόν
1897 1350 1951 1385 τι

375 1425 631 1493 πόρισμα
679 1423 742 1476 ού
796 1424 936 1475 πάνυ
987 1422 1185 1475 πῖπτον
1253 1425 1468 1493 μακρὰν
1522 1423 1950 1494 γλαφυρότητος.

374 1516 556 1584 Τριχῆ
588 1513 696 1582 γὰρ
729 1514 762 1583 ἡ
795 1513 903 1565 τῶν
955 1514 1240 1581 συμϐόλων
1299 1509 1500 1584 θεωρία
1548 1516 1950 1584 διανενέμηται.

373 1609 489 1661 Καὶ
536 1609 584 1658 οί
623 1607 721 1675 μὲν
771 1605 955 1668 αὐτοῖς
989 1605 1216 1668 ἐκείνοις
1247 1607 1566 1674 ἐμμένουσι,
1596 1607 1759 1675 μηδέν
1779 1625 1832 1659 τι
1860 1625 1955 1658 πε-

375 1701 618 1770 ραιτέρω
646 1696 1054 1766 προϐαίνοντες,
1077 1699 1201 1768 μηδ’
1244 1701 1308 1751 ὲκ
1350 1698 1448 1766 τῆς
1501 1698 1770 1768 αἰσθητῆς
1813 1698 1956 1749 είκό-

2051 1292 2057 1297 ,
2129 1245 2218 1302 59.
2244 1248 2348 1303 Sed
2386 1250 2546 1304 simul
2582 1227 2881 1322 syinbolum
2919 1250 3050 1310 dixi,
3077 1250 3370 1304 auditores.
3407 1258 3460 1301 et
3499 1247 3636 1300 ratio

2056 1340 2299 1409 quaedam
2327 1343 2492 1412 logica
2524 1343 2576 1397 in
2609 1355 2841 1398 mentem
2875 1343 3043 1406 venit,
3080 1353 3329 1410 tanquam
3355 1341 3635 1395 cont-lusio

2055 1431 2122 1485 de
2148 1447 2284 1485 novo
2306 1433 2558 1496 deducta,
2582 1450 2684 1489 non
2712 1435 2828 1489 sine
2849 1436 3136 1504 elegantia.
3159 1433 3474 1503 Tripliciter
3492 1434 3634 1486 enim

2057 1525 2423 1593 symbolorum
2443 1528 2663 1580 «scientia
2684 1527 2956 1581 dividitur.
2979 1528 3068 1581 Sic
3088 1529 3176 1580 alii
3200 1529 3414 1595 quidem
3437 1529 3486 1580 in
3509 1528 3638 1594 ipsis

2061 1625 2364 1679 remanent,
2402 1619 2542 1672 ultra
2584 1635 2690 1672 non
2730 1619 3159 1688 progredientes,
3198 1635 3296 1672 nec
3331 1633 3362 1671 e
3395 1617 3635 1672 sensibili

2060 1710 2297 1779 imagine
2341 1710 2391 1763 in
2443 1711 2738 1776 cogitatum
2775 1710 3120 1778 archetypum
3161 1710 3469 1771 redeuntes,
3501 1711 3639 1762 sicut

373 1809 468 1852 νος
492 1791 574 1850 εἰς
609 1789 669 1842 τὸ
691 1788 877 1856 νοητὸν
895 1788 1202 1857 ἀρχέτυπον
1240 1789 1648 1858 ἀνατρέχοντες.
1676 1791 1858 1841 ὁποῖον
1894 1789 1953 1840 τὸ

2070 1799 2358 1854 ludzeorum
2382 1802 2549 1863 natio,
2574 1804 2665 1870 qui
2690 1802 2738 1854 in
2761 1801 2942 1854 umbra
2971 1803 3181 1865 sedent,
3205 1801 3445 1854 veritatis
3471 1805 3636 1854 solem

387 1880 684 1934 Ἰουδαϊκὸν
719 1877 967 1953 φῦλονρῖ-
986 1881 1051 1949 τῇ
1082 1881 1209 1949 σκιᾷ
1235 1879 1664 1950 προσκάθηνται,
1697 1883 1796 1932 οὐκ
1827 1883 1958 1934 ἁνα-

376 1975 604 2026 ϐλέπειν
644 1975 723 2033 είς
750 1972 838 2023 τὸν
868 1974 965 2040 τῆς
995 1972 1252 2040 ἀληθείας
1297 1953 1446 2041 ἥλιον
1487 1971 1749 2034 θέλοντες.
1794 1970 1962 2024 Δασύο

373 2069 544 2130 τὼς
569 2070 677 2137 γὰρ
709 2070 841 2138 φέρε
881 2069 1059 2121 εἰπεῖν
1111 2063 1414 2132 ἀπέχεσθαι
1467 2063 1781 2126 κελευσθεὶς
1826 2065 1960 2116 Ἰου-

369 2161 552 2232 δαῖος,
581 2158 681 2210 οὐκ
709 2158 772 2210 ἂν
802 2157 1078 2232 ἀναπτύξῃ
1101 2155 1163 2208 τὸ
1187 2153 1279 2207 τοῦ
1309 2153 1581 2222 συμϐόλου
1605 2154 1847 2221 ἔλυτρον,
1867 2153 1961 2205 καὶ

373 2250 475 2302 τὸν
505 2252 566 2303 ἐν
595 2249 742 2318 αύτῷ
772 2230 1020 2318 θεωρήσῃ
1054 2245 1450 2315 φωσφοροῡντα
1475 2244 1757 2313 μάργαρον
1776 2260 1793 2277 ο
1823 2243 1962 2298 ἀλλὰ

375 2342 582 2406 διώξας
618 2341 862 2411 μακρὰν,
900 2341 996 2393 καὶ
1021 2337 1243 2406 φεύγειν
1289 2335 1448 2404 ἀφεὶς
1471 2335 1565 2402 ἀφ’
1617 2333 1812 2387 ἑαυτοῦ
1874 2335 1962 2386 τὸν

375 2437 676 2495 δασύπουν,
699 2435 797 2486 οὐκ
825 2432 888 2484 ἂν
911 2432 988 2494 είς
1020 2429 1182 2482 πλέον
1199 2426 1293 2480 τοῦ
1319 2427 1647 2498 γράμματος
1668 2425 1961 2498 ἀνιχνεύσῃ

376 2528 573 2588 αὑτὸν,
608 2524 718 2578 οὐδ’
744 2523 809 2577 ἂν
830 2523 1104 2592 ὲπιγνοίη,
1151 2517 1494 2590 συμϐολικῶς
1559 2518 1769 2569 ἐκεῖθεν
1820 2516 1964 2569 διδάσ

378 2636 458 2671 σκ
494 2617 642 2680 σθαι,
675 2616 774 2686 τήν
802 2632 858 2668 τε
914 2614 1205 2682 ἀδιάφορον
1240 2609 1496 2678 λαγνείαν
1535 2598 1828 2677 φεύγειν,ἥ
1881 2625 1964 2671 τις

376 2711 467 2778 τῷ
492 2709 721 2777 τοιούτῳ
751 2707 874 2776 ζώῳ
907 2705 1094 2776 βαθεῖα
1137 2703 1403 2770 ἔγκειται,
1452 2706 1550 2758 καὶ
1577 2704 1639 2755 τὸ
1694 2702 1832 2754 πολυ
1846 2717 1961 2768 σχιο

378 2807 502 2866 δὲς.
544 2803 573 2855 ὃ
601 2800 816 2870 μακράν
839 2802 954 2852 ἐστι
982 2799 1081 2866 τῆς
1114 2796 1436 2864 ἁπλότητος,
1457 2797 1550 2849 καὶ
1574 2796 1634 2848 τὸ
1674 2793 1760 2860 ἐφ’
1787 2787 1870 2853 οἷς
1897 2790 1956 2842 ού

377 2896 580 2968 χρεὼνΔ
599 2891 823 2954 εὐλαϐὲς
842 2889 935 2944 καὶ
967 2889 1160 2942 δειλόν.
1187 2889 1294 2943 Καὶ
1316 2888 1456 2940 οὕτω
1485 2886 1586 2957 μέν
1613 2886 1750 2939 εἰσιν
1778 2884 1827 2936 οἱ
1848 2885 1967 2934 ἐπι-

379 2965 680 3052 νηχόμενοι
707 2980 783 3049 τῷ
813 2978 1188 3054 ὲνσυμϐόλοις
1222 2977 1604 3050 ὲπιπολὰξσντι
1632 2990 1649 3006 ο
1710 2973 1865 3028 οὐδέν
1915 2990 1968 3025 τι

384 3075 559 3126 ⁸πλέον
604 3071 1059 3142 περιεργάζονται
1111 3069 1206 3120 καὶ
1247 3067 1566 3138 βαθύτερον.
1608 3067 1668 3119 Ol
1699 3065 1756 3117 δέ
1812 3079 1966 3125 τινες

2062 1889 2332 1957 inSpicere
2361 1891 2625 1944 nolentes.
2656 1893 2695 1942 A
2731 1891 2913 1958 lepore
2935 1890 3162 1950 edendo,
3188 1888 3415 1956 exempli
3443 1889 3640 1956 gratia,

2063 1981 2533 2049 abstinerejusstbs
2561 1978 2778 2037 Iudaeus
2805 1997 2909 2034 non
2943 1981 3171 2050 symboli
3203 1980 3378 2033 velum
3409 1979 3642 2032 detrahit

2061 2079 2116 2126 et
2146 2072 2474 2127 relucentem
2505 2073 2848 2143 margaritam
2877 2074 2929 2125 in
2959 2072 3202 2141 symbolo
3222 2060 3639 2138 contemplatur,

2065 2164 2155 2216 sed
2185 2163 2339 2232 longe
2377 2179 2701 2233 persequens
2731 2164 3041 2217 cupienlnm
3069 2179 3172 2216 non
3196 2163 3426 2230 amplius
3453 2162 3644 2215 littera:

2064 2269 2280 2308 sensum
2320 2254 2555 2323 indagat,
2586 2269 2684 2308 nec
2722 2269 2830 2322 quo
2864 2255 3218 2323 symbolicum
3256 2255 3638 2308 documentum

2065 2347 2315 2410 arcipiat,
2348 2346 2472 2398 inde
2507 2345 2869 2410 recognoscit,
2905 2355 2958 2397 et
2990 2343 3378 2397 indillerentem
3421 2342 3642 2396 lubrici-

2068 2443 2229 2492 tatem
2287 2436 2470 2507 fugere
2509 2453 2625 2506 quae
2682 2438 2732 2490 in
2784 2437 3002 2490 animali
3061 2438 3165 2490 isto
3217 2436 3547 2498 dominatur,
3589 2442 3643 2486 et

2069 2529 2175 2582 lissi
2201 2528 2349 2594 pedis
2383 2527 2786 2581 distinctionem
2811 2543 2974 2595 quaea
3002 2527 3342 2594 simplicitate
3366 2527 3523 2594 longe
3551 2527 3645 2577 ab-

2068 2627 2148 2672 est
2183 2628 2235 2671 et
2263 2633 2365 2685 qua
2392 2633 2496 2672 non
2519 2632 2653 2682 opus
2683 2617 2838 2671 liabet
2860 2617 3140 2684 prudentia
3165 2625 3354 2674 sancta
3378 2625 3430 2668 et
3462 2615 3642 2667 timor.

2069 2708 2158 2764 Sic
2187 2708 2403 2778 quidem
2451 2716 2805 2775 supernatant
2838 2707 2889 2760 in
2932 2706 3301 2776 symbolorum
3333 2704 3641 2773 superﬁcie,

2071 2817 2168 2855 nec
2210 2799 2444 2866 amplius
2475 2799 2599 2867 quid
2647 2808 2698 2852 et
2750 2798 2982 2867 penitius
3027 2806 3369 2865 perspectqu
3428 2805 3641 2864 parant.

2070 2891 2264 2945 Parum
2290 2890 2453 2959 aliqui
2474 2890 2554 2944 vel
2583 2890 2802 2944 minime
2825 2890 3051 2960 symboli
3075 2890 3270 2946 littera:
3293 2887 3530 2949 student,
3549 2885 3645 2939 sed

2069 2998 2164 3036 eos
2185 2983 2424 3038 sitientes
2446 2981 2534 3051 qui
2555 2997 2771 3034 sensum
2795 2982 3166 3037 absconditqu
3186 2980 3497 3034 clamatoria
3523 2980 3646 3032 tuba

2075 3075 2330 3136 mulcent,
2375 3074 2473 3141 ipsi
2534 3073 2587 3125 in
2643 3073 2925 3141 aenigmate
2981 3072 3306 3141 propositam
3369 3070 3646 3123 veritatem

388 3139 689 3236 συμϐόλων
716 3139 815 3234 μέν
844 3162 1040 3232 μικρὸν
1071 3160 1280 3230 ἢοὺδέν
1309 3177 1361 3213 τι
1394 3159 1751 3228 προσδέονται
1784 3161 1893 3214 τῶν
1908 3162 1965 3213 ὲν

2072 3177 2275 3220 tantum
2308 3167 2564 3228 retinent,
2586 3166 2906 3234 sapientiam
2929 3163 3258 3232 (Christiana
3287 3165 3478 3235 tribus)
3499 3180 3651 3217 exer-

389 3259 743 3327 γράμμασιν,
775 3252 905 3324 ἀλλ’
937 3251 1190 3320 ἀφιέντες
1207 3249 1297 3303 τὸν
1336 3251 1466 3321 περὶ
1521 3250 1661 3303 αύτά
1701 3270 1965 3323 προφορι-

389 3352 493 3402 κον
529 3345 754 3400 κώδωνα
777 3344 906 3406 τοὺς
930 3342 1290 3411 βουλομένους
1318 3345 1628 3411 περιηχεῖν,
1662 3343 1818 3398 αὐτοὶ
1867 3345 1968 3411 τῆς

391 3435 918 3506 αἰνιγματιζομένης
941 3431 1201 3501 ἀληθείας
1236 3430 1404 3501 μόνης
1442 3432 1710 3499 γίνονται,
1757 3451 1969 3503 σωφρο-

397 3527 569 3597 σύνην
597 3525 728 3591 γοῦν
753 3523 833 3593 (τὸ
858 3522 1243 3598 Χριστιανικδν
1267 3520 1453 3592 φῦλον)
1485 3523 1816 3593 ἀσκούμενοι
1836 3542 1851 3556 ο
1872 3527 1967 3579 καὶ

397 3623 481 3682 εἰς
512 3616 717 3686 ἀγαθὸν
746 3615 802 3666 δὲ
828 3612 1221 3682 ἀνδριζόμενοι,
1287 3614 1382 3666 καὶ
1433 3613 1494 3664 οὐ
1542 3613 1968 3682 κατασχίζοντες

398 3713 482 3775 εἰς
518 3705 928 3774 πανουργίαςτὸ
957 3703 1098 3756 κατὰ
1163 3702 1278 3773 βίον
1347 3703 1693 3771 πορευτικδν,
1738 3704 1864 3768 τοὺς
1913 3707 1970 3758 ὲν

399 3806 554 3872 νόμῳ
574 3783 950 3867 κωλυομένους
983 3795 1289 3857 δασύποδας
1319 3795 1478 3849 ἐῶσιν
1499 3782 1754 3865 ἔρχεσθαι
1779 3799 1857 3858 είς
1878 3799 1975 3849 αύο

401 3896 554 3959 τοὺς,
575 3896 666 3946 καὶ
688 3890 828 3945 οὕτω
856 3890 946 3943 τὸν
973 3888 1066 3941 τοῦ
1094 3885 1423 3956 συμϐολικοῦ
1466 3887 1793 3956 γράμματος
1841 3889 1975 3941 ἀνα-

401 3984 692 4052 λεγόμενοι
723 3979 916 4049 μυελὺν
937 3979 1038 4031 οὐκ
1062 3978 1119 4028 ὲν
1149 3978 1293 4046 λόγῳ
1325 3976 1590 4039 τίθενται,
1622 3979 1748 4028 ὅσον
1804 3978 1978 4030 ὀστῶ-

405 4080 495 4136 δες
525 4076 616 4127 καὶ
654 4073 949 4142 ἄμϐροτον.
986 4069 1092 4121 Καὶ
1145 4067 1286 4120 οὕτω
1321 4068 1418 4136 μὲν
1461 4067 1555 4118 καὶ
1607 4061 1751 4120 οὗτοι
1803 4069 1850 4122 οἱ
1883 4067 1978 4120 τοῦ

2069 3269 2290 3324 centes;
2323 3269 2375 3312 et
2411 3257 2476 3311 ad
2505 3257 2642 3310 bona
2683 3267 2904 3311 strenue
2937 3257 3242 3320 exercitati,
3274 3271 3372 3310 nec
3405 3256 3455 3309 in
3497 3256 3652 3310 dolos

2071 3365 2133 3404 ac
2165 3349 2383 3403 fraudes
2416 3349 2538 3402 vitae
2575 3348 2912 3402 itinerarium
2961 3348 3288 3410 scindentes,
3349 3347 3652 3415 prohibitos

2069 3443 2124 3495 in
2171 3443 2286 3510 lege
2325 3440 2535 3508 lepores
2563 3440 2627 3491 ad
2663 3454 2722 3493 se
2750 3441 2930 3492 venire
2956 3440 3158 3502 sinunt,
3209 3449 3264 3492 et
3312 3440 3390 3493 sic
3440 3439 3656 3509 symbo-

2069 3532 2184 3585 lica:
2215 3530 2404 3584 littera:
2437 3529 2722 3583 medullam
2751 3529 3061 3598 seligentcs,
3095 3545 3197 3581 non
3234 3530 3427 3584 litterae
3467 3531 3660 3581 immo-

2072 3633 2255 3676 rantes
2295 3621 2371 3675 rei
2423 3621 2628 3675 viscera
2669 3629 2722 3674 et
2753 3620 3175 3688 perpetuitatem
3215 3617 3500 3688 arripiunt.
3562 3616 3655 3671 Sic

2074 3711 2292 3781 quidem
2339 3710 2413 3764 illi
2445 3713 2508 3764 de
2554 3710 2778 3781 symboli
2820 3724 3045 3778 corpore
3089 3724 3255 3776 pauca
3301 3719 3656 3771 assumentes,

2076 3804 2312 3856 litteram
2340 3811 2685 3855 attenuautes
2708 3812 2762 3854 et
2789 3811 3112 3864 resecautcs,
3138 3802 3408 3854 internum
3437 3815 3654 3854 sensum

2089 3891 2360 3947 obtinent.
2418 3890 2519 3943 Alii
2582 3899 2762 3942 autem
2823 3897 3050 3956 utraque
3111 3904 3205 3955 per
3260 3888 3656 3941 observantiam

2084 3991 2270 4049 agunt,
2296 3990 2351 4033 et
2397 3979 2697 4049 symbolum
2734 3987 2974 4042 servant,
3006 3986 3060 4032 et
3092 3993 3202 4030 rem
3251 3976 3408 4046 cuius
3444 3978 3660 4048 symbo-

2101 4071 2209 4123 lum
2229 4081 2334 4124 est.

407 4170 616 4238 πάχους
646 4165 745 4235 μὲν
773 4163 882 4216 τῶν
914 4159 1196 4230 συμϐόλων
1245 4159 1400 4226 ὀλίγα
1435 4159 1908 4228 ἐπιστρεφόμενοι,
1945 4160 2402 4231 λεπτοτομοῦντες
2435 4162 2491 4215 δὲ
2530 4163 2590 4214 τὸ
2624 4164 2800 4214 ἐκεῖσε
2837 4162 3070 4231 γράμμα
3104 4163 3194 4214 καὶ
3241 4161 3656 4228 ἀνατέμνοντες,

410 4257 634 4328 καὶτῆς
665 4256 775 4309 ἔσω
802 4253 1034 4324 θεωρίας
1063 4252 1360 4322 γινόμενοι.
1395 4253 1614 4322 Ἕτεροι
1665 4253 1721 4304 δὲ
1759 4252 1929 4322 ἄμφω
1965 4254 2051 4306 διὰ
2085 4255 2332 4326 φυλακῆς
2369 4257 2579 4323 ἄγουσι,
2611 4255 2672 4307 τό
2702 4271 2760 4306 τε
2804 4254 3070 4324 σύμϐολον
3113 4253 3519 4323 συντηροῦντες,
3563 4256 3660 4306 καὶ

409 4347 581 4424 οὗπερ
612 4350 741 4404 αὐτό
766 4353 879 4402 ὲστι
900 4346 1184 4416 σύμϐολον.

484 4402 944 4516 έῖιῖίαραδὲδοται
971 4402 1066 4496 οὖν
1091 4445 1220 4511 ἡμῖν
1248 4441 1384 4511 πρὸς
1440 4441 1671 4510 δρόμους
1720 4403 1966 4504 ἑωθινοὺς

2152 4443 2240 4496 60.
2277 4440 2437 4494 Nobis
2479 4439 2788 4492 mandatum
2835 4446 2915 4490 est
2969 4434 3383 4504 inspicientibus
3421 4434 3484 4485 ad
3532 4434 3665 4487 solis

412 4537 618 4608 ὁρῶσιν
645 4535 798 4604 ἡλίου
855 4532 1136 4586 ὀσιοῦσθαι
1184 4531 1263 4601 τῷ
1325 4531 1661 4601 παμϐασιλεί
1722 4532 1842 4601 Θεῴ
1872 4535 1980 4602 τὴν

415 4628 810 4702 προσκύνησιν.
848 4625 1018 4679 Τοῦτο
1071 4623 1396 4694 συμϐολικὸν
1456 4627 1841 4695 περικάρπιον.
1899 4627 1990 4678 Πι-

419 4717 684 4787 στεύομσν
713 4717 770 4770 δὲ
797 4714 857 4768 τὺ
887 4714 1053 4768 αὐτὸν
1097 4713 1324 4782 βασιλέα
1379 4714 1472 4766 τὸν
1495 4717 1593 4784 τῆς
1645 4715 1988 4784 δικαιοσύνης

415 4811 569 4880 ἥλιον
579 4807 716 4880 πρὸς
737 4805 892 4878 ἡμῶν
914 4801 1074 4870 εἶναι,
1090 4805 1248 4875 εἰπερ
1264 4804 1557 4874 ἀφορῶμεν
1575 4821 1634 4856 τε
1656 4806 1792 4875 πρὸς
1807 4806 1989 4868 αὑτὸν,

418 4902 518 4955 καὶ
547 4901 711 4954 αὑτὸν
751 4897 883 4952 Θεὸν
914 4898 1136 4960 εἰδότες,
1161 4896 1528 4965 λατρευτικῶς
1559 4898 1707 4966 αὐτῷ
1727 4896 1987 4967 ἐντυγχά-

417 5009 606 5063 νομεν,
636 4989 876 5060 κεφαλὴν
912 4990 1008 5043 καὶ
1032 4989 1161 5057 γόνυ
1195 4989 1556 5056 κάμπτοντες.
1612 4989 1782 5041 Τοῦτό
1841 4990 1986 5041 ἐστιν

418 5090 446 5140 ὁ
483 5083 579 5138 τοῦ
621 5082 889 5152 συμϐόλου
947 5080 1155 5150 καρπός
1183 5094 1199 5112 ο
1256 5081 1350 5132 καὶ
1393 5080 1737 5149 φυλάττομεν
1790 5079 1980 5145 ἄμφω,

419 5174 859 5244 προσκυνοῦντες
879 5189 964 5238 τε,
987 5173 1110 5225 ὅποι
1140 5171 1609 5241 παρηγγυήμεθα,
1648 5172 1746 5224 καὶ
1771 5171 1861 5224 τὸν
1891 5171 1986 5224 τοῦ

421 5265 708 5336 γινομένου
739 5263 938 5316 σκοπὸν
962 5263 1308 5330 κατέχοντες.
1338 5260 1491 5314 Οὕτω
1521 5262 1614 5312 καὶ
1651 5279 1669 5311 ι
1699 5260 1984 5319 λούσασθε,

423 5355 660 5425 καθαροὶ
689 5353 914 5422 γίνεσθε
953 5371 972 5402 ι
1011 5352 1328 5420 ἀκηκοότες,
1365 5352 1459 5403 καὶ
1486 5350 1735 5420 καθαρὰν
1773 5351 1829 5402 δέ
1858 5367 1987 5401 ποτε

425 5449 620 5514 στολὴν
652 5448 857 5513 ἑόρτιον
889 5443 1298 5510 διατεταγμένοι
1320 5443 1665 5511 μεταλαϐεῖν,
1699 5443 1756 5495 τό
1783 5460 1839 5494 τε
1869 5442 1995 5492 λου-

425 5541 551 5612 τρὸν
575 5535 878 5606 ποιούμεθα
907 5534 968 5588 τὸ
993 5535 1126 5604 πρὸς
1159 5534 1434 5605 αἴσθησιν,
1467 5535 1562 5587 καὶ
1581 5535 1678 5604 τὴν
1718 5534 1816 5603 τῆς
1851 5535 1990 5602 opm-

2089 4534 2378 4589 orientales
2403 4547 2598 4585 cursus
2628 4530 2756 4600 Regi
2791 4542 2972 4596 regum
3005 4528 3112 4580 Deo
3134 4526 3446 4579 adoratione
3469 4525 3668 4578 sancti-

2091 4625 2272 4688 licari;
2299 4621 2629 4694 symbolicus
2663 4621 2748 4674 ltic
2776 4627 2981 4673 cortex.
3016 4617 3215 4687 Regem
3241 4629 3366 4668 vero
3395 4615 3666 4668 credimus

2085 4717 2310 4784 iustitiae
2341 4715 2506 4769 solem
2542 4714 2701 4768 nobis
2743 4727 2888 4776 esse,
2917 4711 3008 4779 qui
3039 4711 3090 4762 in
3139 4709 3309 4776 ipsum
3345 4707 3663 4775 aspicimus,

2093 4815 2148 4860 et
2170 4807 2335 4860 Deum
2371 4805 2544 4873 ipsum
2582 4812 2994 4874 cognoscentes,
3032 4816 3155 4856 cum
3197 4798 3515 4853 adoratione
3545 4807 3666 4851 ante

2089 4912 2238 4961 eum,
2275 4905 2432 4964 caput
2468 4905 2522 4950 et
2561 4910 2700 4964 genu
2743 4894 3073 4948 inclinantes
3111 4890 3408 4944 adstamus.
3444 4888 3542 4942 llic
3582 4897 3666 4942 est

2089 4986 2317 5058 symboli
2352 4985 2595 5048 fructus;
2631 4994 2686 5038 et
2718 4992 2945 5052 utraque
2977 4995 3260 5034 servamus
3291 4988 3343 5032 et
3375 4978 3665 5032 adorantes

2088 5094 2193 5149 qua
2228 5080 2380 5133 nobis
2411 5077 2725 5131 mandatum
2758 5083 2843 5128 est
2871 5083 2925 5127 et
2961 5073 3086 5126 laeti
3127 5071 3387 5125 rationem
3421 5070 3663 5124 retinen-

2091 5180 2190 5224 tes.
2217 5169 2308 5224 Sic
2339 5178 2392 5223 et
2427 5168 2589 5222 illud:
2623 5165 2919 5230 Laramim‘,
2954 5164 3135 5218 nmndi
3167 5172 3329 5216 estote
3358 5160 3660 5222 audientes,

2092 5262 2344 5314 mundam
2381 5267 2488 5312 tum
2526 5256 2720 5312 stolam
2752 5255 3000 5310 festivam
3029 5267 3306 5308 assumere
3331 5249 3492 5317 jussi,
3517 5246 3662 5298 lava.

2096 5352 2297 5404 tionem
2321 5349 2548 5403 facimus
2580 5348 2887 5402 sensibilem
2923 5346 3136 5416 quidem
3167 5352 3221 5397 et
3250 5339 3474 5394 visibilis
3499 5337 3666 5391 vestis

2096 5440 2782 5508 mutationem,spiritualia
2808 5453 2935 5492 vero
2949 5449 3228 5492 servamus
3248 5431 3410 5484 nitida
3439 5429 3666 5483 redden-

2102 5542 2182 5587 tes
2213 5534 2278 5586 de
2309 5532 2467 5586 nobis
2495 5541 2550 5586 et
2573 5545 2695 5600 quae
2717 5531 2866 5584 intus
2891 5539 2944 5583 et
2971 5541 3091 5597 quae
3121 5523 3317 5578 deforis
3349 5532 3493 5574 sunt.

429 5611 597 5700 μένης
627 5629 855 5700 ἐσθῆτος
885 5627 1190 5695 ὲξὰλλαξιν,
1232 5629 1324 5681 καί
1354 5627 1421 5680 τά
1454 5625 1588 5697 πρὸς
1652 5626 1778 5680 νοῦν
1831 5626 1886 5678 δὲ
1939 5625 2338 5695 φυλαττόμεθα,
2407 5622 2790 5693 φαιδρύνοντες
2851 5618 3074 5677 ἑαυτοὺς
3143 5613 3211 5667 τά
3286 5613 3332 5664 τ’
3383 5611 3549 5676 ἔνδον,
3599 5621 3675 5674 τά,

425 5741 479 5782 τε
505 5721 730 5790 θύραζε.
