4002 6208
451 258 561 344 255

1132 263 1553 326 EU:.TATIIII
1582 259 1870 322 THE‘SSA
1882 256 2337 318 LONICENSIS
2376 257 2934 319 METROPOLITJE

3579 252 3697 317 256

432 394 687 448 οτι-ιῐυιιι,
729 380 999 453 primitias
1054 376 1177 430 vita:
1208 374 1316 429 illis
1367 373 1682 434 allerentcs,
1722 373 1860 425 unde
1916 370 2023 423 Deo

2146 369 2260 432 ala;
2301 368 2640 431 διδάσκαλος.
2681 362 2823 434 Ἐγὼ
2849 366 2906 419 δὲ
2952 361 3092 431 οἶδα,
3129 363 3223 418 καὶ
3275 364 3350 427 ὡς
3415 362 3518 417 οὒκ
3553 362 3713 416 ἔσται

435 480 718 535 solvebant
745 473 983 527 decimas
1018 482 1204 521 eorum
1241 480 1360 533 qum
1388 463 1756 532 possidebant.

2129 460 2246 529 οὐδὲ
2272 458 2549 528 dli-391,10;
2582 460 2714 527 πρός
2757 474 2819 525 γε
2870 456 2982 509 τῶν
3027 456 3095 509 τὰ
3156 456 3383 509 τοιαῦτα
3442 455 3714 526 θερμοτέ-

440 590 548 642 ρων
644 564 878 634 ἀνδρῶν,
929 560 979 613 οἳ
1043 557 1177 627 πρὸς
1232 557 1605 625 ἐλεημοσύνην
1656 550 2103 621 γεγυμνασμένοι
2163 550 2486 618 δεξιοῦνται,
2568 544 2650 611 οἷς
2710 548 2896 618 ἔχουσι
2957 549 3095 610 τοὺς
3175 548 3436 615 ἀγαθοὺς,
3530 548 3715 616 ἀπαρ’

437 666 659 735 χόμενοι
689 657 784 710 τοῦ
816 656 932 727 βίου
964 654 1172 714 αὐτοῖς,
1205 651 1338 702 ὡσεὶ
1373 649 1465 701 καὶ
1497 648 1786 699 ἑδεκάτουν
1814 644 1954 712 Θεῷ,
1976 642 2025 696 ἀ·
2049 642 2304 697 ἐκτῶντο.

508 756 593 810 67η
640 749 852 804 Talium
896 749 1077 815 itaque
1107 742 1472 813 primitiarnm
1510 750 1563 793 et
1600 737 1864 792 donorum
1903 752 2010 790 non

443 844 721 899 cellarium
762 839 1015 894 columna
1049 838 1173 900 erit,
1221 848 1285 887 ne
1312 842 1366 887 et
1412 831 1693 885 destruere
1738 827 1876 881 forte
1905 827 2016 880 cel-

441 937 574 991 laria
615 933 716 987 sibi
759 941 1022 1001 proponat
1045 926 1223 997 stylita
1249 933 1307 976 ut
1345 922 1548 990 majora
1572 919 1882 984 rt-zedilicet,
1926 918 2019 971 sed

440 1025 844 1081 aeervationem
874 1020 1084 1090 plenam
1114 1017 1164 1068 in
1190 1014 1417 1069 alterum
1440 1011 1708 1083 (videlicet
1738 1012 1788 1063 in
1820 1023 1991 1077 paupe

442 1132 559 1171 rum
586 1113 784 1183 sinum)
820 1109 1106 1166 eructahit.
1138 1106 1201 1160 Et
1228 1105 1432 1159 canalis
1457 1120 1605 1157 more
1631 1119 1697 1158 eo
1724 1102 2027 1169 penetrabit

444 1224 473 1260 τι
519 1207 626 1260 Deo
650 1205 873 1257 veniens
902 1196 1288 1253 beneuolentiae
1313 1193 1491 1262 pluvia
1517 1192 1819 1251 abundans,
1839 1190 2033 1242 exinde

444 1299 709 1354 deﬂuetet
727 1295 967 1364 irrigabit
985 1299 1245 1362 quotquot
1273 1302 1381 1343 non‘
1397 1290 1447 1342 in
1472 1287 1793 1341 abundantia
1812 1287 2037 1356 pingue-

444 1401 626 1456 scunt,
654 1391 745 1443 sed
786 1384 1035 1457 egestatis
1076 1382 1334 1436 aerumnis
1372 1379 1748 1433 conﬁciuntur.
1772 1376 2031 1431 Nolebam

447 1498 574 1535 vero
620 1482 674 1535 in
732 1488 1080 1532 cavernosam
1132 1471 1460 1524 descendere
1509 1469 1821 1521 columnam
1872 1467 2031 1519 istam

449 1572 724 1640 speluncae
746 1566 1004 1628 similem,
1033 1572 1242 1625 cavam,
1272 1572 1374 1614 nec
1409 1557 1653 1612 volebam
1689 1570 1871 1609 arcem
1913 1567 2033 1608 esse

446 1677 570 1731 quae
618 1659 888 1712 diceretur
930 1654 1133 1707 ambitu
1166 1652 1330 1705 turris
1374 1650 1639 1718 attingens
1674 1649 1827 1705 urbs.
1869 1659 2031 1715 quam

454 1750 813 1821 spiritualiter
860 1747 969 1814 jam
1013 1743 1503 1805 consideravimus,
1560 1755 1659 1795 nec
1706 1738 1897 1793 ﬁstula:
1947 1739 2031 1791 iu-

2184 735 2282 804 ξζ’.
2325 736 2445 789 Τῶν
2494 736 2675 788 τοίνυν
2724 734 2978 787 τοιούτων
3022 733 3423 804 ἁπαργμάτων,
3460 734 3569 787 εἴτε
3618 739 3721 790 καὶ

2113 826 2473 896 δωρημάτων,
2531 826 2632 878 οὐκ
2684 824 2935 894 ἀποθήκη
2991 827 3019 877 ὁ
3070 823 3334 886 «στύλος»
3392 824 3567 890 ἔσται,
3621 824 3719 876 ἵνα.

2123 920 2195 989 μὴ
2235 918 2331 970 καὶ
2359 917 2607 970 καθελεῖν
2646 934 2773 969 ποτε
2809 916 3089 985 ἀποθήκας
3126 915 3443 985 βουλευθείη
3474 919 3501 968 ὁ
3543 935 3563 969 ι
3585 928 3719 969 στυ-

2122 1009 2310 1078 λίτης»
2369 1010 2446 1071 είς
2503 1006 2766 1077 μειζόνων
2820 1006 3254 1075 ἀνοικοδόμησιν,
3308 1005 3447 1059 ἀλλὰ
3495 1004 3718 1075 ἐξερεύ-

2141 1100 2290 1164 ξεται
2346 1101 2421 1162 ὡς
2450 1096 2538 1153 οἷά
2559 1116 2610 1152 τι
2645 1101 2896 1167 ταμιεῖον
2947 1099 3148 1168 πλῆρες
3208 1103 3288 1161 είς
3349 1101 3540 1168 ἓτερον
3594 1100 3721 1170 (τὴν

2137 1194 2422 1261 πτωχικὴν
2483 1191 2627 1260 λέγω
2694 1192 2981 1262 γαστέρα).
3016 1192 3126 1245 Καὶ
3164 1192 3403 1260 σωλῆνας
3434 1192 3591 1262 δίκην
3629 1194 3721 1244 ὲν-

2133 1285 2331 1340 τεῦθεν
2372 1289 2471 1356 μὲν
2532 1289 2900 1356 εἰσρευσεῖται
2957 1285 3215 1356 ήθεόθεν
3271 1285 3551 1354 ἐπομϐρία
3612 1287 3719 1355 τῆς

2138 1378 2465 1444 δεξιώσεως,
2527 1378 2738 1430 ἐκεῖθεν
2800 1379 2856 1430 Et
2917 1379 3251 1448 ἑκρυήσεται
3297 1380 3393 1431 καὶ
3453 1377 3715 1446 ἀρδεύσει

2137 1469 2264 1530 τοὺς
2328 1469 2441 1521 ὅσοι
2506 1469 2568 1522 οὐ
2620 1469 2755 1538 πρὸς
2842 1468 3131 1539 εὐετηρίαν
3207 1469 3535 1531 πιαίνονται,
3593 1468 3717 1523 ἀλλ’

2148 1558 2344 1628 αὐχμῷ
2381 1559 2585 1622 ἐνδείας
2623 1560 2919 1624 πιέζονται.
2951 1559 3099 1629 Ἐγὼ
3131 1561 3185 1613 δὲ
3220 1560 3415 1630 ἤθελον
3448 1561 3585 1630 μηδε
3616 1578 3718 1630 ση-

2147 1651 2402 1723 ραγγώδη
2433 1650 2525 1704 τὸν
2561 1668 2581 1701 ι
2629 1652 2819 1705 στύλον
2852 1672 2871 1704 ι
2907 1652 3183 1716 ἀποϐῆναι
3214 1652 3404 1704 τοῦτον
3445 1654 3538 1705 καὶ
3569 1670 3718 1723 σπη-

2137 1742 2341 1812 λαιώδη
2373 1745 2466 1795 καὶ
2496 1745 2795 1814 γλαφυρὸν,
2858 1745 2994 1813 μηδὲ
3025 1746 3225 1816 χωρίον
3282 1743 3444 1810 εἶναι,
3488 1747 3602 1810 καὶ,
3638 1746 3721 1809 ὡς

450 1857 568 1898 star
607 1837 900 1912 perforari,
935 1838 979 1892 si
1017 1836 1151 1890 alias
1183 1835 1234 1888 ln
1293 1833 1532 1887 animum
1565 1844 1745 1885 sermo
1783 1845 1907 1884 eum
1946 1829 2028 1882 in-

2146 1836 2200 1890 Ξν
2231 1851 2314 1900 τις
2342 1835 2492 1907 εἴπῃ,
2529 1837 2684 1889 πόλιν
2724 1838 2979 1907 περιοχῆς
3008 1837 3366 1908 ἀντιπύργου,
3421 1838 3481 1892 δν
3543 1856 3722 1893 πνευ-

448 1935 640 2000 ιιιιλίις
693 1931 785 1986 sed
821 1930 1034 1999 penitus
1085 1943 1183 1996 pro
1229 1942 1334 1978 uno
1368 1923 1542 1978 incola
1587 1923 1761 1977 locum
1808 1921 2026 1985 habere,

453 2031 668 2098 plenam
718 2039 861 2087 csse,
920 2037 1021 2076 nec
1062 2021 1325 2088 reliquum
1356 2017 1496 2071 intra
1543 2015 1744 2069 habere
1774 2026 2027 2077 vacuum,

451 2121 714 2175 latebram
773 2116 1075 2177 occultans,
1135 2123 1189 2165 ιιι
1241 2110 1440 2165 similia
1499 2108 1697 2162 imitari
1752 2106 2026 2176 attigerit,

455 2214 741 2266 columnas
773 2218 827 2261 et
868 2209 1088 2259 arbores
1132 2220 1161 2257 a
1195 2203 1396 2272 quibus
1430 2216 1625 2255 nomen
1681 2207 2032 2267 sumpserunt

449 2301 815 2358 inhabitantes
854 2308 1088 2361 κωκυ
1129 2312 1227 2349 nec
1259 2298 1311 2348 in
1352 2292 1685 2362 receptacula
1710 2298 1763 2345 et
1788 2301 2030 2345 ventrem

452 2394 951 2464 quemdamgtperta
971 2388 1040 2441 slt
1058 2387 1275 2441 dilatata
1295 2385 1538 2440 colmnna
1559 2391 1735 2437 nostra
1758 2397 1781 2448 ;’
1799 2397 1870 2435 ne
1898 2380 2035 2433 forte

454 2484 771 2540 coitcavitas
803 2481 904 2534 ista
937 2477 1328 2532 redundantius
1379 2472 1711 2544 ientaculum
1760 2471 1954 2527 habeat
1980 2480 2035 2523 et

452 2573 811 2645 apostolicam
847 2569 1216 2625 sterilitatem.

452 2684 614 2737 μενος
645 2681 661 2696 ο

449 2760 632 2830 λικῆν.

520 2856 611 2910 68.
650 2854 771 2921 Quo
820 2851 963 2907 enim
1021 2863 1160 2920 opus
1218 2848 1381 2902 habet
1439 2845 1620 2918 stylita
1657 2853 1848 2899 noster
1900 2856 2037 2911 prae-

451 2946 641 3001 sertim
673 2944 789 2998 fere
833 2941 944 3009 jam
976 2948 1244 3004 mortuus,
1291 2939 1385 3007 qui
1435 2937 1517 2992 sic
1547 2936 1781 3006 seipsum
1812 2933 2035 2988 damnat

451 3055 509 3095 et
534 3034 811 3106 castigat?
844 3031 903 3088 Si
935 3032 1079 3087 enim
1110 3030 1278 3083 turris
1311 3028 1561 3081 columna
1596 3026 1681 3078 illa
1714 3024 2034 3088 mstimatttr,

2138 1928 2383 1999 ματικῶς
2450 1930 2552 1998 ἠδη
2622 1929 3066 1999 τεθεωρήκαμεν,
3147 1932 3280 1999 μηδὲ
3335 1929 3718 2000 σωληνοειδῶς

2134 2018 2452 2087 τετρῆσῗαι,
2500 2019 2551 2071 εί
2585 2019 2677 2071 καὶ
2735 2019 2913 2082 ἄλλως
2961 2023 3042 2083 είς
3077 2018 3306 2089 θεωρίαν
3356 2022 3623 2092 τοιαύτην
3687 2022 3720 2074 ὁ

2136 2108 2294 2176 λόγος
2317 2109 2480 2162 αὑτὸν
2514 2111 2858 2179 περιήγαγεν
2879 2124 2893 2140 ·
2927 2110 3063 2163 ἀλλά
3120 2111 3295 2164 διόλου
3330 2111 3521 2180 γέμειν
3579 2113 3717 2165 ἑαυ-

2135 2200 2253 2265 τοῦ,
2306 2202 2401 2254 καὶ
2460 2202 2655 2254 ναστὸν
2707 2197 2847 2254 εἶναι
2893 2202 2989 2255 καὶ
3039 2202 3245 2272 πλήρη.
3312 2203 3407 2255 καὶ
3455 2202 3621 2273 μηδέν
3661 2220 3716 2257 τι

2142 2290 2284 2361 ἔχειν
2313 2291 2577 2345 ὑπόκενον
2607 2293 2702 2346 κα)⁵
2732 2294 3010 2358 κοιλιῶδες
3046 2296 3140 2348 καὶ
3180 2292 3433 2360 ὓπουλον,
3468 2295 3557 2349 ἵνα
3591 2292 3713 2365 εἶχε

2146 2380 2435 2450 μιμεῖσθαι
2462 2382 2531 2435 τὰ
2563 2381 2804 2451 ὁμοειδῆ,
2837 2384 2962 2445 τοὺς
3018 2385 3204 2446 κίονας
3237 2383 3333 2437 καὶ
3364 2385 3429 2438 τὰ
3489 2385 3714 2455 δένδρα,

2142 2471 2227 2539 ἐφ’
2282 2467 2354 2524 ὧν
2401 2473 2452 2525 οἷ
2486 2475 2980 2543 παρωνυμούμενοι
3052 2476 3241 2539 αὐτοῖς
3293 2477 3557 2547 ἀσκηταὶ,
3614 2478 3714 2531 καὶ

2146 2563 2222 2632 μὴ
2251 2566 2327 2626 είς
2358 2563 2584 2633 δεχάδας
2625 2567 2717 2617 καὶ
2757 2566 2965 2629 κοιλίας
3019 2568 3171 2630 τινὰς
3201 2569 3452 2639 ἠνοίγετο
3483 2569 3719 2640 cupavo-'-

719 2666 930 2735 μήποτε
981 2661 1044 2715 τὸ
1105 2658 1383 2723 κοιλιῶδες
1432 2657 1592 2711 τοῦτο
1672 2658 1772 2729 ἔχῃ
1824 2672 1878 2707 τι
1936 2655 2032 2707 καὶ
2107 2656 2531 2728 πλησριιὶιτερον
2604 2658 2876 2728 ἔμϐρωμα
2937 2660 3035 2713 καὶ
3087 2662 3428 2732 κατάργησιν
3481 2665 3719 2716 ἀποστο-

2217 2837 2327 2910 ξην.
2358 2839 2453 2903 Τίς
2486 2841 2595 2911 γὰρ
2624 2842 2717 2895 καὶ
2743 2842 2900 2912 χρεία
2925 2831 3100 2916 τούτῳ
3124 2846 3202 2916 τῷ
3256 2848 3721 2923 ἐγκατῳκοδομη.

2142 2931 2309 3001 μένῳ,
2345 2928 2580 2999 μάλιστα
2615 2931 2713 2999 μὲν
2744 2927 2839 2984 οὖν
2881 2932 3082 3003 μικροῦ
3114 2937 3210 2987 καὶ
3263 2938 3572 3001 τεθνειῶτι,
3616 2939 3717 2992 καὶ

2140 3018 2314 3083 οὕτως
2338 3021 2529 3073 ἑαυτὸν
2561 3021 2987 3078 καταδικάσαντι
3018 3025 3114 3079 καὶ
3144 3026 3472 3096 meum;
3519 3029 3579 3083 El
3603 3032 3719 3102 γὰρ

453 3131 506 3184 in
556 3142 663 3198 qua
704 3136 957 3194 tanquam
1007 3136 1036 3175 e
1063 3117 1313 3174 custodia
1350 3116 1635 3185 speculans
1668 3114 1894 3177 stetisti,
1930 3114 2036 3166 ad-

2146 3114 2238 3166 καὶ
2266 3112 2525 3182 πύργοςό
2562 3131 2582 3165 ι
2642 3112 2831 3175 στύλος
2884 3134 2903 3167 ι
2946 3115 3283 3188 τεθεώρηται
3337 3113 3513 3186 οὗτος,
3574 3124 3633 3176 ἐν
3667 3118 3716 3190 ᾧ

455 3224 559 3275 huc
609 3219 770 3273 etiam
834 3224 891 3267 ut
940 3212 1135 3267 civitas
1191 3221 1283 3263 aut
1322 3208 1462 3263 sicut
1517 3223 1634 3270 arx,
1686 3222 1806 3276 qua:
1862 3205 2036 3258 omnia

2146 3203 2399 3276 καθάπερ
2426 3205 2518 3257 ἐπί
2552 3222 2699 3268 τινος
2734 3207 2989 3277 φυλακῆς
3017 3210 3415 3265 ἀποσκοπεύων
3448 3214 3717 3283 ἕστηκας,

456 3306 790 3377 receptacula
830 3310 990 3368 sunt;
1042 3299 1203 3370 idque
1260 3314 1364 3353 non
1419 3296 1537 3351 sine
1582 3294 1849 3364 analogia.
1907 3291 2036 3347 Nam

2146 3295 2225 3349 ἔτι.
2253 3295 2311 3348 δὲ
2344 3296 2438 3348 καὶ
2465 3296 2541 3360 ὡς
2592 3316 2612 3348 ι
2649 3298 2823 3364 πόλις,
2861 3317 2881 3350 ι
2918 3299 3054 3354 ἀλλά
3086 3301 3150 3373 δὴ
3212 3304 3305 3356 καὶ
3357 3305 3434 3367 ὡς
3487 3323 3508 3357 ι
3546 3306 3721 3373 φρού-

458 3399 602 3469 quod
659 3397 825 3450 turris
873 3403 956 3447 est
1002 3392 1263 3446 militibus
1321 3391 1375 3442 in
1426 3403 1489 3442 ea
1556 3378 1866 3449 stantibus,
1898 3384 2041 3453 quod

453 3491 652 3545 civitas
686 3488 835 3542 illam
871 3483 1144 3539 indefesso
1173 3479 1632 3544 cusmdieutibus,
1667 3490 1723 3533 et
1772 3477 2036 3546 refugium

468 3581 537 3633 iis
570 3575 660 3646 qui
691 3576 756 3629 ad
793 3577 844 3630 id
874 3574 1132 3627 tuendum
1167 3570 1515 3633 adhibentur,
1542 3568 1669 3621 illud
1697 3578 1821 3621 sunt
1852 3580 2041 3635 super-

456 3669 733 3725 stantibus
764 3667 966 3720 ascetls
993 3664 1278 3719 columnae.
1314 3658 1457 3714 Vere
1485 3661 1702 3730 quidem
1724 3658 1875 3728 juxta
1896 3658 2035 3711 dicta

461 3761 530 3813 ab
569 3757 725 3812 initio
775 3756 1029 3810 columna
1079 3768 1204 3806 eum
1251 3752 1343 3821 qui
1377 3750 1581 3805 insistit
1613 3747 1872 3810 sut‘fulcit,
1914 3762 2044 3800 ιιοιιο

459 3862 593 3905 tinet
627 3851 787 3920 eique
847 3848 1003 3902 sedes
1044 3856 1143 3901 est.
1185 3842 1454 3899 Perforari
1483 3856 1612 3897 vero
1641 3850 1693 3895 et
1728 3838 2042 3910 profundant

457 3957 744 3996 cavernam
778 3940 977 3995 habere
1003 3935 1316 4005 scpimentis
1362 3935 1624 3995 clausam,
1652 3949 1755 3986 non
1786 3934 1901 3987 sine
1930 3946 2046 3984 ma-

459 4031 574 4083 litia
600 4028 783 4083 dicent
804 4027 897 4094 qui
929 4026 1213 4094 obiurgare
1247 4022 1450 4076 volunt.

2146 3403 2282 3456 ριον,
2320 3405 2338 3439 ι
2378 3387 2603 3442 δεκτικὰ
2628 3389 2684 3442 δὲ
2703 3391 2877 3443 ταῦτα
2906 3393 3105 3458 πάντα,
3136 3395 3227 3448 καὶ
3285 3396 3503 3465 στέγειν
3562 3399 3718 3462 ἐντός

2141 3493 2193 3529 τι
2252 3476 2581 3547 ἐτάχθησαν.
2644 3480 2784 3532 Ἀλλ’
2833 3483 3016 3536 ἐκεῖνα
3069 3483 3189 3551 μὲν-
3222 3490 3359 3557 πρὸς
3415 3488 3716 3555 ἀναλογίαν

2142 3568 2286 3623 τινά.
2322 3571 2388 3622 Ὀ
2422 3571 2532 3641 γάρ
2562 3572 2590 3624 ό
2623 3572 2834 3643 πύργος
2865 3577 2977 3638 τοῖς
3011 3577 3099 3630 ἐπ’
3125 3577 3293 3631 αὑτοῦ
3324 3578 3715 3648 στρατιώταις,

2142 3662 2237 3714 καὶ
2264 3661 2298 3731 ἡ
2339 3662 2492 3726 πόλις
2524 3665 2635 3726 τοῖς
2669 3664 2839 3735 αὐτὴν
2864 3665 3088 3731 ἁΰπνως
3139 3668 3500 3736 φυλάσσουσι,
3530 3672 3625 3723 καὶ
3648 3674 3717 3724 τὸ

2147 3753 2528 3822 κρησφύγετον
2558 3758 2671 3820 τοῖς
2698 3759 3053 3826 τεταγμένοις
3084 3764 3361 3830 φρουρεῖν,
3403 3762 3559 3814 τοῦτο
3616 3764 3718 3816 καὶ

2147 3842 2198 3894 oi
2230 3861 2248 3894 ι
2287 3844 2468 3897 στύλοι
2511 3863 2529 3896 ι
2568 3849 2681 3910 τοῖς
2735 3849 2822 3900 ἐπ’
2869 3850 3054 3919 αὑτῶν
3115 3852 3403 3921 ἀσκηταῐς.
3470 3853 3716 3923 Ἀληθῶς

2160 3936 2259 4004 μέν
2290 3955 2371 3990 τοι
2401 3940 2429 3992 ό
2464 3958 2483 3991 ι
2528 3941 2716 4003 στύλος
2747 3960 2764 3993 ι
2807 3943 2947 3995 κατὰ
2973 3943 3066 3997 τὸν
3096 3946 3155 3998 ὲν
3212 3945 3514 4017 προοιμίοις
3551 3947 3721 4015 λόγον

2152 4024 2428 4096 ὐπερείδει
2470 4031 2563 4082 καὶ
2595 4031 2778 4100 ἀνέχει
2800 4033 2895 4085 καὶ
2924 4033 3129 4103 ἑδραιοῖ
3163 4034 3222 4087 τὸ
3246 4034 3359 4088 ἀνω
3388 4036 3714 4106 φερόμενον.

462 4116 865 4185 Διατετρῆσθαι
915 4115 971 4166 δὲ
1026 4114 1210 4176 αὑτὸν,
1251 4111 1349 4164 καὶ
1406 4110 1541 4180 βαθὺ
1586 4111 1809 4181 κένωμα
1865 4110 2035 4179 ἔχειν,
2077 4113 2454 4190 διειργόμενον
2492 4122 2961 4193 περιφράγμασιν,
3026 4126 3126 4178 οὐκ
3162 4127 3437 4197 ἀπόνηρον
3501 4127 3719 4190 εἴποιεν

465 4211 534 4263 ἂν
559 4210 611 4261 οι
643 4207 1035 4277 μωμοσκοπεῖν
1064 4204 1404 4274 βουλόμενοι.

537 4303 630 4358 69.
673 4302 779 4356 Sed
817 4300 1124 4369 argutiores
1147 4313 1307 4368 apum
1355 4298 1537 4351 alveos
1578 4297 1701 4350 talia
1748 4298 2040 4366 vocabunt,

466 4399 520 4452 in
543 4397 741 4467 quibus
776 4393 935 4449 dulce
971 4392 1292 4445 alimentum
1330 4390 1547 4443 ascetici
1575 4389 1818 4460 ﬂorilegii
1851 4406 2042 4445 recon-

463 4490 633 4544 ditur.
659 4485 764 4541 ΑΙιί
791 4484 1133 4539 formicetum
1154 4484 1415 4537 bonorum
1447 4492 1818 4550 nuncupantes
1835 4481 2045 4536 colum-

467 4598 614 4647 nam,
640 4580 778 4635 sicut
812 4575 1092 4632 formicam
1126 4575 1392 4629 hominem
1419 4574 1753 4641 contemptui
1790 4589 2045 4644 magnum

465 4669 564 4737 qui
602 4669 657 4722 in
687 4680 754 4722 eo
783 4674 868 4722 est
898 4663 1175 4719 hominem
1209 4662 1525 4730 habebunt;
1558 4664 1802 4718 nobilius
1822 4675 1964 4719 esset
2002 4664 2045 4719 si

472 4758 934 4815 formica-leonem
961 4758 1224 4820 dicerent,
1249 4758 1376 4825 quia
1406 4755 1594 4808 melius
1623 4766 1707 4808 est
1738 4757 1914 4823 perire
1934 4755 2049 4808 ina-

470 4851 674 4904 nitione
721 4848 863 4918 quod
886 4848 955 4902 de
1005 4846 1388 4902 l‘ormicaleone
1439 4853 1715 4908 narratur,
1769 4861 1928 4912 quam
1972 4847 2050 4900 sic

470 4944 677 5006 vivere,
729 4939 942 4994 scilicet
965 4948 1022 4993 et
1044 4936 1287 4992 lormiea:
1330 4950 1483 4989 more
1539 4935 1590 4989 in
1626 4937 1880 4990 horreum
1920 4951 2051 4991 con-

470 5046 721 5104 gregare.
739 5029 971 5096 Quidam
1024 5043 1153 5083 vero
1183 5042 1367 5082 cavam
1414 5025 1718 5080 columnam
1750 5042 1872 5081 cum
1926 5043 2050 5082 osse

472 5123 707 5180 medulla
733 5121 1050 5176 vacuefacto
1090 5120 1506 5189 aequipari-antes,
1541 5132 1660 5171 eam
1692 5133 1812 5186 qua:
1838 5132 1943 5171 non
1972 5120 2051 5173 sic

474 5227 638 5269 vacua
665 5222 748 5267 est
771 5211 912 5266 dulci
938 5210 1168 5280 quadam
1188 5209 1421 5263 medulla
1441 5207 1695 5263 refertam
1717 5210 2047 5278 excogitant;

474 5309 628 5363 multi
648 5305 861 5362 calamo
882 5301 1137 5357 mellitluo
1154 5311 1467 5371 comparant
1484 5316 1603 5371 qua:
1616 5300 1860 5355 articulis
1881 5302 2049 5355 inter-

474 5411 651 5467 rupta,
669 5398 810 5453 sicut
828 5403 883 5450 et
904 5393 1169 5464 geniculis
1194 5393 1423 5457 culmus,
1460 5392 1613 5459 plena
1638 5400 1722 5445 est
1752 5394 2047 5445 secundum

473 5503 571 5544 eos
595 5487 895 5543 dulcedine.
912 5484 1230 5539 Paucissimi
1251 5498 1375 5536 vero
1400 5482 1594 5535 bonum
1613 5480 1815 5550 aliquid
1832 5483 2049 5549 excogi-

476 5578 673 5630 tahuut
708 5595 723 5631 :
757 5586 810 5631 et
837 5578 917 5632 sic
964 5576 1157 5648 plenus
1186 5572 1288 5630 erit
1314 5573 1722 5628 tttalcdictorum
1754 5587 1918 5627 cavus
1949 5590 2041 5626 eo.

477 5668 676 5723 inania:
708 5670 877 5724 locus.

2215 4300 2311 4366 50'.
2360 4303 2499 4357 Ἀλλ’
2550 4306 2598 4359 οί
2656 4307 3067 4378 περιεργότεροι
3131 4326 3152 4361 ‹
3200 4310 3483 4380 σήραγγας
3526 4328 3547 4363 ι
3609 4329 3716 4381 με-

2145 4394 2337 4464 λίσσης
2378 4394 2588 4448 εἴποιεν
2611 4395 2679 4450 ἄν
2705 4399 2773 4452 τὰ
2794 4398 3038 4465 τοιαῦτα,
3081 4400 3137 4453 ὲν
3192 4394 3273 4463 οἷς
3306 4400 3477 4468 γλυκύ
3532 4418 3589 4454 τι
3617 4404 3719 4455 καὶ

2145 4484 2416 4556 τρόφιμον
2446 4485 2757 4557 ἀσκητικῆς
2806 4487 3129 4556 ἀνθολογίας
3182 4489 3448 4557 ἔγκειται.
3491 4489 3717 4562 Ἕτεροῑ

2156 4597 2175 4629 ι
2215 4579 2539 4648 μυρμηκιὰν
2578 4598 2597 4630 ι
2633 4578 2855 4647 ἀγαθῶν
2882 4580 3274 4650 προσειπόντες
3312 4580 3403 4634 τὸν
3436 4600 3456 4633 ι
3484 4581 3716 4636 στύλονν

2150 4669 2363 4734 τοῦτον,
2397 4666 2472 4729 ὡς
2502 4669 2584 4731 είς
2621 4687 2640 4720 ι
2691 4670 3208 4741 μυρμηκάνθρωπον
3250 4690 3269 4723 ι
3314 4671 3729 4726 ταπεινώσουσι

2150 4761 2242 4814 τὸν
2265 4761 2324 4814 ὲν
2353 4759 2503 4830 αὑτῷ
2536 4761 2713 4829 μέγαν
2761 4760 3052 4832 ἄνθρωπον
3077 4780 3090 4794 ο
3122 4758 3191 4834 ἦν
3222 4762 3278 4816 δὲ
3310 4762 3423 4833 ἄρα
3456 4764 3715 4831 σεμνότει

2149 4869 2261 4917 ρον,
2295 4851 2371 4914 ὡς
2411 4852 2490 4913 είς
2527 4869 2546 4902 ι
2589 4852 3064 4922 μυρμηκολέοντα,
3109 4872 3128 4905 ι
3180 4854 3263 4906 ὅτι
3307 4854 3401 4906 καὶ
3442 4848 3713 4921 κ’ρείττον,

2145 4940 2449 4994 ἀπολέσθαι
2481 4941 2634 5011 παρὰ
2661 4942 2721 4994 τὸ
2752 4942 2826 5011 μὴ
2849 4941 2995 5011 ἔχειν
3022 4943 3254 5013 τροφὴν,
3290 4943 3320 4995 δ
3371 4944 3433 5012 δὴ
3463 4943 3541 5014 τῷ
3568 4960 3713 5014 μυρ-

2151 5031 2473 5101 μηκολέοντι
2549 5032 2911 5098 ὲπιλαλεῖται,
2964 5034 3110 5104 ἥπερ
3148 5033 3289 5087 οὕτω
3340 5034 3458 5104 ζῇν,
3518 5034 3716 5102 ἔχοντα

2149 5127 2245 5177 καὶ
2280 5120 2587 5191 συνάγοντα
2631 5124 3055 5193 μυρμηκοειδῶς
3079 5126 3160 5188 εἰς
3217 5126 3503 5180 ἀπόθετον.
3538 5126 3605 5177 Οἱ
3655 5125 3712 5177 δέ

2148 5231 2291 5276 τινες
2321 5215 2413 5266 τὸν
2457 5216 2696 5269 ἀκοίλιον
2751 5233 2770 5266 t
2808 5215 2998 5268 στύλον
3029 5235 3048 5266 ι
3095 5219 3172 5279 εἰς
3214 5232 3232 5267 ι
3296 5215 3490 5268 ὀστοῦν
3545 5216 3705 5284 ἀμύξ-

2149 5305 2239 5358 λον
2275 5322 2293 5357 ι
2330 5306 2784 5374 παρεικάζοντες,
2834 5306 2924 5360 τὸν
2970 5307 3044 5376 μὴ
3069 5307 3309 5360 τοιοῦτον
3348 5306 3542 5375 μυελοῦ
3570 5323 3711 5367 τινος

2149 5398 2344 5465 γέμειν
2366 5396 2515 5459 ἐντὸς
2554 5398 2815 5466 νοστίμου
2868 5399 3264 5467 φαντάσονται·
3292 5398 3475 5451 πολλοὶ
3515 5397 3570 5449 δὲ
3620 5399 3709 5447 καὶ

2159 5508 2177 5540 ι
2222 5489 2595 5558 μελιτοτρόφῳ
2642 5489 2873 5558 καλάμῳ
2913 5508 2931 5539 ι
2971 5489 3058 5540 τὸν
3107 5488 3345 5540 τοιοῦτον
3406 5506 3425 5538 ι
3466 5485 3653 5538 στύλον
3691 5504 3711 5536 ι

2154 5579 2641 5649 παρεξετάσουσιν,
2704 5578 2761 5641 ὃς
2816 5580 3191 5648 διειργόμενος
3243 5578 3712 5647 μεσολαθήμασιν,

2144 5667 2243 5720 ὅσα
2310 5668 2403 5719 καὶ
2458 5664 2781 5728 συνδετικοῖς
2845 5669 2871 5719 ό
2925 5666 3168 5734 κάλαμος
3240 5667 3462 5732 γόνασι,
3542 5666 3709 5731 papi-
