4002 6208
234 277 349 343 257
1410 277 1512 337 ΑΙ)
1548 275 1829 336 ΞἹὝΙᾸἸἍ

1957 273 2276 347 QUEMDA
2288 273 2365 334 Μ.
3402 273 3508 339 258

246 404 480 450 στωτσι,
548 386 621 449 ὡς
677 386 747 439 ἂν
817 386 1026 439 εἴποιεν
1104 384 1299 447 αὐτοὶ,
1373 385 1466 439 τοῦ
1537 383 1917 453 γλυκάζοντος.
2007 381 2209 449 Ὀλίγοι
2280 381 2337 435 δέ
2406 398 2550 446 τινες
2612 399 2633 435 ι
2684 382 2888 453 ὀγαύόν
2957 404 3008 441 τι
3060 404 3081 439 ι
3159 383 3509 454 λογίσονσιςιιι⁸

242 482 346 535 καὶ
383 479 529 533 οὕτω
588 478 794 548 πλῆρες
838 476 996 530 ἔσται
1067 475 1410 531 κακολογιῶν
1455 476 1517 530 τὸ
1572 475 1669 529 τοῦ
1718 492 1737 525 ι
1777 472 1974 526 στύλον
2006 492 2024 524 ι
2084 474 2329 543 κένωμα.

321 590 392 646 ο’.
432 589 684 645 Kaﬂeaz:
697 589 874 659 μένων
901 588 960 641 δὲ
1008 585 1149 640 οὕτω
1182 587 1273 641 καὶ
1304 586 1529 652 τούτων,
1556 588 1585 640 ὁ
1634 605 1653 638 ι
1695 585 1825 637 στύ-

2001 586 2087 641 70.
2107 585 2196 641 Sic
2212 601 2344 641 vero
2365 587 2629 642 ordinatis
2648 590 2784 657 istis,
2798 592 3108 647 venerabile
3125 590 3269 646 aliud
3285 588 3512 645 habebit

243 685 339 746 λος
376 701 401 735 ο
434 677 591 742 οὗτος
630 681 739 749 εχει
777 680 874 731 καὶ⁸
910 680 1098 748 ἕτερόν
1141 695 1196 731 τι
1253 680 1475 748 σεμνὸν,
1527 679 1629 748 τὴν
1679 678 1829 731 θέσιν

1938 676 2212 743 toltttnnn,
2243 678 2403 732 silum
2431 680 2670 747 inquam.
2700 679 2859 736 Vides
2876 684 3041 742 enim,
3065 696 3099 735 o
3145 691 3349 745 asceta,
3372 695 3512 750 quo-

246 777 351 845 τὴν
408 773 671 842 τοπικ-ήν.
713 771 880 841 Ὁρᾷς
930 769 1062 841 γὰρ,
1130 764 1176 823 ὧ
1249 769 1485 838 ἀσκητὰ,
1534 770 1684 830 ὅπως
1734 771 1829 821 καὶ

1940 768 2101 822 modo
2126 770 2331 823 circum
2363 778 2412 822 te
2437 785 2589 825 mare
2612 770 2757 826 istud
2782 773 3292 842 contemp'ationem
3322 784 3507 842 attget.

248 866 503 918 ῦάλασσα
540 861 669 933 περί
702 878 762 914 σε
820 861 987 928 αὕτη,
1046 861 1143 929 τὴν
1204 860 1438 929 Θεωρίαν
1490 857 1829 922 ἐπαύξουσα.

1940 857 2056 911 Non
2092 862 2235 913 enim
2285 860 2458 914 solum
2491 862 2558 916 ad
2592 864 2741 915 visus
2766 864 3163 933 iucunditatem
3204 876 3260 920 et
3291 865 3508 919 miratin

247 957 328 1010 Οὐ
372 957 487 1024 γὰρ
550 955 711 1023 μόνον
769 953 851 1016 είς
917 952 1130 1023 τρυφὴν
1189 951 1287 1004 καὶ
1342 950 1526 1019 θαῦμα
1580 951 1829 1002 ἔκκειται

1940 962 2061 1001 nem
2082 948 2412 1015 adjacet,sed
2433 952 2591 1004 etiam
2615 952 2682 1006 ad
2702 953 2917 1009 virtutis
2933 957 3303 1023 magisterium
3325 974 3336 1008 :
3362 955 3508 1010 unde

244 1048 449 1117 ὅψεως,
497 1046 635 1099 ἀλλὰ
688 1046 779 1098 καὶ
805 1045 885 1105 εἰς
919 1043 1122 1114 ἀρετῆς
1154 1042 1519 1106 διδασκάλων,
1554 1042 1628 1103 ὡς
1661 1040 1825 1093 δύνα-

1937 1049 2088 1107 ροιυε
2130 1057 2192 1094 ex
2228 1044 2346 1109 ipso
2380 1043 2662 1113 spirituale
2698 1045 2913 1101 lucrum
2958 1048 3229 1112 obtinere,
3266 1063 3367 1104 nec
3419 1065 3507 1102 re-

247 1140 383 1193 σθαι
418 1138 615 1207 κέρδος
672 1135 1080 1206 ἐμπορεύεσθαι
1134 1152 1194 1187 σε
1249 1134 1481 1204 ψυχικὸν
1525 1135 1584 1200 ἐξ
1633 1134 1827 1203 αὐτῆς,

245 1232 344 1284 καὶ
375 1230 452 1300 μὴ
485 1227 805 1296 λογίζεσθαι
837 1226 1047 1295 ταύτην
1074 1228 1154 1289 είς
1187 1224 1470 1289 παντελῶς
1496 1224 1821 1296 ἀτρύγετον,

244 1322 369 1387 dre
409 1318 623 1388 καρπὸν
649 1316 764 1370 ἐστι
789 1316 996 1386 τρυγᾷν
1026 1316 1088 1380 ἐξ
1116 1315 1286 1384 αὐτῆς
1316 1314 1602 1385 σωτήριον.
1640 1313 1827 1384 Ἔχεις

1934 1139 2126 1200 putare
2159 1133 2323 1189 debes
2353 1135 2567 1204 penitus
2592 1138 2796 1203 sterile,
2822 1154 2852 1192 a
2883 1153 2989 1208 quo
3019 1138 3228 1194 fructus
3249 1140 3509 1195 salutaris

1934 1221 2240 1285 metendus.
2295 1224 2658 1281 Considerare
2709 1228 2872 1283 debes
2926 1244 3092 1297 grave
3152 1239 3205 1284 et
3261 1229 3507 1299 philoso-

1930 1313 2089 1382 phice
2143 1329 2447 1378 recensere,
2474 1334 2578 1371 non
2605 1317 2715 1386 jam
2758 1319 2880 1374 dico
2929 1320 2977 1375 si
3007 1321 3121 1375 aeri
3184 1321 3509 1378 extendatur

243 1413 358 1481 γὰρ
380 1410 761 1478 ηταθεωρείν
795 1407 1144 1476 σεμνότερον,
1184 1408 1280 1460 καὶ
1316 1405 1622 1475 φιλοσόφως
1653 1403 1824 1476 αὐτὴν

1936 1419 2180 1471 consors,
2222 1422 2322 1462 nec
2355 1409 2401 1462 si
2436 1424 2600 1479 super
2627 1420 2829 1465 terram
2872 1411 3223 1477 rotundetur,
3264 1428 3364 1467 nec
3402 1428 3508 1467 cur

244 1498 707 1561 ἐπισκέπτεσθαι,
740 1498 804 1551 ού
837 1488 1003 1566 λέγω,
1066 1499 1226 1568 εἴπερ
1281 1495 1359 1567 τῷ
1424 1495 1548 1566 ἀέρι
1598 1496 1827 1566 κέχυται

1937 1494 2147 1549 salsum
2197 1506 2251 1551 et
2299 1511 2548 1552 amarum
2589 1502 2705 1554 sive
2746 1516 2908 1556 amne
2935 1511 2987 1556 et
3018 1502 3309 1558 dulcedine
3352 1503 3504 1558 omni

247 1594 550 1661 ἰσόμοιρος,
579 1589 701 1644 οὐδὲ
746 1590 907 1659 εῐπερ
936 1590 1003 1660 τῇ
1059 1591 1130 1658 γῇ
1177 1587 1644 1659 συνεσφαίρωται,
1700 1587 1824 1641 οὐδὲ

1936 1597 2307 1656 permanente,
2341 1589 2458 1644 sive
2490 1605 2588 1659 per
2622 1591 2784 1646 talem
2821 1592 3030 1647 feratur
3070 1602 3297 1657 terram,
3333 1609 3364 1649 a
3397 1610 3504 1663 qua

240 1684 394 1737 διατι
458 1682 682 1754 ἁλμυρὰ
741 1684 841 1737 καὶ
905 1680 1102 1751 πικρὰ,
1169 1680 1264 1733 καὶ
1310 1680 1423 1733 εἴτε
1468 1678 1821 1751 διῃτουμένου

1936 1675 2168 1730 similem
2198 1678 2422 1735 eiiciens
2447 1680 2733 1735 humorem
2776 1684 3127 1739 mundantem
3156 1686 3208 1739 in
3240 1700 3299 1740 se
3329 1685 3503 1755 ipsam

240 1776 340 1830 τοῦ
373 1774 628 1845 ποταμοῦ
665 1776 762 1829 καὶ
783 1772 1013 1842 γλυκέος
1049 1771 1274 1836 παντὸς,
1322 1770 1436 1824 είτε
1471 1772 1566 1823 καὶ
1620 1770 1705 1823 ὅτι
1735 1769 1823 1822 διὰ

1936 1766 2181 1831 includit,
2220 1785 2319 1825 nec
2351 1771 2396 1825 si
2431 1773 2561 1840 quid
2590 1773 2753 1827 simili
2786 1774 3101 1830 curiositate
3130 1776 3374 1842 dignum,
3405 1775 3503 1831 sed

241 1867 509 1935 τοιαύτης
540 1866 774 1935 φέρεται
801 1864 927 1934 γῆς,
974 1862 1073 1932 ἀφ’
1100 1858 1169 1935 ἦς
1197 1845 1302 1915 τὸν
1339 1861 1524 1931 ὅμοιον
1555 1861 1825 1928 ὲκματτο-

1936 1869 2194 1929 quantum
2239 1862 2307 1917 ad
2352 1878 2533 1919 mores
2578 1874 2815 1919 transeat
2841 1875 2895 1920 et
2924 1866 2978 1920 in
3007 1880 3117 1937 quo
3144 1867 3325 1921 anima
3357 1874 3506 1921 recte

244 1960 386 2031 μὲν-η
417 1959 597 2031 χυμὸν
625 1955 1142 2025 ὲναποπλυνόμενον
1175 1952 1361 2021 στέγει
1399 1954 1458 2006 ἐν
1484 1952 1679 2022 ἑαυτῇ,
1698 1950 1821 2004 οὐδὲ

1936 1961 2282 2020 componatur
2316 1953 2574 2008 virtutem
2602 1955 2972 2023 ponderando.

240 2054 300 2107 ετ
346 2071 403 2105 τι
431 2051 676 2105 τοιοῦτον
704 2049 1035 2121 περίεργον·
1069 2045 1186 2102 ἀλλ’
1217 2045 1318 2100 ὅσα
1361 2044 1498 2117 πρὸς
1533 2039 1666 2116 ἦθος
1721 2039 2008 2108 διαϐαίνει,
2063 2044 2158 2096 καὶ
2191 2043 2286 2112 ἀφ’
2349 2038 2426 2100 ὧν
2488 2046 2634 2117 ψυχὴ
2695 2049 3507 2122 καταρτίζεται,υφιλοσοφοῦσα

241 2144 345 2216 τὴν
368 2142 602 2211 ἀρετήν.

311 2233 420 2292 οα¹.
458 2236 617 2287 Ἔστι
641 2249 726 2286 σοι
761 2232 871 2301 γὰρ
892 2231 973 2295 είς
1002 2228 1175 2283 τύπον
1217 2228 1336 2299 βίου
1388 2228 1484 2282 τοῦ
1524 2229 1647 2283 καθ’
1680 2228 1826 2299 ἡμᾶς

245 2328 448 2381 θέσθαι
468 2325 697 2394 ταύτην,
724 2324 823 2377 καὶ
842 2324 901 2390 ἐξ
922 2323 1092 2392 αὐτῆς
1149 2318 1438 2393 ῥυθμίζειν
1465 2323 1592 2383 τοὺς
1638 2322 1830 2385 ἐντυγ-

244 2419 542 2488 χάνοντας.
586 2414 735 2482 Ζάλη
775 2414 904 2483 περὶ
935 2412 1130 2483 αὐτὴν,
1187 2411 1409 2480 κύματα
1465 2409 1595 2479 περὶ
1634 2408 1826 2477 αὐτὴν,

244 2504 515 2573 ναυαγίαι
545 2502 675 2573 περὶ
701 2502 897 2571 αὐτήν.
932 2499 1043 2554 Καὶ
1070 2500 1163 2551 νῦν
1202 2499 1301 2569 μὲν
1331 2498 1609 2571 προσηνὴς
1634 2495 1828 2566 ἥπλω-

245 2615 363 2662 ται,
393 2597 492 2649 καὶ
538 2594 751 2648 ἁπαλὸν
779 2593 1111 2662 ύποσκιρτᾷ,
1138 2591 1235 2644 καὶ
1280 2591 1378 2644 οὐκ
1415 2589 1483 2643 ἂν
1534 2588 1828 2641 πολυανθεῖ

245 2689 482 2759 λειμῶνι
542 2686 928 2757 παραχωρήσει
986 2683 1083 2736 τοῦ
1144 2684 1223 2745 εἰς
1291 2680 1574 2751 χαρμονὴν
1642 2679 1828 2731 καλλι-

249 2783 435 2838 στείου
463 2796 477 2810 ·
516 2775 674 2842 αὖθις
699 2778 757 2832 δὲ
782 2778 862 2839 εἰς
896 2775 1069 2845 θυμὸν
1112 2775 1454 2846 ὲκμαίνεται,
1492 2773 1588 2827 καὶ
1618 2772 1827 2843 τραχύ-

249 2888 411 2941 τερον
441 2870 864 2938 ὲκτσράττεται,
922 2865 1119 2928 καὶῶς
1173 2868 1255 2928 εἰς
1317 2864 1446 2937 ᾆδον
1509 2864 1829 2933 βοορεύεται

250 2963 572 3031 φάραγγας.
605 2958 813 3027 Πάσχει
840 2956 898 3009 δὲ
926 2954 1157 3008 τοιαῦτά
1200 2972 1322 3007 τινα
1357 2954 1451 3007 καὶ
1474 2957 1502 3006 ὁ
1541 2954 1829 3022 καθ’ήμᾶς

251 3055 392 3124 βίος,
410 3053 509 3106 καὶ
538 3051 904 3119 πεπείρανται
934 3047 986 3099 οἱ
1014 3047 1139 3101 κατ’
1179 3047 1345 3100 αὑτὸν
1378 3046 1821 3106 Θαλαττεύοντες.

246 3145 487 3199 Δίδασκε
542 3142 724 3196 τοίνυν
780 3138 1033 3192 ἐντεῦθεν
1080 3139 1209 3200 τοὺς
1258 3136 1545 3206 ὁμιλητὰς,
1604 3137 1681 3206 μὴ
1733 3152 1824 3188 πι-

248 3236 470 3292 στεύειν
491 3235 722 3297 ὲαυτοὺς
746 3232 967 3301 ἀστάτῳ
995 3230 1090 3284 καὶ
1123 3229 1487 3301 πολυταράχῳ
1510 3231 1607 3282 καὶ
1638 3229 1823 3282 κινδυ-

2001 2220 2091 2275 71.
2135 2219 2309 2276 Tuum
2337 2223 2482 2277 enim
2515 2232 2597 2278 est
2626 2224 2678 2278 in
2722 2224 2845 2280 vita:
2870 2235 3067 2282 nostra
3097 2227 3328 2285 formam
3356 2231 3504 2287 illam

1928 2328 2273 2383 componere,
2290 2325 2344 2370 et
2368 2332 2461 2385 per
2487 2318 2660 2386 ipsum
2681 2328 2904 2373 cancros
2931 2322 3301 2391 regere.Circa
3320 2322 3503 2392 ipsum

1928 2406 2200 2472 procellae,
2249 2404 2466 2473 ﬂuctus,
2502 2408 2812 2477 naufragia.
2859 2409 3013 2466 Nunc
3047 2414 3265 2482 quidem
3309 2428 3502 2471 serena

1929 2495 2253 2563 explicatur,
2294 2506 2349 2551 et
2393 2499 2557 2553 molle
2613 2500 2855 2554 sedatum
2908 2512 3108 2567 manet,
3164 2519 3263 2560 nec
3313 2504 3509 2563 ﬂorido

1930 2593 2088 2651 prato
2115 2583 2436 2637 amoenitate
2464 2584 2709 2640 cederet:
2745 2586 2938 2640 iterum
2972 2603 3105 2644 vero
3134 2604 3262 2645 ecce
3316 2593 3507 2646 inher-

1932 2674 2101 2727 rescit
2148 2683 2203 2728 et
2270 2676 2526 2744 asperius
2573 2677 2825 2731 turbatur
2868 2688 2923 2731 et
2976 2681 3132 2748 quasi
3184 2681 3253 2736 ad
3305 2682 3508 2740 inferni

1931 2762 2160 2834 abyssos
2205 2765 2552 2836 deprimitur.
2601 2766 2753 2822 Talia
2809 2771 3012 2838 patitur
3067 2773 3174 2827 vita
3220 2785 3405 2829 nostra
3453 2792 3509 2831 ct

1932 2857 2139 2925 experti
2192 2866 2318 2912 sunt
2363 2859 2454 2927 qui
2487 2860 2612 2912 vitae
2659 2858 2913 2915 ﬂuctibus
2957 2861 3254 2930 iactantur.
3318 2865 3509 2935 Itaque

1935 2949 2061 3003 inde
2093 2948 2392 3016 discipulos
2446 2965 2606 3005 mone
2661 2966 2729 3006 ne
2774 2952 2829 3007 in
2884 2954 3114 3021 caduca,
3148 2955 3503 3012 multifariam

1932 3038 2147 3091 turbata
2176 3048 2232 3091 et
2260 3039 2560 3106 periculosa
2604 3054 2682 3103 re,
2715 3041 2823 3094 vita
2848 3042 3147 3111 conﬁdant,
3198 3045 3291 3099 sed
3322 3048 3507 3100 animo

1931 3142 2035 3183 suo
2066 3128 2257 3193 ﬁdere,
2308 3139 2617 3185 metuentes
2654 3146 2934 3199 permeare
2970 3144 3023 3187 et
3058 3137 3330 3190 salutares
3385 3152 3514 3207 por-

1930 3229 2019 3275 tus
2072 3235 2289 3290 semper
2338 3232 2608 3290 spectare.
2649 3222 2947 3280 Littoribus
2977 3226 3171 3281 alludit
3206 3244 3381 3294 mare,
3419 3233 3502 3284 sie

246 3327 412 3381 τώδει
467 3326 783 3394 πράγματι,
824 3321 903 3392 τῷ
946 3320 1070 3391 βίῳ,
1120 3319 1256 3373 ἀλλὰ
1300 3320 1588 3390 προσέχειν
1643 3319 1824 3387 σφίσιν

1936 3312 2164 3379 iucunde
2184 3312 2482 3383 aliquando
2499 3316 2744 3371 subridet
2766 3318 2899 3382 vita,
2925 3318 3090 3373 multa
3111 3319 3431 3375 machinans
3456 3327 3511 3375 et

248 3421 465 3480 αὐτοῖς,
501 3417 595 3469 καὶ
633 3416 818 3468 πλέειν
872 3413 1173 3483 ἑμφὸϐους,
1227 3412 1320 3464 καὶ
1365 3411 1491 3474 τοὺς
1547 3409 1826 3481 σωτηριώ-

1936 3406 2155 3460 molesta
2181 3405 2388 3462 celans.
2422 3407 2529 3461 Sed
2581 3424 2633 3461 tu
2668 3409 2916 3463 saltando
2958 3410 3120 3479 quasi
3154 3424 3249 3480 per
3279 3412 3511 3466 choreas

247 3512 362 3572 ὅτις
393 3509 626 3579 λιμένας
660 3508 749 3562 ἀεὶ
809 3502 1264 3575 περιϐλέπεσθαι.
1332 3500 1680 3570 Προσαθύρει
1719 3503 1829 3564 τοῖς

1936 3497 2179 3551 suaviter
2208 3496 2357 3566 ripas
2382 3499 2611 3554 abluens
2642 3511 2696 3555 et
2739 3504 2941 3557 sensim
2973 3503 3108 3557 satis
3150 3502 3387 3557 fundatis
3416 3519 3511 3559 sn-

249 3601 520 3671 αίγιαλοῑς
575 3602 610 3668 ἡ
669 3598 913 3651 θάλασσα
964 3598 1022 3649 ὲν
1070 3592 1288 3665 καιρῷ*
1343 3592 1488 3646 οὕτω
1539 3593 1595 3646 δὲ
1654 3592 1829 3663 ἱλαρόν

1936 3586 2039 3641 lum
2090 3587 2411 3656 surripiens,
2449 3605 2556 3644 non
2583 3594 2756 3645 solum
2806 3594 3003 3649 doutos
3032 3594 3229 3649 evertit
3265 3610 3436 3662 mare,
3465 3595 3510 3647 ei

250 3710 384 3748 ποτε
427 3689 760 3761 προσμειδιᾷ
781 3690 877 3742 καὶ
907 3690 935 3741 ό
963 3687 1106 3757 βίος,
1167 3684 1595 3755 βυσσοδομεύων
1632 3685 1829 3748 ἄλλως,

1936 3696 2049 3750 [μω
2105 3681 2172 3735 ad
2216 3680 2388 3751 ripam
2439 3692 2605 3747 stant,
2657 3687 2751 3739 sed
2787 3698 2841 3739 et
2886 3687 3197 3756 adjacentes
3253 3693 3509 3759 seopulos

250 3786 347 3838 καὶ
377 3780 740 3849 ἐπικρύπτων
775 3780 843 3831 τὰ
864 3778 1124 3848 δυσχερῆ.
1174 3775 1317 3831 Ἀλλ’
1358 3776 1417 3827 ὲν
1466 3774 1546 3843 τῷ
1602 3776 1829 3844 σκιρτᾷν

1936 3774 2152 3827 subedit
2177 3782 2229 3828 et
2257 3774 2459 3829 furtive
2486 3785 2748 3831 terrestre
2781 3779 3079 3846 periculum
3119 3781 3355 3837 molitur.
3386 3780 3510 3835 Pati

250 3870 363 3928 οἷον
412 3870 753 3944 χορευτικῶς
787 3870 978 3939 ἠρέμα
1030 3866 1304 3931 κλύζουσα
1361 3864 1457 3927 τὰς
1497 3866 1691 3931 ἀκτὰς,
1735 3866 1829 3917 καὶ

1939 3865 2150 3919 ratione
2178 3875 2229 3919 et
2272 3866 2383 3919 vita
2412 3881 2518 3934 qua
2553 3868 2773 3920 videtur
2818 3869 3098 3937 jucunda;
3150 3873 3244 3925 sed
3272 3873 3359 3925 ubi
3413 3888 3505 3926 se-

253 3962 399 4016 κατὰ
432 3960 634 4030 μικρὸν
697 3957 1003 4012 ὑποσπῶσα
1044 3957 1167 4009 ὅσον
1194 3954 1414 4025 χοῶδες,
1475 3955 1627 4007 κάτω
1648 3953 1828 4022 βάλλει

1938 3958 2172 4012 cundum
2227 3958 2553 4011 suavitatem
2604 3969 2829 4027 apparet
2882 3969 2936 4013 et
2983 3974 3144 4015 nemo
3174 3966 3510 4031 suspicatur,

252 4055 311 4107 ού
340 4053 510 4122 μόνον
532 4051 714 4111 οίκίας
745 4051 778 4119 ἡ
815 4048 1082 4111 θάλασσα,
1117 4047 1172 4099 ετ
1210 4045 1357 4108 τινές
1408 4060 1509 4097 που
1576 4046 1669 4096 καὶ
1728 4060 1832 4097 πα-

255 4143 555 4216 ραιγίαλοι,
614 4141 747 4195 ἀλλὰ
800 4139 895 4194 καὶ
948 4139 1260 4207 προϐλῆτας
1310 4135 1532 4198 αὐτοὺς,
1583 4135 1679 4188 καὶ
1727 4134 1824 4204 τὴν

1936 4044 2195 4099 obiectari
2238 4046 2392 4102 sinit.
2437 4050 2526 4101 dat
2555 4063 2685 4102 vero
2720 4049 2866 4103 llrre.
2900 4047 3026 4104 Haec
3053 4065 3187 4120 ergo
3213 4050 3512 4121 discipulus

1934 4136 2089 4200 doce,
2115 4146 2169 4190 ut
2198 4137 2487 4206 ingruente
2516 4139 2658 4193 malo
2687 4152 2931 4193 inaneant
2967 4141 3301 4198 inconcussi.

254 4234 760 4307 βλάϐην,ύπούλως
790 4232 1012 4300 ἐπάγει,
1068 4230 1163 4284 καὶ
1234 4231 1292 4283 ὲν
1364 4228 1442 4298 τῷ
1495 4227 1748 4296 λεληθότι
1820 4231 2076 4297 χερσαῖον
2132 4230 2322 4283 τοῦτον
2393 4233 2645 4301 τεχνᾶται
2687 4231 2950 4285 κίνδυνον.
3000 4234 3157 4286 Κατὰ
3205 4235 3402 4286 ταυτὸν
3456 4234 3514 4289 δὲ

254 4335 350 4388 καὶ
379 4334 410 4386 ό
448 4332 587 4403 βίος,
616 4325 699 4392 οἷς
730 4329 879 4381 δοκεῖ
906 4328 1054 4398 ἔχειν
1130 4325 1331 4394 ἱλαρῶς
1351 4340 1367 4357 ο

1448 4323 1586 4377 ἀλλά
1651 4321 1775 4375 καθ’
1834 4325 2068 4395 ἡσυχίαν
2119 4325 2269 4378 ἔστιν
2329 4319 2412 4389 εὖ,
2483 4326 2579 4377 καὶ
2655 4325 2730 4387 ὡς
2811 4326 2912 4378 οὐκ
2983 4328 3048 4379 ἄν
3103 4344 3185 4388 τις
3250 4327 3513 4396 αἴσθοιτο,

254 4426 626 4498 προσπαίζειν
659 4423 760 4495 μὲν
787 4425 1004 4493 ἀφίησι,
1040 4421 1250 4474 κλαίειν
1284 4420 1340 4473 δὲ
1361 4417 1570 4474 δίδωσι.
1600 4418 1832 4470 Δίδασκε
1872 4420 2056 4471 τοίνυν
2086 4419 2209 4482 τοὺς
2242 4418 2568 4491 ὁμιλοῦντας
2610 4419 2928 4483 καὶταῦτα,
2962 4419 3048 4472 ἵνα
3080 4421 3216 4492 πρὸς
3283 4422 3352 4474 τὰ
3414 4437 3513 4473 πε·

256 4520 595 4591 ριπίπτοντα
636 4516 849 4588 μένοιεν
870 4515 1283 4570 ἀκατὰσειστοι.

321 4608 425 4677 οβ’.
458 4607 714 4677 Περιέχει
754 4607 850 4659 καὶ¹
888 4606 1145 4671 στερεοὺς
1169 4604 1369 4666 τόπους
1398 4603 1459 4655 τὸ
1497 4602 1632 4656 πολὺ
1666 4600 1825 4654 τοῦτο

2004 4602 2101 4656 72.
2144 4601 2461 4658 Circumdat
2501 4600 2657 4655 undae
2692 4604 2944 4670 copiosus
2980 4602 3177 4656 ﬂuetus
3209 4603 3390 4655 firmas
3433 4617 3516 4656 re-

250 4703 409 4775 χύμα
455 4697 553 4752 τοῦ
593 4699 763 4769 ὑγροῦ
798 4699 926 4758 τοὺς
961 4697 1061 4766 μὲν
1091 4697 1383 4765 ἀοικήτους
1428 4697 1544 4762 (καὶ
1586 4696 1832 4748 ἔστωσαν

1933 4697 2124 4765 ginnes
2173 4705 2284 4746 tum
2316 4695 2564 4747 desertas
2598 4693 2728 4762 (sint
2778 4693 2895 4747 ista:
2925 4694 3224 4765 symbolum
3271 4695 3512 4748 virorum

252 4793 415 4848 αὐτοὶ
434 4789 706 4857 σύμϐολον
740 4789 950 4859 ἀνδρῶν
974 4786 1320 4857 ἁκτημόνων,
1345 4786 1394 4839 οἳ
1425 4784 1711 4850 κλύζονται
1737 4785 1829 4854 μὲν

1936 4787 2021 4856 qui
2054 4785 2189 4841 nihil
2224 4785 2527 4854 possident,
2562 4787 2652 4855 qui
2692 4802 2719 4838 a
2755 4787 2880 4840 vitae
2910 4784 3165 4840 ﬂuctibus
3193 4799 3331 4855 quos
3371 4786 3516 4839 inni-

253 4887 371 4947 τοίς
399 4882 497 4935 τοῦ
536 4881 651 4950 βίου
686 4880 927 4950 κύμασιν
974 4879 1255 4932 ἀκάθεκτα
1321 4878 1713 4948 βρασσομὲνοις
1744 4877 1838 4930 καὶ

256 4975 767 5045 προσαράσσουσιν,
797 4974 899 5024 οὑκ
931 4972 997 5025 ἂν
1040 4970 1097 5023 δὲ
1143 4970 1564 5038 ύπενδώσουσιν,
1599 4970 1718 5025 οὐδὲ
1743 4967 1837 5021 τοῦ

254 5067 514 5138 ἐμπέδως
550 5066 772 5118 ἑστάναι
807 5062 1358 5134 μεταλλαγήσονται),
1391 5062 1517 5125 τοὺς
1542 5062 1597 5116 δὲ
1635 5063 1730 5115 καὶ
1752 5063 1834 5114 οἰ-

253 5157 585 5224 κουμένους.
627 5157 741 5208 Καὶ
788 5142 1336 5223 συμϐολογραφοῦσιν
1377 5142 1523 5204 οὗτοι
1585 5156 1713 5217 τιὺς
1774 5158 1833 5208 ἐν

257 5251 361 5322 βιῳ
396 5250 498 5320 μὲν
537 5247 930 5315 πολυκτήμονι,
959 5244 1126 5313 μηδὲν
1157 5242 1213 5295 δὲ
1250 5242 1557 5313 πάσχοντας
1586 5244 1831 5313 ἀγεννὲς,

254 5345 421 5413 οἷπερ
447 5342 612 5395 αὑτὸν
645 5339 748 5409 μὲν
788 5337 1088 5409 περιορῶσι
1121 5335 1381 5404 βυσσόθεν
1410 5338 1828 5406 ταραττόμενον,

254 5435 350 5488 καὶ
377 5433 758 5501 ἀγριαίνοντα,
789 5433 884 5483 καὶ
921 5428 1109 5500 μακρὰ
1153 5427 1359 5498 βοῶντα
1382 5443 1398 5458 '
1442 5429 1597 5482 autat
1631 5430 1689 5482 δέ
1725 5433 1832 5484 εἰσι

255 5525 351 5577 τοῦ
380 5523 507 5576 κατ’
528 5522 816 5593 ἄνθρωπον
863 5524 963 5591 ζῇν
994 5517 1256 5591 ἁρχικῶς,
1285 5521 1346 5572 ού
1382 5522 1833 5590 παρασαλευόμε-

256 5630 337 5665 νοι
362 5615 468 5680 τῆς
494 5612 665 5684 ὀρθῆς
700 5610 929 5681 βάσεως.
953 5609 1123 5677 ’Υπὲρ
1154 5607 1264 5660 τῶν
1297 5607 1557 5662 τοιούτων
1591 5610 1833 5681 στερρῶν

254 5705 439 5756 τόπων
467 5704 636 5767 εὐνὰς
674 5703 890 5770 μακρὰς
940 5701 1185 5757 ἁνάτεινε
1223 5698 1362 5768 πρὸς
1392 5698 1549 5768 Θεὸν,
1580 5700 1834 5771 βεϐαίους

1932 4880 2063 4933 bere
2113 4877 2267 4931 nefas
2304 4886 2409 4941 est,
2445 4878 2806 4931 tesmantibus
2857 4886 2911 4931 et
2955 4876 3405 4934 concutientibus
3434 4880 3515 4932 al-

1934 4970 2194 5033 luuntur;
2230 4981 2328 5022 nec
2352 4982 2482 5022 vero
2528 4967 2749 5027 cedent.
2793 4982 2894 5021 nec
2937 4982 2967 5021 a
3020 4970 3327 5024 constantia
3364 4985 3516 5026 rece-

1941 5060 2117 5128 drnt),
2154 5069 2265 5114 tum
2294 5059 2587 5113 habitatas.
2623 5057 2944 5126 Signiﬁcant
2982 5059 3102 5114 ista:
3145 5057 3394 5115 homines
3433 5062 3514 5113 lo-

1941 5152 2210 5221 Cttpleles,
2246 5150 2379 5203 nihil
2414 5150 2594 5203 dirum
2642 5151 2934 5217 patientes,
2965 5152 3058 5221 qui
3107 5151 3354 5209 funditus
3394 5156 3514 5218 agi-

1941 5255 2134 5307 tatam,
2164 5251 2481 5298 a:stuantem
2512 5254 2565 5295 et
2597 5242 2992 5297 tumultuanten
3026 5244 3175 5299 circa
3201 5259 3261 5300 se
3294 5245 3513 5308 vident;

1940 5337 2180 5407 ipsorum
2231 5349 2361 5389 vero
2389 5343 2494 5394 est.
2531 5334 2842 5404 principum
2876 5352 3029 5392 more
3082 5338 3221 5392 inter
3264 5335 3514 5391 homines

1942 5431 2141 5495 vivere,
2169 5440 2220 5483 et
2251 5444 2280 5483 a
2315 5438 2460 5481 recta
2491 5427 2573 5480 via
2610 5442 2715 5481 non
2761 5429 3061 5482 deturbari.
3103 5428 3208 5483 Pro
3234 5428 3318 5481 his
3342 5428 3518 5480 ﬁrmis

1941 5522 2074 5577 locis
2110 5535 2299 5590 preces
2328 5521 2391 5574 ad
2427 5519 2593 5573 Deum
2621 5519 2783 5573 tunde
2814 5531 2870 5574 nt
2894 5529 3205 5575 constantes
3231 5528 3505 5585 maneant,

1941 5630 2107 5684 super
2162 5622 2370 5683 petram
2418 5611 2629 5665 fundati
2677 5610 2809 5677 sint,
2860 5627 2963 5666 nec
2994 5625 3231 5678 unquam
3281 5623 3311 5662 a
3358 5609 3517 5671 ,bono

1936 5715 2077 5759 statu
2113 5711 2454 5759 moveantur.
2484 5700 2725 5783 Cameris
2747 5716 2875 5758 vero
2895 5701 3276 5756 documentum
3311 5713 3523 5771 prome,

2332 5922 2363 5943 κ
