3950 6208
479 282 591 347 26⁵1

1200 282 1617 344 EUSTATHII
1656 281 2417 344 THESSALONICENSIS
2456 284 3025 349 METROPOLITJE

3629 293 3740 355 268

548 390 606 446 6.
631 388 857 446 Vivebat
898 389 957 445 in
977 388 1071 446 illa
1124 403 1346 458 regione
1382 387 1600 442 Marcus
1627 389 1874 458 quidam,
1934 388 2039 458 qui,

2228 397 2302 455 ς’.
2334 391 2560 462 Μαρκος
2607 388 2676 461 ἦν
2725 411 2808 457 τις
2860 396 2920 447 ἐν
2965 397 3083 460 τοῖς
3108 396 3225 450 ἐκεῖ
3259 397 3420 468 ἀνὴρ.
3455 399 3506 451 εί
3535 401 3636 453 καὶ
3664 403 3740 470 μὴ

475 481 600 536 licet
620 481 764 537 haud
791 479 1200 537 sacerdotaliter
1237 488 1463 544 unctus,
1489 488 1673 534 tamen
1697 479 1839 533 inter
1885 478 2056 534 laicos

476 573 585 629 Deo
615 582 968 630 consecratus
1005 581 1059 627 et
1087 571 1318 642 gratiam
1375 570 1644 625 divinitus
1683 579 1882 626 nactus
1939 579 2057 626 erat

474 665 848 735 apostolicam,
881 679 986 735 qua
1023 672 1307 728 permotus
1331 663 1402 718 ab
1431 663 1577 717 omni
1610 661 1875 732 pravitate
1933 675 2059 729 qua:

475 758 647 812 civem
685 756 797 812 Deo
843 771 1098 825 perosum
1153 757 1356 824 reddit,
1413 755 1668 812 recedere
1713 753 2053 812 desideravit

473 863 642 918 seque
672 849 726 902 in
759 849 876 903 loca
897 848 1132 902 contulit
1163 847 1403 912 deserta,
1438 847 1531 902 ubi
1553 847 1650 902 Dei
1681 847 1880 915 planta:
1903 849 2051 904 haud

476 955 599 994 raro
630 941 972 996 incrementa
997 941 1244 1009 capiunt.
1290 939 1562 994 Montibus
1581 939 1728 993 enim
1782 939 2055 1009 gaudebat

476 1032 530 1086 in
561 1031 760 1102 quibus
784 1032 946 1086 etiam
1007 1046 1199 1100 greges
1221 1030 1390 1084 divini
1441 1031 1639 1085 nutriri
1697 1031 1842 1086 baud
1898 1023 2060 1086 dedi-i

471 1136 726 1198 gnantur,
757 1123 1094 1194 siquidemiu
1122 1123 1316 1178 iisdem
1362 1123 1524 1177 etiam
1575 1123 1794 1178 Veteris
1859 1122 2054 1176 Testa-

471 1218 639 1274 menti
672 1216 838 1278 atavi,
873 1214 1027 1280 Abel,
1060 1214 1357 1283 prophetae,
1397 1214 1587 1274 David,
1614 1225 1667 1268 et
1701 1213 1835 1268 Novi
1863 1213 2054 1269 Frede-

477 1309 555 1363 ris
608 1307 802 1361 corbes
839 1305 1011 1359 sancti
1073 1318 1373 1370 eorumque
1428 1304 1562 1357 socii
1615 1304 1920 1357 rationabili
1964 1319 2053 1369 pa-

466 1399 658 1454 scendi
697 1399 862 1451 modo
898 1397 1203 1450 doctrinam
1232 1395 1573 1464 spiritualem
1606 1395 1944 1449 tradiderunt
1966 1404 2052 1448 at-

469 1506 578 1560 que
601 1489 1006 1558 explicuerunt,
1035 1485 1350 1541 carnalibus
1395 1485 1702 1554 spiritualia
1719 1495 2050 1555 exponentes

467 1588 523 1636 et
588 1588 785 1650 praeter
839 1577 1082 1645 corporis
1139 1575 1358 1630 labores
1417 1576 1655 1630 divinam
1737 1578 2047 1634 animarum

2156 485 2518 554 κεχρισμένος
2551 486 2872 554 ίερατικῶς,
2910 488 3085 549 ἄλλως
3111 489 3158 542 δ’
3200 487 3294 543 οὗν
3325 492 3384 542 ἐν
3414 490 3622 555 λαῖκοίς
3650 510 3741 546 τε-

2153 577 2474 646 τελεσμένος
2521 579 2601 646 τῷ
2653 579 2798 651 Θεῷ,
2845 581 2942 634 καὶ
2995 582 3162 653 χάριν
3224 582 3285 648 ἐξ
3342 585 3557 638 ἐκείνου
3595 585 3738 655 σχὼν

2155 669 2543 742 άποστολικήν·
2593 670 2664 724 δι’
2713 669 2782 745 ἧς
2841 673 3190 745 ἐπιθυμήσας
3243 675 3736 747 ἀνακεχωρηκέναι

2157 761 2286 815 ποτὲ
2338 763 2594 831 ἀπάσης,
2653 758 2721 835 ἧς
2794 765 2828 833 ἡ
2881 765 3158 835 φαυλότης
3219 765 3445 838 πολίτην
3491 769 3734 838 παράγει

2157 853 2490 924 μισούμενον
2531 853 2674 925 Θεῷ,
2707 856 2936 926 ἐρήμοις
2962 858 3149 921 τόποις
3183 858 3482 913 ἐκδέδωκεν
3513 861 3729 924 ἑαυτὸν,

2153 949 2211 1000 ἐν
2255 943 2336 1010 οἷς
2369 950 2462 1000 καὶ
2508 948 2644 1001 Θεοῦ
2686 950 2828 1017 φυτὰ
2863 950 3122 1013 πολλάκις
3164 951 3500 1020 κηπεύεται.
3535 955 3732 1023 Ὀρεσι

2153 1036 2264 1105 γὰρ
2295 1037 2536 1106 ἔχαιρεν,
2567 1033 2650 1101 οἷς
2684 1039 2780 1092 καὶ
2809 1042 2927 1093 θεῖα
2979 1041 3341 1109 ἐντρέφεσθαι
3370 1042 3601 1113 ποίμνια
3630 1044 3730 1095 οὐκ

2153 1125 2510 1191 ἀπαξιοῦσιν,
2547 1129 2603 1178 ἐν
2633 1127 2768 1189 οἵοις
2804 1130 2900 1180 καὶ
2928 1130 2979 1182 οἱ
3026 1129 3126 1196 τῆς
3153 1131 3322 1184 πάλαι
3371 1132 3730 1198 πρωτόγονοι,

2157 1215 2323 1268 ’Λϐελ
2374 1220 2468 1269 καὶ
2526 1220 2575 1270 οἱ
2628 1219 2951 1288 προφῆται,
2998 1220 3163 1274 Δαυῒδ
3199 1223 3293 1275 καὶ
3337 1223 3389 1275 oi
3429 1226 3529 1292 τῆς
3579 1224 3728 1284 Νέας

2153 1311 2290 1376 ίεροὶ
2333 1312 2709 1382 σπυρίδιονες,
2764 1315 2860 1366 καί⁵
2915 1315 3030 1366 ὅσοι
3087 1316 3210 1368 κατ’
3268 1317 3468 1378 αὐτοὺς
3498 1319 3565 1385 τῇ
3597 1316 3722 1367 κατ’

2150 1403 2408 1472 αἴσθησιν
2465 1406 2799 1476 ποιμαντικῆ
2858 1405 2958 1476 τὴν
2990 1409 3133 1460 κατὰ
3185 1408 3412 1478 Πνεῦμα
3444 1409 3727 1477 ἐνέφαινον

2148 1498 2244 1549 καὶ
2288 1497 2789 1567 παρεδειγμάτιζον
2821 1539 2836 1562 ,
2885 1498 3289 1563 διδασκαλικῶς
3350 1502 3727 1570 αἰνιττόμενοι

2147 1593 2258 1652 τοῖς
2287 1591 2429 1642 κατὰ
2457 1590 2639 1659 σάρκα
2669 1590 2740 1644 τὰ
2780 1592 3157 1661 πνευματικὰ,
3182 1597 3278 1648 καὶ
3321 1593 3400 1663 τῷ
3427 1594 3524 1648 τοῦ
3559 1595 3726 1663 ἔργου

470 1672 855 1743 perfectionem
909 1669 1222 1724 edocentes.
1293 1665 1386 1722 Sic
1449 1669 1710 1738 pascebat
1767 1667 1860 1724 Dei
1913 1685 2039 1725 oves

2152 1677 2364 1747 σώματι
2394 1681 2974 1750 συμπαραδεικνύντες
3010 1681 3109 1736 καὶ
3145 1683 3245 1752 τὴν
3293 1682 3443 1735 θείαν
3477 1683 3538 1734 ὲν
3575 1684 3724 1754 ψυχῇ

460 1735 768 1834 agnosque,
825 1759 1156 1830 cupiditates
1212 1735 1618 1814 irrationabiles
1693 1758 1912 1826 stolide,
1966 1761 2039 1815 uti

2150 1735 2489 1840 celeret-ma:
2519 1735 2628 1824 κέλ
2649 1771 2821 1834 οὕτως
2853 1735 3143 1842 ἐποίμαινε
3176 1735 3429 1843 πρόϐατα
3459 1735 3602 1828 Θεοί
3626 1735 3725 1828 κἀζ

469 1855 580 1910 fors
611 1853 816 1914 tulerit,
845 1846 1305 1905 cir'cumerrantes
1323 1849 1694 1919 pabulumque
1710 1861 2043 1929 quaerentes,

468 1943 1034 2015 saltusquedelicatos
1088 1955 1424 2010 persequens
1481 1944 1681 2010 (neque
1742 1943 1887 1996 enim
1951 1944 2044 2012 qui

467 2038 669 2094 saliunt
729 2035 797 2089 ad
848 2034 1052 2088 bonum
1122 2033 1283 2086 linem
1347 2033 1704 2100 pertingunt),
1784 2043 2044 2102 praztera-a

468 2130 718 2186 homines
740 2128 1017 2198 simplices
1047 2134 1102 2180 et
1119 2123 1213 2194 qui
1239 2139 1336 2194 per
1367 2125 1533 2179 vitam
1557 2127 1646 2180 Dei
1675 2127 1850 2196 gratia
1896 2129 2042 2196 pasti

465 2223 805 2280 desiderant.

534 2402 592 2457 7.
625 2401 731 2456 Sed
761 2403 880 2454 haec
909 2398 1116 2468 tropice
1143 2397 1291 2451 dicta
1323 2404 1455 2451 sunt
1484 2405 1538 2450 et
1574 2398 1950 2466 metaphor-ioc
1976 2402 2044 2455 de

467 2503 686 2564 pastore
720 2493 905 2546 ovium
933 2492 1042 2544 Deo
1095 2489 1289 2544 cbaro.
1342 2487 1558 2543 Marcus
1620 2499 1826 2553 autem,
1884 2492 2042 2559 cujus

466 2586 575 2641 vita
612 2584 806 2654 paucis
835 2581 1014 2637 verbis
1042 2581 1235 2648 nequit
1281 2579 1538 2646 describi,
1588 2589 1645 2636 et
1706 2582 1823 2650 ipse
1873 2584 2043 2636 ratio-

468 2676 664 2735 mbilis
692 2683 882 2745 pastor
912 2673 1038 2737 fuit,
1079 2671 1348 2726 montium
1379 2673 1591 2727 amicus
1619 2681 1674 2727 ct
1721 2675 1905 2744 gregis
1947 2676 2035 2729 sui

465 2768 770 2831 studiosus,
805 2766 879 2821 ita
911 2775 971 2820 ut
1014 2764 1370 2834 semetipsum
1441 2765 1660 2834 penitus
1717 2765 2038 2836 negligcrct,

465 2877 798 2932 munereque
828 2859 1086 2930 pastorali
1144 2858 1285 2914 haud
1321 2857 1376 2911 in
1411 2873 1567 2912 suum
1596 2857 1768 2926 ipsius
1799 2873 2042 2913 commo-

463 2956 592 3009 dum
618 2951 954 3020 fungeretur,
980 2949 1073 3003 sed
1105 2947 1287 3002 omnia
1307 2962 1405 3016 pro
1433 2948 1521 3001 Dei
1543 2948 1809 3003 fratribus
1833 2949 2038 3006 laceret

2147 1865 2587 1933 ἄρνια,όρέξεις
2643 1867 2965 1934 ἀλογίστους
3022 1867 3313 1938 εὐηθικῶς,
3370 1871 3492 1922 ὅποι
3544 1870 3720 1938 τύχοι,

2150 1954 2518 2024 ρεμϐομένας,
2576 1957 2653 2020 ώς
2717 1957 3061 2028 βόσκεσθαι,
3117 1961 3214 2013 καὶ
3263 1963 3614 2031 σκιρτήματα
3665 1963 3725 2015 δὲ

2150 2046 2338 2099 ἁπαλὰ
2365 2047 2581 2102 διώκων
2612 2048 2735 2114 (οὐκ
2760 2051 2818 2103 ἐν
2843 2049 2994 2118 καλῷ
3029 2051 3390 2122 ἀρνευτῆρες,
3413 2053 3489 2114 ὠς
3522 2053 3723 2114 εἰπεῖν,

2147 2139 2332 2191 πολλοὶ
2366 2139 2839 2208 άπεκϐαίνουσιν),
2898 2141 2981 2194 ἐτι
3009 2158 3070 2206 γε
3110 2141 3217 2211 μὴν
3260 2143 3355 2194 καὶ
3397 2143 3725 2212 ἀνθρώπους

2145 2229 2485 2295 ἁπλοῑκοὺς,
2521 2231 2596 2294 di;
2651 2233 2821 2295 εἰκὸς,
2878 2235 2977 2287 καὶ
3025 2233 3171 2298 οἴους
3222 2231 3433 2288 ἐθέλειν
3481 2236 3571 2288 διὰ
3601 2236 3723 2307 βίου

2145 2323 2532 2393 ποιμαίνεσθαι
2559 2325 2724 2394 χάριν
2753 2324 2916 2380 Θεοῦ.

2216 2417 2282 2480 ζ’.
2330 2418 2491 2471 Ἀλλὰ
2548 2417 2725 2471 ταῦτα
2783 2421 2884 2488 μὲν
2923 2420 3359 2490 τροπολογικῶς,
3419 2422 3495 2485 ώς
3538 2423 3603 2477 ἄν
3634 2440 3722 2488 τις

2141 2511 2392 2580 ἀναγάγῃ
2432 2509 2662 2578 θεοφιλῆ
2711 2510 2954 2580 ποιμένα
2995 2513 3308 2582 προϐάτων.
3351 2513 3410 2566 '0
3457 2514 3514 2566 δὲ
3559 2516 3726 2584 Μάρ-

2140 2619 2256 2667 κος,
2304 2603 2364 2656 ὃν
2416 2602 2519 2655 οὐκ
2565 2602 2681 2655 ἐστι
2713 2601 2804 2655 διὰ
2857 2602 3092 2673 βραχέος
3144 2605 3381 2674 ἀγαγεῖν
3407 2606 3589 2675 λόγου,
3623 2610 3725 2661 καὶ

2140 2695 2278 2767 πρὸς
2325 2695 2579 2764 αἴσθησιν
2632 2695 2729 2748 καὶ
2783 2694 2949 2758 αὐτὸς
2983 2696 3295 2764 ποιμαίνων
3326 2693 3417 2769 ἦν,
3446 2700 3542 2752 καὶ
3571 2699 3725 2754 οὕτω

2141 2785 2380 2854 φιληδῶν
2407 2783 2586 2854 ὄρεσι.
2623 2785 2722 2838 καὶ
2757 2784 3096 2856 θρεμμάτων
3127 2789 3236 2840 τῶν
3266 2789 3436 2841 αὑτοῦ
3476 2790 3722 2858 μελόμεο

2137 2892 2248 2941 νος,
2293 2874 2471 2945 ἐαυτῷ
2509 2875 2567 2928 δὲ
2622 2875 2820 2929 οὔκουν
2871 2877 3214 2948 ἐπιστρεφῶς
3263 2879 3422 2949 ἔχων,
3463 2881 3546 2933 ὅτι
3579 2881 3725 2949 μηδὲ

2139 2965 2278 3034 πρὸς
2305 2965 2495 3035 κέρδος
2524 2966 2722 3021 οἰκεῖον
2750 2968 3090 3036 ἐποίμαινεν,
3116 2970 3254 3024 ἀλλὰ
3288 2975 3400 3034 τοῖς
3446 2971 3542 3025 τοῦ
3579 2973 3724 3025 Θεοῦ

463 3043 669 3116 eosQue
700 3044 779 3099 sic
811 3042 919 3096 Deo
954 3043 1282 3095 lucraretur.
1311 3039 1497 3109 Neque
1536 3041 1700 3111 igitur
1751 3053 1899 3097 veste
1957 3044 2038 3097 in-

2144 3057 2390 3125 ἁδελφοῖς
2425 3057 2693 3124 ἐπονεῖτο,
2739 3059 2836 3113 καί⁵
2865 3059 2932 3112 δι’
2964 3060 3144 3115 αὐτῶν
3186 3061 3426 3126 ἐδάνειζε
3455 3063 3533 3133 τῷ
3567 3064 3720 3133 Θεῷ.

463 3138 630 3192 dutus
660 3135 1050 3204 eratpulcbra,
1096 3149 1274 3204 neque
1306 3135 1492 3190 carnis
1547 3136 1882 3206 voluptatem
1941 3153 2037 3192 ru-

461 3225 640 3290 rabat,
672 3226 1055 3295 quare,capite
1079 3238 1304 3293 prorsus
1327 3224 1596 3286 ιιαιίεοιο.
1615 3228 1840 3296 capillos
1874 3229 2038 3285 libere

462 3331 712 3372 crescere
745 3327 908 3383 atque
976 3315 1253 3370 luxuriare
1311 3317 1548 3371 sinebat.
1613 3318 1685 3372 Ita
1758 3323 2034 3376 caesariem

464 3412 674 3467 videres
697 3409 931 3465 crinium
967 3408 1320 3465 subalborum
1351 3411 1418 3466 ad
1449 3413 1588 3466 talus
1607 3429 1776 3482 usque
1801 3416 2038 3469 deﬂuen-

463 3511 594 3558 tem.
615 3504 671 3558 In
703 3501 797 3556 tali
839 3509 1021 3556 autem
1092 3501 1424 3570 capillorum
1491 3505 1840 3562 densitudine
1891 3509 2033 3562 baud

386 3662 394 3672 κ
461 3603 662 3666 paucas
712 3596 1072 3652 animalculas
1158 3595 1359 3651 vixisse
1421 3611 1679 3667 perquam
1744 3601 2036 3657 verisimile

459 3694 567 3744 σοι.

529 3871 584 3930 8.
610 3867 727 3924 Tali
759 3868 926 3941 igitur
962 3869 1106 3925 inter
1137 3873 1376 3941 aquaics
1407 3872 1637 3941 insignis
1667 3871 1770 3927 fuit
1823 3873 2035 3931 Marcus

458 3961 698 4029 caesarie,
723 3976 846 4032 quae
879 3976 989 4017 non
1025 3962 1225 4028 solum,
1247 3963 1377 4018 dum
1438 3964 1527 4018 ille
1584 3963 1816 4030 viveret,
1861 3966 2036 4020 admi-

459 4055 627 4111 randa
651 4064 769 4110 erat
789 4064 955 4122 atque
991 4054 1394 4124 spectatoribus
1420 4062 1707 4124 stuporem
1730 4055 2032 4126 injiciebat,

456 4145 552 4202 aed
581 4146 744 4200 etiam
773 4153 894 4214 post
920 4147 1038 4210 ejus
1071 4155 1300 4199 mortem
1359 4147 1677 4201 evertendis
1741 4148 2032 4204 destruen-

457 4237 648 4303 disque
672 4235 1013 4289 daemonibus
1041 4235 1298 4303 pollebat.
1335 4235 1602 4290 Nimirum
1629 4237 1809 4309 Magni
1867 4241 2026 4311 jussu

457 4326 690 4380 dissecta
721 4324 1193 4397 primitinrumque
1221 4329 1395 4384 instar
1419 4331 1475 4384 in
1509 4331 1740 4387 Veneris
1770 4334 2031 4404 templum

2141 3148 2279 3203 Οθτε
2329 3149 2514 3205 τοίνυν
2563 3147 2826 3214 εῦστολος
2881 3147 2952 3223 ἦν
2982 3153 3082 3224 τῆν
3125 3155 3440 3227 περιϐολὴν,
3473 3158 3567 3210 καὶ
3594 3157 3722 3210 οὐδὲ

2138 3241 2238 3309 τὴν
2301 3241 2482 3311 σάρκα
2526 3241 2858 3311 θεραπεύειν
2901 3243 3058 3314 ἤθελε
3099 3250 3387 3320 τρυφερῶς
3419 3266 3434 3281 ·
3484 3251 3567 3305 διὸ
3623 3255 3724 3306 καὶ

2137 3334 2238 3403 τὴν
2259 3331 2504 3402 κεφαλὴν
2533 3335 2748 3403 ἀφῆκεν
2799 3337 3010 3406 ἐαυτῆς.
3043 3336 3209 3403 εἶναι,
3256 3342 3352 3396 καὶ
3403 3345 3723 3414 περιουσιάη

2139 3425 2327 3490 ζεσθαι
2358 3425 2501 3479 κατὰ
2542 3427 2728 3494 μόνας,
2781 3428 2882 3481 ὅσα
2920 3429 3094 3484 ἐθέλοι
3141 3433 3304 3503 αὐτή.
3355 3435 3547 3505 Δόχμη
3582 3437 3722 3504 γοῦν

2139 3516 2493 3586 ἐσχεδιάζετο
2543 3518 2670 3572 κατ’
2721 3519 2894 3590 αὐτὴν
2924 3523 3134 3593 τριχῶν
3177 3525 3505 3589 διαλεύκων,
3533 3532 3723 3597 χαλω-

2141 3610 2276 3678 μένη
2311 3610 2416 3673 ἕως
2445 3611 2540 3664 καὶ
2594 3612 2677 3674 είς
2732 3614 2978 3684 πτέρνας
3024 3617 3215 3682 αὐτάς.
3254 3621 3318 3674 Ei
3359 3621 3418 3673 δὲ
3455 3623 3549 3676 καὶ
3597 3623 3720 3685 ζῶα

2138 3701 2308 3771 συχνὰ
2339 3702 2586 3772 κεφαλῆς
2627 3706 2660 3775 ἡ
2689 3708 2916 3778 τοιαύτη
2941 3708 3204 3782 λασιότης
3235 3712 3488 3784 ἔτρεφεν,
3512 3717 3616 3768 οὐκ
3647 3715 3721 3770 ἂν

2136 3792 2365 3857 ἀπεικὸς
2391 3794 2476 3862 εῐη
2513 3795 2904 3865 στοχάσασθαι.

2204 3883 2278 3954 η’.
2333 3885 2444 3938 Καὶ
2472 3880 2543 3956 ῆν
2588 3885 2667 3956 τῷ
2699 3889 2916 3961 Μάρκῳ
2953 3895 3286 3966 παράσημον
3340 3898 3400 3952 ἐν
3433 3903 3544 3963 τοῖς
3588 3902 3717 3955 τότε

2136 3979 2452 4045 σωματικὸν
2493 3980 2522 4046 ἠ
2579 3981 2806 4051 τοιαύτη
2861 3983 2964 4054 τῆς
3005 3986 3252 4058 κεφαλῆς
3301 3989 3559 4060 τρίχωσις
3610 3993 3718 4062 τῆς

2135 4071 2232 4122 καὶ
2269 4071 2326 4122 ἐν
2372 4069 2485 4139 ζωῇ
2520 4067 2858 4140 θαυμασίας,
2914 4075 3012 4128 καὶ
3064 4079 3185 4139 οἵας
3231 4079 3554 4151 ἐκπλήττειν
3577 4083 3716 4145 τοὺς

2137 4158 2365 4227 θεατάς,
2417 4160 2516 4214 καὶ
2565 4163 2704 4232 μετὰ
2735 4164 2966 4220 θάνατον
2994 4171 3286 4236 τεραστίας
3325 4173 3498 4236 ἄλλως
3527 4174 3615 4230 διὰ
3648 4177 3718 4231 τὺ

2136 4255 2468 4306 καταπονεῐν
2518 4254 2801 4324 δαίμονας.
2837 4258 3123 4326 Τμηθεῖσα
3172 4264 3281 4333 γὰρ
3328 4265 3577 4320 κελεύσει
3611 4269 3715 4322 τοῦ

2138 4343 2386 4410 Μάγνου,
2418 4344 2515 4397 καὶ
2557 4345 2630 4408 ὡς
2665 4347 2750 4408 είς
2782 4350 3116 4419 πρωτόλειον
3147 4355 3459 4422 πεμφθεῖσα
3489 4358 3568 4426 τῷ
3596 4361 3718 4429 ναῷ

465 4418 767 4488 deportata,
796 4417 883 4472 vix
935 4418 1083 4474 intus
1138 4430 1280 4486 erat,
1305 4436 1429 4477 cum
1482 4424 1644 4478 etiam
1708 4426 2029 4483 miraculum

2144 4407 2255 4503 ﬂic-
2279 4407 2634 4506 Ἀρτέμιδος,
2695 4407 2840 4507 ἅμα.
2871 4442 3097 4510 γέγονεν
3156 4407 3306 4508 ἐντὸς
3329 4485 3346 4510 ,
3379 4407 3477 4500 καὶ

455 4509 662 4566 ederet.
702 4507 1001 4565 Simulacra
1046 4511 1190 4564 enim
1213 4527 1332 4580 quae
1367 4512 1479 4568 illic
1507 4525 1688 4580 erant,
1715 4518 1874 4585 quasi
1922 4519 2031 4574 vita

457 4609 639 4658 essent
667 4599 914 4672 praedita,
945 4599 1165 4671 delapsa
1224 4615 1574 4666 corruerunt.
1632 4608 2030 4680 confractaque

458 4693 707 4748 homines
773 4693 975 4764 probos
1033 4709 1099 4748 ex
1153 4695 1338 4749 inlima
1390 4696 1728 4754 intldelitatis
1773 4703 2034 4773 voragine

454 4795 742 4841 erexerunt
766 4793 820 4842 et
843 4787 910 4842 ad
942 4786 1109 4841 Deum
1125 4787 1490 4856 adduxerunt,
1515 4805 1623 4859 quo
1668 4791 1814 4847 facto
1844 4794 2034 4849 diabo-

456 4882 539 4935 lus
565 4880 689 4934 mali
721 4882 972 4952 princeps
1001 4881 1207 4952 pudore
1231 4881 1494 4949 sutlusus,
1534 4882 1674 4939 Deus
1693 4894 1901 4951 autem,
1935 4889 2028 4958 qui

456 4970 580 5024 boui
612 4979 694 5026 est
722 4970 1073 5041 principium,
1097 4971 1355 5027 laudibus
1377 4973 1685 5029 celebratus
1711 4985 1814 5030 est.

522 5063 576 5117 9.
602 5061 771 5116 Nicon
803 5065 947 5118 enim
999 5065 1222 5133 quidam
1279 5075 1334 5120 et
1376 5064 1524 5120 Neon
1577 5077 1630 5120 et
1678 5065 2026 5136 Heliodorus,

450 5154 780 5211 contritione
810 5167 1096 5224 pravarum
1125 5156 1426 5226 imaginum
1453 5157 1680 5212 istarum
1705 5173 2024 5230 conspecta,

449 5247 815 5318 intelligentes
899 5248 1204 5316 potentiam
1263 5250 1505 5304 divinam
1565 5266 1691 5308 esse
1743 5271 1866 5324 quae
1907 5255 2027 5312 illas

447 5353 744 5398 concussas
767 5338 1118 5410 deiectuque
1144 5340 1494 5412 confregerit,
1544 5344 1779 5400 daamonl
1816 5349 2024 5417 princi-

445 5433 549 5498 pali
574 5432 937 5488 valedicentes
961 5429 1300 5500 defecerunt,
1329 5443 1384 5489 et
1413 5435 1481 5490 ad
1541 5433 1706 5491 Deum
1764 5438 2027 5494 acceden-

447 5527 526 5572 tes
555 5521 872 5577 sanctiilcati
902 5531 1054 5588 sunt,
1086 5523 1560 5596 deserueruntque
1600 5536 1803 5582 terram
1860 5537 2017 5585 trun-

357 5606 369 5617 '
446 5606 551 5657 cati
575 5610 770 5680 capite,
800 5612 943 5682 quod
968 5611 1201 5681 homini,
1232 5614 1443 5688 caelesti
1480 5615 1700 5685 plantas,
1727 5619 1878 5673 radix
1913 5631 2016 5686 est,

448 5693 503 5746 in
536 5701 782 5762 paradiso
805 5713 986 5760 autem
1011 5704 1064 5761 in
1088 5705 1482 5776 sempiternum
1521 5707 1730 5765 radices
1756 5721 2007 5781 egerunt.

2135 4517 2593 4598 ἐτερατούργησέ.
2622 4530 2707 4583 Τά
2752 4531 2863 4603 γάρ
2909 4535 3104 4590 είδωλα
3151 4537 3220 4590 τὰ
3272 4540 3405 4604 ἐκεῖ,
3446 4539 3581 4594 ὡσεὶ
3616 4545 3716 4596 καὶ

2134 4615 2354 4687 ἔμψυχα
2378 4613 2541 4688 ἦσαν,
2573 4619 2784 4690 ἔκυψαν
2809 4626 2902 4677 καὶ
2942 4625 3408 4696 ἐταπεινώθησαν*
3435 4632 3532 4683 καὶ
3561 4633 3716 4686 αὐτὰ

2135 4704 2234 4773 μὲν
2265 4707 2682 4777 συνετρίϐησαν,
2739 4711 3038 4782 ἐξήγειραν
3089 4716 3146 4769 δὲ
3198 4718 3307 4770 άπὸ
3370 4721 3713 4775 κατωτάτων

2131 4796 2392 4861 ἀπιστίας
2447 4799 2770 4871 ἀνθρώπους
2799 4806 3036 4872 ἀγαθοὺς
3059 4847 3074 4872 ,
3107 4809 3204 4862 καὶ
3235 4811 3597 4881 παρέστησαν
3632 4817 3714 4884 τῷ

2130 4886 2250 4956 Θεῷ
2293 4890 2375 4950 είς
2426 4891 2692 4961 αἰσχύνην
2749 4895 2848 4964 μὲν
2907 4897 3002 4950 τοῦ
3060 4899 3379 4970 άρχεκάκου
3429 4903 3708 4974 διαϐόλου,

2128 4978 2287 5043 δόξαν
2333 4979 2391 5032 δὲ
2441 4980 2536 5034 τοῦ
2576 4985 2753 5037 καλῶν
2785 4987 2959 5041 αίτίου
3008 4989 3168 5045 Θεοῦ.

2199 5071 2264 5125 θ’.
2317 5072 2502 5125 Νίκων
2565 5075 2675 5145 γάρ
2735 5095 2820 5141 τις
2877 5081 2974 5133 καὶ
3026 5082 3185 5136 Νέων
3243 5087 3338 5138 καὶ
3375 5085 3711 5159 Ἡλιόδωρος

2131 5163 2331 5226 ίδόντες
2376 5165 2476 5234 τὴν
2512 5167 2807 5238 συντριϐὴν
2855 5171 2965 5223 τῶν
3002 5174 3222 5241 φαύλων
3288 5177 3711 5247 ἐκτυπωμάτων

2128 5253 2372 5321 ἐκείνων,
2411 5258 2510 5311 καὶ
2539 5257 2600 5309 ἐν
2636 5258 2776 5330 αὐτῇ
2815 5263 3212 5328 καταλαϐόντες
3260 5267 3359 5330 τὴν
3391 5270 3532 5322 αὑτά
3556 5271 3712 5338 ὠθή-

2127 5363 2299 5400 σασαν
2355 5348 2452 5402 καὶ
2496 5350 2922 5421 καταρρίψασαν
2968 5355 3064 5407 καὶ
3111 5355 3502 5426 συνθρύψασαν
3547 5359 3708 5412 θείαν

2123 5437 2378 5508 δύναμιν,
2410 5441 2673 5494 κατεῖπον
2722 5441 2822 5510 μὲν
2869 5442 2966 5496 τοῦ
3032 5446 3389 5514 πρωτοτύπου
3443 5448 3710 5519 δαίμονος

2123 5531 2218 5582 καὶ
2269 5529 2691 5600 ἀπεστάτησανο
2728 5533 3160 5606 προσεχώρησαν
3205 5538 3262 5592 δὲ
3311 5541 3388 5608 τῷ
3433 5540 3556 5609 Θεῷ
3605 5543 3714 5596 καὶ

2124 5621 2488 5692 ἠγιάσθησαν,
2517 5624 2620 5693 γῆς
2647 5625 2748 5694 μὲν
2763 5629 3194 5692 ’ἀπαναστάντες
3223 5633 3289 5700 τῇ
3318 5631 3418 5700 τῆς
3447 5632 3711 5701 κεφαλῆς

2117 5713 2372 5782 ἀποτομῇ
2397 5749 2413 5777 ,
2444 5711 2545 5781 τῆς
2583 5716 2641 5770 ἐν
2674 5715 2968 5786 ἀνθρώπῳ,
3015 5717 3093 5788 τῷ
3117 5719 3354 5790 οὐρανίῳ
3391 5720 3567 5792 φυτῷ,
3609 5725 3705 5789 pi-
