3950 6208
465 320 572 385 271

1180 330 1610 390 EUSTATHII
1655 331 2407 396 TIIESSALONICENSIS
2449 339 3005 403 METRUPOLITAS

3606 348 3713 413 272

468 445 692 499 domino
713 459 1064 511 concurrere,
1089 445 1184 501 sed
1215 462 1338 501 eum
1366 448 1720 518 praetergredi
1776 448 2035 503 continuo

2145 451 2467 518 φιλονεικῶν
2500 455 2574 524 μὴ
2603 455 2765 524 μόνον
2802 457 2937 527 πρὸς
2969 458 3194 526 ἰσότητα
3218 459 3296 530 τῷ
3329 462 3711 533 φαυλεπιφαύ·

468 543 523 597 in
558 539 710 594 nefas
733 553 916 595 cursu.

541 726 630 783 14.
663 725 789 790 Iste,
817 738 876 779 sc
903 737 1163 777 exercens
1189 723 1342 790 quasi
1376 725 1443 775 ad
1476 730 1754 789 capturam
1780 721 2042 775 Christia-

469 834 690 885 norum,
749 815 878 887 quia
933 812 1284 869 venationem
1333 811 1552 866 amabat
1603 810 1768 881 (sicut
1813 821 2038 865 econtia

467 912 683 966 Marcus
710 908 938 979 ejusque
962 904 1218 974 discipuli
1260 897 1381 957 Sese
1402 903 1733 957 exercebant
1758 903 1824 957 ad
1883 919 2036 956 man-

470 1002 842 1064 suetudinem,
874 1006 1064 1067 utpote
1094 999 1218 1051 vitre
1240 996 1530 1065 pastoralis
1561 995 1854 1064 amantes),
1904 1011 2042 1065 prae-

473 1097 602 1152 fecit
631 1092 949 1164 huiusmodi
1006 1097 1281 1144 venatura:
1348 1086 1637 1158 quemdam
1698 1086 2037 1149 Diomedem,

470 1191 704 1260 peritum
730 1185 906 1258 gregis
951 1198 1147 1240 canum
1195 1181 1427 1236 ducendi
1478 1190 1532 1234 et
1582 1179 1910 1234 Christianis
1963 1179 2045 1230 in-

468 1285 880 1348 fensissimum,
933 1292 994 1336 ut
1056 1278 1308 1349 improbo
1367 1273 1593 1329 domino
1649 1273 1844 1328 similis
1896 1279 2042 1326 esset

471 1378 744 1434 minister.
788 1375 854 1430 Et
874 1373 1095 1444 quidem
1130 1369 1397 1440 quantum
1443 1365 1496 1419 in
1533 1363 1822 1419 venatione
1857 1360 2041 1414 Marco

464 1470 759 1527 inserviret
787 1468 862 1522 illi
901 1465 1182 1526 sciebant;
1241 1474 1404 1530 quam
1440 1471 1570 1512 vero
1624 1466 1816 1512 contra
1867 1455 2038 1510 Deum

469 1563 750 1637 pradandi
775 1557 1008 1616 callidus
1029 1563 1199 1620 esset,
1231 1553 1355 1606 hinc
1375 1548 1724 1604 manifestum
1757 1556 1865 1603 est.

543 1655 634 1710 15.
665 1650 998 1708 Procedehat
1023 1649 1322 1719 quondam,
1348 1640 1790 1720 vcnatus_omnis
1824 1639 2041 1709 generis

467 1750 664 1810 feram,
705 1755 760 1801 et
812 1743 1012 1798 multos
1083 1753 1268 1796 secum
1325 1735 1558 1790 habebat
1605 1734 1674 1787 ad
1729 1731 2040 1801 huiusmodi

2148 541 2225 612 λῳ
2257 544 2493 616 δεσπότῃ
2539 547 2890 616 συντρέχειν,
2934 549 3068 602 ἀλλὰ
3111 549 3474 620 ὑπερϐάλλειν
3505 554 3710 606 ἐκεῖνον

2148 637 2224 703 τῷ
2258 637 2338 698 είς
2371 639 2572 690 κακίαν
2605 639 2838 706 συντόνῳ
2869 639 3072 710 δρόμῳ.

2221 725 2297 782 ιδ’.
2333 731 2500 791 Ουτος
2528 731 2937 800 γυμναζόμενος
2967 728 3077 785 οἷον
3105 735 3182 794 εἰς
3207 735 3267 786 τὸ
3289 733 3546 804 ἀγρεύειν
3577 737 3710 802 Χρι·

2148 821 2395 882 στιανοὺς
2430 821 2515 872 διὰ
2553 812 2610 873 τδ
2639 823 2811 890 φιλεῖν
2840 824 2908 876 τὰ
2932 823 3201 892 θηρατικὰ
3231 827 3396 892 (καθὰ
3423 825 3660 894 ἔμπαλιν
3685 829 3712 878 ό

2148 910 2374 978 Μάρκος
2421 911 2517 964 καὶ
2543 911 2594 964 οἱ
2643 913 2762 966 κατ’
2792 913 2952 965 αὐτὸν
2997 915 3076 974 είς
3118 914 3431 983 ἡμερότητα
3481 914 3570 968 διὰ
3620 915 3714 966 τοῦ

2148 1001 2531 1072 φιλοποίμενες
2583 999 2720 1056 εἶναι
2746 1004 2762 1073 )
2788 1045 2801 1066 ,
2851 1005 3184 1072 προύϐάλετο
3218 1004 3488 1075 ἐξηγητὴν
3543 1007 3712 1075 θήρας

2144 1093 2402 1162 τοιαύτης
2447 1095 2720 1164 Διομήδην
2759 1096 2902 1157 τινὰ,
2945 1099 3268 1164 κυνηγετεῖν
3317 1097 3374 1149 δὲ
3416 1096 3589 1161 δεξιὸν
3621 1100 3712 1149 καὶ

2150 1185 2521 1254 μισόχριστον,
2559 1185 2646 1239 ἵνα
2677 1187 2835 1256 κακῴ
2857 1187 3080 1257 ἄρχοντι
3119 1189 3521 1257 συνεξομοιοῖτο
3559 1193 3655 1242 καὶ
3684 1191 3713 1240 ό

2147 1277 2469 1346 ἀρχόμενος.
2508 1278 2568 1330 '0
2595 1277 2652 1330 δὲ
2686 1279 2754 1330 τὰ
2793 1280 2890 1346 μὲν
2915 1281 3245 1347 κυνηγετικὰ
3265 1282 3413 1343 ὅπως
3441 1281 3534 1333 τὸν
3561 1283 3713 1349 Μάγ·

2146 1389 2236 1424 νον
2279 1371 2633 1441 ἐθεράπευεν,
2677 1371 2875 1440 ᾔδεσαν
2931 1375 3130 1425 ἐκεῖνοι
3156 1388 3171 1403 °
3225 1373 3301 1433 ὡς
3356 1373 3413 1426 δὲ
3446 1374 3542 1426 καὶ
3576 1375 3713 1425 κατὰ

2146 1460 2283 1516 Θεοῦ
2311 1461 2484 1524 δεινὸς
2513 1456 2580 1531 ἦν
2608 1461 2890 1531 ἀγρεύειν,
2923 1461 3174 1515 ἐντεῦθεν
3203 1463 3380 1532 δῆλον.

2221 1646 2300 1694 ιε’.
2335 1639 2618 1710 Προσῆλθέ
2655 1656 2784 1692 ποτε
2807 1637 3190 1708 θηρασάμενος
3219 1635 3478 1688 παντοίαν
3518 1635 3714 1701 ἄγραν,

2148 1734 2246 1786 καὶ
2275 1729 2389 1803 εἷχε
2420 1733 2549 1803 περὶ
2578 1732 2772 1785 ἑαυτὸν
2822 1732 3051 1793 πολλοὺς
3098 1729 3317 1791 ἱκανοὺς
3363 1729 3430 1780 τὰ
3469 1727 3715 1788 τοιαῦτα,

465 1809 724 1901 idoneos,
747 1837 855 1890 huc
897 1834 1026 1888 illuc
1066 1830 1316 1900 palantes
1348 1826 1415 1881 ad
1451 1822 1888 1893 investigandum
1920 1836 2035 1891 qum

2145 1824 2581 1894 διεσπαρμένους
2629 1822 2825 1883 ἄλλους
2879 1819 3119 1890 ἀλλαχοῦ
3171 1820 3312 1872 κατὰ
3361 1818 3590 1889 ζήτησιν
3641 1811 3716 1870 ὧν

471 1930 816 2001 appetebant.
847 1923 950 1983 llli.
983 1937 1103 1992 qua:
1137 1920 1209 1975 ibi
1239 1925 1396 1972 erant
1447 1915 1794 1984 indagantes,
1847 1928 2042 1967 occur-

469 2033 598 2078 runt
624 2018 807 2074 Marco
834 2013 1077 2076 docenti,
1117 2021 1171 2065 et
1200 2007 1365 2064 simul
1395 2022 1459 2062 ac
1485 2007 1692 2069 vident,
1724 2005 2038 2071 ohslupent.

467 2116 708 2171 Cernere
738 2109 879 2164 enim
911 2115 1028 2160 erat
1059 2117 1184 2156 vere
1211 2102 1330 2157 visu
1393 2098 1644 2154 mirabile
1699 2105 1756 2152 ct
1805 2095 2041 2166 posteris

470 2198 656 2254 auditu
693 2189 1033 2249 incredibile.
1067 2185 1256 2240 Virum
1277 2184 1497 2253 quidem
1551 2181 2040 2251 exhaustumjeju-

468 2289 597 2352 niis,
639 2285 781 2340 fame
839 2286 1205 2340 attenuatum,
1243 2279 1493 2329 umbram
1547 2283 1758 2328 tantum
1798 2272 2040 2327 hominis

467 2379 836 2440 exhibentem,
863 2371 1015 2428 canis
1044 2367 1297 2422 villosum
1317 2364 1443 2435 pilis
1470 2379 1500 2418 a
1536 2365 1737 2419 vertice
1753 2363 1819 2417 ad
1847 2366 2036 2432 pedes,

458 2470 611 2527 haud
641 2468 774 2522 adeo
825 2461 1277 2522 admirati‘sunt;
1329 2456 1422 2511 sed
1466 2457 1739 2524 jaceutem
1803 2453 1868 2507 ad
1915 2452 2036 2522 ejus

457 2565 634 2635 .pedes
656 2572 860 2621 ursam,
895 2565 1097 2622 eosque
1144 2549 1336 2604 leniter
1379 2547 1728 2608 lambentem,
1775 2553 1850 2606 et,
1910 2558 2034 2597 eum

467 2631 615 2727 loqui
650 2668 759 2708 non
801 2631 1009 2720 posset,
1069 2645 1144 2698 ita
1181 2640 1332 2694 vocis
1399 2637 1726 2706 obsequium
1788 2636 2036 2705 supplere

467 2748 817 2821 gestieutcm,
845 2740 1197 2808 stupuerunt,
1234 2741 1289 2786 et
1312 2746 1424 2802 prae
1458 2729 1752 2784 formidine
1781 2731 2036 2782 volebant

466 2820 495 2895 a
522 2840 706 2894 Marco
730 2843 786 2890 et
806 2833 875 2886 ah
914 2844 1039 2884 ursa
1068 2823 1368 2882 discedere.
1407 2820 1513 2876 Sed
1571 2823 1884 2876 morabatur
1941 2820 2037 2874 ad-

467 2933 685 2987 miratio
715 2936 768 2982 et
797 2923 983 2980 oculos
998 2918 1298 2978 detinebat,
1318 2914 1397 2968 vel
1426 2913 1626 2982 potius,
1649 2922 1706 2966 ut
1734 2913 1805 2966 ita
1830 2912 2032 2977 dicam,

466 3025 684 3080 stabant
730 3016 894 3077 muti,
938 3006 1148 3065 astricti
1199 3019 1401 3076 pavore
1430 3019 1495 3058 ac
1545 3014 1792 3073 stupore,
1862 3004 2035 3058 donec

465 3113 639 3170 sancti
675 3109 776 3164 viri
804 3104 981 3161 accitu
1011 3099 1254 3154 animum
1308 3095 1631 3162 recipientes
1660 3096 1728 3151 ad
1755 3111 1879 3150 eum
1937 3109 2032 3149 ac-

464 3210 770 3262 cesserunt.

538 3461 624 3518 16.
660 3460 813 3514 Tunc
833 3457 1101 3515 sciscitati
1127 3471 1190 3511 ac
1214 3455 1505 3524 diligenter
1531 3452 1596 3506 de
1614 3450 1706 3506 illo
1734 3451 2034 3526 percontati

463 3567 519 3613 et
550 3565 831 3623 comperto
876 3569 1000 3608 eum
1036 3566 1154 3606 esse
1187 3546 1700 3608 Christifamulum,
1753 3557 2036 3600 converte-

463 3662 594 3707 runt
620 3647 1034 3704 admirationem
1066 3643 1426 3710 timoremque
1463 3640 1518 3694 in
1568 3640 1816 3693 rabidum
1868 3639 2038 3708 ipsius

463 3745 682 3810 odium;
719 3751 772 3796 et
803 3737 1068 3809 imprimis
1135 3736 1250 3790 fera
1311 3733 1488 3788 bestia
1563 3732 1872 3798 Diomedes,
1941 3731 2034 3798 qui

462 3838 643 3893 statim
676 3834 889 3906 Magno,
922 3829 1264 3902 gratissimus
1326 3827 1512 3891 index,
1575 3826 1780 3879 bonum
1851 3823 2032 3880 defert

462 3929 727 3992 Marcum,
749 3923 1072 3993 discipulam
1107 3917 1248 3974 haud
1285 3919 1489 3971 veritus
1519 3931 1700 3970 ursam
1737 3933 1751 3968 :
1785 3932 1890 3985 qua
1917 3917 2031 3969 visa

461 4017 938 4077 mansuetudinem
966 4029 996 4066 a
1019 4020 1216 4066 sancto
1246 4009 1462 4073 edocta,
1497 4024 1623 4063 cum
1658 4008 1940 4062 debuisset
1970 4010 2038 4060 ab

459 4131 520 4166 ea
547 4123 807 4178 tanquam
849 4105 1108 4172 magistra
1172 4101 1310 4154 idem
1374 4100 1490 4168 ipse
1547 4099 1751 4166 doceri,
1813 4100 2038 4156 immitis

462 4203 571 4252 fera
612 4208 791 4250 tamen
817 4191 988 4246 szeviit
1024 4191 1076 4241 in
1107 4203 1294 4241 senem
1332 4187 1440 4240 ί)εο
1463 4189 1872 4242 cbarissimum.
1903 4189 2036 4242 Nam

461 4284 606 4338 Credi
663 4279 1054 4347 uequitursam
1089 4275 1314 4343 pedibus
1372 4275 1536 4328 Marci
1586 4277 1922 4348 atijacentem
1968 4282 2038 4333 ita

463 4381 800 4426 umnsuetam
856 4369 1024 4421 fuisse
1052 4365 1249 4418 factam
1304 4366 1514 4435 absque
1574 4367 1666 4422 Dei
1727 4385 1920 4438 Opera,
1981 4383 2040 4424 ut

2141 1913 2351 1982 ἦθελοψ
2403 1913 2453 1965 οἶ
2509 1913 2601 1965 καὶ
2649 1911 3060 1982 διερευνώμενοι
3101 1911 3170 1964 τὰ
3212 1912 3330 1963 ἐκεῖ
3359 1909 3717 1979 παρατυγχά-

2141 2023 2294 2060 νουσι
2324 2005 2402 2076 τῷ
2435 2004 2646 2076 Μάρκῳ
2687 2004 3018 2066 διδάσκοντι,
3051 2004 3146 2055 καὶ
3181 2000 3296 2065 ἅμα
3330 2000 3589 2069 βλέπουσι
3623 2001 3718 2050 καὶ

2143 2099 2561 2163 ἐκπλήττονται.
2593 2093 2704 2150 Ἶιν
2756 2097 2867 2165 γὰρ
2913 2096 3133 2165 άληθῶς
3175 2093 3390 2155 θεαθεὶς
3436 2093 3558 2145 τότε
3614 2091 3718 2159 μὲν

2140 2191 2424 2260 τεράστιον
2451 2188 2649 2258 θέαμα,
2696 2189 2810 2250 τοῖς
2857 2186 3083 2256 ὕστερον
3123 2185 3178 2238 δὲ
3207 2183 3512 2257 παράδοξον
3548 2182 3715 2236 ἀκοι-

2143 2298 2274 2350 σμα.
2308 2280 2626 2350 ’Ἄνθρωπον
2684 2280 2779 2349 μὲν
2825 2278 2936 2348 γὰρ
2987 2278 3116 2330 ἰδεῖν
3168 2274 3560 2345 νηστευτικδν,
3618 2273 3712 2325 καὶ

2142 2371 2558 2440 κατεσκληκότα
2585 2371 2748 2440 λιμῷ,
2785 2372 2880 2423 καὶ
2912 2369 3074 2422 σκιὰν
3106 2369 3302 2438 ἀνδρὸς
3341 2369 3706 2438 ἐμφαίνοντα,

2141 2463 2232 2516 καὶ
2261 2463 2551 2532 βεϐριθότα
2585 2463 2806 2532 μαλλοῖς
2832 2463 3044 2525 λευκοῖς
3089 2463 3152 2514 ὲκ
3193 2461 3434 2529 κεφαλῆς
3476 2462 3584 2523 ἕως
3616 2478 3715 2513 πο-

2139 2556 2266 2622 δῶν,
2299 2557 2398 2608 οὐκ
2440 2558 2498 2616 ἐς
2548 2557 2802 2610 τοσοῦτον
2843 2555 3161 2624 ἐθαύμασαν
3185 2573 3199 2588 ο
3240 2555 3338 2625 τὴν
3376 2556 3432 2608 δὲ
3468 2556 3577 2621 πρὸ
3612 2573 3714 2608 που

2138 2644 2244 2698 δῶν
2275 2645 2472 2715 ἐκείνῳ
2505 2646 2764 2715 κειμένην
2797 2649 3021 2717 ἄρκτον,
3072 2649 3168 2699 καὶ
3201 2648 3397 2716 πράως
3423 2645 3714 2717 λιχμωμέ-

2139 2752 2237 2806 νην
2267 2736 2486 2801 αὑτοὺς,
2542 2737 2672 2803 καὶ,
2706 2739 2829 2790 ἐπεὶ
2881 2738 2958 2808 μὴ
2986 2739 3164 2792 λαλεῖν
3217 2738 3392 2810 εἶχεν,
3456 2739 3715 2807 ἀφοσιου-

2144 2828 2312 2898 μένην
2345 2827 2513 2890 οὕτως
2561 2828 2620 2880 τὸ
2667 2827 2960 2898 λαλητικὸν
3014 2831 3405 2901 λειτούργημα,
3446 2830 3718 2899 ὑπερεξε-

2140 2919 2451 2989 πλάγησαν,
2477 2918 2574 2973 καὶ
2603 2922 2631 2972 ὁ
2656 2919 2822 2988 φόϐος
2855 2921 2955 2990 μὲν
2986 2922 3179 2992 ἧθελεν
3198 2923 3430 2992 ἀφιστᾷν
3467 2922 3715 2985 ἐκείνους

2137 3006 2232 3062 τοῦ
2261 3026 2320 3062 τε
2340 3010 2569 3079 Μάρκου
2601 3012 2699 3065 καὶ
2729 3010 2831 3080 τῆς
2856 3011 3060 3081 ἄρκτου
3081 3051 3097 3076 ,
3130 3013 3191 3064 τὸ
3219 3012 3276 3065 δὲ
3309 3011 3495 3081 θαῦμα
3521 3001 3716 3064 κατεί-

2139 3119 2264 3172 χεν,
2327 3101 2467 3155 ὥστε
2519 3105 2867 3174 παραμένειν
2925 3106 3019 3158 καὶ
3073 3104 3335 3173 βλέπεινο
3393 3105 3597 3173 μᾶλλον
3631 3105 3713 3165 δὲ,

2139 3190 2336 3257 εἰπεῖν,
2369 3189 2587 3244 ἵσταντο
2639 3193 2832 3257 ὲννεοὶ,
2889 3195 3198 3265 πεπηγότες
3251 3194 3328 3262 τῷ
3359 3195 3469 3247 δέει
3515 3195 3716 3264 καὶτῷ

2141 3279 2424 3351 θαύματι,
2481 3283 2585 3347 ἕως
2655 3284 3061 3357 τεθαρρηκότες
3120 3285 3588 3357 προσκαλουμένῳ
3634 3279 3713 3354 τῷ

2141 3375 2282 3442 ἁγίῳ
2307 3375 2545 3446 ήγγισαν
2580 3378 2714 3447 πρὸς
2743 3379 2926 3433 αὐτόν.

2212 3465 2309 3531 ις’.
2373 3467 2484 3520 Καὶ
2550 3469 2673 3522 τότε
2734 3469 3054 3541 πυθόμενοι,
3105 3472 3200 3524 καὶ
3248 3471 3318 3524 τὰ
3363 3471 3487 3525 κατ’
3539 3471 3714 3526 αὐτὸν

2139 3558 2733 3630 ἀκριϐολογησάμενοι,
2771 3563 2869 3616 καὶ
2905 3562 3188 3632 μαθόντες,
3218 3564 3454 3632 Χριστοῦ
3478 3564 3717 3633 λατρευ-

2137 3650 2236 3720 τὴν
2276 3650 2441 3704 αὑτὸν
2492 3648 2656 3718 εἶναι,
2690 3652 2994 3720 μετέϐαλον
3029 3653 3127 3708 καὶ
3177 3654 3238 3705 τὸ
3281 3652 3490 3722 θάμϐος
3528 3655 3625 3706 καὶ⁵
3647 3659 3717 3706 τὸ

2137 3743 2254 3808 δέος
2294 3743 2373 3806 είς
2431 3744 2634 3813 μανίαν
2694 3745 2795 3814 τὴν
2845 3745 2968 3797 κατ’
3003 3744 3196 3810 αὑτοῦ,
3251 3746 3343 3798 καὶ
3383 3745 3623 3814 μάλιστα
3649 3745 3720 3799 τὸ

2137 3837 2308 3890 κακὸν
2343 3836 2553 3906 θηρίον,
2606 3838 2634 3890 ό
2661 3839 2958 3906 Διομήδης,
2989 3838 3048 3902 ὃς
3076 3839 3172 3891 καὶ
3219 3837 3416 3891 αὐτίκα
3451 3855 3720 3908 καταμη-

2137 3929 2255 3982 νύει
2291 3929 2367 3999 τῷ
2397 3930 2609 3998 Μάγνῳ
2638 3930 2697 3982 τὸ
2752 3929 2907 3997 φίλον
2943 3930 3195 3999 ἕρμαιον,
3229 3931 3318 3983 τὸν
3349 3930 3512 3984 καλὸν
3547 3932 3718 4000 Μάρ-

2137 4037 2256 4081 κον,
2289 4020 2388 4072 οῦκ
2413 4020 2683 4082 αἰδεσθεὶς
2718 4021 2815 4089 τὴν
2859 4021 3168 4092 μαθήτριαν
3229 4022 3428 4090 ἄρκτον
3453 4036 3469 4050 ⁶
3508 4023 3577 4090 ὴν
3625 4021 3717 4074 δι-

2136 4111 2426 4182 δαχθεῖσαν
2465 4106 2578 4164 οἷον
2609 4111 2741 4182 πρὸς
2787 4111 2881 4165 τοῦ
2926 4111 3088 4180 ἁγίου
3127 4114 3347 4183 ἡμέρως
3394 4113 3542 4184 ἔχειν
3582 4114 3718 4166 ίδὼν

2139 4205 2324 4269 αὐτὸς,
2384 4203 2476 4256 καὶ
2529 4203 2761 4270 ὀφείλων
2820 4202 3013 4272 μαθεῖν
3061 4203 3121 4268 ἐξ
3162 4206 3399 4274 ἐκείνης,
3455 4206 3556 4275 ὅσα
3614 4207 3721 4259 καὶ

2139 4295 2489 4360 διδασκάλου,
2517 4295 2577 4347 τὸ
2615 4295 2826 4364 ὅμοιον,
2860 4296 3012 4364 ὅμως
3052 4295 3347 4358 ἀθίτασσος
3383 4297 3563 4366 ἀπέϐη
3606 4297 3720 4368 θὴρ

2141 4387 2285 4441 κατὰ
2330 4389 2424 4440 τοῦ
2479 4386 2898 4456 θεοφιλεστάτου
2949 4388 3230 4457 γέροντος.
3285 4389 3358 4441 Οὐ
3413 4390 3521 4459 γὰρ
3561 4389 3718 4442 ἐστιν

461 4480 654 4533 nempe
686 4461 850 4515 visam
877 4458 1147 4511 Diomedis
1175 4457 1329 4526 pueri
1376 4457 1721 4514 imitarentur
1757 4473 1811 4516 et
1859 4465 2035 4519 lmini-

2145 4478 2458 4544 ὑπολαϐεῖν,
2484 4477 2558 4542 ὡς
2590 4480 2622 4548 ὴ
2655 4479 2856 4548 ἄρκτος
2883 4479 2989 4542 πρὸ
3014 4480 3191 4531 ποδῶν
3221 4480 3297 4548 τῷ
3318 4457 3530 4550 Μάρκιε)
3569 4482 3720 4534 ἐκει-

461 4571 581 4606 llt'lll
624 4550 712 4604 Dei
745 4555 1076 4604 vereientztr.

2141 4585 2224 4632 το,
2257 4567 2480 4629 τιθασὸς
2515 4569 2571 4628 ὲς
2604 4564 2862 4619 τοσοῦτον
2893 4569 3164 4638 γενομένη
3190 4568 3313 4638 δίχα
3351 4587 3415 4637 γε
3455 4589 3716 4641 πραγμα·

463 4651 604 4711 κλίσις
643 4647 808 4707 θείας,
845 4645 930 4696 ἵνα
965 4642 1166 4712 δηλαδὴ
1225 4643 1551 4714 θεασάμενοι
1597 4645 1770 4716 αὐτὴν
1823 4653 1869 4703 οἱ
1913 4655 2056 4727 ἀμφὶ
2095 4667 2187 4719 τὸν
2222 4664 2494 4733 Διομήδην
2560 4663 2932 4733 μιμήσωνται,
2982 4665 3076 4718 καὶ
3118 4666 3210 4719 τὸν
3247 4665 3341 4719 τοῦ
3379 4668 3516 4722 Θεοῦ
3556 4670 3719 4741 αἰδή-

460 4755 656 4792 σωνται
688 4740 996 4807 άιθρωπον.

532 4831 613 4883 l7.
643 4831 732 4885 Sic
765 4830 978 4885 delatus
1048 4842 1128 4884 est
1186 4828 1494 4884 Marcusad
1555 4829 1831 4900 Magnum.
1896 4835 2025 4908 Iste,

457 4933 672 4992 arrepto
695 4925 799 4978 hoc
860 4928 1071 4989 nuntio,
1133 4925 1302 4978 mittit
1346 4925 1567 4995 triginta
1615 4926 1871 4988 milites:
1931 4935 2027 5002 qui

457 5015 604 5069 dutt-i
653 5024 878 5084 captura
933 5016 1022 5069 illa
1079 5015 1234 5084 potiti
1289 5015 1450 5070 simul
1512 5031 1636 5070 cum
1696 5017 2025 5090 discipulis,

462 5107 651 5176 Magno
711 5105 1015 5159 astiterunt.
1083 5108 1155 5169 ls,
1220 5117 1572 5176 percontatus
1625 5117 1679 5162 et
1747 5124 2028 5181 comperto

459 5208 733 5263 wnatttrm
754 5195 1066 5266 praefectum
1089 5213 1196 5252 non
1216 5197 1387 5254 fuisse
1409 5199 1697 5253 mentitutn
1729 5199 2029 5270 (fatebatur

456 5291 599 5346 enim
634 5298 865 5359 tyranno
905 5285 1115 5340 Marcus
1152 5303 1247 5355 pro
1289 5290 1569 5356 tribunali,
1605 5306 1665 5346 se
1701 5307 1823 5347 esse
1867 5293 2031 5348 Citri-

456 5385 714 5446 stianum,
743 5388 795 5434 et
820 5393 849 5433 a
869 5379 962 5432 tali
992 5379 1331 5436 confessione
1363 5397 1463 5439 nec
1489 5383 1900 5441 adulationibus
1927 5403 2028 5443 nec

457 5473 615 5528 minis
639 5473 1002 5537 avertebatur)
1033 5472 1215 5526 statim
1242 5472 1418 5529 elatus
1470 5483 1554 5530 est
1617 5479 1901 5546 superbia.
1960 5479 2028 5534 Et

457 5559 542 5612 ille
563 5562 693 5616 altis
720 5562 988 5616 laceratus
1043 5571 1126 5616 est
1165 5562 1474 5624 rasuris.et
1523 5565 1857 5634 reliquorum
1916 5580 2028 5624 tor-

460 5660 760 5706 mentorum
818 5654 1214 5723 experientiam
1283 5655 1471 5723 subiit,
1565 5659 1756 5729 angelo
1814 5671 2026 5715 astante

460 5738 931 5813 Invisibiiibusque
960 5746 1319 5803 confirmante
1345 5748 1553 5803 viribus
1594 5760 1646 5804 et
1675 5751 1740 5804 ad
1807 5751 2020 5820 patien-

2206 4840 2292 4908 ιζ’.
2312 4843 2450 4898 Ἀλλ’
2473 4843 2611 4897 οῦτω
2637 4845 2737 4913 μὲν
2761 4861 2892 4898 κατε
2901 4846 3114 4915 μηνῦθη
3141 4847 3170 4900 ὁ
3198 4848 3424 4916 Μάρκος
3449 4847 3526 4921 τῷ
3551 4852 3720 4918 Μάγα-

2131 4955 2226 5008 νῳο
2276 4940 2370 4990 καὶ
2398 4937 2559 5000 αὐτὸς
2597 4938 2854 5007 ἁρπάσας
2894 4939 2992 5008 τὴν
3045 4939 3252 5008 εἴδησιν
3286 4941 3499 4995 στέλλει
3539 4959 3715 5013 στρα-

2131 5024 2332 5086 τιώτας
2363 5023 2679 5093 τριάκοντα,
2717 5025 2768 5076 οἳ
2819 5026 2914 5080 καὶ
2949 5027 3305 5093 συλλαϐόντες
3335 5031 3500 5084 αὑτὸν
3529 5035 3716 5101 γλυκὺ

2133 5113 2384 5184 θήραμα,
2419 5116 2499 5185 τῷ
2542 5115 2744 5188 Μάγνῳ
2801 5122 3176 5190 παρέστησαν,
3218 5125 3721 5196 παρασπιζόμενον

2132 5207 2227 5258 καὶ
2263 5206 2534 5276 μαθηταῖς
2563 5223 2578 5238 °
2613 5207 2671 5272 ὃς
2705 5211 3008 5277 ἀνακρίνας
3053 5215 3149 5265 καὶ¹
3199 5213 3452 5285 εὑρηκὼς
3488 5219 3582 5272 τὸν
3611 5224 3714 5290 ἀρα

2133 5299 2370 5370 χηγέτην
2403 5299 2501 5367 τῆς
2535 5298 2706 5370 θήρας
2761 5305 2835 5372 μὴ
2866 5304 3209 5374 ψευσάμενον
3247 5308 3546 5376 (ὡμολόγει
3597 5315 3716 5381 γὰρ

2133 5392 2226 5444 καὶ
2283 5391 2360 5462 τῷ
2409 5391 2658 5462 τυράννῳ
2702 5394 2781 5456 είς
2824 5396 3015 5464 κοινὴν
3066 5397 3334 5465 ἀκρόασιν
3377 5402 3406 5451 ὁ
3455 5401 3716 5470 Μάρκος.

2130 5481 2463 5551 Χριστιανὸς
2492 5477 2658 5548 εἶναι,
2700 5489 2798 5538 καὶ
2834 5487 2894 5536 οῦ
2939 5485 3292 5556 διεστρέφετο
3320 5489 3417 5554 τῆς
3450 5492 3720 5558 τοιαύτης

2127 5572 2419 5641 ὁμολογίας
2445 5571 2570 5626 οὔτε
2610 5573 2901 5638 θωπείαις,
2932 5576 3055 5630 οῦτε
3087 5579 3380 5646 ἀπειλαῖς),
3415 5583 3727 5650 παραχρῆ-

2135 5683 2210 5735 μα
2258 5665 2358 5734 μὲν
2391 5661 2526 5736 ἦρτο
2571 5670 2987 5738 μετεωρισθείς.
3041 5672 3149 5723 Καὶ
3205 5672 3590 5741 ἁμυσσόμενος
3620 5675 3724 5741 ἐφ’

2131 5757 2315 5809 ίκανδν
2349 5757 2554 5827 ἐξέστο,
2608 5763 2700 5813 καὶ
2752 5763 2954 5812 λοιπῶν
3007 5763 3060 5815 δὲ
3119 5762 3367 5830 βασάνων
3398 5763 3592 5820 δεινῶν
3622 5767 3724 5829 εἰς
