3950 6208
232 328 350 389 Ξιῆ

1404 336 1500 397 DE
1537 342 1594 402 S.
1631 342 1936 406 ALPIIEU
1957 347 2052 407 ET
2085 350 2348 416 SOCllS.

3395 368 3504 433 €86

236 439 391 508 ὑπὲρ
434 438 529 491 σοῦ
572 440 740 508 τριῶν
788 439 1016 493 δικαίων
1064 442 1426 515 γεραίρομεν,
1459 451 1823 520 μνημόνευμα

1945 463 2136 510 uorum
2161 460 2251 527 qui
2283 476 2381 528 pro
2407 471 2457 515 te
2507 475 2903 533 pugnaverunt,
2926 468 2979 521 in
3006 472 3291 537 praeconiis
3309 476 3517 530 nostris

238 535 546 600 ἐγκωμίοις
581 532 909 597 ἑνώσαντες,
940 529 1015 587 ὧν
1060 537 1159 607 τὴν
1193 539 1457 610 ἀνδρικὴν
1490 545 1830 615 στερρότητα

237 628 304 679 οὗ
376 626 543 696 φόδος
601 626 899 696 ἐμάλαξεν,
966 628 1086 683 οὐδὲ
1141 632 1304 699 πεῖρα
1355 632 1653 697 κολάσεως,
1709 636 1831 688 οὐδὲ

240 724 403 773 πᾶσα
435 719 528 771 τοῦ
576 720 804 786 Μάγνου
836 722 1116 781 κακόνοια,
1149 721 1407 788 Θνήσκειν
1451 724 1653 787 αὐτοὺς
1700 728 1832 779 ἀνα-

240 819 559 881 γκάῖουσα.
587 815 829 883 Δυνάμει
876 817 985 885 γὰρ
1025 816 1339 886 ἠνδρίζοντο
1370 816 1515 887 Θείᾳ,
1546 819 1635 873 διὰ
1676 821 1837 873 Θανά-

240 912 665 980 τουτρέχοντες
700 910 783 974 είς
826 910 993 979 ζωὴν,
1031 909 1403 981 προκειμένην
1438 913 1549 974 τοῖς
1576 912 1832 977 ἀγαπῶσι

247 1021 336 1067 σε,
364 1005 459 1055 τόν
488 1004 648 1073 μόνον
668 1001 801 1055 Θεὸν
825 1002 921 1054 καὶ
947 1001 1170 1072 σωτῆρα
1194 1004 1304 1055 τῶν
1335 1001 1528 1071 ψυχῶν
1550 1003 1732 1073 ἡμῶν.

325 1093 387 1147 ε’.
422 1091 849 1163 Καθηλωθὲντες
908 1092 1185 1163 μάρτυρες
1237 1094 1289 1145 oi
1337 1095 1489 1163 τρεῖς
1536 1095 1594 1146 ὲν
1639 1093 1834 1157 λίθοις,

244 1185 528 1255 ψαλμικὸν
579 1184 701 1251 μέλι
752 1186 818 1237 ἐκ
887 1184 1093 1252 πέτρας
1150 1183 1456 1253 θηλάξετε,
1512 1185 1835 1255 γλυκύτητα

245 1279 353 1346 τὴν
400 1275 588 1328 θεόθεν
638 1274 1042 1345 καρπούμενοι.
1113 1275 1232 1346 Πῦρ
1276 1277 1336 1330 δὲ
1390 1276 1453 1330 τδ
1515 1277 1833 1345 συμφλέξαν

250 1368 565 1431 στέξαντες,
597 1365 841 1435 οὐράνιοι
877 1366 1083 1437 ἥρθητε
1117 1367 1194 1429 ώς
1244 1367 1469 1436 πυρίνου
1520 1368 1608 1435 ἐφ’
1651 1367 1835 1439 ἅρμα-

246 1481 365 1527 τος,
403 1462 587 1515 Ἠλίου
614 1460 717 1527 τὴν
748 1459 968 1527 πορείαν
993 1458 1325 1529 μιμούμενοι
1347 1474 1363 1491 ο
1397 1461 1551 1513 πᾶσα
1568 1460 1627 1513 δὲ
1655 1459 1827 1529 βλάϐη

246 1556 551 1615 κακώσεως
584 1552 799 1622 τρυφὰς
830 1552 959 1620 ὑμῖν
993 1553 1091 1613 τὰς
1126 1552 1278 1614 Θείας
1309 1551 1508 1605 ἐδίδου.
1544 1550 1828 1614 Τοιούτοις

245 1646 359 1711 γὰρ
386 1642 726 1712 ἀμείϐεταιό
746 1642 932 1713 σωτὴρ
962 1644 1089 1705 τοὺς
1120 1643 1462 1712 αὐτοῦχάριν
1487 1644 1823 1712 πάσχοντας,

256 1737 356 1789 τοῦ
393 1737 559 1805 μόνου
588 1735 728 1788 Θεοῦ
755 1737 851 1788 καὶ
882 1736 1137 1805 Σωτῆρος
1172 1737 1284 1789 τῶν
1313 1736 1501 1805 ψυχῶν
1533 1735 1713 1805 ἡμῶν.

955 1851 984 1903 λ

246 1924 478 1993 Ἕτερος
504 1922 762 1996 στικηρδς
787 1890 984 1991 ἦχοςὲ
1020 1899 1188 1991 βπῨ
1238 1890 1395 1987 Jﬁ"
1423 1939 1437 1954 ’
1511 1920 1833 1992 Τριήμερος

762 1995 1052 2062 ἀνέστης,
1082 1996 1322 2063 Χριστέ.
1490 2048 1495 2055 ,

318 2108 399 2173 ς’.
444 2110 745 2179 ’Λνήμερος
785 2109 932 2179 ὑμᾶς
980 2108 1241 2180 δικαστὴς
1293 2107 1698 2169 πιστεύσαντας
1750 2108 1831 2169 είς

247 2204 463 2270 Κύριον
492 2202 790 2255 ὑποϐάλλει
821 2201 1147 2271 βαρυτάταις
1173 2201 1478 2269 αἰκισμοῖς,
1511 2200 1747 2270 χαλάσαι
1772 2199 1831 2253 δὲ

242 2296 341 2348 τὸν
369 2296 531 2348 τόνον
556 2295 689 2362 ὑμῖν
716 2294 854 2358 ὅλως
876 2294 983 2347 οὐκ
1019 2294 1168 2362 ἔσχε,
1204 2293 1663 2360 συντεταγμένοις
1691 2291 1832 2360 πρὸς

246 2391 319 2440 τὰ
345 2387 660 2458 κρείττονα.
686 2387 761 2439 Τὸ
813 2385 986 2454 στόμα
1019 2388 1214 2454 γέμειν
1249 2385 1436 2453 ὕμνων
1466 2382 1606 2437 Θεοῦ
1644 2382 1831 2437 αίσθόο

248 2496 419 2547 μενος
464 2481 493 2531 ό
545 2478 831 2547 τύραννος,
859 2479 974 2540 τοῖς
1020 2475 1288 2546 χαλκεῦσι
1323 2475 1505 2545 χώνην
1538 2475 1655 2532 θεὶς
1700 2474 1831 2544 περὶ

245 2572 403 2636 αὐτὸ,
442 2570 691 2639 μόλιϐδον
745 2569 845 2638 μὲν
890 2571 1073 2638 ἐγχέει
1129 2570 1265 2638 πυρὶ
1318 2566 1535 2637 σφοδρῷ
1567 2566 1827 2632 τακέντα,

243 2665 372 2725 τοὺς
401 2663 609 2731 ὕμνους
644 2662 858 2715 παῦσαι
892 2662 949 2715 δὲ
979 2661 1080 2714 οὐκ
1117 2662 1357 2731 ἴσχυσεν.

319 2752 388 2817 ζ’.
433 2754 645 2818 Ὠφὲλει
696 2752 799 2822 μὲν
841 2754 921 2815 είς
968 2752 1084 2821 βίον
1135 2752 1197 2817 τὸ
1231 2751 1343 2822 πῦρ
1372 2750 1503 2814 τοὺς
1542 2750 1832 2819 μάρτυρας

244 2842 494 2912 Χριστοῦ
548 2844 836 2909 ἀδελφοὺς,
882 2842 1224 2913 χρησιμεῦον
1280 2845 1360 2904 είς
1427 2843 1575 2912 ζωὴν
1623 2842 1834 2911 ταύτην

248 2939 503 3007 φθαρτὴν
528 2953 543 2966 ·
581 2938 637 2987 ἐν
670 2936 727 2988 δὲ
757 2935 834 3005 τῷ
864 2936 1153 3005 μαρτυρίῳ
1184 2936 1555 3008 χρηστότατον
1598 2932 1830 3003 εὑρέθη,

252 3029 634 3099 μεταδιδάσαν
692 3031 773 3091 είς
824 3028 893 3080 τὰ
951 3028 1228 3098 ἄφθαρτα.
1297 3028 1586 3097 Εὐήμερος
1639 3024 1833 3092 αἰθρία

1861 1799 1908 1858 Β

1938 550 2258 604 memoriam
2318 567 2505 606 eorum
2563 557 2959 626 coniungentes
3011 576 3244 628 quorum
3298 564 3510 619 virilem

1933 642 2299 696 constantiam
2328 660 2427 699 nec
2457 647 2621 699 timor
2663 650 2930 713 emolliit,
2980 666 3081 706 nec
3114 664 3512 709 tormentorum

1935 730 2208 799 probatio,
2241 750 2342 789 nec
2367 738 2545 790 omnis
2572 737 2747 806 Magni
2783 740 3011 802 malitia,
3068 757 3166 797 eos
3230 744 3368 797 mori
3425 761 3517 798 co—

1934 838 2088 891 gens.
2129 823 2319 880 Divina
2345 828 2486 880 enim
2521 830 2775 899 vigebant
2844 833 3063 899 virtute,
3138 851 3233 903 per
3282 848 3512 892 mortem

1935 923 2219 967 currentes
2246 916 2311 967 ad
2343 916 2530 980 vitam,
2561 933 2680 987 qua!
2712 932 2893 975 manet
2929 922 3185 979 timentes
3218 934 3293 991 te,
3334 928 3512 981 solum

1937 1000 2106 1055 Deum
2140 1014 2198 1058 et
2224 1007 2546 1063 salvatorem
2579 1013 2887 1068 animarum
2922 1026 3259 1071 nostrarum.

2010 1094 2065 1147 5.
2103 1095 2208 1163 Qui
2245 1107 2356 1153 tres
2390 1101 2558 1158 clavis
2599 1104 2664 1157 ad
2697 1120 2891 1160 saxum
2929 1109 3070 1163 aliixi
3096 1112 3255 1173 estis,
3303 1125 3514 1185 marty-

1935 1200 2047 1250 res,
2080 1188 2398 1244 Davidicum
2450 1194 2556 1248 mel
2615 1195 2683 1250 de
2731 1210 2883 1264 petra
2944 1202 3220 1270 mulgetis,
3267 1204 3510 1258 divinam

1933 1289 2215 1344 gus1antes
2277 1283 2639 1341 dulcedinem.
2700 1290 2883 1358 ignem
2925 1296 3169 1362 perpessi
3198 1296 3509 1359 ardentem,

1934 1368 1986 1421 in
2020 1372 2217 1425 caelum
2248 1374 2447 1429 sublati
2508 1378 2641 1434 estis
2699 1383 2857 1450 quasi
2913 1400 3078 1439 curru
3147 1387 3325 1456 igneo.
3385 1387 3513 1441 Elia:

1934 1461 2229 1514 transitum
2265 1463 2565 1529 imitantes,
2591 1474 2645 1520 et
2697 1471 2881 1524 omnis
2910 1479 3306 1526 tormentorum
3362 1488 3514 1542 pres-

1933 1565 2062 1604 sura
2096 1552 2312 1608 divinas
2338 1556 2492 1611 vobis
2519 1557 2750 1613 delicias
2786 1560 2961 1617 dedit.
2996 1561 3088 1616 Sic
3115 1564 3264 1617 enim
3323 1580 3513 1618 remu-

1934 1656 2089 1700 nerat
2147 1648 2407 1704 Servator
2484 1654 2756 1722 patientes
2812 1672 2914 1723 pro
2994 1672 3074 1722 se,
3117 1658 3235 1712 solo
3291 1657 3400 1712 Deo
3457 1666 3514 1711 ct

1934 1739 2205 1796 salvatore
2243 1744 2547 1800 animarum
2584 1757 2922 1804 nostrarum.

1926 1937 2177 1998 Alterum
2208 1954 2428 1998 carmen
2465 1959 2630 2013 super
2666 1944 2804 1998 hoc:
2854 1944 3030 2000 Tertia
3078 1947 3163 2000 die
3209 1950 3509 2014 surrexisti,

2606 2014 2836 2069 Christe.

2003 2123 2056 2178 6.
2089 2124 2319 2180 Immitis
2339 2140 2439 2182 vos
2465 2127 2631 2197 iudex
2683 2128 2968 2185 credentes
3001 2130 3053 2184 in
3078 2130 3353 2186 Christum
3385 2148 3508 2203 gra-

1931 2215 2178 2272 vissimis
2231 2218 2457 2287 subjicit
2526 2218 2887 2284 cruciatibus,
2948 2223 3313 2277 constantiam
3370 2239 3506 2279 vero

1934 2308 2150 2362 mollire
2207 2319 2445 2364 vestram
2507 2312 2745 2379 nequit,
2810 2296 3035 2369 virtutis
3103 2315 3364 2368 athletae.
3428 2314 3502 2371 Os

1933 2396 2217 2452 fabrorum
2252 2401 2471 2469 hymnis
2499 2401 2591 2455 Dei
2622 2402 2842 2471 plenum
2875 2404 3070 2460 videns
3095 2415 3380 2477 tyrannus,
3418 2406 3506 2461 fu-

1933 2504 2117 2543 suram
2154 2491 2207 2544 in
2270 2492 2400 2546 illud
2426 2491 2604 2561 injicit
2643 2493 3037 2565 plumbumque
3097 2497 3336 2550 infundit
3382 2496 3509 2565 igne

1934 2582 2141 2637 ardenti
2162 2582 2535 2652 liquefactum,
2574 2586 2805 2656 hymnos
2822 2601 2954 2641 vero
2989 2587 3146 2641 linire
3170 2603 3276 2641 non
3303 2597 3506 2656 potest.

2003 2765 2058 2819 7.
2125 2765 2387 2821 Proderat
2424 2767 2643 2836 quidem
2677 2768 2817 2837 ignis
2857 2769 2923 2823 ad
2980 2770 3184 2823 victum
3248 2768 3510 2823 fratribus

1933 2858 2137 2914 Christi
2162 2860 2515 2931 martyribus,
2548 2860 2817 2929 adjuvans
2856 2861 3020 2914 vitam
3056 2861 3197 2913 hanc
3231 2861 3506 2927 corrunpti-

1935 2948 2132 3014 bilem;
2164 2949 2221 3002 in
2255 2951 2514 3019 martyrio
2565 2959 2751 3003 autem
2790 2950 2963 3004 multo
3020 2950 3209 3003 utilior
3259 2958 3509 3017 repertus

1936 3052 2040 3107 est,
2077 3041 2367 3097 traducens
2420 3043 2486 3097 ad
2544 3041 2709 3095 vitam
2764 3042 3277 3112 incorruptibilem.
3326 3041 3511 3097 Dulcis

246 3126 395 3189 ὑμᾶς
458 3125 636 3176 ἐκεῖσε
690 3120 1101 3191 περιέλαμψεν,
1159 3121 1236 3182 ώς
1294 3120 1567 3187 φυγόντας
1636 3118 1830 3180 σκότος

1945 3131 2045 3186 illic
2103 3132 2362 3200 splendor
2395 3132 2552 3187 vobis
2615 3133 2841 3196 aﬂulsit,
2903 3141 2964 3186 ut
3009 3131 3209 3200 elapsis
3264 3146 3329 3185 ex
3389 3138 3507 3184 atra

250 3218 461 3285 πλάνης
513 3215 777 3283 ἁφεγγές.
811 3214 1090 3267 Φωτίσατε
1137 3212 1273 3282 γοῦν
1326 3214 1539 3275 πάντας
1584 3213 1757 3283 ἡμᾶς,
1788 3203 1834 3264 ὦ

248 3309 561 3378 ἀθλοφόροι,
595 3310 691 3361 καὶ
727 3307 894 3375 ζόφον
923 3307 1104 3373 λύπης
1133 3305 1472 3361 ἁπελάσατε.

547 3422 578 3472 λ

253 3470 347 3547 Κνῖ
386 3489 521 3563 ἦχος
644 3469 682 3542 δ
738 3488 873 3563 ᾠδὴ-
901 3468 949 3541 οῖ
1165 3505 1182 3563 ς
1242 3489 1464 3557 ’Υγραγ
1511 3492 1833 3561 διοδεύσας

842 3559 984 3612 ὡσεί
1026 3559 1238 3626 ξηράν.

320 3652 392 3721 η’,
436 3651 570 3705 Ἰδοὺ
600 3650 688 3720 δὴ,
715 3649 769 3701 τί
806 3649 1025 3703 κάλλιον
1054 3651 1085 3720 ἢ
1132 3652 1388 3721 τερπνὸν,
1426 3652 1546 3706 ἀλλ’
1581 3654 1613 3725 ἦ
1648 3672 1833 3708 κατοι-

256 3744 425 3807 κίζειν
459 3740 729 3809 ἀδελφοὺς
760 3741 1094 3806 ὲπιτοαυτό;
1130 3740 1205 3803 ώς
1234 3742 1364 3804 τοὺς
1399 3743 1775 3811 μεγαλάθλους
1803 3748 1832 3800 ό

256 3833 535 3896 παντάναξ
590 3834 684 3885 καὶ
729 3831 996 3899 ἀδελφοὺς
1048 3834 1105 3884 ὲν
1173 3833 1337 3903 Ἐδὲμ
1391 3833 1830 3905 συγκατῴκισεν.

260 3931 565 3999 Γεννήσεως
620 3928 721 3998 μέν
772 3929 889 3980 ἐστι
946 3931 1184 3999 φυσικῆς
1227 3930 1288 3983 τὸ
1339 3929 1457 3983 κατ’
1490 3932 1831 4000 ἀδελφότητα

259 4025 471 4092 γνήσιον
520 4022 617 4073 καὶ
669 4020 919 4089 συμφυές
946 4037 959 4051 ⁸
993 4023 1040 4074 oi
1072 4022 1127 4074 δὲ
1160 4021 1255 4074 καὶ
1304 4022 1531 4092 ἀθλήσει
1562 4025 1833 4093 ἠνωμὲνοι

262 4113 535 4184 ὑπερφυὲς
568 4113 628 4165 τὸ
659 4113 825 4165 καλὸν
857 4113 1262 4182 ἐκληρώσαντο.
1310 4114 1370 4168 ’0
1410 4108 1508 4177 εἷς·
1533 4116 1633 4185 τῆς
1664 4117 1833 4187 Τριά-

262 4205 337 4267 bo;
389 4203 776 4273 παμϐασιλεὺς
822 4202 999 4273 εὑρὼν
1040 4203 1141 4271 τὴν
1189 4202 1383 4272 τριάδα
1430 4203 1531 4273 τὴν
1568 4203 1831 4269 γενναίαν

264 4297 357 4348 τῶν
413 4294 691 4364 ἀῦλητῶν,
765 4293 1038 4360 Ἀλφειοῦ,
1089 4294 1365 4360 Ζωσίμου,
1450 4293 1829 4364 Ἀλεξάνδρου,

1935 3223 2139 3279 erroris
2162 3224 2416 3292 caligine.
2440 3224 2751 3280 llluminate
2792 3224 2957 3293 igitur
2994 3237 3117 3289 nos,
3145 3238 3180 3279 o
3209 3221 3511 3292 triumpha-

1936 3326 2103 3380 tores,
2122 3323 2177 3371 et
2208 3315 2462 3371 maeroris
2490 3318 2745 3372 tenebras
2773 3314 2979 3387 fugate.
3436 3324 3439 3327 '

2005 3536 2021 3554 .
2077 3533 2092 3551 .
2149 3496 2353 3553 Cantus
2414 3499 2650 3564 primus.
2702 3513 2871 3567 super
2933 3497 3074 3554 hoc:
3129 3496 3284 3552 Mare
3333 3506 3512 3551 trans-

2389 3586 2596 3638 gressus
2657 3571 2792 3624 sicut
2849 3569 3078 3623 aridam.

2003 3659 2055 3714 8.
2088 3658 2250 3724 Ecce,
2285 3661 2415 3731 quid
2451 3661 2731 3730 pulchrius
2751 3672 2803 3715 et
2831 3660 3130 3729 jucundius
3160 3674 3322 3729 quam
3357 3658 3513 3713 habi-

1935 3758 2050 3804 tare
2085 3750 2279 3805 fratres
2315 3750 2368 3803 in
2420 3751 2629 3804 unum?
2676 3751 2924 3819 lnsignes
2976 3751 3121 3805 enim
3174 3750 3407 3803 athletas
3455 3760 3510 3802 et

1935 3838 2130 3892 fratres
2165 3854 2254 3891 rex
2284 3839 2557 3892 maximus
2586 3841 2640 3893 in
2672 3839 2839 3891 Edem
2890 3837 3201 3893 collocavit.
3233 3837 3512 3891 Naturalis

1934 3932 2152 4000 quidem
2193 3932 2437 3984 cooritur
2458 3948 2520 3986 ex
2550 3930 2891 3984 fraternitate
2913 3932 3247 3997 germanitas
3293 3941 3345 3984 et
3370 3945 3508 3983 con-

1934 4022 2273 4093 cordia;qui
2300 4038 2425 4076 vero
2460 4024 2625 4077 etiam
2675 4038 2850 4093 agone
2897 4010 3359 4091 sunt'conjuncti,
3413 4036 3513 4075 su-

1934 4115 2279 4184 pernaturale
2312 4113 2513 4167 bonum
2570 4113 2750 4168 sortiti
2774 4122 2923 4168 sunt.
2982 4112 3140 4167 Unus
3200 4113 3257 4167 in
3314 4110 3513 4166 Triade

1932 4206 2268 4270 Altissimus,
2311 4220 2630 4275 generosam
2676 4214 2868 4260 nactus
2907 4204 3231 4259 athletarum
3253 4204 3511 4267 triadem,

1934 4299 2227 4369 Alpheum,
2250 4296 2529 4352 Zosimum
2567 4307 2618 4351 et
2647 4297 3039 4360 Alexandrum,
3067 4312 3162 4351 eos
3182 4296 3282 4350 sibi
3312 4295 3511 4351 milites

269 4387 699 4454 στρατολογήσας
726 4385 921 4448 αὐτοὺς
952 4385 1292 4457 ᾠκειώσατο.
1337 4385 1546 4453 ’Υγρὰν
1575 4384 1830 4439 διοδεύων

1945 4391 2283 4459 conscripsit.
2320 4389 2466 4444 Mare
2498 4390 2663 4458 hujus
2688 4392 2831 4445 vita:
2866 4390 3229 4457 procellosum
3287 4402 3510 4457 percur-

269 4480 524 4546 βιωτικῶς
573 4479 672 4545 τῆς
720 4478 1143 4545 πολυκυμάντου
1195 4477 1473 4541 πολιτείας
1527 4476 1827 4548 διαγωγὴν,

275 4576 341 4639 μὴ
371 4576 485 4632 ταῖς
514 4572 837 4641 τρικυμίαις
871 4569 1204 4637 βυθισορίην,
1241 4570 1546 4639 Θεοκυῆτερ
1599 4574 1693 4624 καὶ
1726 4588 1832 4623 σω-

267 4665 424 4731 τηρία
455 4664 735 4716 δέσποινα.

640 4760 764 4829 ’ῼδὴ
795 4740 839 4825 γ’
874 4756 1171 4824 Οὐρανίας
1223 4755 1467 4824 autem.

342 4850 405 4903 θ’.
446 4850 569 4903 Ἐπὶ
618 4851 823 4920 πέτρας
870 4851 1152 4921 ἀρρήκτου
1205 4849 1256 4901 οί
1306 4847 1523 4917 στερεοὶ
1556 4848 1835 4919 μάρτυρες

273 4944 701 5014 Θεμελιωθέντες,
736 4948 801 5015 τῇ
840 4946 1021 4998 πίστει
1049 4946 1116 5013 τῇ
1151 4946 1231 5003 είς
1272 4943 1367 4996 τὸν
1394 4942 1605 5011 Κύριον
1652 4943 1833 4997 πόνων

275 5038 495 5110 ὑπέσχον
521 5040 736 5108 ποινὴν,
768 5036 1178 5107 καθηλωθὲντες
1210 5038 1267 5089 ἐν
1302 5037 1480 5106 πέτρᾳ
1505 5075 1519 5099 ,
1557 5034 1650 5087 καὶ
1682 5035 1835 5104 ἡμᾶς

276 5125 368 5177 νῦν
409 5127 634 5180 παύουσι
697 5126 809 5177 τῶν
872 5125 1205 5195 ἀλγημάτων
1263 5125 1441 5195 ήμῶν.
1520 5123 1833 5192 Ὀφειλὲται

278 5216 500 5282 χαρίτων
546 5217 596 5269 oi
644 5213 738 5267 τοῦ
785 5213 920 5267 Θεοῦ
978 5215 1275 5283 μάρτυρες,
1324 5214 1541 5283 Μάρκῳ
1568 5213 1646 5283 τῷ
1691 5214 1834 5284 ἁγίῳ

282 5303 490 5373 ποίμνια
532 5302 996 5372 ἀπετελέσθησαν,
1046 5296 1219 5370 οὗπερ
1265 5303 1346 5365 είς
1400 5302 1608 5372 βλάϐην
1654 5303 1836 5373 δεινὴν

279 5392 441 5462 δεσμὰ
483 5396 819 5463 συγκόπτειν
871 5392 1187 5463 ταχθέντες,
1232 5394 1317 5455 είς
1369 5393 1506 5445 Θεοῦ
1552 5393 1836 5461 ἀγάπησιν

285 5485 419 5537 αὐτοὶ
452 5484 734 5554 ἐδέθησαν.

349 5585 396 5632 ι’.
431 5578 496 5631 Ἦ
547 5578 648 5647 μὲν
693 5579 785 5646 βία
836 5578 928 5631 τοῦ
965 5578 1188 5646 Μάγνου
1241 5576 1628 5647 φρενοδλαὸὧς
1672 5575 1865 5646 ἤθελε

286 5664 493 5734 Μᾶρκον
545 5671 639 5722 τὸν
685 5671 992 5740 θαυμάσιον
1047 5673 1257 5724 κλεῖσαι
1291 5671 1499 5739 σιδήρῳ
1543 5671 1833 5736 δήσαντος,

298 5751 346 5808 νῦ
369 5758 730 5829 φλογουμὲνου
766 5758 1009 5831 σφοδρῶς
1039 5759 1148 5813 τῶν
1180 5758 1426 5827 ἀδελφῶν
1459 5760 1523 5828 τῇ
1574 5756 1777 5825 τριάδι,
1806 5759 1832 5808 ό

1937 4496 2096 4546 rens,
2140 4480 2223 4535 fac
2282 4496 2349 4535 nc
2407 4482 2821 4550 tempestatibus
2870 4495 3120 4549 mergar,
3181 4479 3411 4548 Deipara
3454 4489 3507 4534 et

1935 4573 2192 4628 salvatrix
2218 4572 2445 4627 Domina
2481 4574 2495 4627 l

2237 4752 2444 4807 Cantus
2474 4754 2703 4808 tertius:
2752 4752 2987 4809 Cazlestis
3020 4753 3187 4807 arcis.

2007 4846 2061 4899 9.
2092 4845 2148 4898 In
2178 4854 2335 4914 petra
2361 4848 2567 4915 irrupta
2598 4845 2829 4901 firmiter
2850 4846 3076 4901 stabiliti
3101 4854 3370 4916 martyres
3400 4844 3508 4901 fide

1930 4938 1986 4992 in
2022 4938 2214 5001 Deum,
2243 4938 2485 4991 laborum
2513 4954 2726 5009 pinnam
2762 4939 3087 5003 subierunt,
3103 4937 3273 4993 clavis
3316 4938 3382 4992 ad
3418 4953 3505 4992 sa-

1930 5043 2060 5084 xum
2101 5028 2263 5082 defixi
2286 5044 2302 5092 ;
2326 5044 2472 5084 nunc
2496 5039 2677 5084 autem
2712 5032 2963 5085 eximunt
2992 5047 3094 5086 nos
3128 5044 3157 5084 a
3214 5030 3501 5086 doloribus

1931 5125 2158 5179 nostris.
2218 5120 2433 5176 Gratias
2490 5124 2690 5177 debent
2746 5124 2799 5177 hi
2844 5123 2939 5179 Dei
2995 5134 3264 5194 martyres
3313 5132 3507 5177 sancto

1936 5215 2137 5281 Marco,
2171 5217 2328 5286 cnjus
2351 5231 2480 5286 grex
2533 5216 2711 5270 euecti
2748 5223 2896 5280 sunt,
2947 5216 3191 5287 quando,
3218 5217 3285 5269 ad
3318 5214 3499 5268 dirum

1937 5306 2058 5373 ejus
2093 5308 2421 5375 supplicium
2454 5306 2670 5363 vincula
2698 5308 2970 5364 excudere
3000 5307 3162 5379 iussi,
3187 5306 3282 5360 Dei
3310 5316 3498 5357 amore

1936 5396 2037 5465 ipsi
2061 5398 2297 5452 devincti
2346 5408 2495 5453 sunt.

1998 5570 2083 5626 10.
2143 5571 2388 5628 Violenta
2441 5572 2619 5642 Magni
2660 5573 2868 5629 insania
2923 5572 3135 5627 volebat
3194 5568 3501 5625 mirabilem

1940 5664 2178 5719 Marcum
2212 5667 2524 5735 ι-οιιψεύὶτο
2563 5666 2709 5720 ferro
2734 5674 2981 5720 catena:
3016 5677 3128 5734 quo
3154 5660 3505 5717 vehementer

1938 5755 2379 5816 incautlcscente.
2416 5758 2708 5811 fraternam
2734 5753 2959 5811 triadem
2988 5752 3129 5813 Deus
3164 5754 3231 5811 ad
3263 5770 3502 5827 pugnant
