3950 6208
419 311 521 372 237

1101 309 1144 366 Ε
1159 309 1454 367 US'I‘ATH
1469 307 1525 366 ΙΙ
1568 307 1670 366 ΤΗ
1682 307 1856 367 ESSA
1867 307 1998 367 Ι.οδ

2107 293 2321 368 ENSiS
2365 305 2924 366 nemoroum

3569 299 3673 368 233

419 420 799 472 iul’lmnmavit.
834 418 1067 474 leeste
1105 421 1244 473 diva:
1276 420 1419 474 arcis
1451 421 1611 474 limen
1649 420 1791 475 haud
1825 421 1994 476 relin-

2107 425 2228 487 θεὸς
2264 424 2552 494 ἑπύρωσεν
2583 423 2783 484 αὐτοὺς
2818 423 2900 485 είς
2946 421 3196 490 ἄθλησιν.
3237 418 3510 488 Οὐρανίας
3548 420 3672 489 ἀψί-

422 528 622 580 quens,
657 523 927 581 repertam
960 522 1012 567 te
1065 512 1334 568 Dominus
1376 513 1723 578 inhabitavit,
1768 524 1822 568 et
1865 530 1995 568 caro

421 602 540 670 ipse
569 603 748 659 factus
784 618 817 657 e
867 612 1008 658 terra
1041 618 1140 657 uos
1174 603 1418 658 sustulit.
1453 603 1641 658 Gloria
1673 604 1795 671 tibi,
1830 603 1994 675 Virgo

422 692 800 760 immaculata,
833 709 929 764 per
960 710 1122 764 quam
1151 697 1376 750 relevati
1400 712 1620 750 sumus.

692 873 898 929 Cantus
930 883 1192 942 quartus:
1227 875 1443 940 Audivi,
1481 875 1720 929 Domine.

500 987 584 1040 ll.
624 985 810 1042 Clavis
863 989 1172 1058 perforati,
1228 1004 1495 1061 martyres
1553 1000 1784 1061 tyranno
1811 991 1995 1046 clavos

423 1079 622 1133 ruditis
645 1081 1096 1146 tribulationum;
1119 1093 1283 1151 petra:
1306 1083 1477 1144 afﬁxi,
1507 1083 1560 1136 in
1585 1098 1775 1137 saxum
1806 1094 1994 1150 stupo-

426 1186 484 1222 re
516 1171 786 1226 induratis
820 1188 915 1226 cor
937 1173 1174 1228 ferreum
1207 1185 1262 1228 et
1297 1175 1737 1244 impenetrabile.
1795 1173 1992 1228 Eleas

424 1262 700 1330 conjicitis
733 1264 979 1332 sagittas,
1017 1265 1217 1333 quibus
1247 1265 1530 1320 fodiuntur
1561 1266 1768 1319 inimici
1796 1267 1906 1327 Dei,
1940 1273 1994 1317 et

424 1361 844 1422 prosternuntur
890 1357 1039 1408 ruina
1100 1355 1465 1423 irreparabili.
1501 1355 1558 1410 Si
1617 1356 1819 1409 ferrum
1849 1356 1993 1408 velut

423 1459 564 1512 aqua
601 1445 814 1498 malleis
841 1443 1210 1509 subter-ﬂuxit,
1244 1462 1340 1501 vos
1377 1447 1570 1501 saltem
1606 1447 1708 1500 fide
1743 1447 1796 1500 in
1824 1445 1990 1498 Deum

425 1535 598 1589 solide
639 1537 906 1602 compaeti
931 1536 1083 1588 estis.
1114 1535 1300 1598 Audii,
1357 1536 1438 1589 vir
1492 1536 1862 1597 sanctissime,
1910 1533 1992 1587 vel

423 1625 604 1693 potius
637 1635 896 1695 expertus
931 1641 1052 1679 sum
1089 1638 1176 1680 tua
1207 1627 1476 1682 miracula
1507 1645 1522 1693 ;
1555 1628 1676 1682 novi
1715 1639 1861 1682 tuam
1894 1642 1993 1696 po-

428 1718 674 1782 tentiam,
719 1727 771 1772 et
807 1734 1001 1787 precor
1029 1728 1086 1774 ut
1121 1721 1322 1774 virtute
1376 1729 1466 1775 tua
1509 1729 1780 1790 protegar.

748 1983 956 2039 Cantus
979 1985 1244 2052 quintus:
1275 1983 1386 2038 Nos
1411 1984 1676 2038 illumina.

502 2101 590 2154 l2.
624 2100 852 2155 Multum
880 2117 1094 2170 gregem
1121 2101 1468 2158 eustodiebas
1492 2141 1507 2165 ,
1567 2101 1747 2156 Marce
1781 2111 1992 2168 sancte;

427 2208 547 2260 qua:
576 2200 755 2245 autem
785 2191 918 2257 Deo,
948 2193 1102 2259 quasi
1124 2200 1214 2244 tua
1249 2208 1411 2246 manu
1435 2232 1449 2254 ,
1483 2201 1722 2246 mactata
1781 2201 1864 2246 est
1899 2195 1994 2244 tri-

430 2291 550 2352 p‘ex
575 2284 772 2347 hostia,
798 2292 969 2338 totum
997 2299 1215 2354 gregem
1246 2299 1602 2354 supergressa
1624 2293 1729 2338 est.
1752 2283 1862 2338 lloe
1889 2285 1996 2337 tuis

426 2375 677 2430 etinctum
708 2387 789 2430 est
828 2376 1106 2444 precibus,
1138 2377 1452 2431 beatissime
1482 2375 1682 2440 Marce,
1716 2387 1774 2431 ut
1801 2379 1997 2435 fratres

427 2479 744 2522 catenarum
780 2476 999 2521 tuarum
1059 2467 1200 2522 fabri
1240 2468 1294 2522 in
1338 2483 1466 2524 vasa
1498 2467 1592 2523 Dei
1651 2471 1997 2526 sanctissima

427 2561 795 2617 fabrefierent.
857 2561 1048 2616 Manus
1096 2571 1290 2616 vestra:
1341 2573 1697 2632 torpuerunt,
1737 2579 1772 2618 ο
1831 2566 1995 2630 beati,

431 2653 640 2707 malleis
669 2653 1024 2722 percutienda
1060 2653 1225 2707 Marci
1249 2655 1504 2717 vincula;
1536 2671 1639 2710 vox
1691 2665 1870 2709 autem
1899 2655 1996 2710 di-

430 2745 550 2795 vina
577 2742 795 2797 coalitus
820 2743 1065 2796 animum
1128 2743 1284 2798 vobis
1352 2744 1548 2798 erexit.
1589 2743 1837 2798 lllumina
1897 2759 1997 2799 nos

430 2843 620 2898 noctu,
645 2835 778 2888 solis
817 2843 988 2888 mater
1014 2835 1334 2903 purissima,
1362 2845 1418 2890 et
1447 2835 1711 2905 dissipata
1736 2834 1884 2889 omni
1911 2837 1998 2891 di-

429 2942 612 2980 rarum
641 2927 874 2996 caligine
917 2926 1360 2992 tribulationum,
1410 2926 1570 2982 nobis
1623 2941 1879 2982 serenum
1907 2943 1998 2982 re-

425 3020 626 3072 tribue.

779 3111 981 3165 Cantus
999 3123 1184 3166 sextus
1210 3129 1223 3164 :
1248 3115 1315 3166 Et
1341 3111 1656 3167 Ecclesium.

500 3224 584 3276 15.
617 3223 718 3288 Qui
749 3224 874 3276 olim
909 3224 1208 3291 piscatores
1233 3225 1463 3293 piscium
1509 3227 1636 3282 fecit
1687 3227 1994 3298 piscatores

431 3314 736 3379 hominum,
773 3314 858 3368 hic
892 3330 1007 3379 vos,
1036 3315 1250 3369 athleta:
1299 3315 1538 3383 Domini,
1591 3332 1624 3372 a
1681 3317 1996 3374 fabricando

428 3417 648 3458 catenas
672 3405 1020 3474 diligentibus
1050 3420 1128 3472 se,
1162 3406 1402 3460 traduxit
1427 3407 1493 3460 ad
1535 3408 1841 3463 cudendum
1891 3410 1997 3463 tela

430 3496 692 3550 adversus
713 3495 963 3552 inimicos
995 3514 1147 3553 suos.
1176 3499 1288 3553 lleu
1327 3501 1340 3554 l
1367 3501 1578 3554 fabrum
1611 3511 1870 3570 expertus
1912 3509 1998 3556 est

429 3588 631 3642 Pmlns
663 3589 1056 3660 ncquissimqu
1088 3600 1141 3645 et
1163 3593 1507 3648 anathemate
1530 3592 1788 3664 dignum;
1824 3595 1998 3651 bonus

427 3696 559 3734 vero
586 3683 878 3738 monticola
900 3682 1110 3739 Marcus
1145 3695 1254 3740 tres
1285 3685 1466 3741 fabros
1511 3686 1709 3742 fratres
1760 3687 1995 3755 subegit,

430 3790 568 3838 quos
597 3783 783 3830 contra
810 3791 866 3830 se
892 3778 1255 3846 procudentes
1287 3782 1352 3832 ad
1383 3778 1549 3833 Deum
1582 3781 1827 3836 adduxit.
1860 3779 2001 3836 Red-

429 3868 568 3921 didit
625 3877 855 3938 tyranno
907 3870 1225 3924 beatissima
1281 3872 1412 3927 trias
1444 3857 1637 3927 datam
1692 3874 2042 3928 mercedem'

432 3961 752 4028 c-uupedum
804 3960 969 4015 Marci
1004 3981 1016 4028 ;
1047 3965 1139 4016 sed
1175 3964 1317 4018 Deus
1350 3964 1627 4020 meliorem
1679 3971 1997 4033 reservavit,

432 4052 687 4118 (luditque
713 4053 764 4105 in
796 4055 1076 4123 praemium
1115 4058 1264 4124 regni
1297 4060 1538 4111 (mlestis
1571 4060 1998 4124 possessionem.

431 4141 625 4196 Preces
659 4141 958 4205 fundimus,
992 4159 1024 4196 ο
1058 4144 1422 4208 sanctissime,
1447 4154 1500 4199 et
1522 4159 1746 4201 oramus
1779 4158 1830 4202 te
1855 4149 2003 4203 salu-

434 4242 540 4283 tem
575 4246 590 4296 ;
621 4245 745 4284 cum
778 4231 946 4286 foveis
979 4233 1511 4287 eireumelaudamur
1534 4237 1602 4290 ab
1621 4249 1847 4292 auctore
1872 4241 2001 4294 mali

435 4333 677 4376 nostram
710 4323 764 4378 in
815 4324 1109 4393 perniciem
1166 4324 1436 4391 suffossis,
1492 4327 1650 4381 nobis
1718 4345 2000 4401 succurre,

431 4413 525 4482 qui
557 4424 752 4468 cuncta
787 4415 936 4468 vales
967 4415 1033 4468 ad
1059 4414 1356 4486 perfectam
1394 4417 1555 4473 istius
1587 4418 1822 4475 ruinam.

2097 517 2185 579 δος
2221 516 2322 580 ούκ
2353 513 2600 569 ἐκλιπὼν
2633 515 2839 585 Κύριος
2876 514 3022 567 θεῖον
3048 513 3301 582 οὐρανὸν,
3328 511 3579 580 εὑρηκώς
3612 529 3674 565 σε

2097 610 2156 661 ὲν
2200 610 2283 660 σοὶ
2331 610 2636 678 ἐσκήνωσε,
2689 607 2784 660 καὶ
2828 605 2968 676 σὰρξ
3011 604 3174 668 αὐτὸς
3221 603 3463 673 γεγονὼς
3503 603 3672 671 γῆθεν

2099 703 2246 770 ἡμᾶς
2294 701 2560 770 ὑπεξῆρε.
2593 698 2731 763 Δόξα
2761 716 2866 764 σοι,
2896 698 3232 768 πανάμωμε,
3273 699 3342 767 τῇ
3394 695 3671 766 ἀνυψὼσει

2097 795 2274 864 ἡμῶν.

2461 874 2689 959 ’ῼδίᾘθ
2742 888 3111 955 Εἰσακήκοα,
3158 887 3355 956 Κύριε.

2171 994 2262 1050 ια’.
2297 996 2744 1066 Προσηλούμενοι
2783 997 3082 1066 μάρτυρες,
3119 997 3286 1066 ἥλους
3313 995 3390 1065 τῷ
3422 995 3672 1064 τυράννῳ

2097 1069 2344 1156 πήγνυτε
2376 1088 2610 1157 θλίψεων
2637 1105 2652 1119 ο
2683 1091 2749 1157 τῇ
2789 1088 2845 1140 δὲ
2879 1091 3056 1157 πέτρᾳ
3104 1089 3203 1156 τῆς
3231 1087 3489 1157 ἡλώσεως
3523 1088 3673 1141 ἐκλι-

2097 1176 2254 1230 θοῦτε
2290 1175 2490 1245 θάμϐει
2544 1177 2637 1229 τὸν
2676 1178 2988 1245 ἀτέραμνον
3036 1177 3378 1246 χαλκοτύπον
3407 1179 3465 1228 ὲν
3511 1176 3674 1230 πνεύ-

2100 1286 2252 1338 ματι.
2281 1270 2419 1335 Βέλη
2451 1271 2884 1340 χαλκευσάμενοι
2916 1269 3200 1337 ὲπαφίετε,
3229 1269 3296 1320 δι’
3340 1261 3415 1323 ὧν
3450 1269 3675 1338 βάλλον⁹

2096 1378 2185 1412 ται
2229 1361 2414 1430 ἐχθροὶ
2463 1360 2556 1413 τοῦ
2611 1360 2745 1414 Θεοῦ
2803 1361 2894 1414 καὶ
2943 1361 3269 1429 ῥιπτοῦνται
3320 1359 3529 1412 πτῶσιν
3571 1361 3672 1428 τὴν

2097 1449 2410 1518 ἀνέγερτον.
2442 1451 2498 1502 Ei
2535 1453 2630 1505 καὶ
2677 1449 2894 1518 σίδηρος
2939 1450 3130 1521 ἔρρεεν
3162 1447 3306 1518 ὓδωρ
3335 1467 3388 1501 τι
3417 1449 3671 1519 καθάπερ

2099 1540 2640 1609 σφυρηλατούμενος,
2668 1539 2782 1593 ἀλλ’
2811 1541 2968 1609 ὑμεῖς
3007 1539 3380 1608 ἐστερεώθητε
3412 1539 3671 1606 εὐπαγῶς

2096 1633 2161 1700 τῇ
2225 1632 2404 1684 πίστει
2459 1635 2524 1702 τῇ
2583 1633 2664 1694 είς
2719 1631 2942 1700 Κύριον.
3000 1632 3338 1700 Εἰσακήκοα.
3397 1631 3690 1697 πάναγνε,.

2104 1720 2304 1790 μᾶλλον
2357 1723 2806 1792 δὲλπεπείραμαι
2857 1721 2970 1774 τῶν
3017 1723 3311 1790 θαυμάτων
3343 1739 3458 1773 σου.
3500 1723 3672 1774 Kars-

2024 1797 2072 1857 Β
2101 1813 2268 1877 νόησα
2316 1816 2376 1864 τὸ
2427 1817 2626 1885 κράτος
2675 1831 2805 1878 σου,
2859 1817 2952 1866 καὶ
3003 1813 3152 1882 ζητῶ
3201 1813 3554 1883 φρουρεῖσθαι
3606 1815 3672 1882 τῇ

2100 1901 2328 1972 δυνάμει
2368 1921 2484 1957 σου.

2526 2000 2645 2070 ’ῼδὴ
2667 1983 2706 2052 ἶ
2734 2042 2748 2056 .
2791 2003 3060 2056 Φώτισον
3089 2001 3266 2071 ἡμᾶς.

2173 2107 2261 2174 1.3,.
2321 2109 2565 2179 Ποίμνης
2615 2113 2715 2180 μὲν
2769 2112 2972 2180 πολλῆς
3033 2110 3413 2180 προεστάτεις,
3474 2107 3674 2178 Μάρκε

2098 2199 2220 2267 ἇγιε
2246 2213 2262 2229 ⁶
2298 2200 2332 2271 ἡ
2374 2200 2432 2253 δὲ
2477 2200 2598 2271 Θεῷ
2645 2201 2889 2267 τυθεῐσα,
2925 2201 3001 2264 ὡς
3041 2201 3128 2255 διὰ
3179 2200 3258 2266 σὲ,
3287 2201 3480 2271 τριττὴ
3513 2200 3678 2252 θυσία

2101 2291 2378 2362 ὑπερῆρεν
2414 2292 2561 2346 ἅπαν
2594 2293 2869 2363 ποίμνιον.
2907 2295 3111 2363 Ἔργον
3151 2294 3311 2346 τοῦτο
3341 2293 3446 2362 σῆς
3478 2293 3676 2362 εὐχῆς,

2099 2382 2293 2450 Μάρκε
2340 2385 2796 2454 παμμακάριστε,
2828 2385 2954 2446 τοὺς
2988 2385 3100 2437 τῶν
3147 2383 3365 2454 δεσμῶν
3401 2400 3496 2436 σου
3544 2387 3679 2452 χαλ-

2098 2473 2297 2536 κευτὰς
2343 2474 2605 2543 ἀδελφοὺς
2664 2474 3143 2546 χαλκουργηθῆναι
3191 2475 3272 2537 είς
3321 2473 3494 2542 σκεύη
3532 2473 3676 2527 Θεοῦ

2100 2567 2357 2636 πανίερα.
2396 2567 2599 2636 Χεῖρες
2630 2568 2731 2638 μὲν
2763 2569 2912 2636 ὑμῖν,
2942 2563 2987 2622 ὧ
3045 2569 3333 2637 μακάριοι,
3366 2569 3682 2637 ἑνήρκεσαν

2101 2659 2544 2729 σφυρηλατοῦσαι
2591 2661 2660 2713 τὰ
2705 2659 2799 2713 τοῦ
2853 2659 3082 2728 Μάρκου
3134 2661 3354 2729 δεσμά·
3407 2659 3564 2728 φωνὴ
3618 2658 3680 2711 δὲ

2100 2750 2220 2804 θεία
2263 2751 2460 2820 ὑψόθεν
2507 2753 2695 2821 αὐχεῖν
2739 2752 3075 2824 ἐπέρρωσεν.
3130 2751 3335 2815 Φώτιζε
3381 2754 3529 2820 ἡμᾶς
3579 2768 3678 2802 νυ-

2099 2843 2243 2908 κτὸς,
2274 2843 2424 2911 ἡλίου
2459 2842 2633 2912 μῆτερ
2679 2843 2837 2913 ἁγνὴ,
2874 2843 2970 2895 καὶ
3019 2843 3200 2896 πᾶσαν
3249 2843 3516 2893 σκότωσιν
3562 2839 3682 2890 δει-

2099 2933 2204 2987 νῶν
2258 2935 2584 3004 πειρασμῶν
2640 2935 3056 3004 ἀπαγαγοῦσα,
3112 2933 3211 3006 τὴν
3263 2933 3486 3001 αἰθρίαν
3541 2932 3682 3000 ἡμῖν

2100 3025 2355 3097 βράὅευε.

2391 3123 2515 3192 ’ῼδὴ
2535 3108 2593 3187 ’ξ
2615 3139 2630 3156 -
2684 3122 2795 3178 Kal
2817 3123 2931 3191 τὴν
2964 3121 3360 3190 Ἐκκλησίαν.

2174 3232 2262 3300 ιγ’.
2307 3235 2364 3287 ’0
2393 3234 2560 3286 πάλαι
2587 3234 2712 3295 τοὺς
2745 3233 2917 3296 ἁλιεῖς
2951 3233 3060 3285 τῶν
3091 3231 3292 3299 ἰχθύων
3323 3231 3493 3289 ἁλιεῖς
3539 3229 3684 3280 ἀπο-

2099 3325 2322 3388 τελέσας
2367 3325 2694 3396 ἀνθρώπων,
2737 3319 2890 3388 οὗτος
2921 3326 3086 3393 ὑμᾶς,
3115 3323 3406 3393 ἀθλοφόροι
3439 3321 3679 3389 Κυρίου,

2101 3423 2163 3474 ὲκ
2191 3422 2285 3474 τοῦ
2313 3422 2596 3491 χαλκεύειν
2625 3421 2801 3490 δεσμά
2826 3424 2938 3484 τοῖς
2989 3420 3250 3473 ποθοῦσιν
3299 3419 3464 3472 αύτξν
3505 3417 3682 3484 μετή-

2100 3529 2240 3580 γαγε
2277 3513 2579 3582 βελοποιεῖν
2607 3515 2748 3566 κατά
2778 3513 2886 3564 τῶν
2933 3511 3299 3581 παλαμναίων
3330 3507 3547 3577 ἐχθρῶν
3576 3506 3685 3558 τοῦ

2101 3603 2258 3658 Θεοῦ.
2294 3605 2358 3656 Ὦ
2400 3603 2643 3673 χαλκέως
2691 3605 2790 3677 μὲν
2824 3602 3092 3673 ἐπειράοη
3137 3605 3163 3656 6
3211 3600 3423 3662 Παῦλος
3457 3615 3686 3664 παγκαο

2102 3695 2290 3748 κίστου
2319 3697 2414 3747 καὶ
2441 3695 2595 3761 ἀξίου
2625 3697 2874 3765 κατάρας
2900 3713 2913 3726 ο
2946 3697 2974 3748 6
3007 3695 3064 3747 δὲ
3099 3694 3264 3756 καλὸς
3314 3693 3685 3761 ὀρεσίτροφος

2102 3786 2329 3854 Μάρκος
2401 3790 2547 3856 τρεῖς
2615 3789 2880 3858 ἀδελφοὺς
2956 3788 3260 3858 χαλκευτάς
3331 3786 3684 3854 ὑπηγάγετο,

2103 3877 2467 3947 χαλκεύοντας
2522 3879 2622 3949 μὲν
2678 3881 2800 3933 κατ’
2863 3879 3052 3943 αὐτοῦ,
3101 3879 3169 3932 δι’
3230 3876 3396 3931 αὐτοῦ
3449 3876 3506 3929 δὲ
3559 3876 3686 3942 Θεῴ

2105 3971 2627 4040 προσχωρήσαντας.
2692 3973 3082 4044 ’Δντέστρεφον
3136 3969 3214 4039 τῷ
3267 3969 3516 4036 τυράννῳ
3578 3967 3686 4034 τὴν

2104 4061 2255 4114 δόσιν
2283 4064 2316 4131 ἡ
2349 4063 2636 4127 πανόλὸιος
2667 4063 2843 4134 τριάς,
2874 4063 2972 4133 τὴν
3020 4063 3268 4115 δοθεῖσαν
3302 4061 3442 4129 ὑπὲρ
3478 4060 3685 4128 μισθοῦ

2103 4154 2214 4207 τῶν
2250 4155 2467 4225 δεσμῶν
2517 4155 2628 4209 τῶν
2667 4155 2759 4209 τοῦ
2790 4155 3050 4228 Μάρκουο
3084 4157 3112 4209 6
3139 4155 3196 4208 δὲ
3248 4152 3382 4216 Θεὸς
3415 4152 3685 4220 ἐταμίευε

2104 4247 2417 4317 κρείττονα,
2450 4248 2547 4300 καὶ
2590 4246 2822 4302 δέδωκεν
2850 4248 2930 4310 είς
2973 4246 3186 4317 δωρεὰν
3237 4245 3488 4314 οὐρανῶν
3515 4243 3686 4312 βασι-

2104 4336 2258 4398 λείας
2309 4337 2632 4394 ἀπόλαυσιν.
2685 4339 2795 4409 Τὴν
2847 4338 3032 4409 δέησιν
3079 4337 3370 4408 ὲκχέομεν,
3405 4337 3686 4399 πάναγνε,

2104 4427 2199 4478 καὶ
2245 4427 2544 4497 αἰτούμεθα
2576 4429 2639 4481 ὲκ
2673 4427 2768 4480 σοῦ
2825 4427 3126 4498 σωτηρίαν,
3156 4428 3238 4480 ὅτι
3281 4427 3498 4488 πολλοῖς
3530 4443 3686 4493 πυρ-

429 4505 749 4576 γηρούμεθα
807 4504 1052 4573 λάκκοις,
1124 4506 1218 4572 οὒς
1265 4509 1390 4563 καθ’
1443 4510 1606 4580 ἡμῶν
1652 4512 1681 4564 6
1726 4512 2038 4583 ἀρχέκακος
2109 4516 2353 4588 ὤρυξεν·
2395 4517 2490 4582 οὓς
2537 4519 2805 4589 βοήθησον
2858 4519 2934 4583 ὡς
2985 4519 3293 4589 πανσθενὴς
3339 4519 3420 4581 είς
3467 4520 3688 4570 ἐκείνου

428 4601 640 4654 τελείαν
669 4599 964 4653 ἀπώλειαν.

710 4697 916 4753 Cantus
933 4699 1234 4769 septimus:
1270 4699 1390 4754 Tres
1414 4716 1478 4754 ea:
1497 4701 1715 4758 ludam.

507 4811 590 4864 M.
612 4810 846 4866 Fervore
867 4812 1094 4882 spiritus
1112 4813 1353 4879 accensi,
1376 4829 1408 4868 ο
1434 4815 1706 4880 Salvator,
1728 4815 1804 4868 tui
1831 4815 2003 4871 athle-

431 4911 498 4954 ta:
543 4902 609 4956 de
653 4904 832 4959 fabrili
862 4908 965 4958 vita
996 4915 1051 4959 et
1079 4903 1421 4960 ﬂammarum
1476 4908 1693 4962 camino
1723 4907 1792 4962 ad
1833 4917 1883 4962 te
1913 4923 2004 4962 ac-

428 5001 731 5058 c:-ssernnt,
783 5003 836 5048 et
887 5003 1212 5065 receperunt
1263 4998 1612 5068 refrigerium
1668 4998 2002 5068 divitiasque

430 5096 484 5136 t'l
516 5084 741 5152 gloriam
773 5095 1051 5140 attentam.
1079 5085 1317 5157 Tyranni
1363 5088 1584 5157 quidem
1637 5096 1722 5143 est
1776 5088 1998 5142 tradere

431 5175 719 5230 tormentis
767 5175 1052 5243 diligentes
1106 5179 1274 5235 Deum
1308 5180 1443 5246 ;sed
1509 5181 1832 5236 miraculum
1892 5179 2001 5236 Deo

429 5271 674 5338 dignum.
695 5267 801 5322 sibi
833 5268 1072 5338 perfecte
1100 5272 1256 5326 unire
1282 5287 1380 5341 pro
1409 5288 1467 5327 se
1491 5274 1780 5342 patientes,
1803 5288 1834 5327 e
1864 5289 2000 5342 quo-

433 5375 550 5414 rum
581 5369 726 5416 sorte
749 5371 877 5415 sunt
909 5371 1016 5416 tres
1041 5363 1213 5418 nostri
1245 5364 1481 5432 patroni.
1503 5363 1659 5434 Ignea
1681 5364 1848 5423 Belial
1869 5381 2001 5419 con-

434 5462 511 5504 tra
539 5469 638 5508 nos
671 5454 774 5508 tela
807 5469 954 5509 nunc
981 5455 1335 5524 exstinguite,
1367 5471 1399 5510 ο
1429 5456 1560 5510 trias
1615 5472 1713 5526 par
1767 5472 1999 5511 numero

437 5545 686 5600 maxima:
713 5545 991 5611 Trinitati,
1029 5555 1084 5602 et
1133 5547 1476 5616 refrigerium
1534 5549 1765 5601 irrorate
1815 5548 2002 5614 nobis,

438 5635 529 5698 qui
562 5631 782 5692 fervidis
813 5638 981 5695 Deum
1017 5639 1232 5709 hymnis
1257 5637 1617 5693 celebramus.
1644 5637 1780 5694 Tres
1803 5654 1870 5693 ex
1901 5637 2000 5694 Ju-

437 5721 553 5776 data
575 5723 758 5782 felices
781 5733 931 5798 pueri
957 5733 1010 5788 in
1033 5731 1280 5786 ﬂammas
1309 5729 1542 5786 immissi
1571 5744 1782 5800 partum
1819 5740 1996 5800 tuum,

2029 4709 2076 4767 D

2439 4703 2562 4774 ᾮδὴ
2580 4686 2625 4768 ’ξ
2657 4718 2671 4734 ο
2699 4705 2762 4756 οι
2797 4702 2866 4756 ἐκ
2897 4701 3008 4772 τῆς
3048 4702 3361 4769 Ἰουδαίας.

2181 4819 2264 4875 ιδ’.
2295 4821 2375 4892 Τῇ
2406 4818 2501 4873 τοῦ
2549 4817 2860 4889 πνεύματος
2891 4818 3038 4882 ζέσει
3069 4817 3530 4888 πυρακτούμενοι,
3566 4819 3690 4870 Σῶ-

2103 4929 2223 4981 τερ,
2277 4912 2328 4964 οί
2376 4910 2672 4980 ἀθλοφόροι
2733 4926 2828 4963 σου
2883 4913 2949 4963 ὲκ
3003 4909 3374 4980 χειρώνακτος
3427 4911 3542 4979 βίου
3591 4912 3692 4964 καὶ

2103 5003 2354 5064 καύσεως
2384 5003 2633 5071 καμίνων
2667 5018 2748 5054 σοι
2804 5001 3128 5071 προσέσχον,
3159 5002 3254 5054 καὶ
3303 5002 3496 5054 ἔλαϐον
3545 5004 3694 5054 ἀνα-

2103 5095 2283 5166 ψυχὴν
2319 5096 2411 5147 καὶ
2440 5093 2670 5146 πλοῦτον
2705 5093 2800 5146 καὶ
2847 5093 3005 5158 δόξαν
3055 5094 3304 5148 αἰωνίαν.
3353 5095 3694 5165 Τυραννίδος

2108 5187 2205 5256 μὲν
2233 5185 2416 5256 ἔργον,
2449 5183 2718 5237 ἐκδιδόναι
2740 5183 2960 5237 κολάσει
2985 5183 3112 5246 τοὺς
3146 5183 3480 5250 ἀγαπῶντας
3526 5184 3689 5235 Θεόιο

2103 5276 2240 5330 Θεοῦ
2291 5276 2348 5329 δὲ
2402 5275 2556 5337 αὖθις
2605 5274 2812 5344 θαῦμα,
2843 5272 3179 5327 οἰκειοῦσθαι
3237 5260 3505 5336 παντοίως
3558 5274 3688 5335 τοὺς

2107 5366 2271 5423 αὐτοῦ
2328 5377 2487 5437 χαριν
2534 5365 2866 5435 πάσχοντας,
2891 5359 2966 5419 ὧν
3019 5367 3118 5434 τῆς
3175 5367 3393 5436 μερίδος
3441 5368 3582 5420 εἰσιν
3632 5369 3692 5420 οἱ

2105 5461 2252 5530 τρεῖς
2306 5459 2465 5528 ἡμῶν
2514 5458 2840 5525 προστάται.
2893 5457 3330 5529 Πυρακτούμενα
3367 5458 3500 5528 βέλη
3555 5459 3693 5511 καθ’

2109 5551 2267 5622 ἡμῶν
2307 5551 2399 5604 τοῦ
2450 5550 2648 5621 Βελίαρ
2695 5549 2928 5603 σῦέσατε
2973 5549 3067 5603 νῦν
3098 5551 3375 5618 κραταιῶς
3424 5553 3473 5601 oi
3507 5555 3692 5620 τρεῖς,

2108 5645 2156 5694 οἱ
2208 5643 2307 5711 τῆς
2355 5642 2621 5712 μεγίστης
2676 5640 2956 5710 ίσάριθμοι
3002 5639 3256 5708 Τριάδος,
3295 5640 3389 5692 καὶ
3415 5641 3698 5709 ἀνάψυξιν

2108 5733 2359 5803 ἔνδροσον
2384 5734 2504 5788 δότε
2526 5736 2682 5804 ἡμῖν,
2711 5737 2824 5796 τοῖς
2857 5732 3078 5804 θερμῶς
3106 5733 3238 5786 Θεὸν
3262 5731 3689 5800 ὑμνολογοῦσιν.
