  <div class='ocr_page' id='page_1' title='image "/cluster/home/n/w/nwhite01/storage/ocr_20150623/136/hvd.32044054100201/152.png"; bbox 0 0 3950 6208; ppageno 0'>
   <div class='ocr_carea' id='block_1_1' title="bbox 262 284 368 351">
    <p class='ocr_par' dir='ltr' id='par_1_1' title="bbox 262 284 368 351">
     <span class='ocr_line' id='line_1_1' title="bbox 262 284 368 351; baseline 0.047 -4"><span class='ocrx_word' id='word_1_1' title='bbox 262 284 368 351; x_wconf 72' lang='grc' dir='ltr'><strong>ἳ8]</strong></span> 
     </span>
    </p>
   </div>
   <div class='ocr_carea' id='block_1_2' title="bbox 1168 304 2600 380">
    <p class='ocr_par' dir='ltr' id='par_1_2' title="bbox 1168 304 2600 380">
     <span class='ocr_line' id='line_1_2' title="bbox 1168 304 2600 380; baseline 0.011 -17"><span class='ocrx_word' id='word_1_2' title='bbox 1168 304 1262 365; x_wconf 88' lang='lat' dir='ltr'><strong>DE</strong></span> <span class='ocrx_word' id='word_1_3' title='bbox 1311 307 1412 369; x_wconf 63' lang='lat' dir='ltr'><strong>SS.</strong></span> <span class='ocrx_word' id='word_1_4' title='bbox 1446 310 1753 378; x_wconf 70' lang='lat' dir='ltr'><strong>ANANIA,</strong></span> <span class='ocrx_word' id='word_1_5' title='bbox 1786 314 2059 373; x_wconf 57' lang='lat' dir='ltr'><strong>AZKRH</strong></span> <span class='ocrx_word' id='word_1_6' title='bbox 2109 316 2196 377; x_wconf 73' lang='lat' dir='ltr'><strong>liT</strong></span> <span class='ocrx_word' id='word_1_7' title='bbox 2248 316 2600 380; x_wconf 77' lang='lat' dir='ltr'><strong>MlS.\ELE.</strong></span> 
     </span>
    </p>
   </div>
   <div class='ocr_carea' id='block_1_3' title="bbox 3401 327 3506 390">
    <p class='ocr_par' dir='ltr' id='par_1_3' title="bbox 3401 327 3506 390">
     <span class='ocr_line' id='line_1_3' title="bbox 3401 327 3506 390; baseline 0.01 -1"><span class='ocrx_word' id='word_1_8' title='bbox 3401 327 3506 390; x_wconf 72' lang='grc'><strong>990</strong></span> 
     </span>
    </p>
   </div>
   <div class='ocr_carea' id='block_1_4' title="bbox 262 403 1808 503">
    <p class='ocr_par' dir='ltr' id='par_1_4' title="bbox 262 403 1808 486">
     <span class='ocr_line' id='line_1_4' title="bbox 262 403 1808 486; baseline 0.012 -32"><span class='ocrx_word' id='word_1_9' title='bbox 262 405 322 455; x_wconf 83' lang='lat' dir='ltr'><strong>Ui</strong></span> <span class='ocrx_word' id='word_1_10' title='bbox 352 405 418 455; x_wconf 77' lang='grc' dir='ltr'>ἐκ</span> <span class='ocrx_word' id='word_1_11' title='bbox 463 403 562 471; x_wconf 82' lang='grc' dir='ltr'>τῆς</span> <span class='ocrx_word' id='word_1_12' title='bbox 605 404 863 470; x_wconf 80' lang='grc' dir='ltr'>ἰουδαίας</span> <span class='ocrx_word' id='word_1_13' title='bbox 904 412 1057 479; x_wconf 83' lang='grc' dir='ltr'>τρεῖς</span> <span class='ocrx_word' id='word_1_14' title='bbox 1103 415 1368 485; x_wconf 74' lang='grc' dir='ltr'>μακάριοι</span> <span class='ocrx_word' id='word_1_15' title='bbox 1423 419 1613 480; x_wconf 74' lang='grc' dir='ltr'>παῖδες</span> <span class='ocrx_word' id='word_1_16' title='bbox 1660 420 1808 486; x_wconf 63' lang='grc' dir='ltr'>ἐμϐει</span> 
     </span>
    </p>
   </div>
   <div class='ocr_carea' id='block_1_5' title="bbox 1917 403 3505 503">
    <p class='ocr_par' dir='ltr' id='par_1_5' title="bbox 1938 424 3505 503">
     <span class='ocr_line' id='line_1_5' title="bbox 1938 424 3505 503; baseline 0.01 -27"><span class='ocrx_word' id='word_1_17' title='bbox 1938 424 2117 490; x_wconf 76' lang='lat' dir='ltr'><strong>Virgo,</strong></span> <span class='ocrx_word' id='word_1_18' title='bbox 2149 428 2599 496; x_wconf 67' lang='lat' dir='ltr'><strong>prmiigurabant:</strong></span> <span class='ocrx_word' id='word_1_19' title='bbox 2642 430 2865 497; x_wconf 75' lang='lat' dir='ltr'><strong>gestasti</strong></span> <span class='ocrx_word' id='word_1_20' title='bbox 2890 431 3034 487; x_wconf 87' lang='lat' dir='ltr'><strong>enim</strong></span> <span class='ocrx_word' id='word_1_21' title='bbox 3063 432 3505 503; x_wconf 77' lang='lat' dir='ltr'><strong>igneminunate-</strong></span> 
     </span>
    </p>
   </div>
   <div class='ocr_carea' id='block_1_6' title="bbox 255 494 1824 576">
    <p class='ocr_par' dir='ltr' id='par_1_6' title="bbox 255 494 1824 576">
     <span class='ocr_line' id='line_1_6' title="bbox 255 494 1824 576; baseline 0.008 -29"><span class='ocrx_word' id='word_1_22' title='bbox 255 494 517 566; x_wconf 73' lang='grc' dir='ltr'>ϐλημένοι</span> <span class='ocrx_word' id='word_1_23' title='bbox 544 498 702 568; x_wconf 75' lang='grc' dir='ltr'>πυρὶ,</span> <span class='ocrx_word' id='word_1_24' title='bbox 732 501 825 553; x_wconf 73' lang='grc' dir='ltr'>τὸν</span> <span class='ocrx_word' id='word_1_25' title='bbox 852 502 1010 554; x_wconf 81' lang='grc' dir='ltr'>τόκον</span> <span class='ocrx_word' id='word_1_26' title='bbox 1042 522 1137 557; x_wconf 78' lang='grc' dir='ltr'>σου</span> <span class='ocrx_word' id='word_1_27' title='bbox 1170 508 1441 576; x_wconf 81' lang='grc' dir='ltr'>παρθένον</span> <span class='ocrx_word' id='word_1_28' title='bbox 1466 510 1824 575; x_wconf 66' lang='grc' dir='ltr'>εἰκονίζοιτῖς</span> 
     </span>
    </p>
   </div>
   <div class='ocr_carea' id='block_1_7' title="bbox 252 582 1825 670">
    <p class='ocr_par' dir='ltr' id='par_1_7' title="bbox 252 582 1825 670">
     <span class='ocr_line' id='line_1_7' title="bbox 252 582 1825 670; baseline 0.011 -33"><span class='ocrx_word' id='word_1_29' title='bbox 252 582 432 656; x_wconf 73' lang='grc' dir='ltr'>ἦσαν’</span> <span class='ocrx_word' id='word_1_30' title='bbox 463 587 578 658; x_wconf 84' lang='grc' dir='ltr'>πῦρ</span> <span class='ocrx_word' id='word_1_31' title='bbox 629 591 738 660; x_wconf 73' lang='grc' dir='ltr'><strong>γὰρ</strong></span> <span class='ocrx_word' id='word_1_32' title='bbox 784 589 946 644; x_wconf 80' lang='grc' dir='ltr'>ᾶῦλον</span> <span class='ocrx_word' id='word_1_33' title='bbox 991 593 1237 661; x_wconf 79' lang='grc' dir='ltr'>ἓστεξας,</span> <span class='ocrx_word' id='word_1_34' title='bbox 1290 592 1464 670; x_wconf 72' lang='grc' dir='ltr'>οὗπερ</span> <span class='ocrx_word' id='word_1_35' title='bbox 1513 603 1606 653; x_wconf 81' lang='grc' dir='ltr'>καὶ</span> <span class='ocrx_word' id='word_1_36' title='bbox 1666 602 1825 666; x_wconf 76' lang='grc' dir='ltr'>βάτος</span> 
     </span>
    </p>
   </div>
   <div class='ocr_carea' id='block_1_8' title="bbox 237 677 1102 752">
    <p class='ocr_par' dir='ltr' id='par_1_8' title="bbox 237 677 1102 752">
     <span class='ocr_line' id='line_1_8' title="bbox 237 677 1102 752; baseline 0.014 -22"><span class='ocrx_word' id='word_1_37' title='bbox 237 679 382 732; x_wconf 67' lang='grc' dir='ltr'>’ποτε</span> <span class='ocrx_word' id='word_1_38' title='bbox 412 680 582 745; x_wconf 75' lang='grc' dir='ltr'>τύπος</span> <span class='ocrx_word' id='word_1_39' title='bbox 613 677 683 752; x_wconf 81' lang='grc' dir='ltr'>ἦν</span> <span class='ocrx_word' id='word_1_40' title='bbox 712 683 808 737; x_wconf 90' lang='grc' dir='ltr'><strong>τοῦ</strong></span> <span class='ocrx_word' id='word_1_41' title='bbox 836 685 1102 749; x_wconf 80' lang='grc' dir='ltr'><strong>Μωσέως.</strong></span> 
     </span>
    </p>
   </div>
   <div class='ocr_carea' id='block_1_9' title="bbox 474 785 1614 877">
    <p class='ocr_par' dir='ltr' id='par_1_9' title="bbox 474 785 1614 877">
     <span class='ocr_line' id='line_1_9' title="bbox 474 785 1614 877; baseline 0.011 -26"><span class='ocrx_word' id='word_1_42' title='bbox 474 800 598 870; x_wconf 81' lang='grc' dir='ltr'><strong>’ῼδὴ</strong></span> <span class='ocrx_word' id='word_1_43' title='bbox 618 785 665 869; x_wconf 58' lang='lat' dir='ltr'><strong>ii</strong></span> <span class='ocrx_word' id='word_1_44' title='bbox 687 813 703 830; x_wconf 84' lang='lat'>&#39;</span> <span class='ocrx_word' id='word_1_45' title='bbox 740 801 853 855; x_wconf 81' lang='grc' dir='ltr'><strong>Τὸν</strong></span> <span class='ocrx_word' id='word_1_46' title='bbox 875 803 1141 868; x_wconf 77' lang='grc' dir='ltr'><strong>βασιλέα</strong></span> <span class='ocrx_word' id='word_1_47' title='bbox 1171 806 1291 861; x_wconf 80' lang='grc' dir='ltr'><strong>τῶν</strong></span> <span class='ocrx_word' id='word_1_48' title='bbox 1317 809 1614 877; x_wconf 70' lang='grc' dir='ltr'>οὐρανῶν.</span> 
     </span>
    </p>
   </div>
   <div class='ocr_carea' id='block_1_10' title="bbox 318 887 1824 967">
    <p class='ocr_par' dir='ltr' id='par_1_10' title="bbox 318 887 1824 967">
     <span class='ocr_line' id='line_1_10' title="bbox 318 887 1824 967; baseline 0.011 -29"><span class='ocrx_word' id='word_1_49' title='bbox 318 893 410 940; x_wconf 85' lang='grc' dir='ltr'>ιε’.</span> <span class='ocrx_word' id='word_1_50' title='bbox 436 887 895 957; x_wconf 83' lang='grc' dir='ltr'>Σεμνοποιοῦνται</span> <span class='ocrx_word' id='word_1_51' title='bbox 934 895 984 945; x_wconf 79' lang='lat' dir='ltr'><strong>oi</strong></span> <span class='ocrx_word' id='word_1_52' title='bbox 1036 897 1272 958; x_wconf 85' lang='grc' dir='ltr'>Πισ.δεῖς</span> <span class='ocrx_word' id='word_1_53' title='bbox 1318 897 1391 959; x_wconf 89' lang='grc' dir='ltr'><strong>ὠς</strong></span> <span class='ocrx_word' id='word_1_54' title='bbox 1444 900 1667 964; x_wconf 71' lang='grc' dir='ltr'>πολίτας</span> <span class='ocrx_word' id='word_1_55' title='bbox 1697 903 1824 967; x_wconf 74' lang='grc' dir='ltr'>τοὺς</span> 
     </span>
    </p>
   </div>
   <div class='ocr_carea' id='block_1_11' title="bbox 248 978 1817 1056">
    <p class='ocr_par' dir='ltr' id='par_1_11' title="bbox 248 978 1817 1056">
     <span class='ocr_line' id='line_1_11' title="bbox 248 978 1817 1056; baseline 0.01 -25"><span class='ocrx_word' id='word_1_56' title='bbox 248 979 437 1047; x_wconf 75' lang='grc' dir='ltr'>ἁγίους</span> <span class='ocrx_word' id='word_1_57' title='bbox 476 978 703 1044; x_wconf 79' lang='grc' dir='ltr'><strong>τούτους</strong></span> <span class='ocrx_word' id='word_1_58' title='bbox 747 984 1124 1054; x_wconf 77' lang='grc' dir='ltr'>εὐτυχοῦντες,</span> <span class='ocrx_word' id='word_1_59' title='bbox 1185 988 1450 1042; x_wconf 77' lang='grc' dir='ltr'><strong>Κλαυδίου</strong></span> <span class='ocrx_word' id='word_1_60' title='bbox 1518 1009 1575 1043; x_wconf 87' lang='grc' dir='ltr'>τε</span> <span class='ocrx_word' id='word_1_61' title='bbox 1640 993 1817 1056; x_wconf 84' lang='grc' dir='ltr'>πόλις,</span> 
     </span>
    </p>
   </div>
   <div class='ocr_carea' id='block_1_12' title="bbox 247 1071 1819 1153">
    <p class='ocr_par' dir='ltr' id='par_1_12' title="bbox 247 1071 1819 1153">
     <span class='ocr_line' id='line_1_12' title="bbox 247 1071 1819 1153; baseline 0.011 -31"><span class='ocrx_word' id='word_1_62' title='bbox 247 1073 380 1123; x_wconf 82' lang='grc' dir='ltr'>ὅπου</span> <span class='ocrx_word' id='word_1_63' title='bbox 414 1071 598 1134; x_wconf 81' lang='grc' dir='ltr'>αὐτοῖς</span> <span class='ocrx_word' id='word_1_64' title='bbox 631 1074 691 1126; x_wconf 82' lang='grc' dir='ltr'><strong>τὸ</strong></span> <span class='ocrx_word' id='word_1_65' title='bbox 735 1075 907 1137; x_wconf 84' lang='grc' dir='ltr'>τέλος.</span> <span class='ocrx_word' id='word_1_66' title='bbox 955 1077 1276 1147; x_wconf 68' lang='grc' dir='ltr'>Ὀψιμαοεῖς</span> <span class='ocrx_word' id='word_1_67' title='bbox 1329 1082 1429 1149; x_wconf 79' lang='grc' dir='ltr'>μὲν</span> <span class='ocrx_word' id='word_1_68' title='bbox 1472 1084 1567 1136; x_wconf 79' lang='grc' dir='ltr'><strong>τοῦ</strong></span> <span class='ocrx_word' id='word_1_69' title='bbox 1612 1086 1819 1153; x_wconf 77' lang='grc' dir='ltr'><strong>ἀγαθοῦ</strong></span> 
     </span>
    </p>
   </div>
   <div class='ocr_carea' id='block_1_13' title="bbox 248 1162 1822 1241">
    <p class='ocr_par' dir='ltr' id='par_1_13' title="bbox 248 1162 1822 1241">
     <span class='ocr_line' id='line_1_13' title="bbox 248 1162 1822 1241; baseline 0.011 -30"><span class='ocrx_word' id='word_1_70' title='bbox 248 1162 556 1229; x_wconf 81' lang='grc' dir='ltr'>γεγονότες,</span> <span class='ocrx_word' id='word_1_71' title='bbox 587 1167 822 1235; x_wconf 78' lang='grc' dir='ltr'><strong>στερεῶς</strong></span> <span class='ocrx_word' id='word_1_72' title='bbox 855 1167 910 1220; x_wconf 85' lang='grc' dir='ltr'><strong>δὲ</strong></span> <span class='ocrx_word' id='word_1_73' title='bbox 954 1169 1141 1222; x_wconf 77' lang='grc' dir='ltr'><strong>πίστει</strong></span> <span class='ocrx_word' id='word_1_74' title='bbox 1177 1172 1521 1237; x_wconf 82' lang='grc' dir='ltr'>ἑντακέντες,</span> <span class='ocrx_word' id='word_1_75' title='bbox 1550 1175 1645 1227; x_wconf 88' lang='grc' dir='ltr'><strong>νῦν</strong></span> <span class='ocrx_word' id='word_1_76' title='bbox 1675 1178 1822 1241; x_wconf 77' lang='grc' dir='ltr'>δοξο-</span> 
     </span>
    </p>
   </div>
   <div class='ocr_carea' id='block_1_14' title="bbox 247 1253 1815 1335">
    <p class='ocr_par' dir='ltr' id='par_1_14' title="bbox 247 1253 1815 1335">
     <span class='ocr_line' id='line_1_14' title="bbox 247 1253 1815 1335; baseline 0.01 -31"><span class='ocrx_word' id='word_1_77' title='bbox 247 1253 531 1322; x_wconf 81' lang='grc' dir='ltr'>λογοῦνται</span> <span class='ocrx_word' id='word_1_78' title='bbox 564 1256 744 1319; x_wconf 87' lang='grc' dir='ltr'>καλῶς</span> <span class='ocrx_word' id='word_1_79' title='bbox 792 1259 843 1310; x_wconf 84' lang='grc' dir='ltr'>οἱ</span> <span class='ocrx_word' id='word_1_80' title='bbox 874 1259 1190 1329; x_wconf 67' lang='grc' dir='ltr'>ἀθλοφόροι.</span> <span class='ocrx_word' id='word_1_81' title='bbox 1236 1263 1326 1315; x_wconf 79' lang='grc' dir='ltr'>Ἐν</span> <span class='ocrx_word' id='word_1_82' title='bbox 1361 1266 1426 1335; x_wconf 80' lang='grc' dir='ltr'><strong>τῇ</strong></span> <span class='ocrx_word' id='word_1_83' title='bbox 1458 1266 1658 1334; x_wconf 63' lang='grc' dir='ltr'>χωνείᾳ.</span> <span class='ocrx_word' id='word_1_84' title='bbox 1705 1268 1815 1320; x_wconf 84' lang='grc' dir='ltr'><strong>τῶν</strong></span> 
     </span>
    </p>
   </div>
   <div class='ocr_carea' id='block_1_15' title="bbox 247 1346 1817 1427">
    <p class='ocr_par' dir='ltr' id='par_1_15' title="bbox 247 1346 1817 1427">
     <span class='ocr_line' id='line_1_15' title="bbox 247 1346 1817 1427; baseline 0.009 -30"><span class='ocrx_word' id='word_1_85' title='bbox 247 1346 569 1415; x_wconf 72' lang='grc' dir='ltr'><strong>πειρασμῶν</strong></span> <span class='ocrx_word' id='word_1_86' title='bbox 621 1350 986 1419; x_wconf 81' lang='grc' dir='ltr'>πυρωθέντες,</span> <span class='ocrx_word' id='word_1_87' title='bbox 1037 1352 1113 1415; x_wconf 86' lang='grc' dir='ltr'><strong>ὡς</strong></span> <span class='ocrx_word' id='word_1_88' title='bbox 1166 1354 1368 1424; x_wconf 78' lang='grc' dir='ltr'>χρυσὸς</span> <span class='ocrx_word' id='word_1_89' title='bbox 1435 1357 1817 1427; x_wconf 76' lang='grc' dir='ltr'>εὑροιζότατος</span> 
     </span>
    </p>
   </div>
   <div class='ocr_carea' id='block_1_16' title="bbox 210 1434 1811 1518">
    <p class='ocr_par' dir='ltr' id='par_1_16' title="bbox 210 1434 1811 1518">
     <span class='ocr_line' id='line_1_16' title="bbox 210 1434 1811 1518; baseline 0.01 -32"><span class='ocrx_word' id='word_1_90' title='bbox 210 1502 225 1511; x_wconf 41' lang='grc' dir='ltr'><strong><em>ο</em></strong></span> <span class='ocrx_word' id='word_1_91' title='bbox 245 1434 393 1502; x_wconf 79' lang='grc' dir='ltr'>ἄρτι,</span> <span class='ocrx_word' id='word_1_92' title='bbox 427 1435 692 1498; x_wconf 79' lang='grc' dir='ltr'>στίλὸετε,</span> <span class='ocrx_word' id='word_1_93' title='bbox 735 1439 1037 1509; x_wconf 84' lang='grc' dir='ltr'>μαρτύρων</span> <span class='ocrx_word' id='word_1_94' title='bbox 1068 1443 1308 1513; x_wconf 79' lang='grc' dir='ltr'>καλλονὴ</span> <span class='ocrx_word' id='word_1_95' title='bbox 1340 1446 1433 1497; x_wconf 75' lang='grc' dir='ltr'>καὶ</span> <span class='ocrx_word' id='word_1_96' title='bbox 1467 1444 1811 1518; x_wconf 73' lang='grc' dir='ltr'><strong>λαμπρότης.</strong></span> 
     </span>
    </p>
   </div>
   <div class='ocr_carea' id='block_1_17' title="bbox 245 1525 1814 1609">
    <p class='ocr_par' dir='ltr' id='par_1_17' title="bbox 245 1525 1814 1609">
     <span class='ocr_line' id='line_1_17' title="bbox 245 1525 1814 1609; baseline 0.011 -34"><span class='ocrx_word' id='word_1_97' title='bbox 245 1525 344 1576; x_wconf 64' lang='grc' dir='ltr'><strong>Τὸν</strong></span> <span class='ocrx_word' id='word_1_98' title='bbox 384 1525 609 1595; x_wconf 74' lang='grc' dir='ltr'>βασιλέα</span> <span class='ocrx_word' id='word_1_99' title='bbox 660 1528 773 1581; x_wconf 83' lang='grc' dir='ltr'><strong>τῶν</strong></span> <span class='ocrx_word' id='word_1_100' title='bbox 826 1531 1093 1600; x_wconf 75' lang='grc' dir='ltr'><strong>οὐρανῶν,</strong></span> <span class='ocrx_word' id='word_1_101' title='bbox 1150 1535 1424 1607; x_wconf 80' lang='grc' dir='ltr'>παλατίῳ,</span> <span class='ocrx_word' id='word_1_102' title='bbox 1475 1540 1541 1608; x_wconf 75' lang='grc' dir='ltr'><strong>σῇ</strong></span> <span class='ocrx_word' id='word_1_103' title='bbox 1589 1543 1814 1609; x_wconf 78' lang='grc' dir='ltr'>γαστρὶ,</span> 
     </span>
    </p>
   </div>
   <div class='ocr_carea' id='block_1_18' title="bbox 244 1618 1817 1700">
    <p class='ocr_par' dir='ltr' id='par_1_18' title="bbox 244 1618 1817 1700">
     <span class='ocr_line' id='line_1_18' title="bbox 244 1618 1817 1700; baseline 0.012 -32"><span class='ocrx_word' id='word_1_104' title='bbox 244 1618 501 1686; x_wconf 74' lang='grc' dir='ltr'>παρθένε,</span> <span class='ocrx_word' id='word_1_105' title='bbox 542 1622 887 1692; x_wconf 76' lang='grc' dir='ltr'>χωρηθέντα,</span> <span class='ocrx_word' id='word_1_106' title='bbox 915 1623 1151 1695; x_wconf 80' lang='grc' dir='ltr'><strong>εὕρομεν</strong></span> <span class='ocrx_word' id='word_1_107' title='bbox 1179 1627 1397 1698; x_wconf 73' lang='grc' dir='ltr'>ἁπάσης</span> <span class='ocrx_word' id='word_1_108' title='bbox 1428 1630 1817 1700; x_wconf 78' lang='grc' dir='ltr'><strong>αἰχμαλωσίας</strong></span> 
     </span>
    </p>
   </div>
   <div class='ocr_carea' id='block_1_19' title="bbox 243 1706 468 1775">
    <p class='ocr_par' dir='ltr' id='par_1_19' title="bbox 243 1706 468 1775">
     <span class='ocr_line' id='line_1_19' title="bbox 243 1706 468 1775; baseline 0.013 -16"><span class='ocrx_word' id='word_1_109' title='bbox 243 1706 468 1775; x_wconf 68' lang='grc' dir='ltr'>ῥόστην.</span> 
     </span>
    </p>
   </div>
   <div class='ocr_carea' id='block_1_20' title="bbox 572 1791 1507 1882">
    <p class='ocr_par' dir='ltr' id='par_1_20' title="bbox 572 1791 1507 1882">
     <span class='ocr_line' id='line_1_20' title="bbox 572 1791 1507 1882; baseline 0.011 -20"><span class='ocrx_word' id='word_1_110' title='bbox 572 1810 695 1882; x_wconf 80' lang='grc' dir='ltr'><strong>’ῼδὴ</strong></span> <span class='ocrx_word' id='word_1_111' title='bbox 713 1791 757 1858; x_wconf 64' lang='grc' dir='ltr'>’θ</span> <span class='ocrx_word' id='word_1_112' title='bbox 782 1827 798 1842; x_wconf 91' lang='grc'><strong>·</strong></span> <span class='ocrx_word' id='word_1_113' title='bbox 832 1813 1054 1880; x_wconf 81' lang='grc' dir='ltr'>Κυρίως</span> <span class='ocrx_word' id='word_1_114' title='bbox 1086 1816 1381 1870; x_wconf 75' lang='grc' dir='ltr'>Θεοτόκον</span> <span class='ocrx_word' id='word_1_115' title='bbox 1408 1817 1507 1871; x_wconf 86' lang='grc' dir='ltr'><strong>σέ.</strong></span> 
     </span>
    </p>
   </div>
   <div class='ocr_carea' id='block_1_21' title="bbox 308 1895 1810 1974">
    <p class='ocr_par' dir='ltr' id='par_1_21' title="bbox 308 1895 1810 1974">
     <span class='ocr_line' id='line_1_21' title="bbox 308 1895 1810 1974; baseline 0.011 -30"><span class='ocrx_word' id='word_1_116' title='bbox 308 1899 411 1957; x_wconf 77' lang='grc' dir='ltr'>ις’.</span> <span class='ocrx_word' id='word_1_117' title='bbox 443 1895 557 1947; x_wconf 73' lang='grc' dir='ltr'><strong>Οὐκ</strong></span> <span class='ocrx_word' id='word_1_118' title='bbox 591 1898 739 1951; x_wconf 78' lang='grc' dir='ltr'>ἔστιν</span> <span class='ocrx_word' id='word_1_119' title='bbox 771 1900 827 1951; x_wconf 81' lang='grc' dir='ltr'>ἐν</span> <span class='ocrx_word' id='word_1_120' title='bbox 863 1900 1051 1969; x_wconf 83' lang='grc' dir='ltr'>Κυρίῳ</span> <span class='ocrx_word' id='word_1_121' title='bbox 1082 1900 1273 1969; x_wconf 79' lang='grc' dir='ltr'>γένους</span> <span class='ocrx_word' id='word_1_122' title='bbox 1308 1904 1570 1974; x_wconf 81' lang='grc' dir='ltr'>λαμπροῦ</span> <span class='ocrx_word' id='word_1_123' title='bbox 1620 1906 1810 1968; x_wconf 81' lang='grc' dir='ltr'>τόπος.</span> 
     </span>
    </p>
   </div>
   <div class='ocr_carea' id='block_1_22' title="bbox 252 1983 1813 2066">
    <p class='ocr_par' dir='ltr' id='par_1_22' title="bbox 252 1983 1813 2066">
     <span class='ocr_line' id='line_1_22' title="bbox 252 1983 1813 2066; baseline 0.007 -30"><span class='ocrx_word' id='word_1_124' title='bbox 252 1983 337 2037; x_wconf 76' lang='grc' dir='ltr'><strong>Ἐν</strong></span> <span class='ocrx_word' id='word_1_125' title='bbox 366 1986 616 2059; x_wconf 77' lang='grc' dir='ltr'>εὐγενείᾳ</span> <span class='ocrx_word' id='word_1_126' title='bbox 658 1988 834 2061; x_wconf 72' lang='grc' dir='ltr'>ψυχῆς</span> <span class='ocrx_word' id='word_1_127' title='bbox 882 1986 974 2045; x_wconf 81' lang='grc' dir='ltr'>οὖν</span> <span class='ocrx_word' id='word_1_128' title='bbox 1003 1993 1268 2061; x_wconf 69' lang='grc' dir='ltr'>φανέντες</span> <span class='ocrx_word' id='word_1_129' title='bbox 1319 1994 1536 2066; x_wconf 78' lang='grc' dir='ltr'>φαιδροὶ</span> <span class='ocrx_word' id='word_1_130' title='bbox 1568 1996 1617 2048; x_wconf 79' lang='lat' dir='ltr'><strong>oi</strong></span> <span class='ocrx_word' id='word_1_131' title='bbox 1646 1997 1813 2066; x_wconf 78' lang='grc' dir='ltr'>ἀθλη-</span> 
     </span>
    </p>
   </div>
   <div class='ocr_carea' id='block_1_23' title="bbox 241 2078 1812 2159">
    <p class='ocr_par' dir='ltr' id='par_1_23' title="bbox 241 2078 1812 2159">
     <span class='ocr_line' id='line_1_23' title="bbox 241 2078 1812 2159; baseline 0.009 -30"><span class='ocrx_word' id='word_1_132' title='bbox 241 2078 365 2142; x_wconf 83' lang='grc' dir='ltr'>ταὶ,</span> <span class='ocrx_word' id='word_1_133' title='bbox 421 2082 730 2150; x_wconf 79' lang='grc' dir='ltr'><strong>ἀσωμάτων</strong></span> <span class='ocrx_word' id='word_1_134' title='bbox 784 2087 964 2155; x_wconf 86' lang='grc' dir='ltr'>χοροῖς</span> <span class='ocrx_word' id='word_1_135' title='bbox 1020 2087 1425 2144; x_wconf 85' lang='grc' dir='ltr'>συντάττονται.</span> <span class='ocrx_word' id='word_1_136' title='bbox 1481 2085 1553 2141; x_wconf 79' lang='grc' dir='ltr'><strong><em>Ὦ</em></strong></span> <span class='ocrx_word' id='word_1_137' title='bbox 1616 2090 1812 2159; x_wconf 81' lang='grc' dir='ltr'>Μάρκε</span> 
     </span>
    </p>
   </div>
   <div class='ocr_carea' id='block_1_24' title="bbox 239 2170 1812 2248">
    <p class='ocr_par' dir='ltr' id='par_1_24' title="bbox 239 2170 1812 2248">
     <span class='ocr_line' id='line_1_24' title="bbox 239 2170 1812 2248; baseline 0.01 -27"><span class='ocrx_word' id='word_1_138' title='bbox 239 2170 514 2241; x_wconf 81' lang='grc' dir='ltr'>ὀρεινόμε,</span> <span class='ocrx_word' id='word_1_139' title='bbox 546 2174 798 2244; x_wconf 72' lang='grc' dir='ltr'>μέμνησο</span> <span class='ocrx_word' id='word_1_140' title='bbox 843 2175 1173 2247; x_wconf 79' lang='grc' dir='ltr'>θρεμμάτων</span> <span class='ocrx_word' id='word_1_141' title='bbox 1218 2180 1327 2232; x_wconf 90' lang='grc' dir='ltr'><strong>τῶν</strong></span> <span class='ocrx_word' id='word_1_142' title='bbox 1357 2180 1613 2248; x_wconf 78' lang='grc' dir='ltr'>λογικῶν,</span> <span class='ocrx_word' id='word_1_143' title='bbox 1645 2181 1695 2234; x_wconf 81' lang='grc' dir='ltr'>οἳ</span> <span class='ocrx_word' id='word_1_144' title='bbox 1732 2200 1812 2236; x_wconf 81' lang='grc' dir='ltr'>τι·</span> 
     </span>
    </p>
   </div>
   <div class='ocr_carea' id='block_1_25' title="bbox 244 2262 1812 2344">
    <p class='ocr_par' dir='ltr' id='par_1_25' title="bbox 244 2262 1812 2344">
     <span class='ocr_line' id='line_1_25' title="bbox 244 2262 1812 2344; baseline 0.008 -29"><span class='ocrx_word' id='word_1_145' title='bbox 244 2262 436 2332; x_wconf 84' lang='grc' dir='ltr'>μῶμεν</span> <span class='ocrx_word' id='word_1_146' title='bbox 486 2266 586 2335; x_wconf 71' lang='grc' dir='ltr'>τὴν</span> <span class='ocrx_word' id='word_1_147' title='bbox 632 2267 857 2339; x_wconf 84' lang='grc' dir='ltr'><strong>μνήμην</strong></span> <span class='ocrx_word' id='word_1_148' title='bbox 910 2269 1007 2341; x_wconf 78' lang='grc' dir='ltr'>τὴν</span> <span class='ocrx_word' id='word_1_149' title='bbox 1060 2272 1189 2341; x_wconf 86' lang='grc' dir='ltr'>σήν·</span> <span class='ocrx_word' id='word_1_150' title='bbox 1245 2273 1338 2326; x_wconf 73' lang='grc' dir='ltr'>καὶ</span> <span class='ocrx_word' id='word_1_151' title='bbox 1391 2274 1485 2326; x_wconf 91' lang='grc' dir='ltr'><strong>νῦν</strong></span> <span class='ocrx_word' id='word_1_152' title='bbox 1536 2274 1812 2344; x_wconf 81' lang='grc' dir='ltr'>ποιμάνας</span> 
     </span>
    </p>
   </div>
   <div class='ocr_carea' id='block_1_26' title="bbox 240 2355 1812 2435">
    <p class='ocr_par' dir='ltr' id='par_1_26' title="bbox 240 2355 1812 2435">
     <span class='ocr_line' id='line_1_26' title="bbox 240 2355 1812 2435; baseline 0.006 -27"><span class='ocrx_word' id='word_1_153' title='bbox 240 2355 495 2421; x_wconf 70' lang='grc' dir='ltr'>ἐνταῦθα,</span> <span class='ocrx_word' id='word_1_154' title='bbox 527 2359 645 2411; x_wconf 77' lang='grc' dir='ltr'>ἐκεῖ</span> <span class='ocrx_word' id='word_1_155' title='bbox 697 2360 1036 2426; x_wconf 76' lang='grc' dir='ltr'>συνδόξασον.</span> <span class='ocrx_word' id='word_1_156' title='bbox 1070 2357 1142 2415; x_wconf 83' lang='grc' dir='ltr'><strong><em>Ὦ</em></strong></span> <span class='ocrx_word' id='word_1_157' title='bbox 1188 2364 1335 2435; x_wconf 65' lang='grc' dir='ltr'>τρεῖς</span> <span class='ocrx_word' id='word_1_158' title='bbox 1388 2362 1523 2417; x_wconf 84' lang='grc' dir='ltr'>Θεοῦ</span> <span class='ocrx_word' id='word_1_159' title='bbox 1569 2365 1812 2431; x_wconf 83' lang='grc' dir='ltr'><strong>ὁπλῖται,</strong></span> 
     </span>
    </p>
   </div>
   <div class='ocr_carea' id='block_1_27' title="bbox 240 2446 1815 2525">
    <p class='ocr_par' dir='ltr' id='par_1_27' title="bbox 240 2446 1815 2525">
     <span class='ocr_line' id='line_1_27' title="bbox 240 2446 1815 2525; baseline 0.004 -25"><span class='ocrx_word' id='word_1_160' title='bbox 240 2446 327 2511; x_wconf 78' lang='grc' dir='ltr'>οὖς</span> <span class='ocrx_word' id='word_1_161' title='bbox 355 2449 457 2502; x_wconf 81' lang='grc' dir='ltr'><strong>νῦν</strong></span> <span class='ocrx_word' id='word_1_162' title='bbox 507 2450 882 2523; x_wconf 68' lang='grc' dir='ltr'>εὐφημοῦμεν,</span> <span class='ocrx_word' id='word_1_163' title='bbox 912 2455 1051 2506; x_wconf 84' lang='grc' dir='ltr'>κατὰ</span> <span class='ocrx_word' id='word_1_164' title='bbox 1081 2454 1272 2508; x_wconf 85' lang='grc' dir='ltr'>δεινῶν</span> <span class='ocrx_word' id='word_1_165' title='bbox 1301 2454 1396 2508; x_wconf 75' lang='grc' dir='ltr'>καὶ</span> <span class='ocrx_word' id='word_1_166' title='bbox 1440 2454 1652 2525; x_wconf 83' lang='grc' dir='ltr'><strong>ἀγρίων</strong></span> <span class='ocrx_word' id='word_1_167' title='bbox 1682 2455 1815 2525; x_wconf 63' lang='grc' dir='ltr'>βαρ.</span> 
     </span>
    </p>
   </div>
   <div class='ocr_carea' id='block_1_28' title="bbox 241 2539 1820 2616">
    <p class='ocr_par' dir='ltr' id='par_1_28' title="bbox 241 2539 1820 2616">
     <span class='ocr_line' id='line_1_28' title="bbox 241 2539 1820 2616; baseline 0.004 -23"><span class='ocrx_word' id='word_1_168' title='bbox 241 2539 429 2609; x_wconf 71' lang='grc' dir='ltr'>ὓάρων</span> <span class='ocrx_word' id='word_1_169' title='bbox 451 2540 623 2594; x_wconf 77' lang='grc' dir='ltr'>ἐθνῶν</span> <span class='ocrx_word' id='word_1_170' title='bbox 646 2542 1112 2611; x_wconf 79' lang='grc' dir='ltr'>ἁνθοπλισθέντες,</span> <span class='ocrx_word' id='word_1_171' title='bbox 1130 2547 1192 2598; x_wconf 84' lang='grc' dir='ltr'>ὲκ</span> <span class='ocrx_word' id='word_1_172' title='bbox 1213 2544 1419 2599; x_wconf 76' lang='grc' dir='ltr'>τούτοιν</span> <span class='ocrx_word' id='word_1_173' title='bbox 1444 2546 1589 2615; x_wconf 81' lang='grc' dir='ltr'>ἡμᾶς</span> <span class='ocrx_word' id='word_1_174' title='bbox 1611 2545 1820 2616; x_wconf 84' lang='grc' dir='ltr'>λυτρώ-</span> 
     </span>
    </p>
   </div>
   <div class='ocr_carea' id='block_1_29' title="bbox 243 2630 1820 2704">
    <p class='ocr_par' dir='ltr' id='par_1_29' title="bbox 243 2630 1820 2704">
     <span class='ocr_line' id='line_1_29' title="bbox 243 2630 1820 2704; baseline 0.004 -23"><span class='ocrx_word' id='word_1_175' title='bbox 243 2630 432 2684; x_wconf 80' lang='grc' dir='ltr'>σασθε.</span> <span class='ocrx_word' id='word_1_176' title='bbox 458 2632 679 2701; x_wconf 84' lang='grc' dir='ltr'>Κυρίως</span> <span class='ocrx_word' id='word_1_177' title='bbox 707 2632 991 2697; x_wconf 81' lang='grc' dir='ltr'>Θεοτόκος,</span> <span class='ocrx_word' id='word_1_178' title='bbox 1029 2633 1202 2704; x_wconf 82' lang='grc' dir='ltr'>μῆτερ</span> <span class='ocrx_word' id='word_1_179' title='bbox 1231 2633 1686 2704; x_wconf 78' lang='grc' dir='ltr'>ἁπειράνδρως,ή</span> <span class='ocrx_word' id='word_1_180' title='bbox 1712 2632 1820 2687; x_wconf 89' lang='grc' dir='ltr'><strong>τῶν</strong></span> 
     </span>
    </p>
   </div>
   <div class='ocr_carea' id='block_1_30' title="bbox 244 2720 1820 2795">
    <p class='ocr_par' dir='ltr' id='par_1_30' title="bbox 244 2720 1820 2795">
     <span class='ocr_line' id='line_1_30' title="bbox 244 2720 1820 2795; baseline 0.003 -22"><span class='ocrx_word' id='word_1_181' title='bbox 244 2720 535 2791; x_wconf 81' lang='grc' dir='ltr'>παρθένων</span> <span class='ocrx_word' id='word_1_182' title='bbox 574 2723 868 2793; x_wconf 77' lang='grc' dir='ltr'><strong>σεμνότης,</strong></span> <span class='ocrx_word' id='word_1_183' title='bbox 897 2725 929 2794; x_wconf 83' lang='grc' dir='ltr'>ὴ</span> <span class='ocrx_word' id='word_1_184' title='bbox 956 2724 1132 2793; x_wconf 79' lang='grc' dir='ltr'>φύλαξ</span> <span class='ocrx_word' id='word_1_185' title='bbox 1159 2723 1342 2795; x_wconf 76' lang='grc' dir='ltr'>ἡμῶν,</span> <span class='ocrx_word' id='word_1_186' title='bbox 1378 2722 1820 2793; x_wconf 84' lang='grc' dir='ltr'>ἀγγελοΰμνητον</span> 
     </span>
    </p>
   </div>
   <div class='ocr_carea' id='block_1_31' title="bbox 241 2818 945 2891">
    <p class='ocr_par' dir='ltr' id='par_1_31' title="bbox 241 2818 945 2891">
     <span class='ocr_line' id='line_1_31' title="bbox 241 2818 945 2891; baseline 0.003 -19"><span class='ocrx_word' id='word_1_187' title='bbox 241 2819 420 2886; x_wconf 78' lang='grc' dir='ltr'>κλέος,</span> <span class='ocrx_word' id='word_1_188' title='bbox 455 2818 516 2872; x_wconf 81' lang='grc' dir='ltr'><strong>σὲ</strong></span> <span class='ocrx_word' id='word_1_189' title='bbox 544 2821 945 2891; x_wconf 78' lang='grc' dir='ltr'>μεγαλύνομεν.</span> 
     </span>
    </p>
   </div>
   <div class='ocr_carea' id='block_1_32' title="bbox 1938 515 3127 595">
    <p class='ocr_par' dir='ltr' id='par_1_32' title="bbox 1938 515 3127 595">
     <span class='ocr_line' id='line_1_32' title="bbox 1938 515 3127 595; baseline 0.009 -28"><span class='ocrx_word' id='word_1_190' title='bbox 1938 515 2148 581; x_wconf 85' lang='lat' dir='ltr'><strong>rialem,</strong></span> <span class='ocrx_word' id='word_1_191' title='bbox 2182 519 2340 585; x_wconf 87' lang='lat' dir='ltr'><strong>cujus</strong></span> <span class='ocrx_word' id='word_1_192' title='bbox 2370 529 2532 590; x_wconf 87' lang='lat' dir='ltr'><strong>typus</strong></span> <span class='ocrx_word' id='word_1_193' title='bbox 2563 532 2679 575; x_wconf 90' lang='lat' dir='ltr'><strong>erat</strong></span> <span class='ocrx_word' id='word_1_194' title='bbox 2705 522 2876 577; x_wconf 87' lang='lat' dir='ltr'><strong>rubus</strong></span> <span class='ocrx_word' id='word_1_195' title='bbox 2907 521 3127 595; x_wconf 83' lang='lat' dir='ltr'><strong>Moysis.</strong></span> 
     </span>
    </p>
   </div>
   <div class='ocr_carea' id='block_1_33' title="bbox 2178 802 3238 875">
    <p class='ocr_par' dir='ltr' id='par_1_33' title="bbox 2178 802 3238 875">
     <span class='ocr_line' id='line_1_33' title="bbox 2178 802 3238 875; baseline 0.01 -19"><span class='ocrx_word' id='word_1_196' title='bbox 2178 802 2386 857; x_wconf 78' lang='lat' dir='ltr'><strong>Cantus</strong></span> <span class='ocrx_word' id='word_1_197' title='bbox 2432 815 2655 860; x_wconf 80' lang='lat' dir='ltr'><strong>oetavus</strong></span> <span class='ocrx_word' id='word_1_198' title='bbox 2689 824 2702 859; x_wconf 95' lang='lat'>:</span> <span class='ocrx_word' id='word_1_199' title='bbox 2748 808 2934 875; x_wconf 63' lang='lat' dir='ltr'><strong>limem</strong></span> <span class='ocrx_word' id='word_1_200' title='bbox 2971 814 3238 867; x_wconf 66' lang='lat' dir='ltr'><strong>malorum.</strong></span> 
     </span>
    </p>
   </div>
   <div class='ocr_carea' id='block_1_34' title="bbox 2003 889 3504 964">
    <p class='ocr_par' dir='ltr' id='par_1_34' title="bbox 2003 889 3504 964">
     <span class='ocr_line' id='line_1_34' title="bbox 2003 889 3504 964; baseline 0.006 -21"><span class='ocrx_word' id='word_1_201' title='bbox 2003 890 2091 944; x_wconf 74' lang='grc'>15.</span> <span class='ocrx_word' id='word_1_202' title='bbox 2123 890 2441 946; x_wconf 67' lang='lat' dir='ltr'><strong>Glorientur</strong></span> <span class='ocrx_word' id='word_1_203' title='bbox 2469 889 2686 957; x_wconf 61' lang='lat' dir='ltr'><strong>Pisidae,</strong></span> <span class='ocrx_word' id='word_1_204' title='bbox 2715 912 2779 949; x_wconf 89' lang='lat' dir='ltr'><strong>eo</strong></span> <span class='ocrx_word' id='word_1_205' title='bbox 2810 903 2951 964; x_wconf 80' lang='lat' dir='ltr'><strong>quod</strong></span> <span class='ocrx_word' id='word_1_206' title='bbox 2987 910 3216 956; x_wconf 90' lang='lat' dir='ltr'><strong>sanctos</strong></span> <span class='ocrx_word' id='word_1_207' title='bbox 3245 901 3364 956; x_wconf 83' lang='lat' dir='ltr'><strong>illos</strong></span> <span class='ocrx_word' id='word_1_208' title='bbox 3386 918 3504 955; x_wconf 85' lang='lat' dir='ltr'><strong>sor-</strong></span> 
     </span>
    </p>
   </div>
   <div class='ocr_carea' id='block_1_35' title="bbox 1932 982 3501 1057">
    <p class='ocr_par' dir='ltr' id='par_1_35' title="bbox 1932 982 3501 1057">
     <span class='ocr_line' id='line_1_35' title="bbox 1932 982 3501 1057; baseline 0.009 -23"><span class='ocrx_word' id='word_1_209' title='bbox 1932 982 2016 1035; x_wconf 93' lang='lat' dir='ltr'><strong>titi</strong></span> <span class='ocrx_word' id='word_1_210' title='bbox 2049 984 2160 1037; x_wconf 89' lang='lat' dir='ltr'><strong>siut</strong></span> <span class='ocrx_word' id='word_1_211' title='bbox 2182 986 2460 1050; x_wconf 73' lang='lat' dir='ltr'><strong>roncives,</strong></span> <span class='ocrx_word' id='word_1_212' title='bbox 2492 998 2545 1040; x_wconf 86' lang='lat' dir='ltr'><strong>et</strong></span> <span class='ocrx_word' id='word_1_213' title='bbox 2569 987 2956 1057; x_wconf 79' lang='lat' dir='ltr'><strong>Claudiopolis,</strong></span> <span class='ocrx_word' id='word_1_214' title='bbox 2988 992 3077 1045; x_wconf 86' lang='lat' dir='ltr'><strong>ubi</strong></span> <span class='ocrx_word' id='word_1_215' title='bbox 3129 992 3292 1047; x_wconf 74' lang='lat' dir='ltr'><strong>vitam</strong></span> <span class='ocrx_word' id='word_1_216' title='bbox 3350 994 3501 1048; x_wconf 73' lang='lat' dir='ltr'><strong>ﬁnie-</strong></span> 
     </span>
    </p>
   </div>
   <div class='ocr_carea' id='block_1_36' title="bbox 1931 1076 3499 1143">
    <p class='ocr_par' dir='ltr' id='par_1_36' title="bbox 1931 1076 3499 1143">
     <span class='ocr_line' id='line_1_36' title="bbox 1931 1076 3499 1143; baseline 0.004 -15"><span class='ocrx_word' id='word_1_217' title='bbox 1931 1083 2079 1129; x_wconf 88' lang='lat' dir='ltr'><strong>runt.</strong></span> <span class='ocrx_word' id='word_1_218' title='bbox 2113 1076 2247 1131; x_wconf 85' lang='lat' dir='ltr'><strong>Sero</strong></span> <span class='ocrx_word' id='word_1_219' title='bbox 2272 1077 2469 1132; x_wconf 91' lang='lat' dir='ltr'><strong>bonum</strong></span> <span class='ocrx_word' id='word_1_220' title='bbox 2493 1079 2690 1143; x_wconf 88' lang='lat' dir='ltr'><strong>edocti,</strong></span> <span class='ocrx_word' id='word_1_221' title='bbox 2714 1083 3016 1136; x_wconf 70' lang='lat' dir='ltr'><strong>vehementi</strong></span> <span class='ocrx_word' id='word_1_222' title='bbox 3050 1091 3230 1140; x_wconf 87' lang='lat' dir='ltr'><strong>autem</strong></span> <span class='ocrx_word' id='word_1_223' title='bbox 3256 1084 3358 1138; x_wconf 80' lang='lat' dir='ltr'><strong>(ide</strong></span> <span class='ocrx_word' id='word_1_224' title='bbox 3373 1100 3499 1138; x_wconf 81' lang='lat' dir='ltr'><strong>cur-</strong></span> 
     </span>
    </p>
   </div>
   <div class='ocr_carea' id='block_1_37' title="bbox 1927 1165 3493 1234">
    <p class='ocr_par' dir='ltr' id='par_1_37' title="bbox 1927 1165 3493 1234">
     <span class='ocr_line' id='line_1_37' title="bbox 1927 1165 3493 1234; baseline 0.009 -17"><span class='ocrx_word' id='word_1_225' title='bbox 1927 1165 2185 1230; x_wconf 85' lang='lat' dir='ltr'><strong>roborati,</strong></span> <span class='ocrx_word' id='word_1_226' title='bbox 2206 1183 2349 1222; x_wconf 90' lang='lat' dir='ltr'><strong>nunc</strong></span> <span class='ocrx_word' id='word_1_227' title='bbox 2368 1169 2608 1234; x_wconf 75' lang='lat' dir='ltr'><strong>pulchris</strong></span> <span class='ocrx_word' id='word_1_228' title='bbox 2626 1171 2857 1225; x_wconf 78' lang='lat' dir='ltr'><strong>victores</strong></span> <span class='ocrx_word' id='word_1_229' title='bbox 2878 1173 3127 1229; x_wconf 67' lang='lat' dir='ltr'><strong>laudibus</strong></span> <span class='ocrx_word' id='word_1_230' title='bbox 3141 1175 3440 1229; x_wconf 78' lang='lat' dir='ltr'><strong>extolluntn</strong></span> <span class='ocrx_word' id='word_1_231' title='bbox 3452 1194 3493 1231; x_wconf 75' lang='grc' dir='ltr'>ι’.</span> 
     </span>
    </p>
   </div>
   <div class='ocr_carea' id='block_1_38' title="bbox 1925 1255 3499 1330">
    <p class='ocr_par' dir='ltr' id='par_1_38' title="bbox 1925 1255 3499 1330">
     <span class='ocr_line' id='line_1_38' title="bbox 1925 1255 3499 1330; baseline 0.006 -21"><span class='ocrx_word' id='word_1_232' title='bbox 1925 1255 1984 1310; x_wconf 92' lang='lat' dir='ltr'><strong>ln</strong></span> <span class='ocrx_word' id='word_1_233' title='bbox 2013 1258 2307 1326; x_wconf 87' lang='lat' dir='ltr'><strong>liquatorio</strong></span> <span class='ocrx_word' id='word_1_234' title='bbox 2325 1262 2683 1316; x_wconf 88' lang='lat' dir='ltr'><strong>teutationum</strong></span> <span class='ocrx_word' id='word_1_235' title='bbox 2700 1265 2992 1330; x_wconf 68' lang='lat' dir='ltr'><strong>combusti,</strong></span> <span class='ocrx_word' id='word_1_236' title='bbox 3019 1274 3075 1320; x_wconf 91' lang='lat' dir='ltr'><strong>ut</strong></span> <span class='ocrx_word' id='word_1_237' title='bbox 3094 1281 3288 1321; x_wconf 88' lang='lat' dir='ltr'><strong>aurum</strong></span> <span class='ocrx_word' id='word_1_238' title='bbox 3313 1281 3499 1322; x_wconf 86' lang='lat' dir='ltr'><strong>recen-</strong></span> 
     </span>
    </p>
   </div>
   <div class='ocr_carea' id='block_1_39' title="bbox 1925 1348 3493 1429">
    <p class='ocr_par' dir='ltr' id='par_1_39' title="bbox 1925 1348 3493 1429">
     <span class='ocr_line' id='line_1_39' title="bbox 1925 1348 3493 1429; baseline 0.008 -28"><span class='ocrx_word' id='word_1_239' title='bbox 1925 1348 2032 1403; x_wconf 88' lang='lat' dir='ltr'><strong>tius</strong></span> <span class='ocrx_word' id='word_1_240' title='bbox 2071 1350 2250 1403; x_wconf 82' lang='lat' dir='ltr'><strong>fusum</strong></span> <span class='ocrx_word' id='word_1_241' title='bbox 2279 1351 2518 1421; x_wconf 75' lang='lat' dir='ltr'><strong>fulgetis,</strong></span> <span class='ocrx_word' id='word_1_242' title='bbox 2569 1366 2867 1423; x_wconf 81' lang='lat' dir='ltr'><strong>martyrum</strong></span> <span class='ocrx_word' id='word_1_243' title='bbox 2926 1358 3095 1412; x_wconf 79' lang='lat' dir='ltr'><strong>decus</strong></span> <span class='ocrx_word' id='word_1_244' title='bbox 3139 1368 3192 1413; x_wconf 84' lang='lat' dir='ltr'><strong>et</strong></span> <span class='ocrx_word' id='word_1_245' title='bbox 3213 1358 3493 1429; x_wconf 88' lang='lat' dir='ltr'><strong>splendor.</strong></span> 
     </span>
    </p>
   </div>
   <div class='ocr_carea' id='block_1_40' title="bbox 1926 1440 3495 1519">
    <p class='ocr_par' dir='ltr' id='par_1_40' title="bbox 1926 1440 3495 1519">
     <span class='ocr_line' id='line_1_40' title="bbox 1926 1440 3495 1519; baseline 0.01 -26"><span class='ocrx_word' id='word_1_246' title='bbox 1926 1440 2122 1510; x_wconf 72' lang='lat' dir='ltr'><strong>Regem</strong></span> <span class='ocrx_word' id='word_1_247' title='bbox 2155 1446 2419 1515; x_wconf 74' lang='lat' dir='ltr'><strong>caelorum</strong></span> <span class='ocrx_word' id='word_1_248' title='bbox 2455 1446 2650 1514; x_wconf 85' lang='lat' dir='ltr'><strong>palatio</strong></span> <span class='ocrx_word' id='word_1_249' title='bbox 2671 1448 2872 1501; x_wconf 80' lang='lat' dir='ltr'><strong>ventris</strong></span> <span class='ocrx_word' id='word_1_250' title='bbox 2905 1449 3006 1514; x_wconf 88' lang='lat' dir='ltr'><strong>tui,</strong></span> <span class='ocrx_word' id='word_1_251' title='bbox 3034 1448 3221 1519; x_wconf 81' lang='lat' dir='ltr'><strong>Virgo.</strong></span> <span class='ocrx_word' id='word_1_252' title='bbox 3270 1461 3495 1509; x_wconf 78' lang='lat' dir='ltr'><strong>conten-</strong></span> 
     </span>
    </p>
   </div>
   <div class='ocr_carea' id='block_1_41' title="bbox 1925 1534 3347 1607">
    <p class='ocr_par' dir='ltr' id='par_1_41' title="bbox 1925 1534 3347 1607">
     <span class='ocr_line' id='line_1_41' title="bbox 1925 1534 3347 1607; baseline 0.009 -22"><span class='ocrx_word' id='word_1_253' title='bbox 1925 1543 2063 1598; x_wconf 88' lang='lat' dir='ltr'><strong>tum,</strong></span> <span class='ocrx_word' id='word_1_254' title='bbox 2092 1534 2401 1592; x_wconf 83' lang='lat' dir='ltr'><strong>invenimus</strong></span> <span class='ocrx_word' id='word_1_255' title='bbox 2423 1537 2603 1593; x_wconf 81' lang='lat' dir='ltr'><strong>omnis</strong></span> <span class='ocrx_word' id='word_1_256' title='bbox 2619 1540 2954 1607; x_wconf 80' lang='lat' dir='ltr'><strong>captivitatis</strong></span> <span class='ocrx_word' id='word_1_257' title='bbox 2976 1542 3347 1599; x_wconf 84' lang='lat' dir='ltr'><strong>liberatorem.</strong></span> 
     </span>
    </p>
   </div>
   <div class='ocr_carea' id='block_1_42' title="bbox 2181 1806 3208 1877">
    <p class='ocr_par' dir='ltr' id='par_1_42' title="bbox 2181 1806 3208 1877">
     <span class='ocr_line' id='line_1_42' title="bbox 2181 1806 3208 1877; baseline 0.004 -17"><span class='ocrx_word' id='word_1_258' title='bbox 2181 1806 2385 1861; x_wconf 89' lang='lat' dir='ltr'><strong>Cautus</strong></span> <span class='ocrx_word' id='word_1_259' title='bbox 2415 1819 2628 1862; x_wconf 88' lang='lat' dir='ltr'><strong>nonus:</strong></span> <span class='ocrx_word' id='word_1_260' title='bbox 2674 1806 2799 1861; x_wconf 86' lang='lat' dir='ltr'><strong><em>Vere</em></strong></span> <span class='ocrx_word' id='word_1_261' title='bbox 2820 1807 3105 1877; x_wconf 82' lang='lat' dir='ltr'><strong>Deiparam</strong></span> <span class='ocrx_word' id='word_1_262' title='bbox 3141 1818 3208 1864; x_wconf 82' lang='lat' dir='ltr'><strong>te.</strong></span> 
     </span>
    </p>
   </div>
   <div class='ocr_carea' id='block_1_43' title="bbox 1991 1898 3493 1971">
    <p class='ocr_par' dir='ltr' id='par_1_43' title="bbox 1991 1898 3493 1971">
     <span class='ocr_line' id='line_1_43' title="bbox 1991 1898 3493 1971; baseline 0.003 -19"><span class='ocrx_word' id='word_1_263' title='bbox 1991 1898 2078 1952; x_wconf 79' lang='grc'>16.</span> <span class='ocrx_word' id='word_1_264' title='bbox 2111 1898 2226 1952; x_wconf 83' lang='grc' dir='ltr'>Νοιι</span> <span class='ocrx_word' id='word_1_265' title='bbox 2259 1908 2341 1953; x_wconf 86' lang='lat' dir='ltr'><strong>est</strong></span> <span class='ocrx_word' id='word_1_266' title='bbox 2374 1903 2425 1951; x_wconf 90' lang='lat' dir='ltr'><strong>in</strong></span> <span class='ocrx_word' id='word_1_267' title='bbox 2450 1899 2673 1953; x_wconf 89' lang='lat' dir='ltr'><strong>Domino</strong></span> <span class='ocrx_word' id='word_1_268' title='bbox 2703 1900 2832 1954; x_wconf 86' lang='lat' dir='ltr'><strong>clari</strong></span> <span class='ocrx_word' id='word_1_269' title='bbox 2865 1909 3017 1955; x_wconf 89' lang='lat' dir='ltr'><strong>ortus</strong></span> <span class='ocrx_word' id='word_1_270' title='bbox 3045 1901 3307 1971; x_wconf 86' lang='lat' dir='ltr'><strong>acceptio.</strong></span> <span class='ocrx_word' id='word_1_271' title='bbox 3329 1900 3493 1956; x_wconf 78' lang='lat' dir='ltr'><strong>Nobi-</strong></span> 
     </span>
    </p>
   </div>
   <div class='ocr_carea' id='block_1_44' title="bbox 1916 1991 3491 2062">
    <p class='ocr_par' dir='ltr' id='par_1_44' title="bbox 1916 1991 3491 2062">
     <span class='ocr_line' id='line_1_44' title="bbox 1916 1991 3491 2062; baseline 0.002 -15"><span class='ocrx_word' id='word_1_272' title='bbox 1916 1991 2068 2047; x_wconf 83' lang='lat' dir='ltr'><strong>litate</strong></span> <span class='ocrx_word' id='word_1_273' title='bbox 2099 1991 2267 2061; x_wconf 77' lang='lat' dir='ltr'><strong>igitur</strong></span> <span class='ocrx_word' id='word_1_274' title='bbox 2299 1991 2493 2045; x_wconf 69' lang='lat' dir='ltr'><strong>animm</strong></span> <span class='ocrx_word' id='word_1_275' title='bbox 2519 1991 2701 2062; x_wconf 81' lang='lat' dir='ltr'><strong>inclyti</strong></span> <span class='ocrx_word' id='word_1_276' title='bbox 2734 1991 2950 2047; x_wconf 82' lang='lat' dir='ltr'><strong>athletae</strong></span> <span class='ocrx_word' id='word_1_277' title='bbox 2979 1992 3269 2062; x_wconf 85' lang='lat' dir='ltr'><strong>spirituum</strong></span> <span class='ocrx_word' id='word_1_278' title='bbox 3303 1995 3491 2050; x_wconf 89' lang='lat' dir='ltr'><strong>choris</strong></span> 
     </span>
    </p>
   </div>
   <div class='ocr_carea' id='block_1_45' title="bbox 1918 2081 3492 2152">
    <p class='ocr_par' dir='ltr' id='par_1_45' title="bbox 1918 2081 3492 2152">
     <span class='ocr_line' id='line_1_45' title="bbox 1918 2081 3492 2152; baseline 0 -15"><span class='ocrx_word' id='word_1_279' title='bbox 1918 2092 2371 2137; x_wconf 83' lang='lat' dir='ltr'><strong>annumerantur.</strong></span> <span class='ocrx_word' id='word_1_280' title='bbox 2402 2082 2445 2133; x_wconf 88' lang='grc'>0</span> <span class='ocrx_word' id='word_1_281' title='bbox 2466 2081 2665 2148; x_wconf 80' lang='lat' dir='ltr'><strong>Marce,</strong></span> <span class='ocrx_word' id='word_1_282' title='bbox 2690 2083 2954 2137; x_wconf 84' lang='lat' dir='ltr'><strong>montium</strong></span> <span class='ocrx_word' id='word_1_283' title='bbox 2989 2092 3196 2152; x_wconf 81' lang='lat' dir='ltr'><strong>pastor,</strong></span> <span class='ocrx_word' id='word_1_284' title='bbox 3221 2096 3492 2138; x_wconf 89' lang='lat' dir='ltr'><strong>memento</strong></span> 
     </span>
    </p>
   </div>
   <div class='ocr_carea' id='block_1_46' title="bbox 1915 2173 3488 2242">
    <p class='ocr_par' dir='ltr' id='par_1_46' title="bbox 1915 2173 3488 2242">
     <span class='ocr_line' id='line_1_46' title="bbox 1915 2173 3488 2242; baseline -0.003 -12"><span class='ocrx_word' id='word_1_285' title='bbox 1915 2174 2225 2240; x_wconf 82' lang='lat' dir='ltr'><strong>Spirituales</strong></span> <span class='ocrx_word' id='word_1_286' title='bbox 2250 2173 2523 2239; x_wconf 84' lang='lat' dir='ltr'><strong>alumnos,</strong></span> <span class='ocrx_word' id='word_1_287' title='bbox 2549 2174 2639 2242; x_wconf 91' lang='lat' dir='ltr'><strong>qui</strong></span> <span class='ocrx_word' id='word_1_288' title='bbox 2671 2183 2818 2227; x_wconf 88' lang='lat' dir='ltr'><strong>tuatn</strong></span> <span class='ocrx_word' id='word_1_289' title='bbox 2875 2174 3103 2228; x_wconf 83' lang='lat' dir='ltr'><strong>colimtts</strong></span> <span class='ocrx_word' id='word_1_290' title='bbox 3124 2176 3441 2227; x_wconf 78' lang='lat' dir='ltr'><strong>memoriam</strong></span> <span class='ocrx_word' id='word_1_291' title='bbox 3472 2191 3488 2240; x_wconf 90' lang='lat'><strong>;</strong></span> 
     </span>
    </p>
   </div>
   <div class='ocr_carea' id='block_1_47' title="bbox 1909 2264 3488 2335">
    <p class='ocr_par' dir='ltr' id='par_1_47' title="bbox 1909 2264 3488 2335">
     <span class='ocr_line' id='line_1_47' title="bbox 1909 2264 3488 2335; baseline 0.001 -14"><span class='ocrx_word' id='word_1_292' title='bbox 1909 2276 1963 2321; x_wconf 87' lang='lat' dir='ltr'><strong>et</strong></span> <span class='ocrx_word' id='word_1_293' title='bbox 1991 2281 2128 2334; x_wconf 73' lang='lat' dir='ltr'><strong>Quos</strong></span> <span class='ocrx_word' id='word_1_294' title='bbox 2163 2264 2248 2318; x_wconf 90' lang='lat' dir='ltr'><strong>hic</strong></span> <span class='ocrx_word' id='word_1_295' title='bbox 2282 2264 2503 2334; x_wconf 87' lang='lat' dir='ltr'><strong>pavisti,</strong></span> <span class='ocrx_word' id='word_1_296' title='bbox 2541 2265 2652 2320; x_wconf 89' lang='lat' dir='ltr'><strong>illic</strong></span> <span class='ocrx_word' id='word_1_297' title='bbox 2697 2266 3071 2335; x_wconf 79' lang='lat' dir='ltr'><strong>conglorilica.</strong></span> <span class='ocrx_word' id='word_1_298' title='bbox 3137 2264 3181 2321; x_wconf 93' lang='grc' dir='ltr'><strong>Ο</strong></span> <span class='ocrx_word' id='word_1_299' title='bbox 3241 2277 3350 2320; x_wconf 72' lang='lat' dir='ltr'><strong>tres</strong></span> <span class='ocrx_word' id='word_1_300' title='bbox 3394 2265 3488 2322; x_wconf 80' lang='lat' dir='ltr'><strong>Dei</strong></span> 
     </span>
    </p>
   </div>
   <div class='ocr_carea' id='block_1_48' title="bbox 1916 2357 3486 2428">
    <p class='ocr_par' dir='ltr' id='par_1_48' title="bbox 1916 2357 3486 2428">
     <span class='ocr_line' id='line_1_48' title="bbox 1916 2357 3486 2428; baseline 0 -16"><span class='ocrx_word' id='word_1_301' title='bbox 1916 2360 2114 2413; x_wconf 83' lang='lat' dir='ltr'><strong>milites</strong></span> <span class='ocrx_word' id='word_1_302' title='bbox 2141 2372 2281 2428; x_wconf 86' lang='lat' dir='ltr'><strong>quos</strong></span> <span class='ocrx_word' id='word_1_303' title='bbox 2309 2373 2455 2413; x_wconf 89' lang='lat' dir='ltr'><strong>nunc</strong></span> <span class='ocrx_word' id='word_1_304' title='bbox 2469 2357 2836 2423; x_wconf 83' lang='lat' dir='ltr'><strong>celebramus,</strong></span> <span class='ocrx_word' id='word_1_305' title='bbox 2856 2358 2945 2427; x_wconf 90' lang='lat' dir='ltr'><strong>qui</strong></span> <span class='ocrx_word' id='word_1_306' title='bbox 2976 2368 3160 2412; x_wconf 82' lang='lat' dir='ltr'><strong>enntra</strong></span> <span class='ocrx_word' id='word_1_307' title='bbox 3191 2360 3486 2413; x_wconf 77' lang='lat' dir='ltr'><strong>terribilem</strong></span> 
     </span>
    </p>
   </div>
   <div class='ocr_carea' id='block_1_49' title="bbox 1911 2452 3488 2522">
    <p class='ocr_par' dir='ltr' id='par_1_49' title="bbox 1911 2452 3488 2522">
     <span class='ocr_line' id='line_1_49' title="bbox 1911 2452 3488 2522; baseline 0 -16"><span class='ocrx_word' id='word_1_308' title='bbox 1911 2453 2195 2522; x_wconf 74' lang='lat' dir='ltr'><strong>feramque</strong></span> <span class='ocrx_word' id='word_1_309' title='bbox 2239 2453 2480 2522; x_wconf 77' lang='lat' dir='ltr'><strong>gentium</strong></span> <span class='ocrx_word' id='word_1_310' title='bbox 2524 2452 2830 2507; x_wconf 90' lang='lat' dir='ltr'><strong>barbariem</strong></span> <span class='ocrx_word' id='word_1_311' title='bbox 2897 2454 3214 2521; x_wconf 84' lang='lat' dir='ltr'><strong>pugnastis.</strong></span> <span class='ocrx_word' id='word_1_312' title='bbox 3249 2454 3316 2507; x_wconf 90' lang='lat' dir='ltr'><strong>ab</strong></span> <span class='ocrx_word' id='word_1_313' title='bbox 3370 2452 3488 2506; x_wconf 75' lang='lat' dir='ltr'><strong>istis</strong></span> 
     </span>
    </p>
   </div>
   <div class='ocr_carea' id='block_1_50' title="bbox 1923 2540 3490 2613">
    <p class='ocr_par' dir='ltr' id='par_1_50' title="bbox 1923 2540 3490 2613">
     <span class='ocr_line' id='line_1_50' title="bbox 1923 2540 3490 2613; baseline -0.001 -14"><span class='ocrx_word' id='word_1_314' title='bbox 1923 2560 2025 2600; x_wconf 87' lang='lat' dir='ltr'><strong>nos</strong></span> <span class='ocrx_word' id='word_1_315' title='bbox 2051 2540 2359 2599; x_wconf 89' lang='lat' dir='ltr'><strong>liberate.0</strong></span> <span class='ocrx_word' id='word_1_316' title='bbox 2382 2559 2509 2597; x_wconf 87' lang='lat' dir='ltr'><strong>vere</strong></span> <span class='ocrx_word' id='word_1_317' title='bbox 2527 2544 2774 2613; x_wconf 91' lang='lat' dir='ltr'><strong>Deipara,</strong></span> <span class='ocrx_word' id='word_1_318' title='bbox 2800 2544 2966 2597; x_wconf 80' lang='lat' dir='ltr'><strong>Mater</strong></span> <span class='ocrx_word' id='word_1_319' title='bbox 2992 2545 3090 2596; x_wconf 89' lang='lat' dir='ltr'><strong>viri</strong></span> <span class='ocrx_word' id='word_1_320' title='bbox 3118 2545 3320 2609; x_wconf 89' lang='lat' dir='ltr'><strong>nescia,</strong></span> <span class='ocrx_word' id='word_1_321' title='bbox 3346 2544 3490 2612; x_wconf 88' lang='lat' dir='ltr'><strong>puri-</strong></span> 
     </span>
    </p>
   </div>
   <div class='ocr_carea' id='block_1_51' title="bbox 1927 2636 3483 2706">
    <p class='ocr_par' dir='ltr' id='par_1_51' title="bbox 1927 2636 3483 2706">
     <span class='ocr_line' id='line_1_51' title="bbox 1927 2636 3483 2706; baseline -0.003 -14"><span class='ocrx_word' id='word_1_322' title='bbox 1927 2649 2010 2694; x_wconf 86' lang='lat' dir='ltr'><strong>tas</strong></span> <span class='ocrx_word' id='word_1_323' title='bbox 2044 2637 2349 2706; x_wconf 75' lang='lat' dir='ltr'><strong>virginum,</strong></span> <span class='ocrx_word' id='word_1_324' title='bbox 2388 2643 2575 2690; x_wconf 89' lang='lat' dir='ltr'><strong>nostra</strong></span> <span class='ocrx_word' id='word_1_325' title='bbox 2623 2645 2828 2700; x_wconf 87' lang='lat' dir='ltr'><strong>custos,</strong></span> <span class='ocrx_word' id='word_1_326' title='bbox 2857 2636 2924 2688; x_wconf 88' lang='lat' dir='ltr'><strong>ab</strong></span> <span class='ocrx_word' id='word_1_327' title='bbox 2949 2636 3140 2704; x_wconf 82' lang='lat' dir='ltr'><strong>angelo</strong></span> <span class='ocrx_word' id='word_1_328' title='bbox 3159 2636 3483 2706; x_wconf 80' lang='lat' dir='ltr'><strong>gloriﬁcata,</strong></span> 
     </span>
    </p>
   </div>
   <div class='ocr_carea' id='block_1_52' title="bbox 1928 2727 2439 2799">
    <p class='ocr_par' dir='ltr' id='par_1_52' title="bbox 1928 2727 2439 2799">
     <span class='ocr_line' id='line_1_52' title="bbox 1928 2727 2439 2799; baseline -0.004 -16"><span class='ocrx_word' id='word_1_329' title='bbox 1928 2738 1980 2784; x_wconf 89' lang='lat' dir='ltr'><strong>te</strong></span> <span class='ocrx_word' id='word_1_330' title='bbox 2003 2727 2439 2799; x_wconf 81' lang='lat' dir='ltr'><strong>magniﬁcamus.</strong></span> 
     </span>
    </p>
   </div>
   <div class='ocr_carea' id='block_1_53' title="bbox 1599 3091 2139 3209">
    <p class='ocr_par' dir='ltr' id='par_1_53' title="bbox 1599 3091 2139 3209">
     <span class='ocr_line' id='line_1_53' title="bbox 1599 3091 2139 3209; baseline -0.004 0"><span class='ocrx_word' id='word_1_331' title='bbox 1599 3091 2139 3209; x_wconf 83' lang='lat' dir='ltr'><strong>ORATIO</strong></span> 
     </span>
    </p>
   </div>
   <div class='ocr_carea' id='block_1_54' title="bbox 297 3321 3401 3395">
    <p class='ocr_par' dir='ltr' id='par_1_54' title="bbox 297 3321 3401 3395">
     <span class='ocr_line' id='line_1_54' title="bbox 297 3321 3401 3395; baseline -0.003 -3"><span class='ocrx_word' id='word_1_332' title='bbox 297 3328 402 3392; x_wconf 73' lang='lat' dir='ltr'><strong>DE</strong></span> <span class='ocrx_word' id='word_1_333' title='bbox 431 3328 538 3392; x_wconf 90' lang='lat' dir='ltr'><strong>SS.</strong></span> <span class='ocrx_word' id='word_1_334' title='bbox 589 3327 1090 3393; x_wconf 78' lang='lat' dir='ltr'><strong>MARTYRIBUS</strong></span> <span class='ocrx_word' id='word_1_335' title='bbox 1145 3328 1457 3391; x_wconf 80' lang='lat' dir='ltr'><strong>ANANIA.</strong></span> <span class='ocrx_word' id='word_1_336' title='bbox 1524 3325 1806 3387; x_wconf 83' lang='lat' dir='ltr'><strong>AZARIA</strong></span> <span class='ocrx_word' id='word_1_337' title='bbox 1859 3326 1958 3387; x_wconf 80' lang='lat' dir='ltr'><strong>ET</strong></span> <span class='ocrx_word' id='word_1_338' title='bbox 2004 3322 2351 3395; x_wconf 83' lang='lat' dir='ltr'><strong>MISAELE</strong></span> <span class='ocrx_word' id='word_1_339' title='bbox 2389 3324 2472 3385; x_wconf 82' lang='grc' dir='ltr'>ΙΝ</span> <span class='ocrx_word' id='word_1_340' title='bbox 2509 3321 2923 3384; x_wconf 77' lang='lat' dir='ltr'><strong>FORNACEM</strong></span> <span class='ocrx_word' id='word_1_341' title='bbox 2969 3323 3401 3384; x_wconf 74' lang='lat' dir='ltr'><strong>CONJECTLS.</strong></span> 
     </span>
    </p>
   </div>
   <div class='ocr_carea' id='block_1_55' title="bbox 308 3655 1808 3734">
    <p class='ocr_par' dir='ltr' id='par_1_55' title="bbox 308 3660 1802 3734">
     <span class='ocr_line' id='line_1_55' title="bbox 308 3660 1802 3734; baseline -0.003 -15"><span class='ocrx_word' id='word_1_342' title='bbox 308 3672 376 3721; x_wconf 84' lang='grc' dir='ltr'><strong>α’.</strong></span> <span class='ocrx_word' id='word_1_343' title='bbox 419 3705 437 3722; x_wconf 95' lang='grc'><strong>.</strong></span> <span class='ocrx_word' id='word_1_344' title='bbox 481 3703 497 3718; x_wconf 95' lang='grc'><strong>.</strong></span> <span class='ocrx_word' id='word_1_345' title='bbox 539 3702 557 3718; x_wconf 97' lang='grc'><strong>.</strong></span> <span class='ocrx_word' id='word_1_346' title='bbox 602 3701 618 3717; x_wconf 94' lang='grc'><strong>.</strong></span> <span class='ocrx_word' id='word_1_347' title='bbox 660 3702 676 3718; x_wconf 95' lang='grc'><strong>.</strong></span> <span class='ocrx_word' id='word_1_348' title='bbox 716 3664 795 3734; x_wconf 80' lang='grc' dir='ltr'>πῆ</span> <span class='ocrx_word' id='word_1_349' title='bbox 839 3662 895 3716; x_wconf 81' lang='grc' dir='ltr'><strong>δὲ</strong></span> <span class='ocrx_word' id='word_1_350' title='bbox 940 3663 1150 3730; x_wconf 70' lang='grc' dir='ltr'>καίων,</span> <span class='ocrx_word' id='word_1_351' title='bbox 1186 3665 1274 3719; x_wconf 83' lang='grc' dir='ltr'>ὅτε</span> <span class='ocrx_word' id='word_1_352' title='bbox 1320 3663 1523 3734; x_wconf 77' lang='grc' dir='ltr'>δηλαδὴ</span> <span class='ocrx_word' id='word_1_353' title='bbox 1567 3660 1802 3731; x_wconf 83' lang='grc' dir='ltr'>φλογοῦ-</span> 
     </span>
    </p>
   </div>
   <div class='ocr_carea' id='block_1_56' title="bbox 1917 3655 3479 3734">
    <p class='ocr_par' dir='ltr' id='par_1_56' title="bbox 1981 3655 3479 3729">
     <span class='ocr_line' id='line_1_56' title="bbox 1981 3655 3479 3729; baseline -0.001 -16"><span class='ocrx_word' id='word_1_354' title='bbox 1981 3661 2026 3713; x_wconf 91' lang='lat' dir='ltr'><strong>l.</strong></span> <span class='ocrx_word' id='word_1_355' title='bbox 2074 3655 2338 3718; x_wconf 81' lang='lat' dir='ltr'><strong>Fornacis</strong></span> <span class='ocrx_word' id='word_1_356' title='bbox 2383 3658 2696 3729; x_wconf 74' lang='lat' dir='ltr'><strong>Babylonim</strong></span> <span class='ocrx_word' id='word_1_357' title='bbox 2758 3657 2901 3726; x_wconf 69' lang='lat' dir='ltr'><strong>ignis</strong></span> <span class='ocrx_word' id='word_1_358' title='bbox 2955 3665 3076 3713; x_wconf 81' lang='lat' dir='ltr'><strong>erat</strong></span> <span class='ocrx_word' id='word_1_359' title='bbox 3132 3657 3479 3729; x_wconf 79' lang='lat' dir='ltr'><strong>aliquatenus</strong></span> 
     </span>
    </p>
   </div>
   <div class='ocr_carea' id='block_1_57' title="bbox 242 3751 1806 3824">
    <p class='ocr_par' dir='ltr' id='par_1_57' title="bbox 242 3751 1806 3824">
     <span class='ocr_line' id='line_1_57' title="bbox 242 3751 1806 3824; baseline -0.004 -15"><span class='ocrx_word' id='word_1_360' title='bbox 242 3772 348 3820; x_wconf 87' lang='grc' dir='ltr'>ται,</span> <span class='ocrx_word' id='word_1_361' title='bbox 399 3753 683 3824; x_wconf 76' lang='grc' dir='ltr'>διεμέρισε</span> <span class='ocrx_word' id='word_1_362' title='bbox 740 3754 853 3816; x_wconf 80' lang='grc' dir='ltr'>τοῖς</span> <span class='ocrx_word' id='word_1_363' title='bbox 903 3753 1003 3821; x_wconf 78' lang='grc' dir='ltr'>μὲν</span> <span class='ocrx_word' id='word_1_364' title='bbox 1057 3756 1252 3816; x_wconf 82' lang='grc' dir='ltr'><strong>κακοῖς</strong></span> <span class='ocrx_word' id='word_1_365' title='bbox 1307 3752 1677 3823; x_wconf 71' lang='grc' dir='ltr'><strong>ἐκκυμανθεὶς</strong></span> <span class='ocrx_word' id='word_1_366' title='bbox 1725 3751 1806 3815; x_wconf 89' lang='grc' dir='ltr'><strong>είς</strong></span> 
     </span>
    </p>
   </div>
   <div class='ocr_carea' id='block_1_58' title="bbox 240 3841 1806 3917">
    <p class='ocr_par' dir='ltr' id='par_1_58' title="bbox 240 3841 1806 3917">
     <span class='ocr_line' id='line_1_58' title="bbox 240 3841 1806 3917; baseline -0.001 -19"><span class='ocrx_word' id='word_1_367' title='bbox 240 3845 483 3917; x_wconf 74' lang='grc' dir='ltr'>ὄλεθρον,</span> <span class='ocrx_word' id='word_1_368' title='bbox 516 3841 601 3907; x_wconf 81' lang='grc' dir='ltr'>οῐς</span> <span class='ocrx_word' id='word_1_369' title='bbox 636 3845 845 3907; x_wconf 69' lang='grc' dir='ltr'>ἐκεῖνος</span> <span class='ocrx_word' id='word_1_370' title='bbox 872 3841 942 3896; x_wconf 77' lang='grc' dir='ltr'><strong>δι’</strong></span> <span class='ocrx_word' id='word_1_371' title='bbox 988 3845 1159 3914; x_wconf 74' lang='grc' dir='ltr'>αὐτῆς</span> <span class='ocrx_word' id='word_1_372' title='bbox 1204 3845 1536 3916; x_wconf 73' lang='grc' dir='ltr'>ἐνήργησεν,</span> <span class='ocrx_word' id='word_1_373' title='bbox 1577 3842 1806 3913; x_wconf 73' lang='grc' dir='ltr'>ἐπιδρα-</span> 
     </span>
    </p>
   </div>
   <div class='ocr_carea' id='block_1_59' title="bbox 246 3933 1806 4007">
    <p class='ocr_par' dir='ltr' id='par_1_59' title="bbox 246 3933 1806 4007">
     <span class='ocr_line' id='line_1_59' title="bbox 246 3933 1806 4007; baseline 0 -18"><span class='ocrx_word' id='word_1_374' title='bbox 246 3935 356 4004; x_wconf 69' lang='grc' dir='ltr'><strong>μὼν</strong></span> <span class='ocrx_word' id='word_1_375' title='bbox 379 3939 498 4000; x_wconf 86' lang='grc' dir='ltr'>τοῖς</span> <span class='ocrx_word' id='word_1_376' title='bbox 527 3933 714 4007; x_wconf 80' lang='grc' dir='ltr'>κύκλῳ</span> <span class='ocrx_word' id='word_1_377' title='bbox 732 3934 1043 4000; x_wconf 77' lang='grc' dir='ltr'><strong>Χαλδαίοις·</strong></span> <span class='ocrx_word' id='word_1_378' title='bbox 1061 3935 1279 4005; x_wconf 79' lang='grc' dir='ltr'><strong>ψύξασα</strong></span> <span class='ocrx_word' id='word_1_379' title='bbox 1300 3936 1358 3989; x_wconf 78' lang='grc' dir='ltr'><strong>δὲ</strong></span> <span class='ocrx_word' id='word_1_380' title='bbox 1380 3935 1655 4007; x_wconf 84' lang='grc' dir='ltr'>δροσερῶς</span> <span class='ocrx_word' id='word_1_381' title='bbox 1677 3934 1806 3998; x_wconf 80' lang='grc' dir='ltr'>τοὺς</span> 
     </span>
    </p>
   </div>
   <div class='ocr_carea' id='block_1_60' title="bbox 245 4012 1808 4098">
    <p class='ocr_par' dir='ltr' id='par_1_60' title="bbox 245 4012 1808 4098">
     <span class='ocr_line' id='line_1_60' title="bbox 245 4012 1808 4098; baseline -0.002 -14"><span class='ocrx_word' id='word_1_382' title='bbox 245 4029 447 4097; x_wconf 78' lang='grc' dir='ltr'>ἁγίους,</span> <span class='ocrx_word' id='word_1_383' title='bbox 486 4022 573 4092; x_wconf 76' lang='grc' dir='ltr'><strong>οἷς</strong></span> <span class='ocrx_word' id='word_1_384' title='bbox 608 4027 747 4097; x_wconf 75' lang='grc' dir='ltr'>πρὸς</span> <span class='ocrx_word' id='word_1_385' title='bbox 764 4025 899 4081; x_wconf 90' lang='grc' dir='ltr'>Θεοῦ</span> <span class='ocrx_word' id='word_1_386' title='bbox 924 4027 1180 4083; x_wconf 76' lang='grc' dir='ltr'>ἀνεθεῖσα</span> <span class='ocrx_word' id='word_1_387' title='bbox 1208 4029 1379 4097; x_wconf 78' lang='grc' dir='ltr'>ἐφῆκε</span> <span class='ocrx_word' id='word_1_388' title='bbox 1411 4012 1489 4098; x_wconf 75' lang='grc' dir='ltr'><strong>τῷ</strong></span> <span class='ocrx_word' id='word_1_389' title='bbox 1509 4028 1630 4096; x_wconf 78' lang='grc' dir='ltr'>ἀέρι</span> <span class='ocrx_word' id='word_1_390' title='bbox 1651 4027 1808 4096; x_wconf 78' lang='grc' dir='ltr'>ποιῆ-</span> 
     </span>
    </p>
   </div>
   <div class='ocr_carea' id='block_1_61' title="bbox 248 4118 1804 4190">
    <p class='ocr_par' dir='ltr' id='par_1_61' title="bbox 248 4118 1804 4190">
     <span class='ocr_line' id='line_1_61' title="bbox 248 4118 1804 4190; baseline -0.001 -17"><span class='ocrx_word' id='word_1_391' title='bbox 248 4138 328 4174; x_wconf 83' lang='grc' dir='ltr'><strong>σαι</strong></span> <span class='ocrx_word' id='word_1_392' title='bbox 349 4122 411 4175; x_wconf 77' lang='grc' dir='ltr'><strong>τὸ</strong></span> <span class='ocrx_word' id='word_1_393' title='bbox 430 4118 656 4187; x_wconf 79' lang='grc' dir='ltr'>ἑαυτοῦ,</span> <span class='ocrx_word' id='word_1_394' title='bbox 685 4119 748 4173; x_wconf 83' lang='grc' dir='ltr'><strong>τδ</strong></span> <span class='ocrx_word' id='word_1_395' title='bbox 776 4119 833 4172; x_wconf 80' lang='grc' dir='ltr'><strong>δέ</strong></span> <span class='ocrx_word' id='word_1_396' title='bbox 877 4121 993 4173; x_wconf 74' lang='grc' dir='ltr'>ἔστι</span> <span class='ocrx_word' id='word_1_397' title='bbox 1035 4119 1354 4190; x_wconf 79' lang='grc' dir='ltr'><strong>ψυχρότητα</strong></span> <span class='ocrx_word' id='word_1_398' title='bbox 1396 4119 1690 4189; x_wconf 72' lang='grc' dir='ltr'>ἐνεργῆσαι</span> <span class='ocrx_word' id='word_1_399' title='bbox 1723 4119 1804 4181; x_wconf 83' lang='grc' dir='ltr'><strong>εἰς</strong></span> 
     </span>
    </p>
   </div>
   <div class='ocr_carea' id='block_1_62' title="bbox 244 4207 1803 4282">
    <p class='ocr_par' dir='ltr' id='par_1_62' title="bbox 244 4207 1803 4282">
     <span class='ocr_line' id='line_1_62' title="bbox 244 4207 1803 4282; baseline 0 -21"><span class='ocrx_word' id='word_1_400' title='bbox 244 4209 520 4282; x_wconf 72' lang='grc' dir='ltr'><strong>ἀναψυχὴν</strong></span> <span class='ocrx_word' id='word_1_401' title='bbox 548 4209 659 4267; x_wconf 78' lang='grc' dir='ltr'><strong>τῶν</strong></span> <span class='ocrx_word' id='word_1_402' title='bbox 689 4207 791 4262; x_wconf 87' lang='grc' dir='ltr'><strong>τοῦ</strong></span> <span class='ocrx_word' id='word_1_403' title='bbox 817 4208 955 4263; x_wconf 87' lang='grc' dir='ltr'>Θεοῦ</span> <span class='ocrx_word' id='word_1_404' title='bbox 986 4210 1214 4277; x_wconf 81' lang='grc' dir='ltr'>παίδων,</span> <span class='ocrx_word' id='word_1_405' title='bbox 1243 4209 1428 4262; x_wconf 78' lang='grc' dir='ltr'>οὐκέτι</span> <span class='ocrx_word' id='word_1_406' title='bbox 1474 4212 1803 4279; x_wconf 81' lang='grc' dir='ltr'>καιομένων,</span> 
     </span>
    </p>
   </div>
   <div class='ocr_carea' id='block_1_63' title="bbox 245 4300 1801 4373">
    <p class='ocr_par' dir='ltr' id='par_1_63' title="bbox 245 4300 1801 4373">
     <span class='ocr_line' id='line_1_63' title="bbox 245 4300 1801 4373; baseline -0.001 -16"><span class='ocrx_word' id='word_1_407' title='bbox 245 4302 367 4357; x_wconf 76' lang='grc' dir='ltr'>ἀλλὰ</span> <span class='ocrx_word' id='word_1_408' title='bbox 398 4304 564 4373; x_wconf 81' lang='grc' dir='ltr'>μόνον</span> <span class='ocrx_word' id='word_1_409' title='bbox 600 4301 989 4372; x_wconf 83' lang='grc' dir='ltr'>φωτιζομένων</span> <span class='ocrx_word' id='word_1_410' title='bbox 1039 4305 1139 4357; x_wconf 79' lang='grc' dir='ltr'>καὶ</span> <span class='ocrx_word' id='word_1_411' title='bbox 1174 4300 1691 4372; x_wconf 78' lang='grc' dir='ltr'>καταλαμπομένων</span> <span class='ocrx_word' id='word_1_412' title='bbox 1734 4303 1801 4372; x_wconf 78' lang='grc' dir='ltr'>τῇ</span> 
     </span>
    </p>
   </div>
   <div class='ocr_carea' id='block_1_64' title="bbox 248 4390 1805 4463">
    <p class='ocr_par' dir='ltr' id='par_1_64' title="bbox 248 4390 1805 4463">
     <span class='ocr_line' id='line_1_64' title="bbox 248 4390 1805 4463; baseline 0.001 -21"><span class='ocrx_word' id='word_1_413' title='bbox 248 4393 415 4459; x_wconf 59' lang='grc' dir='ltr'>φλογὶ,</span> <span class='ocrx_word' id='word_1_414' title='bbox 448 4392 643 4463; x_wconf 82' lang='grc' dir='ltr'>ῶσπερ</span> <span class='ocrx_word' id='word_1_415' title='bbox 703 4392 1052 4463; x_wconf 72' lang='grc' dir='ltr'>ἠσχολημένη</span> <span class='ocrx_word' id='word_1_416' title='bbox 1078 4392 1221 4446; x_wconf 82' lang='grc' dir='ltr'>κατὰ</span> <span class='ocrx_word' id='word_1_417' title='bbox 1270 4392 1380 4446; x_wconf 91' lang='grc' dir='ltr'><strong>τῶν</strong></span> <span class='ocrx_word' id='word_1_418' title='bbox 1435 4390 1650 4463; x_wconf 70' lang='grc' dir='ltr'>ἐχθρῶν</span> <span class='ocrx_word' id='word_1_419' title='bbox 1695 4393 1805 4446; x_wconf 88' lang='grc' dir='ltr'><strong>τῶν</strong></span> 
     </span>
    </p>
   </div>
   <div class='ocr_carea' id='block_1_65' title="bbox 245 4481 1805 4554">
    <p class='ocr_par' dir='ltr' id='par_1_65' title="bbox 245 4481 1805 4554">
     <span class='ocr_line' id='line_1_65' title="bbox 245 4481 1805 4554; baseline 0.001 -20"><span class='ocrx_word' id='word_1_420' title='bbox 245 4484 331 4537; x_wconf 81' lang='grc' dir='ltr'><strong>τοῦ</strong></span> <span class='ocrx_word' id='word_1_421' title='bbox 355 4486 515 4548; x_wconf 81' lang='grc' dir='ltr'>Θεοῦ,</span> <span class='ocrx_word' id='word_1_422' title='bbox 544 4483 831 4548; x_wconf 75' lang='grc' dir='ltr'>ἐξελάθετο</span> <span class='ocrx_word' id='word_1_423' title='bbox 856 4485 988 4553; x_wconf 78' lang='grc' dir='ltr'>φλὸξ</span> <span class='ocrx_word' id='word_1_424' title='bbox 1010 4482 1149 4537; x_wconf 73' lang='grc' dir='ltr'>εἶναι</span> <span class='ocrx_word' id='word_1_425' title='bbox 1171 4484 1284 4547; x_wconf 84' lang='grc' dir='ltr'>τοῖς</span> <span class='ocrx_word' id='word_1_426' title='bbox 1313 4481 1406 4537; x_wconf 81' lang='grc' dir='ltr'><strong>τοῦ</strong></span> <span class='ocrx_word' id='word_1_427' title='bbox 1436 4482 1573 4537; x_wconf 84' lang='grc' dir='ltr'>Θεοῦ</span> <span class='ocrx_word' id='word_1_428' title='bbox 1595 4483 1690 4539; x_wconf 85' lang='grc' dir='ltr'>ἀνθ</span> <span class='ocrx_word' id='word_1_429' title='bbox 1700 4485 1805 4554; x_wconf 51' lang='lat' dir='ltr'><strong>pilio</strong></span> 
     </span>
    </p>
   </div>
   <div class='ocr_carea' id='block_1_66' title="bbox 247 4574 1801 4647">
    <p class='ocr_par' dir='ltr' id='par_1_66' title="bbox 247 4574 1801 4647">
     <span class='ocr_line' id='line_1_66' title="bbox 247 4574 1801 4647; baseline 0.002 -22"><span class='ocrx_word' id='word_1_430' title='bbox 247 4592 382 4638; x_wconf 80' lang='grc' dir='ltr'>ποις,</span> <span class='ocrx_word' id='word_1_431' title='bbox 412 4576 446 4647; x_wconf 78' lang='grc' dir='ltr'><strong>ἢ</strong></span> <span class='ocrx_word' id='word_1_432' title='bbox 477 4576 576 4628; x_wconf 71' lang='grc' dir='ltr'>καὶ</span> <span class='ocrx_word' id='word_1_433' title='bbox 634 4575 707 4637; x_wconf 84' lang='grc' dir='ltr'>ῶς</span> <span class='ocrx_word' id='word_1_434' title='bbox 739 4577 835 4628; x_wconf 74' lang='grc' dir='ltr'><strong>ἐὰν</strong></span> <span class='ocrx_word' id='word_1_435' title='bbox 866 4575 1007 4644; x_wconf 75' lang='grc' dir='ltr'>αὐτὴ</span> <span class='ocrx_word' id='word_1_436' title='bbox 1051 4575 1152 4644; x_wconf 80' lang='grc' dir='ltr'>μὲν</span> <span class='ocrx_word' id='word_1_437' title='bbox 1201 4574 1298 4645; x_wconf 82' lang='grc' dir='ltr'>ὅλη</span> <span class='ocrx_word' id='word_1_438' title='bbox 1324 4574 1516 4643; x_wconf 80' lang='grc' dir='ltr'>γέγονε</span> <span class='ocrx_word' id='word_1_439' title='bbox 1543 4574 1637 4627; x_wconf 82' lang='grc' dir='ltr'><strong>τοῦ</strong></span> <span class='ocrx_word' id='word_1_440' title='bbox 1691 4577 1801 4639; x_wconf 79' lang='grc' dir='ltr'>τοῖς</span> 
     </span>
    </p>
   </div>
   <div class='ocr_carea' id='block_1_67' title="bbox 244 4663 1802 4736">
    <p class='ocr_par' dir='ltr' id='par_1_67' title="bbox 244 4663 1802 4736">
     <span class='ocr_line' id='line_1_67' title="bbox 244 4663 1802 4736; baseline 0.001 -19"><span class='ocrx_word' id='word_1_441' title='bbox 244 4664 521 4730; x_wconf 78' lang='grc' dir='ltr'>Χαλδαίοις</span> <span class='ocrx_word' id='word_1_442' title='bbox 552 4668 922 4719; x_wconf 65' lang='grc' dir='ltr'>ἐπεισπεσεῖν·</span> <span class='ocrx_word' id='word_1_443' title='bbox 949 4666 1028 4736; x_wconf 83' lang='grc' dir='ltr'>τῷ</span> <span class='ocrx_word' id='word_1_444' title='bbox 1046 4666 1102 4719; x_wconf 77' lang='grc' dir='ltr'><strong>δὲ</strong></span> <span class='ocrx_word' id='word_1_445' title='bbox 1125 4666 1250 4732; x_wconf 75' lang='grc' dir='ltr'>ἀέρι</span> <span class='ocrx_word' id='word_1_446' title='bbox 1279 4667 1483 4735; x_wconf 79' lang='grc' dir='ltr'>ἐφῆκεν</span> <span class='ocrx_word' id='word_1_447' title='bbox 1502 4663 1802 4735; x_wconf 72' lang='grc' dir='ltr'>ἀναψύχειν</span> 
     </span>
    </p>
   </div>
   <div class='ocr_carea' id='block_1_68' title="bbox 244 4756 1805 4826">
    <p class='ocr_par' dir='ltr' id='par_1_68' title="bbox 244 4756 1805 4826">
     <span class='ocr_line' id='line_1_68' title="bbox 244 4756 1805 4826; baseline 0.002 -21"><span class='ocrx_word' id='word_1_448' title='bbox 244 4756 365 4818; x_wconf 67' lang='grc' dir='ltr'>τοὺς</span> <span class='ocrx_word' id='word_1_449' title='bbox 389 4756 479 4809; x_wconf 81' lang='grc' dir='ltr'><strong>τοῦ</strong></span> <span class='ocrx_word' id='word_1_450' title='bbox 515 4757 650 4810; x_wconf 82' lang='grc' dir='ltr'>Θεοῦ</span> <span class='ocrx_word' id='word_1_451' title='bbox 702 4756 1144 4826; x_wconf 84' lang='grc' dir='ltr'>γεροντόπαιδας.</span> <span class='ocrx_word' id='word_1_452' title='bbox 1170 4756 1261 4826; x_wconf 84' lang='grc' dir='ltr'><strong>Μὴ</strong></span> <span class='ocrx_word' id='word_1_453' title='bbox 1306 4756 1414 4826; x_wconf 82' lang='grc' dir='ltr'>γὰρ</span> <span class='ocrx_word' id='word_1_454' title='bbox 1455 4771 1805 4826; x_wconf 84' lang='grc' dir='ltr'>κατακρατη-</span> 
     </span>
    </p>
   </div>
   <div class='ocr_carea' id='block_1_69' title="bbox 245 4842 1802 4918">
    <p class='ocr_par' dir='ltr' id='par_1_69' title="bbox 245 4842 1802 4918">
     <span class='ocr_line' id='line_1_69' title="bbox 245 4842 1802 4918; baseline 0 -22"><span class='ocrx_word' id='word_1_455' title='bbox 245 4845 382 4911; x_wconf 72' lang='grc' dir='ltr'>τίον,</span> <span class='ocrx_word' id='word_1_456' title='bbox 406 4846 580 4900; x_wconf 82' lang='grc' dir='ltr'>διόλου</span> <span class='ocrx_word' id='word_1_457' title='bbox 613 4847 821 4918; x_wconf 75' lang='grc' dir='ltr'>θερμὸν</span> <span class='ocrx_word' id='word_1_458' title='bbox 846 4842 987 4900; x_wconf 80' lang='grc' dir='ltr'>εἶναι</span> <span class='ocrx_word' id='word_1_459' title='bbox 1019 4846 1110 4899; x_wconf 80' lang='grc' dir='ltr'><strong>τὸν</strong></span> <span class='ocrx_word' id='word_1_460' title='bbox 1139 4846 1264 4899; x_wconf 80' lang='grc' dir='ltr'>καθ’</span> <span class='ocrx_word' id='word_1_461' title='bbox 1289 4845 1436 4915; x_wconf 79' lang='grc' dir='ltr'>ἡμᾶς</span> <span class='ocrx_word' id='word_1_462' title='bbox 1467 4845 1631 4913; x_wconf 82' lang='grc' dir='ltr'>ἀέρα,</span> <span class='ocrx_word' id='word_1_463' title='bbox 1667 4842 1802 4913; x_wconf 80' lang='grc' dir='ltr'>μηδὲ</span> 
     </span>
    </p>
   </div>
   <div class='ocr_carea' id='block_1_70' title="bbox 251 4934 1801 5010">
    <p class='ocr_par' dir='ltr' id='par_1_70' title="bbox 251 4934 1801 5010">
     <span class='ocr_line' id='line_1_70' title="bbox 251 4934 1801 5010; baseline -0.002 -21"><span class='ocrx_word' id='word_1_464' title='bbox 251 4938 550 5007; x_wconf 81' lang='grc' dir='ltr'>στοιχητέον</span> <span class='ocrx_word' id='word_1_465' title='bbox 582 4940 649 5010; x_wconf 75' lang='grc' dir='ltr'>τῇ</span> <span class='ocrx_word' id='word_1_466' title='bbox 680 4938 809 5010; x_wconf 80' lang='grc' dir='ltr'>δόξῃ</span> <span class='ocrx_word' id='word_1_467' title='bbox 837 4937 1011 5008; x_wconf 79' lang='grc' dir='ltr'>ταύτῃ</span> <span class='ocrx_word' id='word_1_468' title='bbox 1053 4935 1374 5007; x_wconf 81' lang='grc' dir='ltr'>ἀστεμφῶς,</span> <span class='ocrx_word' id='word_1_469' title='bbox 1416 4934 1470 4987; x_wconf 72' lang='lat' dir='ltr'><strong>et</strong></span> <span class='ocrx_word' id='word_1_470' title='bbox 1512 4951 1567 4986; x_wconf 88' lang='grc' dir='ltr'><strong>τι</strong></span> <span class='ocrx_word' id='word_1_471' title='bbox 1601 4948 1801 5004; x_wconf 84' lang='grc' dir='ltr'>προσε-</span> 
     </span>
    </p>
   </div>
   <div class='ocr_carea' id='block_1_71' title="bbox 244 5021 1798 5098">
    <p class='ocr_par' dir='ltr' id='par_1_71' title="bbox 244 5021 1798 5098">
     <span class='ocr_line' id='line_1_71' title="bbox 244 5021 1798 5098; baseline -0.001 -22"><span class='ocrx_word' id='word_1_472' title='bbox 244 5028 395 5080; x_wconf 85' lang='grc' dir='ltr'>κτέον</span> <span class='ocrx_word' id='word_1_473' title='bbox 422 5029 513 5081; x_wconf 76' lang='grc' dir='ltr'><strong>καὶ</strong></span> <span class='ocrx_word' id='word_1_474' title='bbox 534 5027 613 5098; x_wconf 85' lang='grc' dir='ltr'>τῷ</span> <span class='ocrx_word' id='word_1_475' title='bbox 635 5028 940 5096; x_wconf 84' lang='grc' dir='ltr'>γεγραφότι</span> <span class='ocrx_word' id='word_1_476' title='bbox 967 5026 1093 5089; x_wconf 75' lang='grc' dir='ltr'>τοὺς</span> <span class='ocrx_word' id='word_1_477' title='bbox 1128 5023 1261 5094; x_wconf 72' lang='grc' dir='ltr'>περὶ</span> <span class='ocrx_word' id='word_1_478' title='bbox 1284 5024 1576 5094; x_wconf 71' lang='grc' dir='ltr'>Προνοίας</span> <span class='ocrx_word' id='word_1_479' title='bbox 1602 5021 1798 5089; x_wconf 78' lang='grc' dir='ltr'>λόγους</span> 
     </span>
    </p>
   </div>
   <div class='ocr_carea' id='block_1_72' title="bbox 246 5117 990 5190">
    <p class='ocr_par' dir='ltr' id='par_1_72' title="bbox 246 5117 990 5190">
     <span class='ocr_line' id='line_1_72' title="bbox 246 5117 990 5190; baseline 0.008 -22"><span class='ocrx_word' id='word_1_480' title='bbox 246 5117 391 5188; x_wconf 67' lang='grc' dir='ltr'>ἀνδρὶ</span> <span class='ocrx_word' id='word_1_481' title='bbox 421 5118 567 5190; x_wconf 80' lang='grc' dir='ltr'>σοφῷ</span> <span class='ocrx_word' id='word_1_482' title='bbox 603 5136 665 5171; x_wconf 83' lang='grc' dir='ltr'>τε</span> <span class='ocrx_word' id='word_1_483' title='bbox 692 5119 787 5173; x_wconf 77' lang='grc' dir='ltr'>καὶ</span> <span class='ocrx_word' id='word_1_484' title='bbox 834 5117 990 5189; x_wconf 78' lang='grc' dir='ltr'>ἱερῷ.</span> 
     </span>
    </p>
   </div>
   <div class='ocr_carea' id='block_1_73' title="bbox 313 5204 1799 5281">
    <p class='ocr_par' dir='ltr' id='par_1_73' title="bbox 313 5204 1799 5281">
     <span class='ocr_line' id='line_1_73' title="bbox 313 5204 1799 5281; baseline -0.003 -17"><span class='ocrx_word' id='word_1_485' title='bbox 313 5209 378 5277; x_wconf 80' lang='grc' dir='ltr'>β’.</span> <span class='ocrx_word' id='word_1_486' title='bbox 416 5208 480 5264; x_wconf 84' lang='grc' dir='ltr'>Εί</span> <span class='ocrx_word' id='word_1_487' title='bbox 507 5211 566 5264; x_wconf 78' lang='grc' dir='ltr'><strong>δὲ</strong></span> <span class='ocrx_word' id='word_1_488' title='bbox 594 5209 1154 5281; x_wconf 78' lang='grc' dir='ltr'>δοκεῖ,ἀσυνάρτητον</span> <span class='ocrx_word' id='word_1_489' title='bbox 1201 5204 1347 5263; x_wconf 77' lang='grc' dir='ltr'>εἶναι</span> <span class='ocrx_word' id='word_1_490' title='bbox 1392 5208 1453 5260; x_wconf 84' lang='grc' dir='ltr'><strong>τὸ</strong></span> <span class='ocrx_word' id='word_1_491' title='bbox 1480 5205 1579 5279; x_wconf 78' lang='grc' dir='ltr'><strong>τὴν</strong></span> <span class='ocrx_word' id='word_1_492' title='bbox 1628 5204 1799 5275; x_wconf 77' lang='grc' dir='ltr'>αὐτὴν</span> 
     </span>
    </p>
   </div>
   <div class='ocr_carea' id='block_1_74' title="bbox 244 5295 1797 5370">
    <p class='ocr_par' dir='ltr' id='par_1_74' title="bbox 244 5295 1797 5370">
     <span class='ocr_line' id='line_1_74' title="bbox 244 5295 1797 5370; baseline 0 -22"><span class='ocrx_word' id='word_1_493' title='bbox 244 5297 461 5367; x_wconf 78' lang='grc' dir='ltr'>κάμινον</span> <span class='ocrx_word' id='word_1_494' title='bbox 486 5298 677 5369; x_wconf 80' lang='grc' dir='ltr'>φλέξαι</span> <span class='ocrx_word' id='word_1_495' title='bbox 699 5315 761 5353; x_wconf 82' lang='grc' dir='ltr'>τε</span> <span class='ocrx_word' id='word_1_496' title='bbox 796 5298 891 5352; x_wconf 79' lang='grc' dir='ltr'>καὶ</span> <span class='ocrx_word' id='word_1_497' title='bbox 923 5298 1194 5370; x_wconf 80' lang='grc' dir='ltr'>δροσίσαι,</span> <span class='ocrx_word' id='word_1_498' title='bbox 1218 5298 1305 5351; x_wconf 77' lang='grc' dir='ltr'><strong>διὰ</strong></span> <span class='ocrx_word' id='word_1_499' title='bbox 1324 5297 1385 5350; x_wconf 81' lang='grc' dir='ltr'><strong>τὸ</strong></span> <span class='ocrx_word' id='word_1_500' title='bbox 1420 5295 1497 5368; x_wconf 74' lang='grc' dir='ltr'>μὴ</span> <span class='ocrx_word' id='word_1_501' title='bbox 1529 5295 1797 5356; x_wconf 82' lang='grc' dir='ltr'>ὡσαύτως</span> 
     </span>
    </p>
   </div>
   <div class='ocr_carea' id='block_1_75' title="bbox 247 5385 1800 5460">
    <p class='ocr_par' dir='ltr' id='par_1_75' title="bbox 247 5385 1800 5460">
     <span class='ocr_line' id='line_1_75' title="bbox 247 5385 1800 5460; baseline -0.001 -22"><span class='ocrx_word' id='word_1_502' title='bbox 247 5386 402 5455; x_wconf 74' lang='grc' dir='ltr'>ἄμφω</span> <span class='ocrx_word' id='word_1_503' title='bbox 425 5389 805 5460; x_wconf 71' lang='grc' dir='ltr'>ἐνηργηκέναι,</span> <span class='ocrx_word' id='word_1_504' title='bbox 829 5388 963 5443; x_wconf 78' lang='grc' dir='ltr'><strong>ἀλλᾶ</strong></span> <span class='ocrx_word' id='word_1_505' title='bbox 990 5389 1053 5441; x_wconf 79' lang='grc' dir='ltr'><strong>τὸ</strong></span> <span class='ocrx_word' id='word_1_506' title='bbox 1089 5388 1186 5459; x_wconf 78' lang='grc' dir='ltr'>μὲν</span> <span class='ocrx_word' id='word_1_507' title='bbox 1214 5387 1435 5457; x_wconf 79' lang='grc' dir='ltr'>φλέγμα</span> <span class='ocrx_word' id='word_1_508' title='bbox 1460 5388 1526 5457; x_wconf 79' lang='grc' dir='ltr'><strong>τῇ</strong></span> <span class='ocrx_word' id='word_1_509' title='bbox 1578 5385 1672 5443; x_wconf 83' lang='grc' dir='ltr'><strong>τοῦ</strong></span> <span class='ocrx_word' id='word_1_510' title='bbox 1698 5402 1800 5438; x_wconf 83' lang='grc' dir='ltr'><strong>πυ-</strong></span> 
     </span>
    </p>
   </div>
   <div class='ocr_carea' id='block_1_76' title="bbox 248 5478 1795 5550">
    <p class='ocr_par' dir='ltr' id='par_1_76' title="bbox 248 5478 1795 5550">
     <span class='ocr_line' id='line_1_76' title="bbox 248 5478 1795 5550; baseline 0 -20"><span class='ocrx_word' id='word_1_511' title='bbox 248 5479 443 5544; x_wconf 76' lang='grc' dir='ltr'>ρόεντος</span> <span class='ocrx_word' id='word_1_512' title='bbox 467 5482 741 5547; x_wconf 69' lang='grc' dir='ltr'>ἔπιτάσει,</span> <span class='ocrx_word' id='word_1_513' title='bbox 769 5481 829 5534; x_wconf 75' lang='grc' dir='ltr'>τὸ</span> <span class='ocrx_word' id='word_1_514' title='bbox 857 5481 914 5534; x_wconf 72' lang='grc' dir='ltr'><strong>δὶ</strong></span> <span class='ocrx_word' id='word_1_515' title='bbox 946 5480 1204 5550; x_wconf 79' lang='grc' dir='ltr'>δράσιμον</span> <span class='ocrx_word' id='word_1_516' title='bbox 1249 5480 1311 5532; x_wconf 78' lang='grc' dir='ltr'>οὗ</span> <span class='ocrx_word' id='word_1_517' title='bbox 1341 5482 1407 5550; x_wconf 77' lang='grc' dir='ltr'>τῇ</span> <span class='ocrx_word' id='word_1_518' title='bbox 1445 5481 1583 5548; x_wconf 78' lang='grc' dir='ltr'><strong>αὑτῇ</strong></span> <span class='ocrx_word' id='word_1_519' title='bbox 1610 5518 1627 5545; x_wconf 86' lang='grc'><strong>,</strong></span> <span class='ocrx_word' id='word_1_520' title='bbox 1660 5478 1795 5530; x_wconf 76' lang='grc' dir='ltr'>ἀλλὰ</span> 
     </span>
    </p>
   </div>
   <div class='ocr_carea' id='block_1_77' title="bbox 246 5565 1790 5642">
    <p class='ocr_par' dir='ltr' id='par_1_77' title="bbox 246 5565 1790 5642">
     <span class='ocr_line' id='line_1_77' title="bbox 246 5565 1790 5642; baseline 0.003 -26"><span class='ocrx_word' id='word_1_521' title='bbox 246 5566 456 5623; x_wconf 77' lang='grc' dir='ltr'>διαθέσει</span> <span class='ocrx_word' id='word_1_522' title='bbox 482 5571 720 5642; x_wconf 69' lang='grc' dir='ltr'>ἑτεροῖα,</span> <span class='ocrx_word' id='word_1_523' title='bbox 749 5574 815 5642; x_wconf 78' lang='grc' dir='ltr'>τῇ</span> <span class='ocrx_word' id='word_1_524' title='bbox 846 5573 988 5626; x_wconf 76' lang='grc' dir='ltr'>κατᾶ</span> <span class='ocrx_word' id='word_1_525' title='bbox 1043 5570 1248 5637; x_wconf 78' lang='grc' dir='ltr'>ἄνεσιν,</span> <span class='ocrx_word' id='word_1_526' title='bbox 1306 5570 1406 5623; x_wconf 79' lang='grc' dir='ltr'>εἰτ’</span> <span class='ocrx_word' id='word_1_527' title='bbox 1472 5565 1565 5623; x_wconf 72' lang='grc' dir='ltr'>οὖν</span> <span class='ocrx_word' id='word_1_528' title='bbox 1598 5568 1790 5638; x_wconf 76' lang='grc' dir='ltr'>ὕφεσιν</span> 
     </span>
    </p>
   </div>
   <div class='ocr_carea' id='block_1_78' title="bbox 245 5646 1789 5733">
    <p class='ocr_par' dir='ltr' id='par_1_78' title="bbox 245 5646 1789 5733">
     <span class='ocr_line' id='line_1_78' title="bbox 245 5646 1789 5733; baseline 0.001 -21"><span class='ocrx_word' id='word_1_529' title='bbox 245 5657 333 5724; x_wconf 68' lang='grc' dir='ltr'>τὴν</span> <span class='ocrx_word' id='word_1_530' title='bbox 354 5658 549 5725; x_wconf 81' lang='grc' dir='ltr'>θεόθεν,</span> <span class='ocrx_word' id='word_1_531' title='bbox 577 5660 706 5714; x_wconf 86' lang='grc' dir='ltr'>καθ’</span> <span class='ocrx_word' id='word_1_532' title='bbox 732 5661 800 5731; x_wconf 72' lang='grc' dir='ltr'>ἢν</span> <span class='ocrx_word' id='word_1_533' title='bbox 820 5661 951 5715; x_wconf 79' lang='grc' dir='ltr'>ὡσεὶ</span> <span class='ocrx_word' id='word_1_534' title='bbox 972 5661 1067 5716; x_wconf 75' lang='grc' dir='ltr'>καὶ</span> <span class='ocrx_word' id='word_1_535' title='bbox 1094 5662 1170 5733; x_wconf 74' lang='grc' dir='ltr'>μὴ</span> <span class='ocrx_word' id='word_1_536' title='bbox 1202 5660 1378 5731; x_wconf 84' lang='grc' dir='ltr'>παρὸν</span> <span class='ocrx_word' id='word_1_537' title='bbox 1424 5660 1486 5713; x_wconf 76' lang='grc' dir='ltr'><strong>τὸ</strong></span> <span class='ocrx_word' id='word_1_538' title='bbox 1520 5659 1628 5730; x_wconf 81' lang='grc' dir='ltr'><strong>πῦρ</strong></span> <span class='ocrx_word' id='word_1_539' title='bbox 1666 5646 1789 5713; x_wconf 65' lang='grc' dir='ltr'>ὲλοέ</span> 
     </span>
    </p>
   </div>
   <div class='ocr_carea' id='block_1_79' title="bbox 1909 3748 3481 3820">
    <p class='ocr_par' dir='ltr' id='par_1_79' title="bbox 1909 3748 3481 3820">
     <span class='ocr_line' id='line_1_79' title="bbox 1909 3748 3481 3820; baseline 0.001 -16"><span class='ocrx_word' id='word_1_540' title='bbox 1909 3765 2099 3814; x_wconf 88' lang='lat' dir='ltr'><strong>urens.</strong></span> <span class='ocrx_word' id='word_1_541' title='bbox 2129 3750 2350 3820; x_wconf 88' lang='lat' dir='ltr'><strong>quando</strong></span> <span class='ocrx_word' id='word_1_542' title='bbox 2376 3752 2588 3807; x_wconf 84' lang='lat' dir='ltr'><strong>scilicet</strong></span> <span class='ocrx_word' id='word_1_543' title='bbox 2607 3748 3481 3818; x_wconf 74' lang='lat' dir='ltr'><strong>ﬂammasdispersitexuntlantcs</strong></span> 
     </span>
    </p>
   </div>
   <div class='ocr_carea' id='block_1_80' title="bbox 1906 3838 3478 3911">
    <p class='ocr_par' dir='ltr' id='par_1_80' title="bbox 1906 3838 3478 3911">
     <span class='ocr_line' id='line_1_80' title="bbox 1906 3838 3478 3911; baseline -0.004 -17"><span class='ocrx_word' id='word_1_544' title='bbox 1906 3840 1962 3894; x_wconf 89' lang='lat' dir='ltr'><strong>in</strong></span> <span class='ocrx_word' id='word_1_545' title='bbox 1994 3842 2263 3896; x_wconf 86' lang='lat' dir='ltr'><strong>malorum</strong></span> <span class='ocrx_word' id='word_1_546' title='bbox 2316 3841 2641 3911; x_wconf 81' lang='lat' dir='ltr'><strong>perniciem,</strong></span> <span class='ocrx_word' id='word_1_547' title='bbox 2688 3852 2991 3906; x_wconf 85' lang='lat' dir='ltr'><strong>earumque</strong></span> <span class='ocrx_word' id='word_1_548' title='bbox 3044 3838 3151 3891; x_wconf 81' lang='lat' dir='ltr'><strong>vim</strong></span> <span class='ocrx_word' id='word_1_549' title='bbox 3213 3840 3478 3901; x_wconf 80' lang='lat' dir='ltr'><strong>exercuit,</strong></span> 
     </span>
    </p>
   </div>
   <div class='ocr_carea' id='block_1_81' title="bbox 1906 3924 3478 3985">
    <p class='ocr_par' dir='ltr' id='par_1_81' title="bbox 1906 3924 3478 3985">
     <span class='ocr_line' id='line_1_81' title="bbox 1906 3924 3478 3985; baseline -0.003 -2"><span class='ocrx_word' id='word_1_550' title='bbox 1906 3929 2169 3985; x_wconf 80' lang='lat' dir='ltr'><strong>invadens</strong></span> <span class='ocrx_word' id='word_1_551' title='bbox 2218 3931 2639 3985; x_wconf 79' lang='lat' dir='ltr'><strong>circumstantes</strong></span> <span class='ocrx_word' id='word_1_552' title='bbox 2691 3926 3012 3982; x_wconf 75' lang='lat' dir='ltr'><strong>Chaldaeos.</strong></span> <span class='ocrx_word' id='word_1_553' title='bbox 3062 3924 3299 3980; x_wconf 82' lang='lat' dir='ltr'><strong>Aliunde</strong></span> <span class='ocrx_word' id='word_1_554' title='bbox 3349 3940 3478 3979; x_wconf 78' lang='lat' dir='ltr'><strong>vero</strong></span> 
     </span>
    </p>
   </div>
   <div class='ocr_carea' id='block_1_82' title="bbox 1905 4014 3605 4094">
    <p class='ocr_par' dir='ltr' id='par_1_82' title="bbox 1905 4014 3605 4094">
     <span class='ocr_line' id='line_1_82' title="bbox 1905 4014 3605 4094; baseline -0.003 -18"><span class='ocrx_word' id='word_1_555' title='bbox 1905 4032 2124 4077; x_wconf 82' lang='lat' dir='ltr'><strong>sanctos</strong></span> <span class='ocrx_word' id='word_1_556' title='bbox 2155 4022 2297 4077; x_wconf 86' lang='lat' dir='ltr'><strong>roris</strong></span> <span class='ocrx_word' id='word_1_557' title='bbox 2324 4022 2498 4076; x_wconf 89' lang='lat' dir='ltr'><strong>instar</strong></span> <span class='ocrx_word' id='word_1_558' title='bbox 2525 4019 2902 4089; x_wconf 75' lang='lat' dir='ltr'><strong>refrigerabat,</strong></span> <span class='ocrx_word' id='word_1_559' title='bbox 2932 4025 2987 4072; x_wconf 90' lang='lat' dir='ltr'><strong>et</strong></span> <span class='ocrx_word' id='word_1_560' title='bbox 3020 4032 3049 4071; x_wconf 89' lang='lat' dir='ltr'><strong>a</strong></span> <span class='ocrx_word' id='word_1_561' title='bbox 3083 4014 3193 4071; x_wconf 89' lang='lat' dir='ltr'><strong>Deo</strong></span> <span class='ocrx_word' id='word_1_562' title='bbox 3217 4026 3478 4072; x_wconf 80' lang='lat' dir='ltr'><strong>enervata</strong></span> <span class='ocrx_word' id='word_1_563' title='bbox 3583 4076 3605 4094; x_wconf 29' lang='grc' dir='ltr'><strong>ἰ</strong></span> 
     </span>
    </p>
   </div>
   <div class='ocr_carea' id='block_1_83' title="bbox 1904 4107 3480 4178">
    <p class='ocr_par' dir='ltr' id='par_1_83' title="bbox 1904 4107 3480 4178">
     <span class='ocr_line' id='line_1_83' title="bbox 1904 4107 3480 4178; baseline -0.004 -8"><span class='ocrx_word' id='word_1_564' title='bbox 1904 4115 2119 4171; x_wconf 88' lang='lat' dir='ltr'><strong>sinebat</strong></span> <span class='ocrx_word' id='word_1_565' title='bbox 2171 4114 2251 4170; x_wconf 86' lang='lat' dir='ltr'><strong>eis</strong></span> <span class='ocrx_word' id='word_1_566' title='bbox 2284 4112 2389 4167; x_wconf 89' lang='lat' dir='ltr'><strong>vim</strong></span> <span class='ocrx_word' id='word_1_567' title='bbox 2424 4114 2567 4169; x_wconf 88' lang='lat' dir='ltr'><strong>aeris</strong></span> <span class='ocrx_word' id='word_1_568' title='bbox 2596 4111 2769 4178; x_wconf 80' lang='lat' dir='ltr'><strong>illabi,</strong></span> <span class='ocrx_word' id='word_1_569' title='bbox 2824 4110 2927 4164; x_wconf 89' lang='lat' dir='ltr'><strong>boc</strong></span> <span class='ocrx_word' id='word_1_570' title='bbox 2973 4118 3076 4174; x_wconf 85' lang='lat' dir='ltr'><strong>est,</strong></span> <span class='ocrx_word' id='word_1_571' title='bbox 3135 4107 3480 4177; x_wconf 70' lang='lat' dir='ltr'><strong>refrigerium</strong></span> 
     </span>
    </p>
   </div>
   <div class='ocr_carea' id='block_1_84' title="bbox 1904 4201 3476 4275">
    <p class='ocr_par' dir='ltr' id='par_1_84' title="bbox 1904 4201 3476 4275">
     <span class='ocr_line' id='line_1_84' title="bbox 1904 4201 3476 4275; baseline -0.004 -15"><span class='ocrx_word' id='word_1_572' title='bbox 1904 4206 2087 4261; x_wconf 83' lang='lat' dir='ltr'><strong>amare</strong></span> <span class='ocrx_word' id='word_1_573' title='bbox 2118 4205 2208 4261; x_wconf 91' lang='lat' dir='ltr'><strong>Dei</strong></span> <span class='ocrx_word' id='word_1_574' title='bbox 2245 4205 2451 4274; x_wconf 85' lang='lat' dir='ltr'><strong>pueris,</strong></span> <span class='ocrx_word' id='word_1_575' title='bbox 2486 4219 2627 4275; x_wconf 84' lang='lat' dir='ltr'><strong>quos</strong></span> <span class='ocrx_word' id='word_1_576' title='bbox 2646 4204 2871 4261; x_wconf 76' lang='lat' dir='ltr'><strong>minime</strong></span> <span class='ocrx_word' id='word_1_577' title='bbox 2893 4201 3085 4256; x_wconf 86' lang='lat' dir='ltr'><strong>urebat</strong></span> <span class='ocrx_word' id='word_1_578' title='bbox 3114 4201 3354 4263; x_wconf 83' lang='lat' dir='ltr'><strong>ﬂamma,</strong></span> <span class='ocrx_word' id='word_1_579' title='bbox 3383 4205 3476 4254; x_wconf 75' lang='grc' dir='ltr'>εοιι</span> 
     </span>
    </p>
   </div>
   <div class='ocr_carea' id='block_1_85' title="bbox 1904 4297 3479 4367">
    <p class='ocr_par' dir='ltr' id='par_1_85' title="bbox 1904 4297 3479 4367">
     <span class='ocr_line' id='line_1_85' title="bbox 1904 4297 3479 4367; baseline -0.004 -12"><span class='ocrx_word' id='word_1_580' title='bbox 1904 4300 2249 4356; x_wconf 85' lang='lat' dir='ltr'><strong>illuminabat</strong></span> <span class='ocrx_word' id='word_1_581' title='bbox 2283 4309 2495 4356; x_wconf 88' lang='lat' dir='ltr'><strong>tantum</strong></span> <span class='ocrx_word' id='word_1_582' title='bbox 2529 4298 2947 4356; x_wconf 83' lang='lat' dir='ltr'><strong>etillustrabat:</strong></span> <span class='ocrx_word' id='word_1_583' title='bbox 2977 4297 3202 4367; x_wconf 84' lang='lat' dir='ltr'><strong>perinde</strong></span> <span class='ocrx_word' id='word_1_584' title='bbox 3225 4312 3290 4352; x_wconf 88' lang='lat' dir='ltr'><strong>ac</strong></span> <span class='ocrx_word' id='word_1_585' title='bbox 3315 4297 3361 4352; x_wconf 92' lang='lat' dir='ltr'><strong>si</strong></span> <span class='ocrx_word' id='word_1_586' title='bbox 3382 4299 3479 4349; x_wconf 74' lang='lat' dir='ltr'><strong>ad-</strong></span> 
     </span>
    </p>
   </div>
   <div class='ocr_carea' id='block_1_86' title="bbox 1904 4388 3478 4460">
    <p class='ocr_par' dir='ltr' id='par_1_86' title="bbox 1904 4388 3478 4460">
     <span class='ocr_line' id='line_1_86' title="bbox 1904 4388 3478 4460; baseline 0.001 -18"><span class='ocrx_word' id='word_1_587' title='bbox 1904 4406 2096 4447; x_wconf 79' lang='lat' dir='ltr'><strong>versus</strong></span> <span class='ocrx_word' id='word_1_588' title='bbox 2130 4391 2227 4445; x_wconf 87' lang='lat' dir='ltr'><strong>Dei</strong></span> <span class='ocrx_word' id='word_1_589' title='bbox 2282 4390 2539 4447; x_wconf 87' lang='lat' dir='ltr'><strong>inimicos</strong></span> <span class='ocrx_word' id='word_1_590' title='bbox 2596 4398 2882 4460; x_wconf 80' lang='lat' dir='ltr'><strong>occupata,</strong></span> <span class='ocrx_word' id='word_1_591' title='bbox 2944 4388 3361 4444; x_wconf 88' lang='lat' dir='ltr'><strong>oblivisceretur</strong></span> <span class='ocrx_word' id='word_1_592' title='bbox 3417 4405 3478 4443; x_wconf 81' lang='lat' dir='ltr'><strong>se</strong></span> 
     </span>
    </p>
   </div>
   <div class='ocr_carea' id='block_1_87' title="bbox 1902 4478 3479 4552">
    <p class='ocr_par' dir='ltr' id='par_1_87' title="bbox 1902 4478 3479 4552">
     <span class='ocr_line' id='line_1_87' title="bbox 1902 4478 3479 4552; baseline -0.003 -16"><span class='ocrx_word' id='word_1_593' title='bbox 1902 4480 2176 4536; x_wconf 84' lang='lat' dir='ltr'><strong>ﬂammam</strong></span> <span class='ocrx_word' id='word_1_594' title='bbox 2196 4496 2317 4538; x_wconf 84' lang='lat' dir='ltr'><strong>esse</strong></span> <span class='ocrx_word' id='word_1_595' title='bbox 2331 4496 2457 4552; x_wconf 74' lang='lat' dir='ltr'><strong>erga</strong></span> <span class='ocrx_word' id='word_1_596' title='bbox 2476 4482 2728 4537; x_wconf 75' lang='lat' dir='ltr'><strong>homines</strong></span> <span class='ocrx_word' id='word_1_597' title='bbox 2753 4478 2874 4540; x_wconf 88' lang='lat' dir='ltr'><strong>Dei.</strong></span> <span class='ocrx_word' id='word_1_598' title='bbox 2908 4480 2994 4534; x_wconf 81' lang='lat' dir='ltr'><strong>vel</strong></span> <span class='ocrx_word' id='word_1_599' title='bbox 3023 4488 3283 4549; x_wconf 86' lang='lat' dir='ltr'><strong>tanquam</strong></span> <span class='ocrx_word' id='word_1_600' title='bbox 3308 4480 3353 4532; x_wconf 90' lang='lat' dir='ltr'><strong>si</strong></span> <span class='ocrx_word' id='word_1_601' title='bbox 3392 4488 3479 4532; x_wconf 84' lang='lat' dir='ltr'><strong>to-</strong></span> 
     </span>
    </p>
   </div>
   <div class='ocr_carea' id='block_1_88' title="bbox 1903 4564 3477 4641">
    <p class='ocr_par' dir='ltr' id='par_1_88' title="bbox 1903 4564 3477 4641">
     <span class='ocr_line' id='line_1_88' title="bbox 1903 4564 3477 4641; baseline -0.001 -15"><span class='ocrx_word' id='word_1_602' title='bbox 1903 4583 2012 4626; x_wconf 86' lang='lat' dir='ltr'><strong>tam</strong></span> <span class='ocrx_word' id='word_1_603' title='bbox 2050 4589 2109 4628; x_wconf 84' lang='lat' dir='ltr'><strong>se</strong></span> <span class='ocrx_word' id='word_1_604' title='bbox 2135 4574 2273 4627; x_wconf 85' lang='lat' dir='ltr'><strong>dans</strong></span> <span class='ocrx_word' id='word_1_605' title='bbox 2315 4572 2589 4626; x_wconf 85' lang='lat' dir='ltr'><strong>irruendis</strong></span> <span class='ocrx_word' id='word_1_606' title='bbox 2616 4569 2911 4634; x_wconf 68' lang='lat' dir='ltr'><strong>Chaldaeis,</strong></span> <span class='ocrx_word' id='word_1_607' title='bbox 2965 4572 3079 4626; x_wconf 83' lang='lat' dir='ltr'><strong>aeri</strong></span> <span class='ocrx_word' id='word_1_608' title='bbox 3139 4564 3477 4641; x_wconf 79' lang='lat' dir='ltr'><strong>permitteret</strong></span> 
     </span>
    </p>
   </div>
   <div class='ocr_carea' id='block_1_89' title="bbox 1903 4660 3473 4732">
    <p class='ocr_par' dir='ltr' id='par_1_89' title="bbox 1903 4660 3473 4732">
     <span class='ocr_line' id='line_1_89' title="bbox 1903 4660 3473 4732; baseline -0.001 -16"><span class='ocrx_word' id='word_1_609' title='bbox 1903 4663 2438 4732; x_wconf 75' lang='lat' dir='ltr'><strong>reb-igeraresettiles</strong></span> <span class='ocrx_word' id='word_1_610' title='bbox 2471 4663 2561 4718; x_wconf 86' lang='lat' dir='ltr'><strong>Dei</strong></span> <span class='ocrx_word' id='word_1_611' title='bbox 2600 4676 2828 4731; x_wconf 81' lang='lat' dir='ltr'><strong>pueros.</strong></span> <span class='ocrx_word' id='word_1_612' title='bbox 2853 4660 2971 4716; x_wconf 87' lang='lat' dir='ltr'><strong>Non</strong></span> <span class='ocrx_word' id='word_1_613' title='bbox 3000 4663 3145 4716; x_wconf 85' lang='lat' dir='ltr'><strong>enim</strong></span> <span class='ocrx_word' id='word_1_614' title='bbox 3179 4663 3473 4717; x_wconf 86' lang='lat' dir='ltr'><strong>tenendum</strong></span> 
     </span>
    </p>
   </div>
   <div class='ocr_carea' id='block_1_90' title="bbox 1902 4753 3475 4818">
    <p class='ocr_par' dir='ltr' id='par_1_90' title="bbox 1902 4753 3475 4818">
     <span class='ocr_line' id='line_1_90' title="bbox 1902 4753 3475 4818; baseline 0.001 -13"><span class='ocrx_word' id='word_1_615' title='bbox 1902 4765 1984 4808; x_wconf 78' lang='lat' dir='ltr'><strong>est</strong></span> <span class='ocrx_word' id='word_1_616' title='bbox 2010 4754 2334 4807; x_wconf 77' lang='lat' dir='ltr'><strong>ambientem</strong></span> <span class='ocrx_word' id='word_1_617' title='bbox 2367 4767 2468 4808; x_wconf 87' lang='lat' dir='ltr'><strong>nos</strong></span> <span class='ocrx_word' id='word_1_618' title='bbox 2493 4767 2619 4807; x_wconf 82' lang='lat' dir='ltr'><strong>aera</strong></span> <span class='ocrx_word' id='word_1_619' title='bbox 2649 4768 2770 4807; x_wconf 85' lang='lat' dir='ltr'><strong>esse</strong></span> <span class='ocrx_word' id='word_1_620' title='bbox 2797 4753 3022 4807; x_wconf 89' lang='lat' dir='ltr'><strong>omnino</strong></span> <span class='ocrx_word' id='word_1_621' title='bbox 3068 4753 3330 4818; x_wconf 85' lang='lat' dir='ltr'><strong>calidum,</strong></span> <span class='ocrx_word' id='word_1_622' title='bbox 3374 4767 3475 4808; x_wconf 80' lang='lat' dir='ltr'><strong>nec</strong></span> 
     </span>
    </p>
   </div>
   <div class='ocr_carea' id='block_1_91' title="bbox 1904 4844 3468 4914">
    <p class='ocr_par' dir='ltr' id='par_1_91' title="bbox 1904 4844 3468 4914">
     <span class='ocr_line' id='line_1_91' title="bbox 1904 4844 3468 4914; baseline -0.001 -14"><span class='ocrx_word' id='word_1_623' title='bbox 1904 4846 2127 4900; x_wconf 90' lang='lat' dir='ltr'><strong>itnmote</strong></span> <span class='ocrx_word' id='word_1_624' title='bbox 2156 4847 2409 4899; x_wconf 84' lang='lat' dir='ltr'><strong>standum</strong></span> <span class='ocrx_word' id='word_1_625' title='bbox 2432 4844 2558 4900; x_wconf 81' lang='lat' dir='ltr'><strong>huic</strong></span> <span class='ocrx_word' id='word_1_626' title='bbox 2589 4844 2858 4913; x_wconf 87' lang='lat' dir='ltr'><strong>opinioni,</strong></span> <span class='ocrx_word' id='word_1_627' title='bbox 2895 4845 2943 4898; x_wconf 87' lang='lat' dir='ltr'><strong>si</strong></span> <span class='ocrx_word' id='word_1_628' title='bbox 2985 4860 3093 4914; x_wconf 84' lang='lat' dir='ltr'><strong>qua</strong></span> <span class='ocrx_word' id='word_1_629' title='bbox 3150 4845 3468 4901; x_wconf 77' lang='lat' dir='ltr'><strong>attendatur</strong></span> 
     </span>
    </p>
   </div>
   <div class='ocr_carea' id='block_1_92' title="bbox 1906 4934 3473 5007">
    <p class='ocr_par' dir='ltr' id='par_1_92' title="bbox 1906 4934 3473 5007">
     <span class='ocr_line' id='line_1_92' title="bbox 1906 4934 3473 5007; baseline 0.001 -16"><span class='ocrx_word' id='word_1_630' title='bbox 1906 4937 1971 4991; x_wconf 84' lang='lat' dir='ltr'><strong>ad</strong></span> <span class='ocrx_word' id='word_1_631' title='bbox 1990 4947 2268 4991; x_wconf 87' lang='lat' dir='ltr'><strong>auctorem</strong></span> <span class='ocrx_word' id='word_1_632' title='bbox 2288 4936 2550 4991; x_wconf 88' lang='lat' dir='ltr'><strong>librorum</strong></span> <span class='ocrx_word' id='word_1_633' title='bbox 2576 4935 2654 4990; x_wconf 79' lang='lat' dir='ltr'><strong>De</strong></span> <span class='ocrx_word' id='word_1_634' title='bbox 2682 4934 3042 5003; x_wconf 68' lang='lat' dir='ltr'><strong>Providentia,</strong></span> <span class='ocrx_word' id='word_1_635' title='bbox 3058 4938 3232 4992; x_wconf 84' lang='lat' dir='ltr'><strong>virum</strong></span> <span class='ocrx_word' id='word_1_636' title='bbox 3254 4938 3473 5007; x_wconf 84' lang='lat' dir='ltr'><strong>sapien-</strong></span> 
     </span>
    </p>
   </div>
   <div class='ocr_carea' id='block_1_93' title="bbox 1906 5036 2395 5083">
    <p class='ocr_par' dir='ltr' id='par_1_93' title="bbox 1906 5036 2395 5083">
     <span class='ocr_line' id='line_1_93' title="bbox 1906 5036 2395 5083; baseline -0.004 0"><span class='ocrx_word' id='word_1_637' title='bbox 1906 5041 2013 5083; x_wconf 77' lang='lat' dir='ltr'><strong>lelll</strong></span> <span class='ocrx_word' id='word_1_638' title='bbox 2051 5037 2105 5083; x_wconf 90' lang='lat' dir='ltr'><strong>et</strong></span> <span class='ocrx_word' id='word_1_639' title='bbox 2126 5036 2395 5083; x_wconf 82' lang='lat' dir='ltr'><strong>sanctum.</strong></span> 
     </span>
    </p>
   </div>
   <div class='ocr_carea' id='block_1_94' title="bbox 1966 5199 3465 5266">
    <p class='ocr_par' dir='ltr' id='par_1_94' title="bbox 1966 5199 3465 5266">
     <span class='ocr_line' id='line_1_94' title="bbox 1966 5199 3465 5266; baseline -0.001 -12"><span class='ocrx_word' id='word_1_640' title='bbox 1966 5200 2022 5255; x_wconf 77' lang='lat'><strong>2.</strong></span> <span class='ocrx_word' id='word_1_641' title='bbox 2054 5199 2212 5266; x_wconf 84' lang='lat' dir='ltr'><strong>Quod</strong></span> <span class='ocrx_word' id='word_1_642' title='bbox 2240 5200 2286 5255; x_wconf 88' lang='lat' dir='ltr'><strong>si</strong></span> <span class='ocrx_word' id='word_1_643' title='bbox 2316 5199 2615 5255; x_wconf 87' lang='lat' dir='ltr'><strong>absurdum</strong></span> <span class='ocrx_word' id='word_1_644' title='bbox 2646 5199 2855 5257; x_wconf 87' lang='lat' dir='ltr'><strong>videtur</strong></span> <span class='ocrx_word' id='word_1_645' title='bbox 2883 5200 3057 5258; x_wconf 85' lang='lat' dir='ltr'><strong>eidem</strong></span> <span class='ocrx_word' id='word_1_646' title='bbox 3084 5203 3298 5258; x_wconf 84' lang='lat' dir='ltr'><strong>camino</strong></span> <span class='ocrx_word' id='word_1_647' title='bbox 3334 5200 3465 5255; x_wconf 85' lang='lat' dir='ltr'><strong>sub-</strong></span> 
     </span>
    </p>
   </div>
   <div class='ocr_carea' id='block_1_95' title="bbox 1899 5291 3466 5362">
    <p class='ocr_par' dir='ltr' id='par_1_95' title="bbox 1899 5291 3466 5362">
     <span class='ocr_line' id='line_1_95' title="bbox 1899 5291 3466 5362; baseline -0.004 -13"><span class='ocrx_word' id='word_1_648' title='bbox 1899 5292 2072 5349; x_wconf 78' lang='lat' dir='ltr'><strong>fuisse</strong></span> <span class='ocrx_word' id='word_1_649' title='bbox 2093 5294 2331 5348; x_wconf 87' lang='lat' dir='ltr'><strong>calorem</strong></span> <span class='ocrx_word' id='word_1_650' title='bbox 2361 5291 2524 5361; x_wconf 82' lang='lat' dir='ltr'><strong>simul</strong></span> <span class='ocrx_word' id='word_1_651' title='bbox 2556 5302 2610 5346; x_wconf 84' lang='lat' dir='ltr'><strong>et</strong></span> <span class='ocrx_word' id='word_1_652' title='bbox 2629 5292 2965 5362; x_wconf 77' lang='lat' dir='ltr'><strong>lrigns,quia</strong></span> <span class='ocrx_word' id='word_1_653' title='bbox 2980 5308 3087 5350; x_wconf 91' lang='lat' dir='ltr'><strong>non</strong></span> <span class='ocrx_word' id='word_1_654' title='bbox 3110 5295 3293 5349; x_wconf 88' lang='lat' dir='ltr'><strong>itidem</strong></span> <span class='ocrx_word' id='word_1_655' title='bbox 3306 5293 3466 5345; x_wconf 83' lang='lat' dir='ltr'><strong>ambo</strong></span> 
     </span>
    </p>
   </div>
   <div class='ocr_carea' id='block_1_96' title="bbox 1904 5379 3463 5451">
    <p class='ocr_par' dir='ltr' id='par_1_96' title="bbox 1904 5379 3463 5451">
     <span class='ocr_line' id='line_1_96' title="bbox 1904 5379 3463 5451; baseline -0.001 -15"><span class='ocrx_word' id='word_1_656' title='bbox 1904 5391 2095 5451; x_wconf 77' lang='lat' dir='ltr'><strong>agunt,</strong></span> <span class='ocrx_word' id='word_1_657' title='bbox 2129 5382 2222 5437; x_wconf 90' lang='lat' dir='ltr'><strong>sed</strong></span> <span class='ocrx_word' id='word_1_658' title='bbox 2242 5381 2388 5436; x_wconf 80' lang='lat' dir='ltr'><strong>calor</strong></span> <span class='ocrx_word' id='word_1_659' title='bbox 2406 5381 2634 5451; x_wconf 70' lang='lat' dir='ltr'><strong>ignitum</strong></span> <span class='ocrx_word' id='word_1_660' title='bbox 2653 5379 2862 5448; x_wconf 81' lang='lat' dir='ltr'><strong>dilatat,</strong></span> <span class='ocrx_word' id='word_1_661' title='bbox 2882 5381 3052 5451; x_wconf 75' lang='lat' dir='ltr'><strong>frigus</strong></span> <span class='ocrx_word' id='word_1_662' title='bbox 3066 5397 3194 5437; x_wconf 83' lang='lat' dir='ltr'><strong>vero</strong></span> <span class='ocrx_word' id='word_1_663' title='bbox 3217 5380 3463 5434; x_wconf 74' lang='lat' dir='ltr'><strong>eﬂ‘ectum</strong></span> 
     </span>
    </p>
   </div>
   <div class='ocr_carea' id='block_1_97' title="bbox 1899 5470 3461 5545">
    <p class='ocr_par' dir='ltr' id='par_1_97' title="bbox 1899 5470 3461 5545">
     <span class='ocr_line' id='line_1_97' title="bbox 1899 5470 3461 5545; baseline -0.002 -15"><span class='ocrx_word' id='word_1_664' title='bbox 1899 5474 2317 5545; x_wconf 87' lang='lat' dir='ltr'><strong>producitbaud</strong></span> <span class='ocrx_word' id='word_1_665' title='bbox 2339 5488 2546 5545; x_wconf 87' lang='lat' dir='ltr'><strong>parem.</strong></span> <span class='ocrx_word' id='word_1_666' title='bbox 2579 5475 2673 5528; x_wconf 86' lang='lat' dir='ltr'><strong>sed</strong></span> <span class='ocrx_word' id='word_1_667' title='bbox 2708 5474 3006 5528; x_wconf 82' lang='lat' dir='ltr'><strong>absimilem</strong></span> <span class='ocrx_word' id='word_1_668' title='bbox 3038 5470 3344 5526; x_wconf 88' lang='lat' dir='ltr'><strong>remissioni</strong></span> <span class='ocrx_word' id='word_1_669' title='bbox 3366 5487 3461 5527; x_wconf 71' lang='lat' dir='ltr'><strong>seu</strong></span> 
     </span>
    </p>
   </div>
   <div class='ocr_carea' id='block_1_98' title="bbox 1897 5562 3465 5636">
    <p class='ocr_par' dir='ltr' id='par_1_98' title="bbox 1897 5562 3465 5636">
     <span class='ocr_line' id='line_1_98' title="bbox 1897 5562 3465 5636; baseline -0.003 -15"><span class='ocrx_word' id='word_1_670' title='bbox 1897 5567 2242 5632; x_wconf 77' lang='lat' dir='ltr'><strong>relaxationi,</strong></span> <span class='ocrx_word' id='word_1_671' title='bbox 2299 5582 2394 5636; x_wconf 88' lang='lat' dir='ltr'><strong>per</strong></span> <span class='ocrx_word' id='word_1_672' title='bbox 2455 5581 2618 5635; x_wconf 86' lang='lat' dir='ltr'><strong>quam</strong></span> <span class='ocrx_word' id='word_1_673' title='bbox 2679 5564 2942 5618; x_wconf 85' lang='lat' dir='ltr'><strong>divinitus</strong></span> <span class='ocrx_word' id='word_1_674' title='bbox 2988 5564 3125 5631; x_wconf 77' lang='lat' dir='ltr'><strong>ignis</strong></span> <span class='ocrx_word' id='word_1_675' title='bbox 3172 5571 3228 5615; x_wconf 88' lang='lat' dir='ltr'><strong>ut</strong></span> <span class='ocrx_word' id='word_1_676' title='bbox 3264 5562 3465 5619; x_wconf 84' lang='lat' dir='ltr'><strong>absens</strong></span> 
     </span>
    </p>
   </div>
   <div class='ocr_carea' id='block_1_99' title="bbox 1897 5652 3463 5726">
    <p class='ocr_par' dir='ltr' id='par_1_99' title="bbox 1897 5652 3463 5726">
     <span class='ocr_line' id='line_1_99' title="bbox 1897 5652 3463 5726; baseline -0.004 -11"><span class='ocrx_word' id='word_1_677' title='bbox 1897 5660 2200 5716; x_wconf 85' lang='lat' dir='ltr'><strong>habebatur</strong></span> <span class='ocrx_word' id='word_1_678' title='bbox 2230 5677 2245 5726; x_wconf 89' lang='lat'><strong>;</strong></span> <span class='ocrx_word' id='word_1_679' title='bbox 2281 5658 2675 5714; x_wconf 87' lang='lat' dir='ltr'><strong>advertendum</strong></span> <span class='ocrx_word' id='word_1_680' title='bbox 2698 5655 2750 5709; x_wconf 93' lang='lat' dir='ltr'><strong>in</strong></span> <span class='ocrx_word' id='word_1_681' title='bbox 2783 5653 3060 5709; x_wconf 79' lang='lat' dir='ltr'><strong>sexcentis</strong></span> <span class='ocrx_word' id='word_1_682' title='bbox 3087 5652 3310 5717; x_wconf 79' lang='lat' dir='ltr'><strong>casibus</strong></span> <span class='ocrx_word' id='word_1_683' title='bbox 3332 5654 3463 5709; x_wconf 88' lang='lat' dir='ltr'><strong>item</strong></span> 
     </span>
    </p>
   </div>
  </div>
