3950 6208
441 344 593 411 291,
675 400 679 404 .

1148 343 1569 405 EUSTATHII
1605 344 2357 405 THESSALON'ICENSIS
2394 338 2958 402 METROPULITE

3595 341 3711 406 9.9%

447 461 671 530 reperiri
697 460 1003 517 contrarios
1031 459 1259 517 cﬂectus
1290 462 1358 516 ab
1377 477 1482 515 una
1503 477 1669 516 causa
1691 464 1852 518 modo
1872 463 2015 517 valde

2128 460 2337 529 γίζετο·
2380 437 2741 528 ἐνθυμητέον,
2786 457 2862 519 ὡς
2900 457 2960 509 ὲν
3016 456 3234 525 μυρίοις
3286 457 3538 511 τοιαῦταί
3562 476 3713 523 τινες

443 554 665 619 diverso
687 553 1062 622 procedentes.
1086 551 1152 605 Ει
1167 551 1363 606 multas
1390 552 1609 620 quidem
1630 551 1685 605 in
1709 553 2016 619 exemplum

445 645 717 700 adducere
756 644 1145 699 similitudines
1173 644 1331 698 facile
1345 653 1532 712 posset
1554 642 1782 711 impiger
1815 660 1826 705 ;
1854 657 2018 696 unam

447 751 593 790 nunc
627 734 944 789 memorabo
975 733 1150 789 doctis
1179 732 1568 795 clarissimam,
1600 746 1721 799 ηυδε
1746 730 1824 784 sic
1853 745 1911 783 se
1929 729 2022 781 ha-

449 830 554 880 bet.
602 825 817 881 Peritos
845 826 1176 894 gubernator
1200 824 1304 880 scit
1332 838 1522 878 navem
1559 824 1792 883 salvare,
1820 821 2024 890 pariter

444 928 498 970 et
526 918 753 985 perdere
783 933 799 972 :
834 918 1050 972 salvare
1080 916 1300 986 quidem
1330 931 1453 970 cum
1469 914 1646 978 adest,
1676 913 1903 982 perdere
1927 927 2022 964 ve-

448 1023 508 1062 ro
541 1008 584 1062 si
620 1009 783 1062 absit.
824 1008 1114 1063 Evidenter
1142 1016 1323 1061 autem
1347 1015 1403 1059 et
1435 1006 1598 1075 ignis,
1632 1020 1755 1057 cum
1790 1004 1898 1056 vim
1923 1017 2023 1055 na-

447 1100 676 1155 turalem
710 1116 975 1154 exercere
1003 1116 1109 1154 non
1138 1100 1510 1163 valeret,tune
1530 1114 1637 1150 non
1663 1096 1856 1151 adesse
1878 1095 2025 1148 vide-

448 1197 628 1247 batur.
667 1192 736 1247 Et
765 1193 837 1247 ita
870 1194 987 1248 sine
1025 1194 1101 1258 vi,
1128 1204 1185 1246 ut
1217 1201 1368 1261 puto,
1394 1191 1818 1245 conciliarentur
1840 1189 1895 1242 in
1935 1187 2025 1241 il‘o

446 1285 664 1337 camino
694 1286 817 1339 dum
844 1286 984 1339 vires
1014 1285 1243 1340 diversae
1276 1291 1511 1345 naturae,
1534 1295 1731 1348 nempe
1762 1280 1844 1334 vis
1866 1279 2020 1348 juxta

448 1386 696 1428 naturam
725 1377 937 1439 urendi,
971 1386 1204 1443 etsupra
1221 1385 1467 1427 naturam
1492 1372 1870 1439 refrigerandi,
1897 1387 2020 1425 cum

447 1469 634 1535 praesit
663 1470 928 1522 :nnhahus
955 1481 1061 1521 una
1086 1481 1274 1528 causa,
1305 1465 1514 1520 scilicet
1535 1465 1716 1518 divina
1748 1451 2021 1526 voluntas,

446 1572 565 1620 seu,
599 1560 833 1613 utaliter
861 1560 1061 1623 dicant,
1096 1560 1209 1627 ipse
1240 1565 1400 1620 Deus,
1435 1557 1526 1626 qui
1564 1555 1732 1611 simul
1767 1564 1826 1610 ut
1878 1553 2022 1624 ignis

445 1649 823 1705 immaterialis
854 1661 1022 1721 utque
1066 1652 1240 1705 imber
1269 1649 1509 1704 cmlestis
1532 1649 1783 1701 habetur.
1835 1647 1901 1701 Et
1938 1650 2022 1701 sic

443 1744 737 1811 exponitur
760 1743 999 1798 secunda
1021 1741 1243 1797 solutio.

2122 551 2387 620 εὕρηνται
2421 548 2698 601 ἀντίθετοι
2728 547 3006 616 ἐνέργειαι
3027 586 3043 612 ,
3076 546 3367 617 προϊοῦσαι
3418 550 3565 604 κατὰ
3591 552 3711 605 ἑτε-

2126 644 2406 713 ροιοτάτου
2431 641 2609 694 αίτίου
2649 641 2788 704 ἑνός.
2827 640 2938 693 Καὶ
2979 640 3314 694 καθελκύσαι
3382 640 3483 710 μὲν
3532 660 3711 711 παρα-

2121 734 2436 802 δειγμάτων
2468 732 2672 796 πολλὰς
2718 732 3069 803 ὁμοιότητας,
3096 733 3199 785 οὐκ
3241 732 3391 785 ἔστιν
3428 734 3711 805 ἀπορῆσαι

2122 827 2213 879 τὸν
2242 827 2317 895 μὴ
2353 824 2642 879 ὀκνοῦντα·
2678 825 2951 897 μνηστέον
2999 826 3057 879 δὲ
3108 826 3245 893 πρὸς
3278 827 3340 879 τὸ
3384 827 3561 897 παρὸν
3592 829 3712 890 ἑνὸς

2121 915 2401 987 ἁριδήλου,
2436 919 2550 980 τοῖς
2602 932 2665 984 γε
2716 916 3067 985 μεμαθηκόσι
3127 915 3476 986 διακειμένου
3509 916 3710 979 οὕτως.

2134 1008 2193 1061 '0
2227 1012 2325 1077 τὴν
2358 1009 2766 1079 κυϐερνητικὴν
2801 1009 3025 1079 ἄριστος
3053 1003 3162 1061 οἶδε
3197 1008 3392 1073 σώζειν
3421 1010 3521 1079 τὴν
3550 1010 3710 1070 ναῦν,

2123 1098 2153 1151 δ
2185 1097 2231 1151 δ’
2255 1100 2419 1161 αὐτὸς
2446 1101 2542 1151 καὶ
2572 1099 2869 1152 ἀπόλλυσιν
2892 1116 2907 1131 -
2942 1100 3123 1152 ἐκεῖνο
3153 1099 3253 1169 μὲν
3299 1100 3444 1153 κατὰ
3490 1101 3710 1170 πρῶτον

2122 1190 2283 1258 λόγον
2313 1192 2373 1244 ὲν
2404 1189 2482 1257 τῷ
2518 1193 2799 1261 παρεῖναι,
2824 1190 2986 1244 τοῦτο
3011 1191 3067 1243 δὲ
3099 1191 3296 1257 ἄλλως,
3322 1192 3414 1245 ὅτε
3449 1193 3526 1261 μὴ
3559 1192 3711 1263 πάρα

2126 1299 2267 1335 εστι.
2300 1282 2471 1350 Δῆλον
2501 1282 2599 1353 δὴ,
2636 1283 2721 1335 ὅτι
2753 1284 2846 1336 καὶ
2884 1283 2946 1337 τὸ
2977 1282 3112 1354 πῦρ,
3157 1284 3230 1352 μὴ
3271 1285 3338 1337 τὰ
3366 1284 3509 1337 κατὰ
3543 1284 3711 1352 φύσιν

2123 1373 2351 1440 δυνηθὲν
2386 1373 2705 1442 ἐνεργῆσαι.
2737 1373 2861 1426 τότε
2899 1372 3033 1441 μηδὲ
3064 1375 3323 1443 παρεῖναι
3350 1374 3528 1426 ἐδόκει
3549 1412 3563 1427 .
3599 1374 3712 1427 Καὶ

2125 1461 2303 1525 οὕτως
2335 1463 2401 1515 ἂν
2437 1462 2832 1531 συμϐιὸάζοιτο
2857 1464 3146 1525 ἁῆιάστως
3192 1460 3347 1534 οἶμαι
3381 1467 3442 1517 τὸ
3470 1465 3574 1536 τὴν
3610 1463 3711 1518 κά-

2129 1571 2289 1621 μινον
2322 1555 2543 1625 ἐκείνην
2579 1556 2889 1625 ἐνεργείαις
2919 1555 3261 1625 ἁξυμσάτοις
3292 1558 3362 1610 τά
3408 1574 3470 1625 γε
3503 1560 3584 1620 είς
3608 1558 3712 1627 φύ-

2126 1663 2214 1700 σιν
2251 1647 2577 1717 μερισθῆναι
2608 1646 2752 1711 δυσὶ,
2797 1650 2862 1716 τῇ
2918 1662 2978 1700 τε
3027 1646 3123 1700 τοῦ
3172 1648 3379 1713 καῦσαι
3430 1650 3574 1702 κατά
3604 1650 3710 1718 φύ-

2129 1756 2237 1800 σιν,
2275 1740 2370 1791 καὶ
2398 1740 2465 1808 τῇ
2520 1738 2614 1792 τοῦ
2661 1740 2803 1808 ὑπὲρ
2857 1739 3019 1807 φύσιν
3050 1740 3322 1811 δροσίσαι,
3372 1743 3711 1812 ἀμφοτέροις

447 1834 567 1895 ἑνὸς
593 1833 1014 1894 ἐπιστατοῦντος
1038 1833 1237 1898 αίτίου,
1265 1830 1360 1883 τοῦ
1397 1831 1540 1916 θείου
1573 1831 2016 1900 προστάγματος,
2059 1832 2235 1883 εἰπεῖν
2269 1832 2327 1885 δὲ
2359 1836 2454 1886 καὶ
2490 1833 2713 1903 ἑτέρως,
2749 1832 2908 1899 Θεοῦ,
2940 1832 3024 1900 ὃς,
3091 1836 3140 1888 εί
3189 1837 3282 1888 καὶ
3338 1836 3448 1907 πῦρ
3520 1838 3709 1901 ἇῦὶ.ον,

446 1925 586 1979 ἀλλὰ
614 1925 706 1977 καὶ
746 1925 899 1988 ὐετος
930 1925 1180 1994 οὐράνιος
1212 1923 1576 1994 τεθεώρηται.
1629 1926 1739 1979 Καὶ
1785 1917 1887 1977 ὦδε
1922 1924 2021 1995 μὲν
2059 1926 2392 1980 καθέσταται
2422 1927 2518 1979 καὶ
2541 1926 2610 1980 τὰ
2637 1928 2736 1998 τῆς
2758 1929 3020 1998 δευτέρας
3050 1929 3277 1991 λύσεως.

515 2020 570 2075 5.
615 2022 744 2076 Erat.
774 2023 939 2075 etiam
975 2021 1128 2073 tertia
1163 2022 1297 2083 hate,
1332 2034 1648 2091 Supponens
1690 2034 1743 2075 et
1776 2023 1889 2089 ipsa
1927 2036 2015 2074 ne-

2203 2029 2273 2091 γ’.
2318 2016 2427 2076 Ἦν
2467 2025 2560 2078 ναὶ
2593 2026 2753 2095 τρίτη
2788 2025 2949 2096 αῦτη,
2986 2025 3188 2097 ἔχουσα
3226 2029 3319 2081 καὶ
3359 2028 3499 2098 αὐτὴ
3536 2047 3712 2100 προσ-

448 2113 692 2169 eessariu
728 2112 1088 2182 providentiae
1137 2109 1254 2165 Dei,
1283 2112 1700 2165 ordinationem.
1737 2109 1851 2164 lloc
1904 2112 2024 2165 ideo

447 2206 900 2279 praenoscendum
928 2216 1048 2260 est:
1077 2203 1256 2260 omnis
1289 2205 1543 2259 videlicet
1585 2214 1737 2259 actus
1768 2204 2026 2258 determi-

448 2311 613 2354 natus
642 2315 739 2370 per
767 2298 1192 2362 ordinationem,
1231 2297 1372 2351 sicut
1412 2308 1464 2350 et
1489 2312 1586 2367 per
1627 2297 1890 2349 rationem
1920 2295 2024 2348 int-

453 2392 615 2463 perii,
646 2406 755 2444 non
787 2386 1109 2443 tribuendus
1139 2397 1222 2442 est
1251 2387 1455 2456 agenti,
1488 2387 1580 2442 Sed
1613 2386 1913 2449 ordinanti,
1945 2385 2025 2438 si-

450 2500 515 2540 ve
543 2499 633 2538 rex
664 2483 767 2537 iste
794 2485 886 2548 sit,
917 2482 1032 2535 sive
1072 2481 1342 2542 dominus.
1372 2484 1485 2534 sive
1517 2480 1623 2533 alio
1644 2479 1837 2549 quovis
1864 2481 2024 2533 modo

450 2591 676 2645 prasses.
735 2573 848 2629 Hoc
897 2574 1209 2643 praeposito,
1240 2572 1627 2625 attendendum
1666 2571 1826 2625 etiam
1859 2580 1944 2624 est
1992 2582 2023 2622 a

450 2666 561 2719 Deo
587 2664 900 2728 ordinante,
937 2678 1032 2717 seu
1065 2663 1413 2716 ordinatione
1445 2662 1627 2715 divina
1652 2675 1877 2730 magnos
1901 2674 2025 2728 pro-

448 2760 573 2814 duci
597 2758 846 2813 effectus.
879 2758 1198 2813 Addendum
1246 2774 1468 2827 quoque
1503 2760 1570 2811 ab
1599 2774 1662 2811 eo
1693 2757 1807 2811 ﬁeri
1859 2757 2022 2809 mira-

451 2852 579 2905 bilia
605 2861 660 2907 et
704 2852 1171 2921 supernaturalia,
1202 2862 1250 2904 et
1287 2867 1409 2920 quae
1465 2852 1644 2904 nullus
1690 2851 1855 2903 homo
1886 2848 2022 2901 valet

449 2944 736 3014 attingere,
773 2960 884 2999 uno
908 2946 1102 3006 verbo,
1123 2958 1357 3013 quorum
1384 2957 1582 2997 causas
1605 2944 1842 2994 humana
1867 2957 2021 2993 mens

448 3050 518 3090 ne
533 3036 766 3089 strictim
794 3035 1012 3093 quidem
1035 3034 1276 3088 delibare
1295 3044 1490 3101 potest.
1514 3034 1834 3100 Quanquam
1856 3033 2022 3101 igitur

450 3124 560 3191 igni
592 3124 869 3178 naturales
893 3124 1140 3192 quzedam
1171 3123 1357 3176 insunt
1383 3125 1526 3175 vires
1547 3140 1574 3172 ει
1607 3123 1778 3189 prima
1804 3123 2020 3190 origine

448 3215 640 3270 mundi
688 3224 1025 3273 constantes.
1085 3215 1167 3267 ha:
1200 3224 1377 3267 tamen
1414 3214 1555 3266 haud
1609 3214 1682 3265 ita
1726 3213 1928 3281 pollent
1963 3222 2022 3266 ut

449 3321 559 3360 non
589 3305 766 3376 possit
799 3314 1014 3359 creator
1059 3303 1203 3359 Deus
1230 3303 1461 3357 alterare
1483 3317 1548 3357 ac
1569 3313 1876 3371 permutare
1896 3317 2018 3356 om~

451 3397 731 3452 nimodatn
764 3396 902 3465 ignis
931 3395 1317 3465 proprietatem
1349 3408 1403 3450 et
1441 3396 1721 3461 virtutem,
1753 3410 1822 3448 ne
1854 3394 2017 3464 glori-

448 3499 612 3543 entur
632 3486 812 3541 Persa:
845 3488 984 3556 ignis
1010 3487 1249 3541 cultores
1276 3486 1419 3556 quod
1446 3486 1517 3540 sit
1545 3484 1893 3554 omnipotens
1917 3500 2017 3539 nec

450 3579 561 3634 Deo
607 3580 879 3634 subditus.
924 3577 1108 3646 Itaque
1158 3577 1249 3631 Dei
1303 3577 1573 3630 ordinatio
1645 3575 1915 3630 convertit
1963 3585 2017 3630 et

375 3738 386 3746 ε
445 3669 747 3737 exstinguit
767 3666 915 3722 vires
936 3666 1005 3720 ab
1026 3666 1143 3735 ipsa
1170 3674 1364 3719 natura
1389 3665 1673 3730 excitatas,
1700 3664 1847 3718 addit
1865 3677 2016 3725 vero,

445 3761 665 3830 quando
681 3759 816 3823 vult,
837 3758 973 3814 alias
993 3755 1500 3828 supernaturaleset
1516 3756 1873 3826 prodigiosas.
1897 3757 2015 3811 lln-

447 3855 513 3908 de
541 3852 837 3923 aliquando
857 3852 951 3905 alit
976 3849 1120 3920 ignis
1144 3850 1217 3904 ita
1241 3864 1492 3905 corrosor
1510 3857 1564 3904 et
1583 3850 1828 3903 omnium
1852 3848 2012 3913 edax,

444 3956 501 4003 et
529 3946 789 4013 vivitlcat,
836 3944 948 4001 Deo
975 3944 1316 4014 imperante:
1353 3952 1414 3999 ut
1445 3942 1785 3998 auimalcula'
1806 3951 2017 3997 testan-

445 4045 535 4091 tur
568 4036 774 4091 nutrita
811 4036 864 4089 in
887 4050 1027 4105 aqua
1060 4034 1325 4099 fervente,
1357 4048 1519 4102 quam
1555 4047 1752 4087 manus
1791 4041 2014 4101 tangere

446 4125 657 4194 nequit.
692 4123 838 4178 Idem
869 4123 979 4175 vim
1017 4121 1211 4175 urendi
1242 4124 1460 4189 penitus
1489 4129 1740 4190 evacuat,
1776 4122 1886 4176 Deo
1901 4131 2016 4177 sta-

448 4223 653 4276 tuente,
707 4223 768 4265 ut
795 4212 1053 4287 invlrtqm
1087 4211 1332 4278 praebent
1355 4224 1733 4280 argumentum
1776 4214 1865 4267 illa
1892 4229 2013 4282 per-

443 4302 616 4354 multa
646 4307 943 4367 martyrum
970 4298 1162 4362 millia,
1189 4298 1285 4366 qui
1327 4299 1506 4368 ignem
1525 4303 1856 4368 superabant
1903 4321 2009 4358 non

444 4389 708 4444 materiali
737 4404 1029 4456 corporum
1064 4389 1328 4458 tegmine,
1366 4391 1459 4444 sed
1491 4394 1851 4447 conversione
1882 4411 2012 4465 pru-

443 4497 525 4535 me
556 4481 799 4535 ardentis
827 4484 878 4533 in
902 4492 1083 4535 rorem
1106 4478 1539 4551 refrigerantem,
1576 4490 1737 4550 atque
1763 4499 1885 4539 cum
1912 4488 2014 4540 hu-

434 4571 529 4643 jus
556 4572 803 4628 miraculi
831 4571 1257 4642 praecentoribus
1285 4573 1492 4628 sanctis
1531 4574 1718 4643 pueris
1748 4579 2006 4632 concine-

440 4666 567 4719 bant
599 4666 887 4721 victoriam
915 4666 983 4720 de
1011 4665 1154 4735 igne,
1185 4665 1633 4735 triumphumque
1664 4669 1732 4721 de
1757 4684 1822 4722 eo
1855 4669 2003 4737 jubi-

2119 4680 2224 4733 Ξσοι
2253 4684 2475 4748 ἐκεῖνοι.
2495 4693 2941 4759 καταπατοῦντες

439 4758 640 4813 Inliaut.

435 4851 624 4919 δρόσον
653 4848 1183 4919 ἀναψύχουσαν,καῑ
1225 4849 1343 4912 τοῖς
1392 4846 1491 4901 τοῦ
1537 4848 1819 4919 θαύματος
1884 4852 2040 4908 τοῦδε
2081 4846 2534 4934 προκατάρξασιν
2579 4846 2774 4944 διεροῖς

2126 2115 2539 2184 υπακουόμενον
2568 2117 2886 2184 ἀναγκαίως
2907 2117 2969 2171 τὸ
2998 2113 3092 2171 τοῦ
3128 2118 3392 2187 βασιλέως
3416 2120 3555 2174 Θεοῦ
3586 2124 3711 2174 ἑπε-

2124 2221 2337 2274 ταγμασ
2387 2206 2470 2261 διδ
2496 2208 2595 2261 καὶ⁵
2625 2209 2992 2280 προληπτέον,
3020 2211 3102 2264 ὅτι
3142 2213 3291 2265 πᾶσα
3317 2212 3575 2284 ινέργεια
3610 2233 3711 2268 πε-

2127 2298 2438 2368 ρατουμένη
2472 2298 2563 2354 διὰ
2620 2301 2995 2372 προστάξεως,
3033 2305 3132 2357 ὅσα
3162 2307 3252 2359 καί
3280 2322 3427 2369 τινος
3478 2310 3712 2380 ἐπιστη-

2127 2390 2461 2460 μοναρχικοῦ
2481 2390 2667 2460 λόγου,
2694 2393 2756 2446 οὐ
2780 2394 2855 2464 τῷ
2882 2394 3102 2464 δρῶντι,
3132 2398 3269 2450 ἀλλὰ
3286 2397 3364 2468 τῷ
3382 2400 3707 2466 ἑπιτὰξαντι

2126 2480 2341 2547 βασιλεῖ
2376 2483 2562 2552 τυχὸν,
2613 2484 2645 2554 ἢ
2705 2485 3085 2559 οίκοδεσπότῃ.
3133 2488 3166 2557 ἢ
3218 2490 3396 2556 ἄλλως
3451 2494 3705 2548 ὁπωσοῦν

2125 2573 2434 2643 προέχοντι.
2467 2574 2673 2629 Τούτου
2700 2579 3145 2651 προειλημμένου
3175 2586 3333 2653 ἡμῖν,
3365 2586 3704 2656 ἐνθυμητέον

2123 2664 2240 2727 καί,
2273 2666 2355 2717 ὅτι
2385 2665 2516 2729 Θεὸς
2542 2668 2851 2724 ἐπιτάττων
2875 2709 2892 2734 .
2937 2672 3034 2725 καὶ
3082 2673 3227 2727 θεῖον
3258 2677 3614 2747 πρόσταγμα,
3645 2682 3706 2734 τὸ

2126 2754 2185 2821 ἒξ
2221 2755 2414 2821 αὐτοῦ,
2448 2758 2831 2827 μεγαλοποιεϊ.
2886 2762 3110 2827 Τούτοις
3146 2768 3438 2834 ἐπακτέον,
3491 2769 3573 2822 ὅτι
3609 2773 3707 2823 καὶ

2122 2846 2390 2914 τεράστια
2421 2851 2629 2912 ἐκεῖνος
2677 2854 2845 2917 ποιεῖ,
2876 2855 2972 2907 καὶ
3026 2858 3170 2925 πέρα
3223 2859 3461 2929 φύσεως,
3507 2862 3605 2914 καὶ
3638 2863 3704 2915 οὐ

2122 2940 2243 2993 κατ’
2274 2940 2564 3010 ἄνθρωπον
2591 2945 2809 3012 οὐδένα,
2834 2950 2926 3002 καὶ
2949 2949 3088 3014 ὅλως
3110 2954 3300 3020 φάναι,
3320 2948 3398 3008 ὧν
3421 2956 3523 3009 οὐκ
3552 2956 3706 3010 εστιν

2122 3033 2245 3085 οὐδὲ
2276 3034 2594 3104 ἀκροθιγῶς
2619 3037 2829 3106 ψαῦσαι
2873 3041 3230 3116 ἀνθρωπικὴν
3269 3046 3510 3101 διάνοιαν
3535 3049 3606 3102 τά
3632 3067 3702 3119 γε

2123 3124 2204 3187 εἰς
2235 3125 2591 3195 αίτιολογίαν.
2620 3127 2832 3184 Οὐκοῦν
2863 3133 2913 3185 ει
2959 3133 3052 3185 καὶ
3103 3135 3182 3204 τῷ
3230 3137 3367 3207 πυρὶ
3420 3140 3703 3210 ἐνέργειαι

2121 3232 2269 3279 τινες
2319 3218 2558 3273 δίδονται
2613 3224 2849 3291 φυσικαὶ
2904 3226 3209 3294 ἀνέκαθεν,
3269 3231 3334 3284 ἑκ
3389 3235 3703 3304 καταϐολῆς

2124 3308 2334 3378 κόσμου
2383 3313 2954 3387 συμπαραμένουσαι,
2992 3317 3110 3371 ἀλλ’
3164 3320 3265 3373 οὐκ
3294 3322 3446 3378 ἔστιν
3503 3325 3702 3391 αὐταῖς

2118 3403 2393 3473 αὐχῆσαι,
2429 3407 2512 3459 ὅτι
2553 3408 2655 3461 οὐκ
2686 3408 2807 3462 εστι
2853 3410 2933 3482 τῷ
2982 3415 3273 3484 ποιήσαντι
3305 3417 3427 3487 Θεῷ
3467 3419 3704 3492 δύναμις

2115 3495 2409 3551 ἀλλοιῶσαι
2444 3500 2540 3552 καὶ
2591 3503 3007 3569 μετασκευάσαι
3047 3506 3148 3575 τὴν
3180 3511 3239 3562 ὲν
3276 3511 3354 3580 τῷ
3385 3513 3520 3580 πυρὶ
3555 3531 3701 3567 παν-

2113 3586 2267 3639 τοίαν
2292 3588 2525 3659 δύναμιν
2559 3594 2654 3646 καὶ
2678 3595 2965 3666 ἐνέργειαν
2990 3614 3005 3630 ο
3059 3600 3147 3653 ἵνα
3174 3602 3249 3673 μὴ
3278 3605 3703 3671 ἀλαζονεύοιντσ

2116 3677 2328 3775 Ρέρσαι
2362 3682 2503 3775 πυρὶ
2533 3683 2893 3755 λατρεύοντες
2951 3688 3029 3753 ὡς
3076 3692 3451 3767 πολυδυνάμῳ,
3491 3699 3591 3751 καὶ
3619 3702 3699 3775 μὴ

2115 3767 2182 3822 ἂν
2211 3772 2818 3846 καταδυναστευομένου
2841 3780 2947 3833 ὐπὸ
2976 3784 3069 3836 τοῦ
3089 3784 3245 3839 Θεοῦ.
3266 3787 3358 3841 Διὸ
3380 3767 3700 3850 ἐπιτάσσων

2113 3860 2142 3912 ὁ
2168 3859 2302 3923 Θεὸς
2332 3862 2666 3931 μετασάλλει
2689 3871 2786 3922 καὶ
2815 3870 3067 3929 σϐέννυσι
3093 3876 3195 3945 μὲν
3210 3879 3308 3941 τὰς
3330 3879 3488 3946 φύσει
3514 3884 3703 3951 ἐμπυ-

2119 3955 2424 4020 ρευομένας
2455 3958 2595 4029 αὐτῇ
2639 3962 2922 4034 δυνάμεις,
2958 3968 3205 4040 ἐντίθησι
3237 3974 3313 4041 δὲ,
3358 3974 3447 4027 ὅτε
3477 3975 3546 4030 ἂν
3577 3979 3702 4032 ἐθε-

2112 4041 2278 4144 λήσῃ,
2326 4047 2423 4098 καὶ
2467 4048 2690 4144 αλλοίας
2737 4057 3060 4124 τεραστίους
3113 4060 3448 4135 ὑπερφυῶς.
3482 4066 3700 4140 Τρέφει

2112 4139 2247 4228 γοῦν
2272 4150 2406 4228 ποτε
2459 4139 2523 4192 τὸ
2551 4139 2694 4195 οὕτω
2729 4144 3057 4217 φθοροποιὸν
3098 4153 3210 4224 πῦρ
3243 4155 3336 4208 καὶ
3370 4139 3698 4228 παμφάγον,

2112 4224 2209 4277 xui.
2273 4226 2554 4296 ζωογονεῐ.
2600 4233 2736 4287 Θεοῦ
2772 4239 3091 4305 κελεύοντος
3125 4259 3141 4275 ’
3206 4247 3300 4299 καὶ
3346 4224 3697 4322 μαρτυροῦσι

2113 4317 2385 4410 σκυλάκια
2424 4320 2576 4376 ῦδατι
2607 4326 2795 4398 θερμῷ
2818 4331 3212 4404 ἐντρεφόμενα,
3246 4317 3552 4410 οὗπερούκ
3574 4346 3698 4401 ἔστι

2111 4406 2307 4506 ψαύειν
2540 4416 2616 4468 Τὸ
2665 4418 2710 4469 δ’
2738 4422 2871 4474 αὐτὸ
2902 4425 2997 4476 καὶ
3029 4425 3128 4494 τὴν
3158 4427 3353 4484 καῦσιν
3390 4406 3696 4506 καταργεῖ,

2111 4498 2169 4598 ἐς
2198 4500 2258 4552 τὸ
2279 4504 2408 4598 Δλιτᾶν
2442 4505 2581 4598 Θεοῦ
2630 4509 2970 4576 κελεύοντος·
3007 4520 3102 4570 καὶ
3142 4522 3441 4591 χορηγοῦσι

2115 4588 2235 4689 ρίας
2257 4593 2746 4689 Δἀτταρςιιγράτιττους
2789 4606 2838 4657 οἱ
2873 4605 2967 4658 τοῦ
3002 4588 3149 4662 Θεοῦ
3186 4588 3699 4689 μάρτυρες-μῦμα

2966 4697 3028 4750 τὸ
3050 4698 3159 4771 πῦρ
3180 4703 3277 4771 οὐχ
3304 4704 3463 4777 ὐλικῇ
3497 4724 3591 4760 στε
3604 4730 3703 4777 γα.

2108 4772 2267 4828 νὼσει
2302 4782 2591 4868 σωμάτων,
2628 4786 2766 4840 ἀλλὰ
2797 4791 3069 4864 μεταϐολῇ
3103 4797 3274 4867 πυρὸς
3307 4772 3565 4865 καίοῦτος
3608 4772 3696 4868 εἰς

2848 4879 2989 4941 νέοις
3044 4885 3553 4956 συναναμέλποντες
3595 4894 3701 4963 τὴν

437 4942 578 4995 κατὰ
605 4941 699 4995 τοῦ
737 4945 908 5013 πυρὸς
957 4944 1140 5014 νίκην,
1172 4942 1271 4996 καὶ
1319 4943 1645 5013 χαρμόσυνα
1688 4946 1809 4998 κατ’
1844 4947 2010 5000 αὐτοῦ
2048 4957 2451 5024 παιανίζοντες.

509 5036 562 5090 ιι.
592 5032 876 5088 Fatebitur
918 5050 1049 5106 ergo
1076 5035 1306 5106 quilibet
1332 5038 1416 5091 vir
1447 5037 1665 5107 sapiens
1695 5039 1875 5108 ignem
1918 5056 2009 5097 ro-

436 5129 651 5183 rilluum
690 5124 807 5179 ﬁeri
841 5125 922 5180 eis
956 5142 1078 5196 quae
1114 5126 1364 5192 involvit,
1397 5144 1522 5183 cum
1551 5129 1733 5184 divina
1768 5132 1883 5186 vult
1912 5149 2005 5186 or-

431 5218 669 5275 dinatio:
701 5214 974 5286 siquidem
1004 5217 1166 5273 rebus
1209 5217 1361 5286 puris
1383 5220 1674 5290 omnisque
1700 5223 1880 5277 sordis
1904 5238 2004 5278 ex-

430 5313 668 5379 pertibus
689 5307 906 5363 vincere
928 5306 1106 5376 ignem
1125 5308 1542 5363 convenientius
1560 5308 1819 5379 competit
1834 5327 1997 5381 qnam

427 5386 685 5469 amianto,
708 5415 892 5470 quem,
934 5397 1088 5468 juxta
1141 5397 1425 5453 historiam
1475 5403 1807 5458 naturalem.
1859 5405 1997 5472 ignis

426 5506 687 5559 superare
717 5506 826 5548 non
858 5490 1021 5552 valet,
1073 5499 1133 5543 ut
1166 5489 1324 5544 docet
1374 5492 1732 5560 experientia.
1776 5492 1998 5551 Minime

427 5593 556 5634 vero
578 5584 856 5656 singulare
885 5582 952 5639 de
996 5580 1235 5645 ﬂamma,
1272 5582 1426 5651 juxta
1480 5598 1696 5639 sacrum
1731 5583 1992 5653 Psaltent,

428 5681 601 5723 rorem
631 5684 841 5732 scatere
867 5675 1091 5739 sanctis,
1117 5688 1240 5729 cum
1286 5674 1506 5729 aliunde
1542 5676 1676 5745 justi
1736 5678 1995 5736 holocau-

424 5768 591 5823 stum,
609 5776 745 5822 auua
765 5768 1148 5823 succendatur.
1165 5764 1360 5822 Nonne
1375 5767 1603 5823 omnino
1620 5772 1873 5840 congruit
1891 5776 1983 5842 qui

2187 5048 2251 5149 δ’.
2281 5054 2455 5149 Atium.
2474 5058 2662 5149 τοίνυν
2709 5059 2857 5126 ἄπας
2887 5064 3175 5137 ἐλλόγιμος
3224 5070 3534 5141 ἄνθρωπος.
3567 5078 3707 5149 δρο-

2112 5142 2662 5239 σῶδεςᾼάπεκσαίνειν
2693 5152 2805 5223 πῦρ
2829 5154 2923 5206 ἐπί
2960 5172 3024 5223 γε
3061 5160 3177 5222 τοῖς
3211 5142 3708 5239 ἐμπεριειλημμέ-

2108 5250 2220 5334 νοις
2243 5234 2411 5334 αὐτῷ,
2445 5239 2610 5334 ἡνίκα
2640 5242 2783 5334 θείον
2810 5244 3064 5314 βούλεται
3095 5250 3456 5324 πρόσταγμ’
3492 5234 3701 5334 ἐπειδὴ

2106 5324 2202 5378 καὶ
2232 5327 2432 5395 πρέπει
2473 5331 2588 5395 τοῖς
2623 5332 2888 5403 καθαροῖς
2918 5336 3014 5388 καὶ
3057 5334 3167 5402 ἔξω
3199 5344 3399 5407 παντὸς
3435 5324 3703 5418 μιάσμαί

2104 5428 2215 5513 τος,
2262 5421 2692 5513 κατευμεγεθεῖν
2735 5425 2831 5477 τοῦ
2877 5428 3052 5513 πυρὸς
3104 5430 3500 5506 εὐλογώτερον,
3539 5441 3703 5513 ἢπερ

2100 5502 2163 5599 eo
2194 5505 2315 5599 καθ’
2353 5507 2600 5579 ἱστορίαν
2621 5512 2907 5582 ἀμίαντον,
2940 5511 3003 5571 οὐ
3028 5518 3141 5591 πῦρ
3171 5520 3273 5577 οὐκ
3317 5502 3431 5595 ἔχει
3458 5502 3708 5599 «spira;

2101 5593 2325 5662 νέσθαι,
2374 5599 2513 5671 ῶςή
2563 5607 2728 5675 πείρα
2784 5609 3080 5677 μανθάνειν
3132 5593 3706 5680 δίδωσιξήΚαιῦδννδὲ

2105 5684 2259 5777 οὐδὲν
2287 5687 2531 5756 πάντως,
2558 5693 2623 5746 ὲκ
2672 5696 2871 5766 φλογὸς
2900 5701 3041 5755 κατὰ
3069 5702 3162 5756 τὸν
3217 5705 3379 5775 ίερῶς
3410 5708 3706 5777 ψάλλοντα
3760 5744 3773 5761 ι

2095 5774 2287 5844 δρόσον
2312 5780 2421 5842 τοῖς
2444 5782 2614 5849 ὁσίοις
2643 5789 3020 5855 πηγάζεσθαι,
3048 5793 3103 5846 εῐ
3129 5810 3193 5847 γε
3220 5774 3315 5848 καὶ
3348 5774 3564 5853 δικαίου
3595 5805 3705 5859 ϐυ-
