3950 6208
211 298 366 363 293⁸
1153 304 1250 362 DE
1304 302 1407 362 SS.
1451 300 1801 367 AN.\N|A,.

1911 299 2073 358 lRlA
2120 302 2212 361 ET
2253 302 2609 363 MISAELE.
3384 307 3492 371 294

213 421 318 472 σία
354 419 508 472 ῦδατι
563 419 737 479 ἄλλως
793 417 1070 487 φλέγεται.
1111 411 1186 470 ’ίί
1233 417 1342 485 γὰρ
1386 418 1507 487 οὐχ).
1555 415 1801 485 ἀκριϐῶς

1911 413 2032 480 igne
2061 415 2370 484 refrigerat,
2407 418 2660 470 eumdem
2701 432 2843 486 aqua
2876 414 3223 480 comburere,
3271 427 3326 472 et
3357 437 3490 470 eon-

213 511 550 576 ἀκόλουθον,
579 509 670 563 τὸν
719 509 780 564 ἐν
810 511 950 578 πυρὶ⁸
996 509 1339 578 δροσίζοντα,
1392 513 1484 562 τὸν
1529 509 1691 562 αὐτὸν
1724 509 1801 560 κα¹

1923 506 2116 560 cedere
2161 519 2219 562 ut
2249 511 2523 562 contraria
2551 513 3014 564 commisceantur
3054 513 3492 573 conveniantqne

215 602 297 655 δι’
325 601 517 664 ὓδατος
554 601 803 670 φλέγειν,
833 602 932 656 καὶ
981 603 1340 671 παραχωρεῖν
1389 602 1504 663 τοῖς
1550 601 1801 657 ἐναντίοις

1921 607 1975 650 et
2017 613 2148 652 suas
2181 599 2416 653 vicissim
2443 610 2780 655 commutent
2811 601 3192 670 proprietates,
3225 610 3386 666 atque
3421 599 3490 650 ita

224 693 534 762 μίγνυσθαι
563 694 658 746 καὶ
685 690 1050 762 συνέρχεσθαι
1085 691 1178 744 καὶ
1202 690 1270 742 τὰ
1300 690 1546 759 ἀλλήλων
1572 692 1801 759 ὲνεργείπ

1921 687 2160 743 doceant
2204 690 2466 759 optimam
2516 707 2638 745 esse
2675 693 3024 747 concordiam
3067 707 3493 762 germanamque

133 834 150 843 ,
221 785 707 855 ἀντιμεταδόσεως
752 784 919 854 λόγῳ,
973 783 1050 844 ὡς
1100 781 1454 835 διδάσκεσθαι
1516 785 1610 833 καὶ
1640 780 1801 839 οὕτω

1923 781 2089 851 hujus
2115 792 2358 838 mutuam
2408 784 2702 838 amicitiam
2735 785 2758 838 ?

221 877 406 946 ἡμᾶς,
441 877 646 944 ἀγαθὸν
677 874 823 929 εἶναι
857 875 958 946 τὴν
991 873 1250 944 ὁμόνοιαν
1302 873 1398 928 καὶ
1445 874 1504 926 τὸ
1534 871 1817 943 σύμφυλον

217 968 366 1037 αὐτῇ
404 970 744 1038 φιλάλληλον
767 985 781 1034 ;

298 1061 363 1115 ε’.
397 1061 726 1131 Περαίνεται
752 1057 847 1114 οὖν
879 1064 920 1131 ἠ,
943 1063 1106 1130 τρίτη
1150 1061 1307 1123 λύσις
1357 1061 1436 1122 είς
1461 1059 1522 1112 τὸ
1565 1059 1640 1128 μὴ
1669 1060 1820 1127 ἐνέρ-

222 1171 391 1221 γειαν
418 1155 906 1223 ἀποτεταγμένως,
957 1153 1184 1224 τήνδεῆ
1237 1154 1478 1220 ἐκείνην,
1529 1151 1667 1203 ἀλλὰ
1717 1152 1816 1211 τὰς

1990 1054 2044 1107 5.
2071 1054 2147 1106 Ad
2181 1053 2283 1107 hoc
2319 1055 2482 1124 igitur
2513 1058 2670 1110 tertia
2707 1058 2991 1110 reducitur
3040 1058 3266 1124 solutio,
3294 1069 3351 1114 ut
3384 1077 3488 1114 non

1919 1140 2175 1197 Virtutem
2204 1145 2562 1199 detertuinate
2605 1147 2743 1199 hanc
2776 1149 2861 1200 vel
2926 1149 3092 1213 illam,
3135 1151 3226 1204 sed
3268 1162 3493 1204 cunctas

221 1245 424 1308 ἁπλῶς
462 1246 773 1314 ἐνεργείας,
809 1244 877 1308 ἃς
923 1248 950 1298 ό
979 1246 1114 1307 Θεὸς
1161 1247 1450 1313 ἀπονέμει,
1481 1244 1670 1314 ὥσπερ
1700 1247 1815 1308 τοῖς

227 1337 421 1397 ἄλλοις
457 1336 769 1405 στοιχείοις,
817 1334 965 1390 οὕτω
1014 1339 1108 1389 καὶ
1161 1337 1238 1405 τῷ
1284 1337 1418 1406 πυρὶ
1475 1336 1817 1405 μετασκευά-

224 1444 372 1490 σεως
405 1427 571 1496 λόγῳ,
594 1428 682 1496 ἐφ’
713 1422 800 1490 οἷς
832 1427 899 1480 ἂν
939 1427 1308 1497 εὐδοκήσειεν,
1356 1425 1811 1496 ἀπομερίζεσθαι,

221 1520 337 1588 ὅπη
371 1519 573 1588 χρεὼν,
604 1520 680 1582 ὠς
728 1520 895 1577 αὐτὸς
938 1519 1184 1583 ιπιτάξει
1211 1535 1227 1548 ·
1276 1519 1420 1571 καθὰ
1451 1520 1547 1572 καὶ
1577 1518 1672 1571 νῦν
1704 1517 1813 1570 τῶν

222 1609 552 1662 ἑντεθεισῶν
583 1608 733 1678 αύτῷ
770 1609 865 1662 δύο
891 1609 1206 1679 ἐνεργειῶν,
1239 1609 1337 1678 τῆς
1363 1626 1422 1661 τε
1461 1609 1603 1662 κατὰ
1650 1609 1815 1676 φύσιν

229 1699 510 1764 καύσεως,
534 1701 627 1754 καὶ
658 1700 754 1754 τοῦ
799 1703 940 1754 κατὰ
989 1701 1135 1754 θεῖον
1181 1701 1461 1769 κέλευσμα
1499 1700 1812 1770 ὑπερφυοῦς

218 1792 553 1862 δροσισμοῦ,
575 1793 674 1863 τὴν
709 1794 808 1862 μὲν
843 1792 985 1846 κατὰ
1002 1792 1110 1845 τῶν
1140 1792 1426 1845 Χαλδαίων
1447 1793 1809 1864 ὲπαφῆκε,τῇ

220 1887 280 1938 δὲ
311 1886 442 1947 τοὺς
476 1886 703 1947 πιστοὺς
741 1885 1085 1946 ἐδεξιώσατο.

305 1974 383 2042 ς’.
417 1979 523 2030 Καὶ
545 1978 662 2030 ἐστι
685 1978 786 2047 μὲν
812 1979 907 2031 καὶ
935 1978 1124 2031 ἀλλοία
1150 1979 1312 2050 καινὴ
1337 1979 1508 2049 πυρὸς
1531 1977 1806 2049 ἐνέργεια,

224 2069 419 2122 θεόθεν
463 2069 871 2140 ἑπιταχθέντος,
921 2071 1102 2123 καίειν
1143 2073 1242 2140 μὲν
1295 2072 1494 2142 δηλαδὴ
1532 2071 1806 2140 σφοδρῶς,

215 2160 288 2212 οὐ
318 2161 651 2214 κατακαίειν
671 2161 753 2226 δὲ,
804 2162 833 2214 ὃ
879 2162 975 2216 καὶ
1003 2163 1083 2224 είς
1135 2162 1368 2232 χωνείαν
1406 2162 1708 2235 θεωροῦσιν
1757 2163 1808 2214 οἱ

220 2251 336 2304 τῶν
379 2251 543 2304 θείων
578 2253 898 2319 ἐξετασταὶ,
926 2252 1299 2307 καλλύνουσαν
1341 2255 1416 2317 ὡς
1447 2257 1526 2317 είς
1567 2233 1806 2324 χρυσέαν

219 2343 438 2412 λάμψιν
464 2345 591 2406 τοὺς
622 2343 767 2397 ἔνδον
789 2343 884 2397 τοῦ
910 2345 1152 2398 τοιούτου
1185 2345 1376 2413 πυρός.
1412 2344 1552 2398 Ἀλλ’
1573 2345 1684 2413 ἐγὼ
1708 2345 1808 2415 τὴν

217 2437 528 2508 χρυσοχόον
553 2438 761 2508 ταύτην
792 2439 1002 2493 καῦσιν
1041 2439 1104 2492 οὐ
1147 2437 1527 2506 καταφάσκειν
1554 2436 1663 2505 ἔχω
1709 2435 1804 2488 τοῦ

216 2531 558 2586 Χαλδαῖκοῦο
584 2527 704 2587 οἴδα
725 2533 835 2602 γὰρ
859 2532 1300 2603 παραδεδομένον
1329 2532 1388 2583 τὸ
1421 2531 1598 2597 πάντη
1624 2527 1806 2582 καινό-

215 2641 409 2686 τατον,
443 2622 544 2694 τὴν
574 2623 850 2694 ἀπραξίαν
880 2623 1041 2677 αὑτοῦ
1091 2624 1189 2676 καὶ
1243 2621 1468 2691 ἀργίαν,
1501 2620 1569 2673 δι’
1621 2614 1688 2691 ἧς
1726 2617 1804 2690 μὴ

215 2715 306 2768 ὅτι
339 2731 407 2783 γε
442 2715 707 2784 χωνεύειν
737 2716 866 2778 τοὺς
897 2717 955 2768 εν
979 2714 1128 2783 αὐτῷ
1154 2713 1428 2782 Θεοφιλεῖς
1454 2712 1668 2774 παῖδας,
1688 2709 1803 2764 ἀλλ’

221 2805 347 2859 οὐδὲ
381 2806 809 2876 ὕποθερμαίνειν
829 2805 1126 2876 ἠπίστατο,
1174 2806 1602 2874 διατεθειμένον,
1647 2805 1720 2867 ὡς
1754 2805 1802 2857 εί

223 2901 323 2952 καὶ
348 2899 543 2968 δρόσος
567 2900 764 2963 αὐτοὺς
809 2900 1138 2970 περικέχυτο
1167 2939 1181 2955 .
1217 2896 1330 2952 Ἦν
1376 2900 1433 2952 δι
1483 2900 1714 2962 ἐκείνοις
1742 2899 1803 2954 τὸ

224 2992 373 3060 μέγα
396 2991 511 3060 πῦρ
541 2991 719 3046 έκεῖνο
755 2993 848 3045 καὶ
876 2993 1132 3063 καθάπερ
1161 2994 1210 3046 εί
1261 2993 1376 3060 φῶς
1407 2993 1670 3062 ἀμυδρὸν,
1705 3010 1802 3062 με-

1918 1234 2167 1288 absolute
2200 1236 2365 1300 vires.
2408 1254 2546 1306 quas
2598 1250 2708 1290 tttm
2769 1241 2980 1293 ea‘tetis
3032 1241 3316 1296 elementis
3378 1253 3488 1295 tum

1920 1331 2027 1398 igtti
2049 1329 2298 1399 largitur,
2334 1333 2664 1385 transmittat
2688 1331 2828 1386 Deus
2850 1349 2912 1386 ac
2955 1333 3241 1402 dispertiat
3267 1335 3492 1404 quibus-

1918 1436 2134 1488 cunque
2170 1423 2422 1486 voluerit,
2447 1422 2535 1475 ubi
2565 1438 2699 1492 opus
2736 1433 2840 1487 est,
2877 1434 3046 1492 utque
3089 1427 3204 1494 ipse
3237 1429 3487 1482 ordinat:

1917 1511 2062 1566 sicut
2127 1527 2273 1564 nunc
2303 1529 2332 1565 e
2367 1514 2578 1566 duabus
2626 1515 2730 1582 igni
2792 1516 2972 1571 insitis
3020 1516 3248 1581 viribus,
3299 1533 3489 1583 nempe

1917 1606 2239 1660 naturaliter
2269 1606 2645 1673 comburendi,
2698 1617 2750 1661 et
2799 1611 3284 1679 supernaturaliter
3343 1611 3486 1664 divi—

1917 1698 2177 1767 nitusque
2220 1699 2595 1766 refrigerandi,
2655 1717 2816 1754 unam
2868 1703 3086 1770 quidem
3121 1703 3174 1758 in
3201 1704 3485 1759 Chaldaeos

1914 1794 2206 1856 convertit,
2238 1793 2407 1846 altera
2446 1807 2576 1846 vero
2622 1794 2869 1848 tidelibus
2902 1795 3056 1849 favit.

1984 1951 2036 2008 6.
2069 1953 2243 2006 Aliam
2298 1952 2478 2009 adhuc
2509 1955 2898 2024 proprietatem
2945 1956 3106 2011 habet
3136 1956 3276 2026 ignis
3308 1972 3335 2008 a
3377 1957 3483 2009 Deo

1909 2047 2221 2110 ordinatus,
2250 2047 2358 2100 vim
2387 2065 2580 2118 nempe
2614 2049 2825 2109 urendi,
2861 2062 2912 2103 et
2948 2066 3052 2102 non
3087 2053 3478 2104 comburendi:

1910 2139 2054 2208 quod
2086 2139 2269 2192 divina
2303 2139 2634 2195 meditantes
2678 2149 2928 2210 spectant
2974 2143 3024 2194 in
3067 2142 3479 2196 tribulationum

1913 2231 2058 2298 igne,
2091 2246 2199 2300 quo
2226 2232 2403 2288 virtus
2433 2243 2491 2286 ut
2523 2248 2718 2286 aurum
2747 2234 3024 2300 eliquatur
3055 2243 3109 2288 et
3144 2236 3482 2304 Splendidius

1824 2339 1834 2350 ·
1909 2323 2282 2376 colluSIratur.
2328 2324 2431 2378 Sed
2485 2340 2587 2394 ego
2643 2325 2828 2380 dicere
2881 2341 3094 2395 nequeo
3131 2328 3479 2382 Chaldaicum

1909 2413 2088 2483 ignem
2141 2415 2348 2468 ussisse
2383 2425 2442 2468 ut
2498 2416 2599 2472 iste
2653 2433 2763 2486 quo
2794 2430 3051 2488 purgatur
3099 2435 3324 2488 aurum;
3365 2423 3480 2476 scio

1907 2503 2051 2556 enim
2091 2506 2434 2558 traditionem
2468 2523 2586 2577 quae
2620 2509 2869 2578 perbibet
2914 2511 3061 2564 illum
3096 2512 3292 2582 insigni
3324 2514 3481 2567 mira-

1907 2598 2031 2650 culo
2087 2598 2158 2650 ita
2209 2597 2536 2652 iuellicacetn
2572 2599 2900 2669 irritumque
2944 2602 3112 2657 fuisse
3142 2603 3364 2668 factum,
3422 2617 3480 2658 ut

1907 2689 2102 2744 nedum
2124 2690 2448 2744 dissolveret
2477 2691 2682 2744 amicos
2703 2691 3062 2760 Deijuvenes,
3090 2709 3159 2747 ne
3179 2694 3477 2749 calefacere

1907 2782 2126 2852 quidem
2149 2784 2370 2850 valeret,
2391 2783 2486 2840 sed
2517 2785 2666 2838 lieret
2691 2786 2848 2856 quasi
2879 2803 2965 2840 ros
2989 2785 3068 2840 eis
3088 2776 3476 2844 circumfusus.

1907 2874 2036 2928 Erat
2067 2875 2227 2928 etiam
2257 2876 2365 2931 illis
2393 2877 2579 2947 ingens
2609 2875 2698 2932 ille
2743 2879 2894 2932 focus
2914 2889 3166 2947 tanquam
3198 2881 3240 2934 si
3277 2882 3479 2934 subob-

1908 2981 2068 3022 scura
2107 2967 2196 3022 lux
2236 2969 2342 3021 luci
2381 2969 2572 3025 vividte
2612 2970 2831 3023 admota
2855 2971 3249 3040 exstinguatur.
3283 2971 3344 3024 Et
3393 2982 3476 3028 est

219 3055 368 3156 γάλῃ
401 3055 563 3153 φλογὶ
597 3084 862 3151 πελάσαν,
915 3055 1367 3138 ἀποσϐέννυταιί
1396 3055 1505 3138 καί
1558 3055 1621 3152 γε
1653 3055 1800 3138 ἔστιν

1911 3055 2125 3130 (pridem
2155 3076 2239 3114 res
2265 3061 2419 3113 valde
2451 3077 2780 3131 congruens.
2815 3061 2948 3115 Nam
3001 3063 3146 3131 ignis
3173 3064 3292 3116 tidei
3323 3067 3478 3132 ejus-

216 3175 540 3240 ἀκολούθως
567 3175 692 3246 ἕχον
723 3177 786 3229 τδ
817 3177 1050 3248 πρᾶγμα
1071 3213 1086 3230 .
1144 3177 1389 3241 Πίστεως
1421 3179 1530 3246 γὰρ
1561 3178 1673 3248 πῦρ
1704 3178 1798 3231 καὶ

220 3272 258 3339 ἡ
291 3269 509 3323 ιιιεῐθεν
538 3268 690 3338 φλὸξ,
717 3268 864 3340 ἅπερ
893 3271 943 3323 οί
984 3268 1178 3332 παῖδες
1203 3269 1296 3321 ἐπὶ
1357 3268 1434 3339 τῷ
1464 3268 1584 3338 Θεῷ
1632 3269 1801 3339 ἐπύρ-

221 3377 406 3424 σευον,
430 3359 756 3430 ἀξύμμετρα
770 3356 914 3432 ἦσαν
931 3360 1067 3428 πρὸς
1083 3359 1144 3413 τὸ
1168 3359 1471 3414 Χαλδαῖκὸν
1493 3361 1586 3414 καὶ
1621 3361 1726 3414 ὰσύ
1737 3380 1803 3431 μ-

220 3451 398 3519 σλητα
423 3467 438 3481 ⁸
470 3453 566 3504 καὶ
617 3450 801 3504 τοίνυν
851 3451 1246 3522 κατεμάραναν
1303 3451 1415 3520 πῦρ
1475 3453 1655 3504 ἐκεῖνο
1703 3453 1800 3506 καὶ

225 3543 559 3613 ἀνθρακιὰν,
588 3541 688 3612 τὴν
707 3541 830 3596 κατ’
855 3530 1012 3607 αύτδ,
1049 3542 1221 3614 ἑτέρῳ
1259 3543 1488 3614 μείζονι,
1518 3545 1614 3598 καὶ
1660 3543 1800 3598 θειο-

222 3634 391 3704 τάτῳ,
422 3633 517 3687 καὶ
543 3632 633 3686 διὰ
659 3633 819 3686 τοῦτο
843 3633 1112 3704 ἀστέκτῳ.

290 3723 354 3789 ζ’.
403 3722 610 3792 Ἐχρῆν
635 3722 744 3792 ἄρα
775 3723 900 3786 τοὺς
933 3723 1379 3793 ὲκκεκαυμένους
1406 3723 1484 3793 τῷ
1503 3723 1645 3777 κατὰ
1665 3725 1800 3778 Θεδν

226 3813 366 3884 ζήλῳ
401 3811 478 3881 μὴ
533 3807 673 3865 εἶναι
723 3813 1063 3873 καταπόνους
1110 3812 1356 3883 αἰσθητῷ
1401 3813 1596 3884 ὲκείνῳ
1643 3816 1797 3884 πυρὶ,

231 3906 360 3956 ἀλλὰ
399 3901 801 3972 καταχορεύειν
825 3900 1014 3968 αὐτοῦ,
1045 3903 1122 3968 ὡς
1155 3905 1204 3956 εί
1245 3904 1340 3957 καὶ
1371 3903 1597 3972 ψύχοντι
1633 3903 1800 3971 ἐμϐε-

233 3997 454 4064 εὴκασιν
479 3994 657 4048 ὕδατι.
683 3993 912 4064 Ἒφριξε
933 3994 1063 4064 γὰρ,
1083 3995 1226 4046 κατὰ
1248 3995 1340 4047 τὸν
1361 3992 1536 4057 οὕτως
1553 3993 1798 4056 είπόντά,

234 4090 316 4139 καὶ
347 4085 458 4152 εἶξε
485 4087 743 4156 σώμασιν
780 4085 982 4153 ἁγίοις,
1031 4082 1112 4148 οἷς
1144 4085 1278 4148 Θεὸς
1327 4084 1540 4155 ἐνῴκει,
1576 4088 1636 4138 τδ
1677 4086 1800 4137 σύν-

234 4177 405 4232 ὶουλον
437 4177 580 4248 πῦρ,
612 4178 706 4231 καὶ
738 4177 838 4230 οὐκ
874 4170 985 4246 εἶχε
1010 4178 1124 4240 τοῖς
1165 4176 1409 4245 γνησίοις
1456 4175 1668 4228 ἐκείνου
1714 4175 1803 4226 θε-

241 4271 527 4337 ραπευταῖς
568 4267 632 4320 τὸ
677 4269 938 4319 ταπεινὸν
987 4266 1344 4320 ἀνθίστασθαι
1375 4281 1390 4295 ο
1437 4263 1554 4317 ἀλλ’
1588 4264 1663 4326 ὡς
1711 4260 1799 4316 οἷα

239 4356 612 4428 κρυσταλωθδν
638 4355 718 4426 τῷ
749 4355 902 4426 φόσῳ
930 4358 1284 4428 κατηργεττο,
1319 4354 1416 4407 καὶ
1446 4354 1508 4407 τὸ
1535 4353 1634 4424 τῆς
1665 4353 1798 4408 καύ-

241 4466 363 4515 σεως
392 4451 496 4504 οὐκ
526 4447 676 4519 εἶχεν
718 4447 965 4519 αῦχημα.

299 4539 364 4608 η’.
391 4540 614 4611 ταύτης
641 4541 707 4610 δὴ
737 4541 832 4594 καὶ
863 4540 1055 4610 τρίτης
1089 4539 1534 4610 ἐπενηνεγμένης
1564 4539 1792 4605 λύσεως,

209 4651 216 4654 ·
235 4633 498 4701 παρετέθη
512 4633 652 4700 αὐτῇ
674 4633 773 4684 καὶ
795 4631 1009 4701 ιτεροία
1032 4631 1266 4701 τετάρτη
1289 4629 1454 4700 αὕτη.
1479 4630 1794 4700 Ἐνεργείας

237 4722 379 4775 ἐστιν
407 4721 723 4794 ίψαλμένας
753 4722 990 4776 ἐνταῦθα
1013 4721 1210 4791 νοῆσαι
1249 4722 1461 4782 καὶτὰς
1483 4716 1552 4790 ἦν
1578 4721 1668 4773 ὅτε
1694 4719 1796 4773 πά-

234 4812 321 4864 λαι
348 4816 470 4866 ποτὶ
502 4813 580 4884 τῷ
627 4813 762 4883 πυρὶ
811 4812 1256 4883 ὲνθεωρουμένας
1281 4827 1295 4843 ·
1325 4813 1424 4866 οὐκ
1453 4811 1682 4874 ἀπεικὸς
1711 4811 1792 4873 δὲ,

233 4906 401 4956 εἰπεῖν
427 4905 520 4959 καὶ
563 4903 1034 4976 ινσπτριζομένας
1087 4905 1328 4974 μεγάλας
1373 4905 1471 4957 καὶ
1502 4903 1791 4965 θειοτάτας

234 4998 566 5062 ἀπχσάσεις
603 4997 900 5068 ισύστερον
948 4999 1058 5052 τῶν
1087 4997 1374 5066 γραφικῶν
1403 4997 1503 5065 τῆς
1532 4995 1791 5064 ἀληθείας

233 5087 540 5154 enicem,
571 5089 639 5153 ἃς
689 5090 1086 5159 ύπογραφικῶς
1138 5088 1588 5157 ἑσκιαγράφησεν
1617 5089 1792 5139 ἐκεῖνο

233 5180 306 5232 τὺ
331 5176 445 5249 πῦρ,
477 5184 532 5235 ὲν
565 5175 658 5245 αἷς
703 5181 800 5236 τοῦ
830 5183 1082 5252 Σωτῆρος
1127 5182 1284 5252 ἡμῶν
1341 5180 1517 5249 Ἰησοῦ
1553 5175 1788 5247 Χριστοῦ

237 5273 600 5338 ἁπεικονίζετο
623 5273 902 5342 γέννησις,
927 5275 1050 5330 καθ’
1075 5275 1140 5343 ἣν
1157 5272 1320 5326 ⁴τοῦτο
1334 5271 1400 5342 δὴ
1426 5271 1488 5324 τὸ
1517 5271 1791 5338 πάμμεγα

239 5362 524 5430 τεράστιον,
553 5364 616 5417 τὸ
643 5363 746 5432 τῆς
781 5362 1036 5428 θεότητος
1082 5361 1216 5432 πῦρ,
1246 5363 1320 5424 ὼς
1353 5363 1412 5413 ὲν
1442 5361 1627 5422 ἄλλοις
1657 5359 1794 5429 ψάλ-

239 5449 398 5516 hut,
421 5455 518 5526 τὴν
548 5456 824 5526 παρθένον
849 5456 950 5510 οὐκ
979 5455 1224 5524 ἔφλεξεν,
1255 5450 1342 5508 οἷα
1369 5453 1581 5524 ὄμϐρου
1607 5453 1788 5520 δίκην,

243 5540 299 5592 ὃν
337 5547 638 5617 προφητικὴ
687 5547 882 5618 ὅρασις
928 5547 1205 5619 ἐθεώρησε
1255 5551 1669 5618 πυρφορήσασα
1699 5545 1790 5597 τὸν

245 5635 329 5699 τῆς
354 5636 573 5707 Τριάδος
621 5638 720 5692 ἕνα
758 5639 1015 5709 Χριστόν.
1081 5639 1407 5711 Ἐνεργειῶν
1436 5639 1584 5707 λόγῳ
1611 5635 1787 5690 ταῦτα

248 5727 461 5791 πυρίνων
512 5729 777 5802 ἀρρήτων
831 5732 1138 5800 γεννήσεως
1196 5729 1535 5800 ὑπερφυοῦς,
1577 5729 1644 5782 δι’
1689 5723 1780 5795 ἦς.

1821 4420 1874 4479 D

1905 3169 2010 3226 que
2033 3151 2268 3215 ﬂamma,
2295 3153 2495 3222 quibus
2519 3152 2671 3223 pueri
2711 3156 2761 3206 in
2797 3153 2962 3208 Deum
2991 3153 3307 3224 ﬂagrabant,
3357 3162 3476 3210 nul-

1905 3243 2013 3298 lam
2080 3243 2354 3298 habebant
2419 3245 2827 3312 proper-tionem
2897 3245 3474 3314 comparationemque

1903 3351 2030 3390 cum
2058 3335 2182 3406 igne
2208 3334 2540 3389 Chaldaico:
2577 3336 2721 3389 unde
2752 3333 3100 3391 infuscabant
3124 3337 3298 3409 ignem
3328 3340 3476 3392 hune

1905 3426 2137 3496 ejusque
2182 3426 2431 3479 ardorem
2481 3423 2656 3480 altero
2702 3426 2942 3496 majore,
2993 3443 3058 3482 ac
3102 3427 3474 3494 divinissimu,

1902 3519 2135 3589 ideoque
2164 3515 2518 3573 intolerabili.

1974 3697 2024 3753 7.
2054 3698 2353 3768 Oportebat
2389 3697 2553 3766 igitur
2584 3696 2700 3752 zelo
2745 3696 2839 3752 Dei
2893 3714 3152 3755 accensos
3189 3702 3295 3769 igni
3351 3703 3476 3758 huic

1900 3791 2146 3846 sensibili
2183 3792 2324 3844 haud
2358 3805 2480 3845 esse
2513 3790 2773 3858 impares,
2806 3793 2899 3844 scd
2936 3795 3264 3866 superiores,
3317 3796 3474 3862 quasi

1902 3882 2150 3952 frigidam
2188 3883 2462 3952 ingressos
2509 3895 2730 3949 aquam.
2780 3880 3066 3934 Infremuit
3115 3884 3287 3943 enim,
3321 3894 3375 3936 ut
3401 3886 3474 3937 ita

1899 3980 2102 4039 dicant,
2147 3986 2200 4030 ct
2253 3977 2418 4030 cessit
2449 3977 2773 4043 corporibus
2812 3976 3024 4028 sanctis
3055 3991 3176 4044 qua:
3213 3975 3352 4029 Deus
3394 3977 3475 4027 in-

1900 4071 2202 4133 ltabitabat,
2237 4067 2530 4122 famulatus
2565 4067 2725 4137 ignis,
2759 4081 2860 4119 nec
2894 4067 3070 4136 potuit
3110 4066 3338 4135 inclytis
3379 4068 3468 4120 Ilci

1899 4163 2084 4233 pueris
2115 4178 2268 4217 suam
2307 4175 2582 4230 opponere
2612 4159 2890 4224 vilitatem,
2928 4160 3020 4213 sed
3061 4160 3206 4213 velut
3244 4164 3472 4215 horrore

1897 4253 2105 4325 gelidus
2130 4263 2183 4309 et
2215 4253 2398 4318 hebes,
2431 4268 2588 4307 urere
2610 4267 2718 4306 non
2752 4253 3118 4323 praesumpsit.

1936 4572 1938 4575 .
1972 4525 2027 4578 8.
2069 4525 2258 4578 Allata:
2289 4523 2364 4577 illi
2389 4525 2565 4577 tertite
2595 4523 2856 4578 solutioni
2886 4524 3070 4578 addita
3099 4535 3183 4578 est
3214 4525 3325 4579 haec
3365 4527 3468 4580 alia

1900 4626 2116 4686 quarta.
2142 4616 2452 4682 Recogitari
2482 4615 2625 4667 enim
2655 4626 2907 4684 possitnt,
2939 4625 3049 4669 tum
3079 4630 3200 4683 quae
3230 4616 3314 4668 hic
3339 4632 3426 4684 pra
3446 4645 3471 4655 -

1902 4709 2024 4764 latae
2055 4719 2181 4763 sunt
2215 4707 2467 4770 virtutes,
2512 4717 2625 4760 tum
2677 4721 2799 4775 qua:
2839 4708 3133 4773 aliquando
3165 4707 3370 4774 pridem
3411 4708 3465 4759 in

1901 4800 2026 4869 igne
2055 4800 2469 4868 conspiciuntur
2495 4815 2509 4862 ;
2539 4813 2638 4851 nec
2673 4797 2950 4851 immerito
2978 4797 3208 4850 dixerim
3239 4800 3380 4852 velut
3413 4799 3464 4852 in

1899 4891 2123 4962 speculo
2169 4890 2409 4960 prospici
2456 4904 2680 4958 magnos
2720 4888 3205 4960 divinissimosque
3241 4903 3467 4946 eventus

1898 4993 2222 5038 consecutos
2241 4980 2594 5050 scripturales
2617 4979 2858 5034 veritatis
2879 4981 3103 5050 ﬁguras,
3121 4999 3260 5051 quas
3281 4987 3468 5035 aduru-

1899 5078 2094 5130 bratim
2129 5075 2436 5130 delincahat
2487 5073 2576 5128 ille
2620 5071 2791 5143 ignis,
2832 5082 2886 5126 et
2921 5074 3121 5142 quibus
3171 5073 3468 5129 Salvator's

1897 5167 2071 5223 nostri
2115 5167 2537 5236 portendebatur
2571 5166 2849 5221 nativitas.
2899 5164 2956 5218 ln
3000 5165 3103 5220 bac
3146 5167 3313 5233 enim,
3373 5182 3466 5234 per

1899 5262 2114 5330 insigne
2144 5257 2492 5324 miraculum,
2522 5258 2822 5312 divinitatis
2854 5257 3022 5325 ignis,
3057 5265 3115 5310 ut
3146 5259 3274 5312 alibi
3315 5257 3462 5310 cani-

1897 5364 2006 5417 tur,
2047 5352 2310 5421 virginem
2348 5352 2492 5404 haud
2547 5351 2706 5416 ussit,
2742 5366 2860 5421 qua:
2911 5349 3102 5403 imbris
3135 5350 3307 5402 instar
3337 5362 3464 5415 pro-

1895 5444 2107 5515 phetica
2140 5444 2350 5497 visione
2383 5443 2676 5512 prospecti,
2731 5443 2910 5513 ignem
2961 5441 3212 5510 gestavit,
3270 5453 3462 5504 nempe

1894 5551 2063 5591 unum
2116 5536 2184 5590 de
2236 5533 2506 5588 Trinitate
2562 5533 2863 5589 Christum.
2915 5531 3217 5588 lneﬂabiles
3273 5531 3462 5584 insunt

1891 5629 2034 5698 ignis
2058 5627 2419 5697 proprietates
2449 5625 2844 5695 supernaturali
2870 5624 2996 5677 huic
3029 5619 3296 5675 nativitati
3321 5640 3334 5686 ;
3363 5637 3458 5687 per

1889 5737 2078 5792 quam,
2115 5720 2260 5774 velut
2301 5733 2396 5788 per
2425 5717 2604 5788 ignem
2651 5717 2928 5771 ardentctu
2967 5713 3128 5769 simul
3160 5723 3213 5768 et
3246 5716 3456 5770 viviﬁce
