4002 6208
452 254 559 317 295

1201 257 1578 319 ΕυδΤΑΤΗΙ
1595 257 1615 315 Ι
1650 250 1759 316 TI]
1772 257 1947 316 ESSA
1960 257 2011 317 L‘

2119 256 2416 316 lCENSlS
2458 251 3018 315 ΜΕΤΙὶΟΡΟΗΤίΕ

3601 250 3709 318 296

455 367 1017 435 irrorantem,.omnis
1040 368 1252 437 impura
1286 378 1496 421 natura:
1520 377 1718 421 nostra!
1748 367 2005 420 materies

2131 369 2232 419 ὅσα
2266 368 2360 418 καὶ
2396 364 2568 435 πυρὸς
2616 363 2966 432 φλογίζοντος
3020 361 3136 431 ἆρα
3164 374 3261 414 και
3288 358 3557 428 ζωογόνον
3585 361 3712 431 δρη-

452 478 575 531 ῳιω
606 461 985 516 Chaldaeorum
1017 473 1170 513 more
1191 460 1596 513 concremanda
1627 469 1766 522 erat,
1793 469 1933 514 tosta
1971 468 2025 512 et

453 564 575 607 usta
607 552 730 617 fuit,
757 563 814 607 et
842 555 985 606 sicut
1005 550 1057 604 in
1076 551 1315 605 cinerem
1343 560 1635 604 extenuata
1670 549 1805 604 abiit
1836 550 2025 618 periit-

450 660 580 712 que,
609 646 732 715 igne
766 652 1115 713 consumpta,
1142 642 1259 712 qui,
1292 650 1354 697 ut
1378 643 1453 697 ait
1476 641 1767 711 Propheta,
1801 655 2022 696 omnem

2135 462 2401 524 σίζοντος,
2434 460 2586 512 πᾶσα
2619 458 2719 527 μὲν
2744 460 2803 509 ἐν
2831 459 2948 519 τοῖς
2972 455 3095 509 καθ’
3119 457 3269 526 ἡμᾶς
3296 456 3549 525 μοχθηρὰ
3579 455 3709 523 ὕλη,

2129 554 2336 618 ὁπόσην
2368 550 2687 612 Χαλδαῖκῶς
2720 550 2888 619 ἐχρῆν
2920 547 3344 609 κατακαίεσθαι,
3374 548 3707 617 κατεφρύγη

2131 643 2226 696 καλ⁸
2272 642 2570 711 ἐξεκαύθη,
2619 643 2715 695 καὶ
2749 641 2824 704 ὼς
2866 643 2945 703 εἰς
2981 640 3109 710 χοῦν
3143 639 3507 693 λεπτυνθεῖσα
3532 638 3706 710 ᾤχετο

452 736 662 803 peccati
692 735 953 788 malitiam
1002 733 1281 788 interﬁcit.
1319 732 1474 799 Quod
1513 724 1696 786 autem
1726 731 1914 785 debuit
1933 746 2011 784 su-

2130 737 2222 787 καὶ
2253 733 2504 800 ὲξὼλετο,
2537 734 2672 803 πυρὶ
2723 734 3087 800 ἀφανισθεῖσα
3135 730 3214 801 τῷ
3263 734 3595 802 προφητικῷ
3622 731 3707 785 εί-

453 840 752 893 percsseae
785 825 1096 878 conservari
1127 825 1193 878 ad
1223 826 1389 879 Deum
1416 825 1527 878 vita
1550 823 1791 892 angelica
1821 822 2024 892 gloriﬁ-

446 918 703 980 candum,
738 916 1039 981 remansit;
1093 926 1147 971 et
1181 917 1295 971 haec
1338 916 1555 970 residua
1595 917 1754 968 nobis
1783 929 1907 985 pars
1939 923 2024 969 est

444 1011 603 1077 quasi
629 1009 786 1077 plebs
814 1009 926 1070 Dei,
957 1025 1078 1078 quae
1099 1019 1153 1062 et
1178 1009 1295 1078 ipsa
1323 1008 1400 1062 illi
1434 1008 1544 1077 igni
1564 1006 1895 1069 consimilis,
1920 1023 2021 1061 nec

445 1101 515 1152 ab
539 1118 603 1150 eo
630 1107 978 1167 consumpta,
1004 1099 1099 1152 sed
1130 1099 1314 1152 divino
1344 1099 1669 1167 baptismate
1712 1097 2017 1152 illumiuata

444 1190 610 1244 simul
630 1200 687 1245 et
710 1191 1052 1262 refrigerata,
1082 1192 1160 1244 sic
1186 1192 1460 1245 diviniore
1497 1190 1670 1257 fulget
1702 1188 2010 1258 splendore.

2125 827 2271 887 πεῖν,
2323 825 2780 878 καταναλίσκοντι
2829 827 3014 877 πᾶσαν
3063 824 3454 894 ἁμαρτητικὴν
3505 824 3708 892 φαυλό-

2125 932 2285 982 τητα.
2338 915 2568 967 Ὀπόσον
2598 915 2654 967 δέ
2688 915 2797 968 ἔδει
2832 917 3107 985 περιεῖναι
3142 914 3219 985 τῷ
3260 915 3361 984 βίῃ
3404 916 3500 968 καὶ
3531 915 3703 980 σώζε-

2125 1009 2253 1058 σθαι
2296 1008 2375 1068 εἰς
2423 1005 2584 1069 δόξαν
2629 1005 2788 1067 Θεοῦ,
2826 1007 2925 1075 τὴν
2955 1007 3042 1058 διὰ
3074 1007 3354 1059 πολιτείαν
3385 1008 3697 1075 ίσάγγελον,

2126 1098 2515 1169 περιεποιήθη·
2542 1100 2636 1150 καὶ
2670 1099 2790 1151 ἐστι
2818 1098 2912 1151 τοῦ
2943 1100 3172 1166 λάχνους
3200 1099 3394 1152 τούτου
3421 1102 3449 1152 ό
3479 1102 3702 1169 περιούο

2126 1211 2237 1255 σιος
2275 1194 2333 1245 ἐν
2380 1195 2513 1263 ημῖν
2545 1194 2673 1256 λαὸς
2703 1192 2798 1245 τοῦ
2856 1191 3016 1255 Θεοῦ,
3048 1194 3077 1243 ό
3111 1195 3205 1245 καὶ
3240 1193 3405 1256 αὐτὸς
3435 1193 3514 1263 τῷ
3564 1199 3700 1263 πυρὶ

446 1285 733 1351 προσφυὴς
758 1284 973 1351 ἐκείνῳ,
1003 1283 1098 1335 καὶ
1126 1282 1195 1333 δι’
1220 1282 1353 1335 αὐτὸ
1388 1283 1462 1353 μὴ
1486 1280 2037 1349 καταναλισκόμενος,
2065 1283 2202 1338 ἀλλὰ
2235 1284 2366 1356 θείῳ
2397 1285 2736 1356 βαπτίσματι
2773 1286 3141 1353 φωτιζόμενος
3175 1284 3292 1354 ἃμα
3358 1286 3456 1336 καὶ
3513 1285 3700 1356 δροσι-

441 1376 643 1446 ζκῗομενο
666 1399 694 1442 ·,
731 1382 823 1431 καὶ
854 1370 995 1431 οὕτω
1033 1377 1395 1447 πυριλαμπὴς
1440 1378 1714 1448 θειότερον
1760 1378 2171 1448 ἐκφαινόμενος.

514 1471 568 1524 9.
602 1470 712 1525 Has
752 1471 910 1523 nobis
949 1471 1098 1523 clare
1131 1480 1314 1539 postea
1347 1471 1400 1522 in
1434 1469 1751 1525 novissimis
1807 1480 2017 1539 tempo-

443 1564 594 1617 ribus
640 1560 1013 1615 manil‘estatas
1057 1562 1409 1630 operationes
1470 1577 1898 1628 prmmonstrans
1943 1563 2015 1617 ob

2197 1474 2263 1528 θ’.
2300 1473 2518 1537 Ταύτας
2567 1474 2633 1544 δὴ
2663 1474 2763 1536 τὰς
2809 1471 3056 1541 ἐναργῶς
3085 1471 3142 1523 ἑν
3185 1471 3298 1533 τοῖς
3328 1468 3557 1539 ὕστερον
3607 1469 3695 1523 ἐπ’

2122 1567 2354 1637 ἐσχάτου
2391 1566 2500 1619 τῶν
2533 1564 2748 1619 αἰώνων
2771 1562 3205 1635 ἐμφανισθείσας
3237 1563 3373 1632 ἡμῖν
3412 1563 3696 1630 ἐνεργείας

443 1654 774 1725 inclytorum
810 1652 969 1707 trium
1008 1652 1272 1722 jnvenum
1325 1653 1644 1710 cbaldaicus
1682 1656 1931 1708 cantinus
1958 1663 2011 1708 ct

2121 1659 2434 1714 ἐκτυποῦσα
2464 1659 2552 1714 διὰ
2584 1660 2685 1729 τῆς
2713 1659 2821 1711 τῶν
2871 1656 3126 1729 μεγάλων
3151 1656 3322 1724 τριῶν
3355 1654 3564 1706 παίδων
3592 1671 3694 1708 κα-

444 1748 672 1817 ﬁgurate
699 1747 1055 1812 adumbrans,
1086 1763 1249 1801 unam
1271 1749 1491 1818 quidem
1510 1751 1800 1804 exercebat
1825 1748 2011 1805 adver-

2123 1754 2427 1824 θαρότητος
2452 1755 2484 1824 ἡ
2512 1752 2790 1822 Χαλδαῖκῆ
2823 1749 3093 1820 πυρκαϊὰ,
3115 1749 3211 1801 καὶ
3255 1747 3544 1809 είκονικῶς
3573 1746 3693 1797 δια-

442 1855 538 1895 sos
565 1840 868 1904 Chaldaeos,
903 1855 1042 1910 quos
1067 1842 1446 1908 comburebat,
1494 1842 1722 1896 alteram
1778 1857 1908 1895 vero
1961 1842 2011 1895 in

2121 1844 2508 1914 ζωγραφοῦσα,
2543 1844 2767 1914 ἐμέριζε
2804 1843 2903 1912 τὴν
2938 1842 3038 1912 μὲν
3071 1841 3213 1894 κατὰ
3242 1840 3353 1892 τῶν
3384 1839 3692 1904 Χαλδαίων,

445 1945 663 1988 sanctos
692 1935 944 2004 juvenes,
991 1948 1128 2002 quos
1174 1932 1549 2002 relrigerabat.
1605 1931 1811 2000 Quodsi
1847 1933 2011 2001 majo-

2118 1936 2209 2000 οὓς
2237 1940 2331 1990 καὶ
2357 1936 2656 2005 διέφθειρε,
2690 1935 2785 2006 τὴν
2829 1934 2885 1988 δὲ
2926 1933 3079 2005 ὑπὲρ
3121 1933 3232 1985 τῶν
3260 1932 3423 1985 ὁσίων
3453 1931 3690 1995 παίδων,

446 2034 489 2082 ri
512 2031 760 2083 claritate
785 2028 1108 2084 elucidanda
1139 2027 1211 2082 sit
1257 2041 1498 2097 przesens
1527 2025 1835 2095 explanatio
1859 2040 2011 2080 ener-

2118 2028 2209 2092 οὒς
2241 2029 2538 2100 ἐδρόσιζεν.
2567 2028 2628 2081 Εἰ
2660 2028 2716 2080 δέ
2748 2045 2801 2081 τι
2850 2029 2959 2096 χρὴ
2989 2028 3091 2096 τὴν
3123 2024 3382 2093 ὑπόγυιον
3410 2025 3564 2076 λύσιν
3589 2039 3691 2076 κε-

444 2127 547 2192 giae
586 2123 898 2194 Babylonici
949 2122 1112 2191 ignis,
1162 2120 1435 2174 canticum
1471 2120 1675 2174 divisas
1719 2120 1869 2183 dicit,
1910 2135 2011 2174 non

2118 2123 2575 2191 φαλαιωσαμενον
2621 2120 2945 2189 διαφωτίσαι
2979 2119 3256 2191 σαφηνείᾳ
3289 2119 3498 2171 πλείονι
3536 2119 3695 2188 ἐνερ-

445 2224 556 2266 tam
591 2213 734 2266 vires
750 2226 871 2280 qua:
901 2219 1029 2264 tunc
1053 2208 1106 2262 in
1137 2207 1230 2262 illo
1248 2216 1405 2262 erant
1425 2207 1564 2263 etab
1592 2223 1659 2263 eo
1687 2207 2019 2263 exerceban-

445 2317 557 2368 tur,
588 2318 749 2373 quam
777 2303 831 2355 in
866 2311 1143 2371 posterum
1171 2298 1404 2363 futuras,
1441 2308 1501 2354 ut
1530 2294 1659 2354 tunc
1690 2299 1906 2369 quidem
1941 2311 2023 2354 ta-

447 2401 528 2453 les
575 2398 718 2468 ignis
747 2395 1109 2465 preprietates
1162 2393 1483 2464 prophetica
1544 2401 1755 2447 tantum
1807 2394 2018 2448 visione

446 2489 908 2561 prospicerentur,
942 2496 1128 2558 postea
1160 2501 1289 2540 vero
1317 2485 1451 2555 ipsis
1469 2485 1646 2541 oculis
1674 2486 1823 2540 clare
1855 2502 2019 2555 appa-

447 2590 646 2643 rerent,
684 2588 738 2634 et
774 2582 855 2634 sic
888 2578 1162 2633 veteribus
1193 2577 1383 2646 liguris
1417 2577 1830 2646 responderent,
1885 2578 2017 2647 jux-

444 2682 498 2727 ta
539 2688 757 2727 sacrum
785 2680 1089 2732 cautorem,
1128 2676 1356 2724 eventus
1394 2668 1470 2722 illi
1498 2668 1831 2739 posteriores
1871 2684 2016 2724 nunc

444 2763 742 2832 adimpleti,
769 2761 989 2830 quando
1010 2758 1261 2813 videlicet
1285 2767 1555 2829 concepto
1583 2759 1636 2813 in
1667 2757 1886 2829 Virgine
1927 2759 2015 2812 iu-

442 2854 725 2910 combusta
765 2854 885 2925 igne
924 2851 1245 2915 divinitatis,
1278 2851 1422 2904 unde
1451 2861 1607 2905 ortus
1652 2858 1737 2905 est
1777 2849 1900 2904 fons
1932 2850 2015 2902 vi-

443 2956 534 3013 tae,
569 2954 621 3000 et
649 2944 886 2999 ﬂammis
912 2953 1127 2997 scatens
1161 2941 1226 2996 ad
1260 2939 1565 2995 exureridos
1597 2955 1787 2994 omnes
1814 2940 2016 2995 diaboli

444 3036 681 3091 tribulos
723 3049 776 3089 et
809 3048 927 3086 rore
946 3031 1102 3086 dives
1124 3030 1511 3099 adiirrigaudas
1527 3028 1617 3083 Dei
1637 3029 1867 3099 plantas.
1902 3027 2015 3082 llu-

438 3126 681 3200 jusmodi
721 3124 1064 3194 Operationes
1088 3121 1302 3176 futuras
1324 3121 1571 3176 lldclibus
1603 3121 1819 3191 quidem
1843 3121 2013 3189 laetas,

444 3239 605 3277 secus
635 3236 764 3275 vero
793 3215 1125 3279 inﬁdelibus,
1148 3224 1203 3269 et
1230 3214 1304 3269 ita
1328 3214 1558 3285 singulis
1605 3214 2012 3282 proportionate

442 3315 759 3368 dividendus
788 3308 991 3381 eosque
1019 3309 1290 3365 divisuras
1321 3307 1409 3360 ille
1442 3306 1581 3376 ignis
1613 3306 2008 3376 praeligurabat,

444 3406 680 3459 maxima
720 3405 919 3458 virtute
951 3402 1194 3472 prodigia
1223 3399 1462 3455 elliciens
1492 3398 1938 3454 inconciliabilia.

2119 2215 2272 2282 γείας
2317 2214 2661 2267 Βαϐυλωνίου
2712 2213 2906 2284 πυρὸς,
2936 2214 2970 2284 ὴ
3002 2213 3115 2283 ᾠδὴ
3164 2212 3315 2280 λέγει
3359 2210 3687 2280 μερισθῆναι

2114 2305 2177 2358 οὐ
2208 2306 2305 2368 τὰς
2337 2307 2394 2357 ἐν
2425 2292 2575 2377 αὑτῷ
2609 2304 2836 2369 ἐνούσας
2862 2307 2958 2379 καὶ
2982 2305 3054 2358 δι’
3086 2306 3254 2360 αὐτοῦ
3286 2306 3494 2358 ἐκείνου
3525 2306 3689 2376 ἐνηρ·

2116 2398 2381 2466 γη;;ἐνας,
2411 2397 2549 2451 ἀλλὰ
2578 2400 2692 2462 τοῖς
2722 2399 2779 2450 ἐν
2808 2397 3026 2467 ὑστέρῳ
3054 2397 3291 2467 χρόνοις,
3313 2396 3402 2448 ἴνα
3435 2395 3556 2447 τότε
3586 2396 3689 2463 μὲν

2117 2489 2466 2557 ἐμφαίνοιντο
2511 2489 2568 2544 al
2618 2488 2866 2542 τοιαῦται
2894 2488 2974 2555 τῷ
3000 2489 3139 2557 πυρὶ
3163 2487 3437 2556 ἐνέργειαι
3468 2487 3688 2538 θεοπτι-

2118 2578 2253 2644 κῶς,
2298 2580 2354 2640 ἐς
2386 2579 2443 2631 δὲ
2490 2578 2551 2630 τὸ
2587 2578 2784 2648 μέλλον
2835 2577 3275 2648 ὁφθαλμοφανῶς
3317 2577 3685 2645 ἐκφαίνοιντο,

2116 2670 2212 2723 καὶ
2239 2667 2385 2722 οὕτω
2413 2669 2794 2741 προσαρμόζοι
2825 2670 2946 2733 ταῖς
2993 2668 3173 2740 χρόνῳ
3214 2666 3447 2739 ὕστερον
3476 2666 3690 2720 θειοτά-

2116 2778 2237 2824 ταις
2260 2761 2490 2825 ταύταις
2518 2762 2860 2832 ἐμπράκτοις
2891 2761 3155 2816 ἐκϐάσεσι
3178 2761 3239 2813 τὸ
3270 2760 3438 2814 πάλαι
3462 2759 3562 2830 μὲν
3590 2778 3689 2813 rru-

2115 2853 2373 2917 ποῦσθαι,
2402 2852 2495 2905 νῦν
2527 2853 2586 2905 δὲ
2610 2853 2958 2923 ἐνεργεῖσθαι
2995 2853 3138 2905 κατά
3166 2851 3260 2903 τόν
3293 2852 3391 2904 καὶ
3420 2850 3564 2904 οὕτω
3584 2850 3691 2919 ψά-

2114 2946 2309 3011 λαντα,
2332 2946 2422 2997 ὅτε
2476 2944 2680 3015 δηλαδὴ
2720 2944 2781 2997 τὸ
2826 2943 3132 3014 συλληφθὲν
3177 2944 3462 3012 άφλέκτως
3511 2945 3569 2995 ἐν
3617 2945 3687 3011 τῇ

2117 3033 2372 3104 παρθένῳ
2390 3033 2502 3104 πῦρ
2521 3036 2619 3102 τῆς
2644 3032 2918 3105 θεότητος,
2949 3033 3273 3105 άποτεχθείη
3298 3033 3508 3087 ἐκεῖθεν
3533 3035 3688 3105 πηγὴ

2117 3122 2289 3193 ζωῆς,
2322 3123 2564 3193 αὑχοῦσα
2611 3124 2712 3193 μὲν
2742 3125 2957 3177 καὶτὸν
3005 3125 3273 3195 φλογερὸν
3317 3125 3461 3179 κατὰ
3501 3126 3688 3195 πάσης

2119 3218 2365 3287 ἀκάνθης
2409 3219 2745 3288 διασολικῆς,
2774 3219 3080 3273 πλουτοῦσα
3107 3220 3164 3272 δὲ
3195 3220 3290 3273 καὶ
3317 3221 3379 3273 τὸ
3427 3220 3688 3290 δροσερὶν

2120 3310 2212 3363 ἐπὶ
2238 3312 2353 3373 τοῖς
2382 3314 2572 3381 φυτοῖς
2595 3311 2691 3366 τοῦ
2729 3312 2886 3367 Θεοῦ.
2917 3313 3187 3378 Τοιαύτας
3234 3314 3516 3386 ἐνεργείας
3549 3315 3689 3383 μετὰ

2119 3402 2344 3471 χρόνους
2374 3403 2567 3472 ἱλαρὰς
2599 3404 2698 3474 μὲν
2732 3408 2845 3466 τοῖς
2875 3406 3193 3467 πιστοῖς,ὀῦ
3211 3406 3471 3467 τοιαύτας
3493 3406 3686 3467 δὶ“τοίς

438 3497 711 3564 ἀπίστοις,
738 3497 829 3551 καὶ
855 3494 1000 3550 οὕτω
1029 3490 1399 3565 μεριζομένας
1424 3489 1705 3559 ἑκατέροις
1732 3487 1995 3556 ἀνάλογον
2018 3491 2130 3581 ,καὶ
2171 3491 2503 3561 μεριζούσας
2531 3492 2726 3556 αὐτοὺς
2749 3530 2767 3558 ,
2788 3493 2850 3545 τὸ
2880 3491 2992 3564 πῦρ
3026 3497 3201 3549 ἐκεῖνο
3239 3494 3684 3566 προαπεικόνιζε,

440 3600 671 3668 δυνάμει
725 3595 997 3667 κρείττονι
1051 3587 1308 3661 ἐνεργοῦν
1357 3585 1644 3657 ἀξύμϐατα
1697 3586 1922 3655 τέρατα.

515 3698 602 3750 10.
644 3693 734 3747 llla
760 3699 955 3763 quarta
989 3687 1169 3743 tribus
1206 3684 1390 3741 addita
1437 3683 1636 3739 solutio
1665 3691 1749 3738 cst
1777 3681 2006 3735 ultima:

440 3788 577 3843 nibil
599 3786 742 3841 enim
769 3782 1001 3853 amplius
1030 3787 1280 3851 superest
1309 3777 1377 3832 ad
1435 3776 1759 3832 solutionem
1812 3773 2010 3844 prioris

438 3878 795 3937 dillicultatis.
829 3877 1068 3939 Alteram
1092 3886 1223 3927 vero
1250 3869 1481 3925 inferius
1500 3869 1553 3923 in
1578 3881 1829 3922 sermone
1845 3880 2012 3934 expo-

438 3974 622 4031 sitam,
648 3983 713 4022 ac
734 3965 1019 4020 deductam
1045 3978 1109 4018 cx
1130 3964 1217 4017 bis
1235 3962 1447 4015 verbis:
1490 3957 1719 4029 Utraque
1742 3959 2007 4021 inslaura,

439 4062 648 4118 Christe
670 4059 829 4123 Deus,
849 4070 1086 4125 sequens
1109 4052 1402 4108 elucidabit
1433 4050 1764 4118 explanatio,
1796 4047 2007 4101 duabus

2189 3677 2242 3736 t'.
2284 3677 2432 3750 Αὕτη
2458 3676 2550 3733 καὶ
2574 3681 2608 3749 ἡ
2642 3680 2735 3733 ἐπὶ
2758 3681 2879 3745 ταῐς
2903 3680 3053 3752 τρισὶ
3081 3680 3235 3744 λύσις
3260 3683 3293 3751 ἡ
3328 3684 3422 3734 καὶ
3441 3682 3686 3752 τετάρτη

2112 3772 2213 3826 καὶ
2238 3772 2544 3825 τελευταίαν
2569 3770 2633 3823 οὒ
2664 3770 2838 3843 γάρτι
2857 3773 3040 3824 πλεῖον
3075 3772 3205 3842 ἡμῖν
3237 3774 3686 3843 προσευπόρηται

2114 3864 2195 3942 είς
2225 3862 2380 3916 λύσιν
2401 3865 2498 3933 τῆς
2519 3861 2744 3934 πρώτης
2770 3864 3024 3932 ἀπορίας,
3045 3863 3145 3928 τῆς
3174 3864 3230 3917 δέ
3264 3879 3328 3931 γε
3362 3864 3480 3932 μετ’
3511 3864 3686 3934 αὐτὴν

2113 3956 2308 4008 άνόπιν
2340 3954 2435 4007 τοῦ
2476 3957 2635 4024 λόγου
2687 3954 3236 4025 ἐκτεθειμένης,ῆτις
3272 3954 3573 4025 ὑπεκινήθη
3616 3958 3685 4009 ἐκ

2109 4046 2228 4100 τοῦ*
2264 4046 2551 4115 Ἑκάτερα
2574 4046 2914 4117 διόρθωσαι,
2942 4046 3163 4115 Χριστὲ
3185 4049 3217 4101 ὁ
3242 4048 3411 4113 Θοός.
3427 4047 3685 4109 Τοιοῦτος

441 4149 804 4210 solutionibus
862 4154 1123 4213 tanquam
1181 4142 1389 4196 facibus
1434 4141 1713 4193 illustrans
1758 4139 2006 4191 obscura:

2116 4143 2134 4195 5
2163 4142 2551 4211 ὃιαφωτισμὺς,
2576 4142 2696 4195 δυσὶ
2715 4140 2933 4194 λύσεσιν
2959 4140 3033 4203 ὡς
3055 4133 3144 4194 οἷα
3169 4143 3263 4193 καὶ
3289 4140 3536 4210 λυχνίαις
3580 4159 3683 4194 και

441 4242 726 4298 sentcntia:
773 4236 1100 4305 caliginem:
1136 4246 1365 4299 quarum
1398 4229 1618 4299 quidem
1667 4229 2001 4283 solutiouutn

2116 4237 2195 4290 τα)
2209 4237 2407 4303 ἀμπων
2436 4236 2534 4306 τὴν
2566 4236 2658 4287 τοῦ
2687 4232 3020 4303 ἀποροῦντος
3068 4232 3334 4302 λογισμοῦ
3382 4236 3674 4293 σκότωσιν,

440 4351 547 4391 una
579 4334 724 4387 clara
753 4339 855 4391 est,
893 4329 1061 4382 altera
1095 4326 1223 4395 quid
1260 4322 1512 4393 profundi
1539 4322 1719 4375 habet.

511 4427 599 4481 ll.
633 4423 763 4490 Quae
794 4430 974 4474 autem
1018 4426 1104 4472 est
1145 4417 1368 4479 clarior,
1403 4415 1514 4469 haec
1547 4422 1645 4467 cst.
1692 4412 1921 4481 Saepius,
1971 4426 2003 4464 ο

441 4521 605 4582 Deus,
638 4516 867 4569 ltrnmos
894 4524 1098 4565 canens
1124 4509 1245 4571 tibi,
1270 4507 1472 4560 misceo
1499 4504 1662 4560 etiam
1697 4512 2001 4572 peccatum,

440 4609 572 4664 illud
604 4607 821 4678 quidem
860 4603 1085 4673 pulchre
1117 4600 1340 4662 iaciens,
1378 4598 1481 4651 hoc
1537 4612 1664 4649 vero
1697 4610 2001 4664 perperam.

440 4701 872 4770 Oportetigitur,
902 4696 1046 4750 sicut
1077 4694 1227 4763 prius
1260 4701 1464 4744 rectum
1494 4701 1595 4753 est,
1625 4689 1695 4742 ita
1730 4687 1925 4757 corrigi
1950 4695 2006 4740 et

441 4793 733 4864 posterius,
776 4800 962 4843 utnon
1012 4786 1238 4840 alterum
1288 4784 1358 4835 sit
1405 4782 1523 4835 sine
1572 4787 1739 4843 tortu,
1772 4779 2001 4833 alterum

442 4898 572 4938 vero
601 4883 742 4938 male
800 4879 1085 4940 claudicet,
1118 4876 1212 4930 sed
1245 4874 1405 4928 ambo
1444 4883 1534 4926 tua
1561 4871 1732 4940 gratia
1768 4869 2005 4938 dirigan-

442 4987 552 5040 tur,
588 4972 732 5045 quod
764 4970 1071 5025 alterorsim
1104 4966 1277 5035 vergit
1309 4971 1629 5032 exmquante
1665 4962 1871 5030 optima
1912 4969 2001 5013 tua

443 5065 642 5122 libella.
699 5061 845 5116 Talis
883 5071 966 5114 est
1016 5058 1163 5112 illius
1202 5054 1532 5110 diﬂicultatis
1594 5057 1763 5122 pritra
1802 5051 2004 5106 solutio

445 5158 726 5228 liquidior,
770 5153 911 5206 baud
966 5166 1094 5205 vero
1122 5147 1373 5213 dicenda,
1429 5156 1487 5200 ut
1533 5155 1681 5215 puto,
1714 5145 2001 5213 illepidior.

445 5253 626 5305 Altera
679 5257 856 5300 autem
891 5244 1006 5297 haec
1058 5251 1175 5296 cst:
1222 5238 1559 5307 Quandoque
1600 5237 1866 5303 contingit
1904 5251 2005 5290 nos

446 5342 618 5411 loqui,
663 5348 718 5391 et
743 5337 955 5389 nescire
999 5332 1128 5403 quid
1167 5333 1473 5400 loquamur,
1505 5328 1645 5383 sicut
1666 5328 1826 5380 ctiam
1869 5327 2007 5396 lege-

448 5449 526 5494 re,
551 5439 603 5483 et
626 5427 844 5483 nescire
910 5423 1041 5495 quid
1109 5428 1372 5490 legamus.
1404 5423 1471 5475 Et
1505 5424 1607 5478 hoc
1669 5425 1847 5477 evenit
1900 5441 2003 5477 non

446 5537 553 5589 pra-
613 5515 916 5587 ignorantia
1016 5513 1110 5569 sed
1162 5513 1288 5582 quia
1358 5527 1512 5568 mens
1593 5531 1700 5568 non
1778 5514 2005 5569 aJvertit

449 5611 514 5661 ad
563 5624 626 5663 ea
693 5624 814 5679 quae
860 5607 1119 5662 dit-untur
1168 5616 1260 5659 aut
1303 5605 1574 5676 leguntur.
1641 5607 1796 5662 Tunc
1853 5608 2001 5660 vile-

446 5714 569 5752 umr
598 5708 657 5753 ut
680 5700 963 5768 psittacus,
999 5707 1094 5754 aut
1116 5697 1262 5769 pica,
1289 5706 1385 5752 aut
1416 5697 1506 5753 illa
1561 5695 1854 5768 Scriptura:
1887 5699 1997 5751 ai-

2110 4323 2187 4381 ὦν
2208 4327 2462 4395 λύσεωνὴ
2490 4326 2586 4395 μὲν
2604 4325 2966 4393 ἐπιφαίνεται,
2992 4322 3099 4394 ἠδὲ
3118 4324 3211 4375 καί
3231 4340 3281 4376 τι
3314 4322 3510 4393 βάθους
3539 4324 3680 4393 ἔχει.

2184 4424 2274 4470 ια’.
2302 4419 2411 4471 Καὶ
2439 4419 2473 4487 η
2505 4417 2605 4487 μὲν
2641 4414 2850 4482 ἁόαθὴς
2879 4414 2967 4485 εἴη
3001 4416 3067 4469 ἂν
3097 4415 3320 4487 τοιαύτη
3340 4431 3356 4447 ·
3392 4415 3680 4482 πολλάκις.

2113 4505 2158 4565 ὦ
2187 4510 2311 4575 Θεὲ,
2340 4510 2539 4579 ’ύμνους
2563 4509 2705 4579 ᾅδων
2742 4524 2822 4561 σοι
2854 4510 3226 4579 παραμιγνύω
3255 4510 3350 4563 καὶ
3376 4512 3679 4580 ἁμαρτέαν,

2112 4603 2289 4655 ἐκεῖνο
2327 4601 2425 4670 μὲν
2456 4600 2631 4670 ὀρθῶς
2665 4600 2854 4661 ποιῶν,
2881 4599 3039 4652 τοῦτο
3065 4599 3151 4664 δὲ,
3175 4600 3534 4670 πλημμελῶς.
3559 4604 3681 4673 Χρὴ

2111 4695 2264 4763 γοῦν,
2297 4694 2486 4762 ῶσπερ
2515 4695 2576 4744 τὸ
2604 4693 2821 4763 πρῶτον
2853 4692 3180 4763 διώρθωται,
3218 4693 3363 4747 οὕτω
3396 4696 3680 4764 κατορθοιιο

2113 4787 2275 4855 θῆναι
2302 4789 2396 4839 καὶ
2424 4786 2483 4837 τὸ
2514 4784 2788 4854 δεύτερον,
2816 4784 2902 4837 ἴνα
2942 4783 3017 4853 μὴ
3045 4783 3275 4852 θάτερον
3318 4786 3419 4857 μὲν
3454 4786 3676 4851 ἁσκαμ-

2113 4879 2320 4939 δεύτως
2365 4879 2485 4949 ἔχῃ,
2526 4878 2587 4929 τὸ
2633 4877 2691 4929 δὲ
2736 4877 2922 4929 λοιπὸν
2952 4877 3240 4951 ύποσκάζῃ
3276 4878 3528 4947 φαύλως’
3560 4878 3677 4930 ἀλλ’

2111 4969 2350 5036 ἑκάτερα
2376 4964 2486 5020 εἷεν
2508 4966 2866 5037 διωρθωμὲνα
2887 4969 2951 5037 τῇ
2987 4969 3051 5037 σῇ
3080 4968 3285 5037 χάριτι,
3314 4967 3680 5021 άνισασθέντα

2112 5060 2170 5112 τὸ
2197 5059 2488 5129 ἐτορρεπές
2518 5059 2620 5109 ὑπὸ
2659 5056 2752 5108 τοῦ
2788 5058 2882 5109 σοῦ
2903 5058 3072 5110 καλοῦ
3097 5059 3458 5125 ζυγοστάτου.
3483 5060 3684 5113 Τοιοῦ-

2111 5166 2204 5201 τον
2247 5151 2305 5201 τὸ
2353 5149 2408 5201 ἓν
2447 5148 2772 5218 θεράπευμα
2801 5148 2898 5217 τῆς
2928 5148 3162 5216 ἀπορίας
3191 5149 3252 5201 τὸ
3284 5132 3679 5218 άϐαθέστερον,

2109 5242 2210 5294 οὐκ
2241 5240 2306 5294 ἂν
2338 5241 2394 5292 δέ
2438 5257 2543 5305 τις,
2575 5238 2748 5309 οἶμαι,
2786 5232 2952 5303 εἴποι,
2979 5240 3055 5301 ὡς
3086 5240 3499 5310 ἀμαθέστερον
3528 5242 3586 5292 τὸ
3617 5241 3679 5293 δὲ

2110 5332 2298 5401 ἕτερον
2348 5330 2462 5399 ἔχει
2508 5328 2702 5387 οὕτως.
2752 5330 2942 5381 Ἔστιν
2971 5331 3138 5383 ἐνίοτε
3170 5330 3354 5385 λαλεῖν
3388 5331 3555 5401 ἡμᾶς,
3578 5333 3677 5383 καὶ

2115 5424 2188 5492 μὴ
2219 5424 2437 5483 εἰδέναι,
2485 5422 2536 5472 τί
2580 5419 2852 5491 λαλοῦμεν
2875 5462 2889 5484 ,
2933 5420 3125 5490 ὥσπερ
3153 5424 3246 5495 καὶ
3277 5421 3677 5491 ἀναγινώσκειν

2116 5516 2233 5583 μὲν,
2271 5513 2343 5584 μὴ
2392 5515 2587 5565 εἰδέναι
2636 5514 2713 5579 δὲ,
2764 5514 2909 5583 ἆπερ
2945 5514 3414 5586 ἀναγινώσκομεν.
3454 5516 3566 5570 Καὶ
3609 5518 3674 5569 οὐ

2111 5606 2273 5671 λέγω,
2330 5605 2468 5657 κατὰ
2522 5605 2767 5671 ἄγνοιαν,
2800 5605 2936 5657 ἀλλὰ
2982 5606 3132 5675 παρά
3165 5608 3224 5660 τὸ
3270 5607 3345 5678 μὴ
3394 5608 3537 5677 ἔχειν
3581 5608 3677 5660 τὸν

2113 5697 2233 5750 νοῦν
2269 5698 2405 5768 πρός
2435 5699 2546 5761 τοῖς
2579 5700 2612 5769 ἦ
2644 5699 2992 5770 λαλουμένοις
3024 5702 3055 5770 ἦ
3097 5705 3632 5772 ἀναγινωσκομένοις
3654 5718 3667 5733 ·
