3950 6208
398 327 506 398 303

1112 326 1536 388 EUSTATHII
1574 323 2336 387 THESSAIDNICENSIS
2376 309 2938 380 METROPOLlT/E

3546 301 3649 366 δαί

401 452 530 508 liam
562 465 682 519 quae
715 448 782 505 ad
821 448 1156 518 spiritualcm
1183 450 1548 505 obedientiam
1570 461 1984 520 ρτοιιιιιιιιιιιῳιε

2109 444 2190 514 ;ὴν
2225 441 2512 514 παροῦσαν
2540 436 2760 508 ὁμιλίαν
2797 434 2892 488 ἐπὶ
2922 428 3290 499 παρακλήσει,
3319 427 3387 520 τῇ
3419 422 3670 520 είς-εὑη-

397 546 467 601 ad
516 543 931 600 auscultandum
970 542 1210 596 animum
1255 542 1609 596 exhortatura
1660 549 1766 608 est,
1828 555 1972 595 nunc

402 639 676 708 accingor,
718 651 1004 693 recurrens
1058 636 1126 691 ad
1161 636 1334 705 prima
1389 635 1612 692 exordia
1659 635 1856 703 quibus
1890 633 1974 688 lu-

403 728 598 782 benter
637 727 895 782 inhmrco.
951 757 1021 767 -—
1054 726 1176 780 Fuit
1213 735 1446 794 tempus,
1504 740 1536 778 ο
1591 725 1809 784 fratres.
1869 739 1976 789 quo

403 835 581 888 neque
610 819 717 884 lex,
757 830 848 874 aut
899 820 1106 888 regula,
1143 827 1241 871 ant
1284 818 1388 871 ulla
1435 818 1713 871 rationalis
1744 815 1980 871 homini-

403 917 616 984 imsque
642 916 801 984 digna
829 915 1232 970 administratio
1273 915 1623 980 civitatisque
1656 915 1794 967 bene
1824 911 1979 967 ordi-

407 1018 558 1062 nata:
603 1007 923 1060 constitutio
964 1007 1108 1061 inter
1142 1006 1388 1062 homines
1419 1007 1730 1066 exsisteret,
1774 1003 1883 1058 itno
1915 1018 1982 1060 ne

405 1099 534 1152 vitae
555 1098 771 1167 quidem
801 1099 1068 1152 securitas
1089 1106 1256 1164 esset,
1275 1099 1402 1167 quia
1423 1112 1602 1166 neque
1621 1097 1854 1151 societas
1873 1097 1984 1158 coi-

406 1189 524 1254 bat,
542 1202 719 1258 neque
743 1189 932 1244 concio
959 1189 1280 1252 habebatur,
1303 1203 1476 1256 neque
1500 1197 1674 1243 castus
1690 1202 1984 1256 congrega-

408 1275 591 1340 batur,
614 1291 786 1344 neque
803 1276 921 1346 (cur
938 1277 1153 1332 enimid
1177 1277 1319 1346 quod
1349 1280 1588 1332 Omnium
1615 1276 1982 1332 tristissimum

413 1378 494 1420 cst
552 1366 797 1433 tacebo?)
827 1369 1132 1423 humanitas
1173 1383 1236 1422 ac
1284 1368 1637 1422 mansuetudo
1672 1367 1984 1437 apparebat,

411 1475 530 1525 qum
587 1459 702 1513 Sola
744 1459 1016 1513 hominem
1051 1459 1257 1524 efficit;
1295 1459 1450 1528 cujus
1488 1460 1563 1513 rei
1597 1460 1988 1514 demonstratio

412 1551 609 1616 partim
663 1551 849 1617 procul
896 1551 1226 1618 repetenda,
1263 1550 1455 1616 partim
1521 1564 1584 1603 ex
1657 1549 1990 1616 argumentis

409 1637 733 1708 propinquis
769 1636 1111 1701 deducenda,
1165 1637 1340 1692 facilis
1397 1637 1502 1692 erit
1551 1647 1604 1692 et
1641 1639 1914 1707 expedita.

483 1729 538 1780 9..
581 1727 733 1780 Atavi
785 1729 952 1784 nostri
997 1729 1213 1797 generis
1245 1745 1306 1784 ac
1337 1729 1558 1798 speciei,
1597 1730 1846 1783 homines
1883 1729 1990 1797 pri-

2077 533 2236 586 κςῖαν
2264 528 2644 600 πνευματικὴν
2671 526 2766 580 καὶ
2794 521 2971 578 πειθὼ
3003 521 3097 574 καὶ
3144 516 3422 586 ὑπακοὴν,
3447 514 3664 582 ἐνίστη-

2080 622 2646 696 μι,[ἀνα]δραμὼνείς
2660 618 2833 691 ἀρχὴν
2860 617 3309 684 σκοπιμωτάτην,
3326 607 3454 677 ἐμοὶ
3481 607 3668 668 καλῶς

2077 719 2440 790 ἀρέσκουσαν.
2468 747 2539 757 -
2567 710 2680 768 Ἦν
2705 715 2922 773 πάντως
2955 711 3169 780 χρόνος,
3195 699 3243 760 ὦ
3267 703 3508 771 ἀδελφοὶ,
3541 700 3670 754 καθ’

2079 811 2138 866 ὃν
2169 810 2325 864 οὔπω
2359 810 2439 879 μὴ
2466 809 2626 879 μόνον
2659 807 2719 860 οὐ
2751 805 2938 874 νόμος,
2966 801 2999 872 ἦ
3028 798 3232 864 κανὼν,
3293 797 3328 868 ἦ
3369 797 3667 865 ποίμανσις

2082 903 2298 970 έλλογος
2353 902 2449 955 καὶ
2499 897 2815 969 ἀνθρώποις
2876 895 3185 964 πρέπουσα,
3246 890 3280 959 ἢ
3321 888 3666 948 κατάστασις

2084 995 2238 1057 ἔθους
2270 992 2454 1055 ἁπλῶς
2481 991 2538 1044 ὲν
2563 988 2877 1058 ἀνθρώποις
2905 986 3152 1056 ἐκράτει,
3198 981 3318 1036 ἀλλ’
3378 978 3502 1032 οὐδὲ
3554 977 3669 1046 βίος

2085 1087 2438 1158 ᾠκονομεῖτο,
2468 1082 2658 1135 καθότι
2691 1080 2812 1134 οὐδὲ
2843 1079 3122 1149 ὁμήγυρις
3169 1071 3486 1146 ἡθροίζετο,
3547 1069 3671 1122 οὐδὲ

2089 1179 2402 1246 πανήγυρις
2435 1177 2624 1246 ᾕγετο,
2660 1173 2783 1227 οὐδὲ
2815 1172 3076 1240 σύλλογος
3105 1167 3464 1238 ὲγνωρίζετο,
3498 1165 3557 1218 τί
3598 1163 3675 1232 μὴ

2087 1269 2230 1334 λέγω
2252 1268 2311 1320 τὺ
2333 1267 2604 1320 οἴκτιστον
2629 1281 2644 1332 ;
2669 1263 2789 1316 οὐδὲ
2825 1262 3103 1332 ἡμερότης
3149 1257 3490 1326 ἐξεφαίνετο,
3546 1253 3676 1308 καθ’

2088 1361 2154 1428 ἧν
2187 1357 2650 1430 χαρακτηρίζεται
2681 1355 2967 1424 ἄνθρωπος
3006 1368 3020 1382 ⁸
3053 1353 3146 1404 καὶ
3191 1349 3344 1419 ἡτοῦ
3385 1347 3548 1414 λόγου
3593 1345 3676 1413 τῷ

2089 1451 2226 1513 τέως
2261 1447 2560 1512 ἀπόδειξις,
2609 1448 2658 1500 εἰ
2713 1447 2806 1498 καὶ
2846 1445 2907 1496 ἐκ
2949 1444 3059 1496 τῶν
3111 1440 3476 1513 πορρωτάτω,
3537 1437 3680 1490 ἀλλὰ

2089 1541 2293 1611 τρόπον
2323 1539 2483 1593 ἄλλον
2517 1539 2830 1606 ἐγγυτάτω,
2859 1534 3072 1604 λέγοιτο
3103 1535 3169 1587 ἂν
3217 1533 3308 1585 διά
3333 1532 3394 1583 τὸ
3447 1528 3682 1583 αὐτόθεν

2092 1632 2418 1700 εὐπόριστον
2443 1629 2537 1684 καὶ
2559 1627 2704 1683 οὓτω
2737 1631 3056 1699 πρόχειρον.

2165 1723 2232 1794 β’.
2261 1723 2322 1777 Οί
2347 1721 2614 1792 γενάρχαι
2644 1719 2736 1774 τοῦ
2776 1719 2899 1772 καθ’
2933 1720 3085 1788 ἡμᾶς
3119 1718 3212 1770 καὶ
3238 1717 3436 1784 γένους
3468 1716 3570 1769 καὶ
3602 1715 3685 1768 εῖ-

413 1823 510 1882 mi,
559 1821 885 1890 simulatque
933 1837 1216 1875 numerum
1281 1823 1603 1892 primarium
1647 1824 1982 1889 supergressi

2109 1791 2232 1879 ῖους,
2258 1815 2306 1866 οί
2342 1791 2549 1882 πρῶτοι
2575 1811 2880 1882 ἄνθρωποι,
2908 1810 3022 1879 ἅμα
3073 1808 3179 1861 πυθ
3191 1809 3416 1878 μενικον
3441 1807 3567 1878 ἀριο
3579 1809 3685 1878 μὲν

413 1911 612 1965 liberos
641 1921 1083 1978 procreaverunt,
1124 1912 1522 1966 mutilationem
1569 1911 1878 1976 subierunt,
1917 1912 1990 1965 si—

416 2004 636 2068 quidem
684 2003 806 2072 pius
839 2003 970 2056 Abel
1000 2003 1111 2057 cito
1155 2003 1412 2068 decessit,
1443 2005 1589 2058 haud
1624 2015 1800 2061 morte
1829 2017 1990 2059 natu-

416 2095 517 2150 rali
548 2095 855 2157 defunctus.
897 2095 990 2150 sed
1030 2110 1159 2151 nece
1193 2111 1286 2164 per
1319 2095 1513 2151 diaboli
1553 2097 1808 2152 invidiam
1842 2098 1987 2151 illata

420 2189 700 2257 abreptus.
728 2185 803 2241 Ex
837 2186 927 2241 illo
955 2195 1136 2242 autem
1174 2198 1414 2256 tempore
1443 2185 1658 2242 daemon
1703 2187 1993 2256 improbis-

421 2281 594 2335 simus
623 2281 765 2336 haud
791 2280 950 2335 desiit
1002 2280 1331 2335 omnimodis
1361 2279 1497 2334 dolis
1519 2279 1712 2334 similia
1745 2279 1992 2349 nequitiac

421 2370 548 2424 loiia
584 2378 638 2424 et
667 2368 1137 2439 contemporareis
1167 2377 1221 2421 et
1252 2366 1488 2438 posteris
1538 2367 1803 2432 inserere,
1831 2377 1994 2436 atque

426 2472 549 2530 post
581 2461 824 2515 fraudem
867 2475 972 2530 qua
1005 2459 1256 2530 paradiso
1293 2458 1524 2528 majores
1571 2468 1791 2512 nostros
1819 2463 1994 2526 priva-

422 2554 521 2614 vit,
556 2551 656 2606 alia
685 2552 952 2622 expromit
987 2551 1253 2606 horrenda
1295 2549 1540 2605 facinora
1577 2549 1857 2603 Cainitieae
1885 2564 1998 2602 nta-

424 2645 555 2698 litia:
580 2644 803 2708 similia,
842 2659 963 2714 quae
991 2643 1204 2698 etiamsi
1247 2643 1389 2698 alius
1428 2642 1650 2713 generis
1684 2644 1794 2698 sint
1821 2653 1872 2696 et
1899 2643 1998 2695 mi—

424 2738 576 2793 noris
627 2753 789 2810 quam
823 2738 1002 2794 caedes
1053 2737 1144 2792 illa
1197 2748 1458 2792 momentt
1509 2751 1631 2791 esse
1682 2737 1996 2800 videantur,

423 2846 603 2888 tamen
644 2835 781 2888 satis
819 2847 984 2903 prOpe
1019 2833 1085 2887 ad
1127 2831 1273 2886 illam
1308 2832 1576 2886 accedunt
1607 2839 1662 2884 et
1691 2829 1996 2885 clanculum

425 2926 769 2982 calamitates
825 2925 1084 2980 mortales
1142 2924 1476 2994 producunt,
1536 2922 1723 2989 quales
1787 2922 2001 2990 potissi-

426 3031 554 3068 nmn
599 3030 896 3085 exsurgere
944 3015 1180 3068 vidimus
1231 3029 1296 3068 ex
1356 3014 1643 3083 injustitiis
1685 3023 1739 3069 et
1792 3014 1998 3082 rapinis

2091 1905 2386 1960 ἐθεάσαντο
2413 1904 2582 1957 τέκνα
2609 1901 3038 1972 προϐαλόμενοι,
3089 1899 3184 1952 καὶ
3235 1899 3683 1968 ἐκολοϐώθησαν,

2093 1997 2302 2050 ἐκείνου
2340 1996 2474 2066 ταχυ
2535 1993 2941 2063 ἀπεληλυθότος
2983 1991 3075 2044 τοῦ
3146 1991 3315 2044 καλοῦ
3372 1990 3561 2056 Ἅϐελ,
3617 1991 3686 2043 οὗ

2095 2089 2312 2160 θανάτῳ
2359 2088 2567 2151 άπλῶς,
2603 2086 2738 2139 ἀλλὰ
2781 2084 2859 2154 τῷ
2891 2084 2977 2137 διὰ
3033 2084 3197 2152 φόνου
3249 2085 3316 2136 ὲκ
3364 2081 3687 2136 διαϐολικοῦ

2095 2181 2314 2252 φθόνου.
2361 2179 2606 2234 Ἐκεῖθεν
2640 2177 2695 2232 δὲ
2719 2177 2913 2246 χρόνου
2942 2176 3331 2245 κατασπείρων
3374 2174 3440 2246 οὐ⁸
3482 2173 3692 2226 διέλει-

2095 2292 2194 2328 πεν
2225 2276 2252 2328 ὁ
2272 2274 2574 2342 ἀρχέκακος
2600 2273 2759 2342 ὃμοια
2787 2270 3002 2334 ζιζάνια
3039 2266 3366 2329 κακοποιίας
3395 2269 3508 2326 τοῖς
3542 2269 3634 2316 ἐπι
3663 2293 3682 2305 ο

2095 2368 2278 2436 γόνοις
2309 2367 2405 2421 καὶ
2437 2365 2734 2434 όψιγόνοις,
2757 2359 2830 2417 ὧν
2860 2362 2925 2432 δὴ
2962 2360 3220 2426 ζιζανίων
3251 2359 3406 2428 φῦμα
3460 2361 3553 2410 καὶ
3584 2361 3689 2411 ἐπὶ

2096 2457 2188 2511 τὸν
2209 2459 2403 2527 Λάμεχ
2431 2455 2682 2519 ἐξέπεσε,
2719 2451 3029 2523 μεθοδεύων
3066 2468 3081 2483 ο
3145 2448 3239 2503 καὶ
3286 2449 3426 2518 μετά
3453 2448 3546 2500 τὸν
3599 2448 3694 2501 δό-

2097 2549 2213 2611 λον,
2260 2548 2319 2612 ὃς
2385 2547 2480 2601 τοῦ
2539 2546 2870 2617 παραδείσου
2925 2546 3054 2606 τοὺς
3105 2542 3264 2613 ἡμῶν
3327 2543 3693 2609 προπάτορας

2100 2643 2404 2710 ἀφώρισεν,
2445 2641 2662 2708 ἑτεροῖα
2691 2638 2939 2706 ἐκφαίνει
2984 2637 3159 2699 δεινά,
3191 2634 3260 2687 τὰ
3291 2633 3390 2702 μὲν
3435 2633 3536 2701 τῆς
3590 2632 3694 2684 τοῦ

2102 2737 2242 2790 Κάῖν
2271 2735 2558 2803 μιμήσεως
2594 2731 2752 2802 ἔργα,
2781 2730 2943 2799 ἕτερα
2965 2729 3020 2782 δὲ
3043 2727 3254 2789 ἀλλοῖα,
3284 2725 3548 2779 δοκοῦντα
3585 2724 3696 2794 μὲν

2101 2827 2310 2882 ὲλάττω
2331 2822 2470 2878 εἶναι
2510 2825 2616 2878 τῶν
2655 2822 3013 2891 φονευτικῶν,
3044 2819 3381 2873 ἀπονεύοντα
3433 2818 3488 2870 δὲ
3549 2819 3698 2890 πρὸς

2104 2921 2311 2982 ἐκεῖνα,
2337 2919 2431 2972 καὶ
2458 2915 2709 2978 ὑπούλως
2739 2914 3074 2983 κοριζόμενα
3115 2911 3457 2978 δυσπραγίας
3512 2908 3686 2960 θανα-

2101 3011 2298 3079 τηρᾶς,
2329 3009 2518 3070 ὁποίας
2553 3008 2778 3077 οἴδαμεν
2810 3005 2882 3069 ὡς
2919 3005 3156 3074 μάλιστα
3185 3003 3278 3056 καὶ
3303 3003 3402 3064 τὰς
3451 3001 3511 3066 ἐξ
3567 3002 3698 3054 ἁδι-

431 3121 570 3175 quas
623 3120 796 3172 nuper
834 3105 1174 3174 perpetravit
1212 3104 1529 3175 (diabolus).
1575 3114 1634 3160 ut
1663 3115 1997 3173 perverteret

2109 3104 2244 3156 κιῶν
2277 3103 2368 3155 καὶ
2393 3101 2687 3172 ἁρπαγῶν,
2713 3100 2778 3162 ἃς
2801 3100 2928 3168 ἤνυε
2962 3097 3328 3165 παρασχεδὸν,
3360 3095 3698 3164 διαστρέψαι.

430 3202 682 3255 animans
744 3201 1041 3265 rationale,
1093 3201 1400 3270 pulchrum,
1459 3202 1702 3272 regium,
1757 3201 2009 3270 sapiens.

430 3287 694 3353 divinum,
749 3289 816 3343 ab
855 3288 1057 3357 angelis
1091 3290 1420 3360 proximum,
1467 3305 1496 3344 a
1544 3291 1652 3346 Deo
1687 3292 2008 3357 conditum,

429 3390 591 3449 atque
647 3378 954 3435 deflecteret
997 3380 1124 3435 illud
1159 3382 1226 3450 ad
1273 3381 1561 3436 amentiam
1590 3392 1653 3450 et
1698 3381 1919 3444 faceret,
1957 3395 2013 3436 ιιι

431 3454 575 3526 illius
600 3474 776 3528 aetatis
803 3474 1046 3530 homines
1081 3475 1187 3530 vita
1223 3476 1362 3530 haud
1393 3478 1666 3546 sapienter
1709 3487 2012 3540 uterentur,

433 3568 527 3622 sed
556 3568 732 3638 potius
753 3568 817 3622 ad
847 3583 1021 3623 mores
1043 3568 1340 3624 belluarum
1355 3569 1714 3625 declinarent.
1736 3570 1888 3626 Unde
1922 3587 2016 3624 ex-

431 3671 550 3714 orta
574 3671 657 3716 est
677 3661 958 3717 calamitas
985 3670 1152 3728 tanta,
1177 3671 1235 3716 ut
1263 3661 1497 3718 mundus
1533 3677 1636 3717 non
1669 3661 1898 3730 amplius
1922 3677 2016 3717 ex-

433 3755 626 3810 sistere
662 3755 955 3810 videretur.
993 3754 1273 3821 Quomodo
1315 3755 1458 3808 enim
1483 3755 1740 3818 mundus,
1784 3755 1873 3809 ubi
1907 3770 2011 3809 non

435 3856 516 3901 cst
575 3846 772 3900 homo?
836 3847 1114 3914 Quomodo
1165 3857 1348 3901 autem
1416 3845 1620 3912 homo,
1689 3845 1782 3903 ubi
1861 3861 2015 3900 mun-

432 3942 534 3997 dus
584 3958 686 3996 non
717 3941 1162 3998 administratur?

505 4035 557 4088 3.
605 4033 742 4100 Quia
785 4045 964 4090 autem
1007 4050 1037 4088 c
1091 4045 1296 4088 naturae
1361 4034 1570 4102 legibus
1618 4033 1731 4086 fleri
1780 4047 1884 4086 non
1921 4046 2014 4101 po-

433 4133 598 4188 ictui,
624 4125 757 4195 quin
785 4127 888 4179 illis
909 4125 1052 4180 loliis
1077 4128 1368 4180 commissa
1401 4135 1583 4179 essent
1605 4125 1742 4178 bona
1769 4123 2010 4192 quaedam

437 4232 628 4285 gratia,
672 4231 702 4269 c
751 4215 948 4282 quibus
983 4217 1244 4283 temporis
1267 4231 1522 4270 successu
1564 4218 1756 4270 messis
1803 4217 2008 4277 divina,

439 4307 605 4377 spicis
636 4306 991 4377 frugibusque
1017 4309 1316 4371 abundans,
1380 4309 1620 4377 prodiret
1656 4310 2012 4378 (gubernabat

439 4399 586 4452 enim
638 4399 862 4469 sapiens
922 4398 1158 4468 agricola
1225 4408 1278 4453 et
1326 4398 1739 4452 administrator
1801 4398 2006 4458 mttndi,

440 4492 897 4562 quemadmodum
931 4493 1230 4546 etiamnum
1259 4490 1568 4561 gubernat).
1593 4499 1644 4544 et
1687 4489 1817 4558 quin
1857 4489 2011 4544 malis
2041 4463 2089 4522 Β

443 4584 548 4640 illis
583 4582 930 4640 facultatibus
960 4583 1113 4638 bonae
1141 4597 1354 4652 quoque
1385 4590 1568 4635 essent
1591 4579 1855 4650 adjunetac
1887 4580 2003 4648 qui-

442 4679 543 4733 bus
594 4680 704 4732 vita
755 4677 862 4732 Deo
916 4687 1134 4746 accepta
1171 4673 1877 4730 forutaretttr:hominibus
1907 4673 2013 4726 illis

444 4773 711 4841 corruptis
755 4770 1119 4826 interfuerunt
1165 4769 1250 4822 hic
1297 4768 1408 4823 illic
1463 4765 1706 4821 nonnulli
1742 4765 1892 4834 probi
1921 4765 2010 4832 qui

443 4863 510 4916 de
538 4873 856 4917 czeterorum
882 4861 1086 4916 malitia
1113 4859 1390 4920 dolebant,
1412 4865 1720 4924 reputantes
1745 4855 2016 4925 quomodo

443 4953 615 5010 Adam
652 4965 707 5008 et
751 4955 920 5023 prima
955 4953 1177 5024 generis
1225 4949 1448 5004 humani
1494 4959 1666 5004 mater
1693 4963 1721 5002 a
1751 4947 1859 5001 Deo
1891 4946 2022 5000 fuis—

445 5057 568 5101 sent
589 5045 776 5106 Creati,
808 5046 1077 5113 simplices
1110 5045 1388 5107 nimirum,
1433 5040 1732 5110 tranquilli,
1765 5039 2015 5092 mutatio-

448 5141 533 5196 nis
588 5147 862 5206 expertes,
921 5137 1214 5200 mansucti,
1268 5135 1468 5203 injuste
1526 5146 1686 5200 agere
1731 5130 1922 5191 ursi-ii,
1967 5138 2020 5182 et

447 5232 717 5302 quomodo
743 5243 934 5283 secure
966 5239 1183 5296 agentes
1216 5229 1281 5282 ad
1316 5228 1416 5281 hoc
1458 5226 1686 5280 fuissent
1717 5223 2019 5286 constituti,

449 5337 507 5380 ut
547 5331 894 5396 augerentur,
929 5334 992 5371 ac
1052 5319 1428 5388 multiplicatio
1480 5317 1618 5371 facta
1681 5317 1784 5380 sit,
1842 5314 2021 5368 divino

451 5428 724 5490 pmcepto
751 5417 817 5471 ad
841 5413 1042 5469 exitum
1079 5413 1362 5479 perducto.

2117 3198 2178 3248 τί»
2208 3194 2424 3262 λογικὸν
2458 3192 2595 3257 ζῶον
2627 3192 2686 3245 τὸ
2707 3193 2891 3256 καλὸν,
2925 3190 2986 3243 τὸ
3027 3183 3334 3260 βασιλικὸν,
3377 3188 3439 3240 τὸ
3485 3188 3698 3252 ἔνθεον,

2116 3291 2176 3342 τὸ
2216 3286 2535 3355 δευτερεῦον
2571 3285 2711 3354 μετά
2733 3283 3024 3352 ἀγγέλους,
3055 3283 3115 3336 τὸ
3143 3281 3493 3346 θεόπλαστον,
3547 3281 3705 3348 φιλο-

2117 3381 2313 3435 νεικῶν
2347 3378 2686 3450 μεταστῆσαι
2733 3377 2865 3430 αὐτὸ
2893 3366 2972 3438 εἰς
3001 3375 3250 3442 ἀλογίαν,
3279 3367 3360 3435 οἷς
3386 3374 3488 3426 οὐκ
3538 3373 3702 3424 €2.16-

2115 3494 2228 3544 γως
2256 3477 2304 3529 οί
2333 3477 2455 3528 τότε
2499 3474 2568 3527 τὰ
2600 3475 2678 3534 είς
2726 3465 2847 3540 ’βίον
2907 3469 3196 3532 διέκειντο,
3260 3463 3501 3534 θηριώδη
3547 3462 3704 3530 ζωὴν

2117 3566 2597 3637 ὲπαναιρούμενοι.
2626 3560 2736 3617 Ἦν
2751 3562 2808 3614 δὲ
2833 3560 2941 3630 ἄρα
2970 3561 3157 3628 ὅμοιον
3203 3556 3262 3610 τδ
3296 3555 3704 3621 δυσπεάγημα,

2115 3658 2191 3722 ὡς
2225 3659 2273 3709 εί
2306 3655 2443 3725 μηδὲ
2474 3654 2677 3724 κόσμος
2702 3648 2769 3722 ἦν
2804 3652 2903 3704 ἔτι.
2952 3648 3060 3701 Ποῦ
3122 3645 3230 3714 γὰρ
3285 3645 3511 3711 κόσμος,
3567 3643 3708 3694 Eva:

2119 3751 2194 3820 μὴ
2226 3749 2551 3817 άνθρωπος;
2585 3745 2688 3799 ποῦ
2723 3744 2779 3798 δὲ
2833 3742 3142 3813 ἄνθρωπος,
3174 3737 3301 3790 ἔνθα
3357 3736 3432 3806 μὴ
3485 3736 3545 3786 τὶ
3601 3735 3708 3786 κός

2120 3858 2276 3913 σμιον
2301 3838 2681 3903 πολιτεύεται;

2185 4031 2256 4092 γ’.
2291 4023 2415 4076 Ὀτι
2441 4019 2496 4072 δὲ
2526 4019 2624 4070 ούκ
2654 4010 2800 4086 εἶχεν
2821 4012 2996 4085 ὀρθῶς
3047 4011 3288 4080 φύσεως,
3342 4008 3417 4078 μὴ
3473 4007 3530 4058 ἐν
3580 4010 3707 4067 τοῖς

2114 4113 2382 4170 τοιούτοις
2403 4109 2664 4176 ζιζανίοις
2700 4103 3122 4177 παραμεμίχθαι
3156 4103 3249 4156 καί
3281 4117 3433 4160 τινας
3463 4098 3707 4161 κόκκους

2115 4208 2409 4278 χρηστοὺς,
2447 4203 2505 4268 εξ
2545 4195 2618 4256 ὢν
2652 4201 2874 4254 ἐδύνατο
2911 4197 3084 4268 χρόνῳ
3114 4193 3246 4246 ποτὲ
3291 4193 3448 4262 λήϊον
3504 4193 3713 4244 ἀποτεο

2114 4298 2367 4366 λεσθῆναι
2397 4294 2532 4347 Θεοῦ
2561 4291 2798 4361 εὕσταχυ
2839 4289 2930 4340 καὶ
2958 4286 3314 4355 πολύκαρπον
3347 4282 3704 4353 (ᾠκονόμησε

2115 4389 2224 4461 γὰρ
2257 4389 2286 4442 ὁ
2356 4387 2447 4440 καὶ
2495 4384 2745 4454 τεχνίτης
2785 4377 3029 4448 γεωργὸς
3075 4376 3172 4431 καὶ
3227 4373 3536 4444 προνοητὴς
3597 4372 3702 4426 τοῦ

2119 4483 2350 4550 κὸσμου,
2379 4477 2521 4531 καθά
2563 4473 2842 4543 οἰκονομεῖ
2875 4470 2968 4524 καὶ
3025 4469 3248 4536 statim),
3301 4464 3710 4534 ὲγκεχυμίσθαι

2121 4572 2352 4642 φαύλαις
2380 4569 2618 4630 ἐκείναις
2652 4564 2904 4634 ποιότησι
2933 4562 3021 4615 καὶ
3054 4560 3384 4637 χρησίμους,
3434 4558 3531 4610 καὶ
3578 4557 3713 4619 οἵως

2120 4665 2368 4736 διαρτίαν
2399 4659 2823 4729 θεοφιλεστάτην
2870 4655 3176 4719 ἀποτελεῖν,
3211 4653 3541 4719 παρέκειντο
3589 4655 3711 4714 τοῖς

2119 4757 2240 4810 τότε
2283 4751 2793 4826 παρεξηυλημένοις
2831 4745 3145 4818 ἀνθρώποις
3168 4744 3372 4812 ἀναμὶξ
3422 4743 3517 4796 καί
3551 4760 3704 4805 τινες

2121 4850 2402 4919 ἐμμελεῖς,
2435 4847 2529 4900 καὶ
2557 4845 2770 4897 ἒθλιϐεν
2807 4839 3006 4902 αὐτοὺς
3053 4838 3122 4889 τὰ
3176 4839 3322 4889 κακὰ
3361 4835 3469 4888 τῶν
3529 4835 3712 4888 ἄλλων

2120 4943 2328 5006 ἐκεῖνα,
2363 4939 2772 5008 λογιζομένους,
2805 4929 2915 4996 οἷος
2941 4933 2970 4986 δ
3016 4930 3191 5001 Ἀδάμ
3222 4931 3318 4982 κοιλ⁴
3349 4929 3380 4995 ἡ
3430 4926 3555 4979 κατ’
3611 4929 3710 4980 αὖ·

2121 5034 2211 5086 τὸν
2238 5035 2538 5103 προμήτωρ
2558 5030 2844 5098 ἄνθρωπος
2865 5023 3221 5093 ὲπλάσθησαν
3250 5020 3358 5074 ὑπὸ
3391 5017 3482 5071 τοῦ
3542 5019 3714 5080 Θεοῦ,

2126 5124 2290 5178 ἁπλοῖ
2325 5125 2543 5185 πάντως
2572 5122 2794 5183 ἐκεῖνοι,
2850 5121 2944 5171 καὶ
2980 5117 3365 5186 ἀπράγμονες,
3398 5113 3495 5166 καὶ
3553 5111 3718 5164 ἀποί-

2127 5221 2288 5279 κιλοι,
2327 5219 2420 5270 καὶ
2447 5216 2667 5285 πραεῖς,
2703 5215 2798 5266 καὶ
2857 5211 3010 5264 οὐδὲν
3060 5209 3268 5263 ἀδικεῖν
3316 5207 3543 5268 εἰδότες,
3617 5205 3715 5256 καὶ

2129 5313 2204 5375 ὡς
2233 5311 2541 5380 ἐτάχθησαν
2599 5305 2830 5359 τοιοῦτοι
2894 5302 3314 5372 φυλαττόμενοι,
3365 5296 3706 5361 αὐξάνεσθαι

2131 5403 2224 5456 καὶ
2245 5398 2618 5469 πληθύνεσθαι
2645 5397 2739 5449 καὶ
2767 5393 3014 5463 πληροῦν
3049 5391 3148 5461 τὴν
3201 5389 3556 5460 οίκουμέ-ιην,
3614 5385 3712 5436 καὶ

449 5479 523 5577 ib;
548 5479 760 5583 γίνεται
793 5514 890 5582 μὲν
913 5513 972 5565 τὸ
997 5507 1205 5562 ἐκεῖθεν
1226 5505 1525 5567 κελεύσεως
1559 5506 1590 5573 ἡ
1625 5503 1857 5572 αὔξησις
1928 5503 2024 5554 καὶ
2061 5503 2093 5570 ἡ
2131 5497 2473 5568 πληθυντικὴ
2518 5496 2824 5565 πλήρωσις,
2896 5491 2956 5542 οὐ
2995 5487 3349 5549 διαπεσόντος
3407 5483 3502 5536 τοῦ
3563 5479 3714 5532 θείω

453 5609 839 5678 κελεύσματος.

525 5705 575 5756 4.
615 5703 717 5755 Sed
746 5703 990 5768 quamvis
1026 5698 1182 5753 bouis
1229 5694 1473 5748 muribus
1525 5695 1746 5747 sttttlet'c
1787 5692 2021 5760 jubean-

459 5809 568 5856 μιν.
608 5801 786 5844 tamen
840 5809 868 5845 a
912 5797 1016 5848 vita
1070 5792 1337 5860 majorum
1379 5788 1662 5852 recedunt,
1697 5793 1885 5854 utpote
1935 5782 2025 5852 qui

2199 5681 2262 5734 δ’.
2324 5679 2629 5731 Ψεύδοντκι
2688 5677 2745 5729 δὲ
2777 5677 2873 5744 τὴν
2895 5669 3316 5743 προπατορικὴν
3359 5667 3546 5734 βιοτὴν
3575 5665 3622 5717 οι
3651 5662 3718 5714 τὶ

2134 5776 2296 5830 καλὸν
2319 5771 2703 5835 κελευσθέντες
2737 5771 2990 5839 πάσχειν,
3021 5761 3111 5820 οἷα
3145 5766 3223 5835 μὴ
3261 5763 3390 5833 περὶ
3447 5759 3576 5828 γῆν,
3630 5755 3714 5817 ὡς
