4002 6208
335 386 458 454 30')

339 590 539 657 ίδρῶτι
568 594 866 663 προσώπου
894 601 1248 671 ποριζόμενοι
1281 607 1467 676 ἄρτον,
1498 612 1618 666 οὐδὲ
1652 614 1787 685 πρὸς
1840 616 1928 669 λό-

335 696 442 749 γον
478 681 680 749 ζῶντες
722 688 818 740 καὶ
843 688 1110 759 βιοῦντες,
1131 693 1207 754 ὡς
1252 699 1279 750 ὀ
1313 699 1446 762 Θεὸς
1501 681 1725 773 ὥρισεν,
1788 707 1927 763 ἀλλά

336 775 492 828 κατὰ
530 777 683 845 σφῶν
713 774 891 833 αὐτῶν
925 783 1316 856 ἀπανθρώπως
1377 793 1774 866 ἐρεθιζόμενοι,
1831 800 1926 853 καλ⁵

337 864 619 938 ἀλλήλους
660 871 1027 943 ταράσσοντες
1058 879 1152 930 καὶ
1184 881 1517 952 ἁράσσοντες
1546 864 1640 939 καὶ
1683 890 1928 960 σπαράτ-

337 973 558 1026 τοντες,
615 963 704 1014 καὶ
752 967 930 1019 πάντα
989 969 1226 1038 δρῶντες
1266 975 1412 1029 κακὰ
1447 978 1527 1041 είς
1561 979 1688 1043 τοὺς
1721 982 1926 1051 ὁμοίως

336 1052 532 1114 αὐτοῖς
559 1055 905 1125 ἀνθρώπους,
932 1059 1002 1112 δι’
1026 1055 1101 1115 ὦν
1147 1063 1214 1116 ἂν
1243 1067 1440 1120 ἐκείνοι
1496 1070 1596 1138 τὴν
1642 1073 1762 1125 τότε
1821 1093 1926 1144 μα-

340 1142 624 1208 κροζωταν
690 1145 1077 1214 ἁπεύξωνται,
1130 1153 1197 1221 ἣν
1256 1156 1439 1219 αὐτοῖς
1517 1163 1838 1231 παρέτεινεν
1899 1168 1929 1219 ό

335 1235 504 1296 θεός.

409 1331 478 1379 ε’.
510 1325 578 1378 Τί
605 1322 698 1381 οὖν
717 1329 817 1381 οὐκ
853 1330 919 1384 ἂν
953 1333 1169 1390 ἐποίουν
1201 1338 1282 1401 είς
1311 1338 1597 1410 διόρθωσιν
1623 1346 1674 1397 οί
1707 1347 1799 1400 καὶ
1821 1349 1926 1418 τὴν

333 1415 617 1482 δάκρισιν
656 1420 866 1473 καὶτὸν
901 1423 1136 1494 ἀριθμὸν
1173 1428 1387 1498 μέτριοι
1422 1432 1700 1502 ἄνθρωποι
1773 1415 1921 1506 τότε,

334 1508 388 1558 οξ
420 1510 560 1577 πρὸς
597 1510 673 1578 τῷ
703 1510 842 1579 Θεῷ,
870 1515 919 1566 oi
951 1517 1094 1568 κατὰ
1140 1519 1327 1587 φύσιν,
1381 1523 1432 1574 oi
1480 1526 1720 1594 εὐγενῶς
1769 1530 1926 1584 Ἄδα-

342 1605 548 1669 μταίοι,
589 1601 686 1666 οὓς
716 1605 748 1674 ἠ
775 1606 1054 1677 ἁγαθότης
1098 1610 1377 1678 ἐδιδάξατο
1425 1615 1527 1686 τὴν
1573 1617 1765 1688 ἱλαράν
1828 1621 1927 1674 ἀν-

338 1691 677 1762 θρωπότητα
698 1712 712 1760 ;
737 1698 789 1749 τί
819 1697 875 1750 δὲ
934 1700 1034 1752 οὐκ
1063 1701 1131 1754 ἂν
1165 1704 1471 1772 μεθώδευον
1495 1707 1795 1778 θυμόσοφοι
1858 1712 1926 1766 τὰ

339 1789 398 1846 ἐς
427 1785 809 1854 φιλαδελφίαν,
842 1792 1103 1861 μενοῦνγε
1128 1794 1376 1867 θεόσοφοι
1427 1798 1578 1863 ὄντες
1612 1817 1628 1867 ;
1698 1804 1813 1867 πῶς
1867 1805 1923 1858 δὲ

334 1878 400 1927 03
439 1876 517 1945 μὴ
539 1879 893 1949 ἐνεπδρίζετο
919 1885 986 1938 τὰ
1011 1863 1569 1958 σπλάγχναγέκείνοις,
1600 1863 1694 1946 καὶ
1723 1896 1755 1964 ἡ
1784 1863 1922 1968 καρτ
1947 1863 1996 1924 Β

333 1964 424 2016 δία
449 1965 689 2032 ἐκαίετο,
709 1969 852 2023 οὕτω
881 1971 974 2025 τοῦ
1008 1976 1151 2028 κατά
1179 1977 1468 2047 ἄνθρωπον
1493 1981 1639 2036 θείου
1663 1964 1918 2055 πλάσμα-

279 2082 284 2086 ν
333 2075 428 2119 τος
472 2058 651 2130 βραχύ
708 2079 760 2117 τι
836 2067 1119 2132 παντελῶς
1181 2070 1558 2142 ἠλαττωμένον
1619 2077 1920 2148 θηριώδους

335 2154 788 2222 κακεντρεχείας,
817 2157 984 2226 μόνης
1005 2159 1104 2230 τῆς
1131 2162 1222 2214 ἐπὶ
1251 2165 1532 2234 τεσσάρων
1559 2166 1769 2236 βάσεως
1792 2173 1918 2224 ἐπι-

335 2245 643 2314 λειπούσης
667 2248 856 2312 αὐτοῖς
893 2251 975 2314 είς
1007 2269 1069 2320 γε
1093 2253 1193 2324 τὴν
1220 2259 1358 2326 πρὸς
1412 2259 1581 2331 θηρία
1619 2261 1768 2316 δεινὰ
1823 2267 1920 2320 καὶ

333 2338 738 2410 ἀνθρωποϐόρα
776 2343 1030 2404 ἐξίσωσιν
1059 2349 1153 2399 καὶ
1184 2349 1446 2417 ὁμοίωσιν
1473 2369 1490 2419 ;

409 2438 486 2495 ς’.
517 2427 596 2484 Ἦ
625 2433 844 2498 πάντως
874 2435 1069 2507 ἔχομεν
1103 2442 1166 2493 ἐκ
1196 2441 1304 2494 τῶν
1357 2444 1584 2498 εἰκότων
1621 2453 1919 2503 συνεννοεῖο

302 2524 491 2587 ﬂabat,
525 2524 603 2587 ῶς
621 2525 813 2596 πρῶτα
840 2529 938 2596 μὲν
973 2530 1334 2602 ἀπωδύραντο
1376 2534 1442 2587 ἂν
1463 2537 1730 2608 ἐγκάρδια
1769 2539 1914 2593 κατὰ

335 2619 479 2683 σφᾶς
507 2617 707 2676 αὐτοὺς
740 2619 790 2671 oi
837 2620 1034 2687 ἀγαθοὶ
1065 2624 1264 2677 ἐκεῖνοι
1298 2625 1596 2695 ἄνθρωποι,
1621 2631 1911 2699 κορεσθέν-

330 2726 424 2772 τες
458 2710 776 2779 καταμόνας
795 2711 1048 2780 δακρύων
1084 2730 1100 2744 ο
1157 2712 1275 2769 εἶτα
1330 2719 1557 2788 μέτριοί
1595 2737 1762 2787 τινες,
1818 2723 1916 2788 οὓς

329 2802 391 2854 τὸ
413 2805 559 2856 κατά
593 2806 755 2871 φύσιν
782 2803 924 2856 θετον
944 2805 1196 2876 ζώπυρόν
1222 2807 1559 2879 ἁνεθέρμανε
1608 2810 1918 2884 φιλανθρω-

333 2893 667 2957 πεύσασθαι,
703 2896 782 2958 είς
838 2896 897 2949 ἐν
940 2898 1284 2963 συνελθόντες
1337 2899 1554 2972 βουλῆς,
1615 2905 1915 2974 ἐσκέψαντο

329 2987 420 3050 ἂν,
451 2987 505 3039 τί
534 2990 939 3059 τεχνησάμενοι
978 2993 1410 3048 ἀνακαλέσονται
1433 2995 1521 3049 τὸν
1554 2998 1784 3051 παλαιὸν
1815 2999 1912 3053 ἀν-

332 3079 577 3148 θρωπον.
619 3081 692 3133 Τὸ
744 3081 799 3134 δὲ
833 3081 1082 3136 ἐντεῦθεν
1119 3085 1550 3157 ἐντεθυμημένοι
1581 3090 1778 3160 πρῶτα
1818 3093 1912 3143 τὸν

932 391 1057 459 ΒΕ
1093 401 1572 468 OBEDIENTiA
1637 412 2170 482 MAGISTRATUI
2211 425 2684 494 CHRISTIANO
2745 432 3046 496 DEBlTA.

335 499 540 570 ἐχρῆν,
568 501 900 572 μοχθοῦντες
929 509 1027 560 καὶ
1046 510 1117 563 τὰ
1144 513 1264 566 κατ’
1296 514 1469 587 αὐτὴν
1498 518 1656 588 ἔργα,
1700 523 1821 577 οὐδὲ
1870 527 1910 577 ἐι

2030 535 2206 600 neque
2259 543 2420 591 terra:
2437 580 2451 603 ,

3507 446 3613 511 306

2526 542 2603 595 uti
2667 545 2919 613 decebat,
2995 548 3319 605 exercendae
3385 565 3608 623 operam

2037 637 2261 693 navant,
2300 645 2479 699 neque
2521 633 2574 687 in
2615 635 2819 691 sudore
2875 639 3031 695 faciei
3068 656 3263 713 panem
3319 645 3612 715 acquirere

2034 722 2392 788 contendunt,
2451 741 2629 795 neque
2677 732 2976 787 secundum
3027 737 3315 803 rationem,
3344 738 3421 793 uti
3463 737 3610 797 Deus

2034 815 2316 883 praeepit,
2354 816 2517 870 vitam
2554 833 2617 872 ac
2658 835 2838 876 mores
2872 824 3133 895 dirigunt,
3185 827 3281 882 sed
3313 838 3504 884 contra
3549 847 3610 886 se

2032 901 2177 970 ipsos
2227 904 2455 962 invicem
2499 911 2796 966 crudeliter
2847 916 3157 984 insurgunt,
3225 919 3608 988 perturbantes

2037 1011 2159 1050 sese
2192 1013 2255 1053 ac
2290 999 2626 1060 oll‘endentes
2663 1018 2717 1059 et
2746 1005 3074 1068 lacerantes.
3102 1021 3155 1065 et
3182 1012 3358 1066 omnis
3387 1015 3608 1084 generis

2035 1084 2175 1138 mala
2213 1087 2455 1144 inferunt
2497 1091 2568 1146 iis
2602 1093 2692 1161 qui
2729 1109 2882 1163 a‘que
2923 1111 2986 1150 ac
3022 1098 3122 1166 ipsi
3160 1097 3407 1154 homines
3453 1111 3606 1165 sunt,

2032 1172 2168 1226 adeo
2210 1183 2269 1227 ιιι
2308 1175 2384 1230 illi
2435 1177 2557 1231 vitm
2609 1180 3025 1250 longzcvitatem,
3074 1199 3103 1237 a
3144 1185 3252 1239 Iteo
3297 1185 3430 1255 ipsis
3479 1204 3611 1243 con—

2033 1273 2266 1323 cessam,
2303 1264 2500 1320 misere
2531 1266 2886 1323 detestentur.
3625 1262 3628 1266 ’

2107 1347 2160 1401 5.
2196 1348 2334 1414 Quid
2365 1351 2527 1420 igitur
2571 1368 2677 1408 non
2710 1357 2960 1411 fecerunt
2995 1361 3061 1413 ad
3111 1360 3389 1416 meliorem
3421 1365 3609 1419 condi-

2033 1439 2232 1494 tionem
2266 1442 2630 1497 rcdttcendam
2672 1449 2832 1516 pauci
2887 1449 3137 1506 homines
3180 1453 3254 1506 illi
3287 1454 3604 1523 prudentes.

2031 1531 2142 1586 Deo
2193 1537 2420 1604 accepti,
2470 1549 2677 1594 naturae
2729 1545 3118 1600 convenienter
3165 1546 3434 1615 viventes,
3488 1553 3602 1604 veri

2029 1620 2222 1674 Adami
2255 1625 2476 1692 posteri,
2502 1640 2638 1694 quos
2668 1627 2805 1682 bona
2838 1629 3072 1698 ipsorum
3099 1633 3307 1688 indoles
3335 1635 3599 1705 placidam

2033 1709 2261 1766 docebat
2298 1713 2734 1770 humanitatem?
2779 1718 2916 1784 de
2965 1737 3068 1775 non
3113 1727 3491 1792 excogitarunt
3525 1729 3601 1781 illi

2030 1803 2120 1872 qui
2153 1819 2181 1856 a
2217 1805 2426 1859 ratione
2453 1821 2573 1872 sua,
2609 1808 2688 1861 vel
2710 1811 2882 1876 potius
2903 1828 2931 1865 a
2955 1814 3084 1878 Deo,
3118 1815 3184 1868 ad
3217 1817 3441 1871 fratrum
3475 1820 3606 1873 cha-

2027 1893 2240 1949 ritatem
2278 1896 2744 1953 stimulabantur?
2775 1900 3059 1968 Quomodo
3090 1908 3296 1962 viscera
3342 1908 3447 1964 illis
3492 1927 3600 1964 non

2028 1987 2356 2042 inﬂammata
2408 1973 2569 2057 sunt,
2596 1994 2866 2059 quomodo
2892 2008 2985 2048 cor
3016 2010 3123 2050 non
3175 2000 3440 2067 exarduit,
3479 2018 3625 2057 cnm'

2026 2081 2275 2135 viderent
2307 2081 2544 2135 divinam
2579 2071 2912 2153 creaturam,
2943 2089 3214 2144 hominem
3244 2092 3385 2157 dico,
3414 2094 3604 2151 bestiis

2026 2173 2408 2240 propemodum
2455 2188 2578 2228 esse
2629 2175 2962 2242 inferiorem,
3019 2183 3089 2233 ita
3145 2191 3198 2236 ut
3235 2184 3300 2235 ad
3351 2185 3604 2240 similitu-

2027 2257 2206 2312 dinem
2257 2258 2550 2315 bestiarum
2607 2263 2839 2318 ferarmn
2897 2279 3058 2336 atque
3115 2271 3414 2329 crudelium
3467 2276 3602 2330 nihil

2026 2347 2140 2403 fere
2181 2351 2435 2406 deﬁceret
2466 2353 2568 2408 nisi
2623 2365 2678 2408 nt
2712 2367 2944 2425 quatuor
2981 2362 3212 2428 pedibus
3241 2364 3604 2422 incederent?

2099 2442 2151 2497 6.
2204 2444 2347 2499 Sane
2395 2462 2422 2499 a
2465 2462 2597 2501 vero
2647 2449 2791 2504 hami
2836 2452 3236 2523 aberrabimus,
3290 2459 3334 2512 si
3385 2461 3603 2514 conclu-

2026 2535 2204 2590 dimus
2232 2535 2352 2590 illos
2387 2537 2631 2594 homines
2664 2541 2858 2609 probos
2906 2543 3139 2610 primum
3184 2561 3396 2600 summo
3431 2549 3598 2603 animi

2027 2643 2273 2684 mmrore.
2305 2628 2531 2683 aﬂ'e‘ctos
2584 2629 2945 2700 larrymarum
2987 2635 3195 2704 cepiam
3253 2639 3554 2707 profudisse
3582 2681 3594 2704 ,

2025 2704 2222 2771 deinde
2255 2732 2456 2785 paucos
2483 2720 2768 2786 quosdam,
2805 2720 3017 2777 fervore
3057 2704 3331 2781 diviuo'ad
3366 2728 3609 2783 fratrum

2025 2825 2264 2863 amorem
2293 2811 2580 2875 excitatos,
2625 2812 2966 2868 consultandi
2997 2830 3156 2870 causa
3194 2819 3514 2874 convenisse
3541 2831 3608 2874 er

2025 2902 2090 2952 de
2152 2900 2352 2968 optima
2423 2901 2814 2957 deliberavisse
2899 2903 3107 2960 ratione
3171 2921 3274 2974 qua
3352 2919 3591 2963 veterem

2024 2990 2294 3044 hominem
2333 3002 2668 3046 revocarent.
2698 2994 2832 3047 Tum
2879 2997 3056 3065 primo
3091 2997 3258 3052 Deum
3290 3010 3612 3056 creatorenr

2023 3082 2204 3136 animo
2231 3081 2332 3136 sibi
2371 3093 2822 3150 reprtesentantes
2867 3087 3212 3156 invocarunt,
3246 3099 3303 3145 ut
3334 3093 3593 3147 mundum

333 3170 586 3239 πλάστην
611 3171 837 3241 Κύριον,
920 3175 1013 3226 καὶ
1070 3175 1556 3247 θεοκλυτήσαντες,
1605 3183 1910 3252 ἐπιϐλέψειν

2021 3191 2174 3228 suum
2204 3175 2461 3246 respiciat
2503 3192 2818 3233 conversum
2851 3180 2916 3233 ad
2951 3180 3355 3252 improbitatem
3387 3195 3438 3239 et
3467 3199 3592 3255 per-

335 3264 431 3314 ἐπὶ
459 3262 554 3314 τὸν
577 3262 782 3333 κόσμον
806 3265 970 3318 αὐτοῦ
1011 3272 1475 3340 περιτρεπόμενον
1512 3276 1590 3337 είς
1638 3278 1912 3347 ἀκοσμίαν

331 3357 430 3406 καὶ
468 3356 1006 3426 ἀνασκευαζόμενον,
1027 3362 1123 3414 καὶ
1158 3362 1234 3431 μὴ
1271 3366 1630 3434 ἀνασχέσθαι,
1662 3370 1911 3440 πρόϐατα

335 3447 438 3515 μὲν
469 3446 565 3498 καὶ
598 3446 726 3515 βόας
780 3448 876 3500 καὶ
922 3448 1073 3502 ἅπαν
1133 3451 1325 3522 θηρίον
1368 3455 1718 3526 διεξάγεσθαι
1770 3467 1911 3519 κατά

333 3538 523 3607 φύσιν,
547 3538 621 3601 ὥς
644 3539 974 3610 ἐτάχθησαν,
995 3543 1057 3595 τὺ
1083 3542 1139 3596 δὲ
1165 3544 1464 3602 θεοείκελον
1495 3553 1661 3604 αὑτοῦ
1687 3554 1912 3626 πλάσμα

334 3631 764 3700 ωραποιεῖσθαι
791 3632 1092 3699 ἀλογίστως
1121 3635 1202 3699 είς
1225 3637 1513 3708 ἀλλοφυές,
1537 3647 1914 3716 παρεκλήτευ-

336 3740 434 3776 ίαν
487 3723 579 3788 ἂν,
638 3723 714 3793 μὴ
767 3724 1013 3793 παριδεῖν
1059 3727 1154 3779 τὸν
1209 3727 1513 3798 ἄνθρωπον,
1572 3738 1665 3788 καὶ
1727 3740 1908 3793 αὐτῶν

333 3815 560 3884 ἀψύχων
590 3816 673 3877 είς
701 3814 925 3868 ἔλαττον
973 3816 1384 3886 διεκπίπτοντα,
1425 3823 1584 3895 είπερ
1633 3827 1772 3881 αὐτά
1808 3830 1908 3899 μὲν

333 3907 552 3976 ἠρεμεῖ,
584 3907 767 3976 καὶ.τῇ
808 3907 984 3960 κτίσει
1007 3908 1327 3976 λυμαίνεται
1387 3914 1469 3977 είς
1513 3917 1690 3984 οὐδὲν,
1752 3921 1781 3972 ό
1848 3921 1905 3974 δὲ

331 3998 668 4066 τεταγμένος
720 3996 817 4050 ἐπὶ
871 4000 1109 4066 πάντων,
1160 4002 1256 4054 καὶ
1313 3996 1373 4057 οὗ
1414 4006 1576 4077 χάριν
1625 4010 1692 4064 τὰ
1731 4012 1906 4067 πάντα

330 4087 547 4155 γέγονε,
580 4088 826 4159 παράγει
856 4088 956 4160 τὴν
986 4092 1308 4164 εὐκοσμίαν,
1341 4091 1424 4161 οἷς
1451 4099 1645 4154 ἑαυτὸν
1700 4104 1904 4174 ἀπάγει

332 4174 720 4243 ἐξαναλίσκων,
755 4180 848 4234 καὶ
878 4181 1197 4253 φιλονεικεῖ,
1225 4187 1592 4259 ἀπάνθρωπον
1624 4197 1903 4266 καταστῆο

333 4285 424 4321 σαι
462 4269 555 4321 τὸν
581 4271 789 4338 κόσμον
823 4275 918 4328 καὶ
951 4274 1097 4343 (τόγε
1129 4279 1210 4341 είς
1245 4279 1408 4333 αὑτὸν
1463 4275 1623 4354 ἧκον)
1678 4285 1905 4341 ἀδέσπο-

329 4376 440 4414 τον.
489 4361 883 4432 Ἐδυσώπησαν
939 4364 996 4417 δὲ
1030 4367 1098 4421 ἂν
1126 4368 1217 4423 τὸν
1236 4370 1580 4442 ὃπεράγαθον
1603 4378 1900 4451 Δεσπότην,

326 4452 421 4502 καὶ
459 4451 599 4520 μηδὲ
630 4454 766 4523 πρὸς
797 4457 1082 4526 ἀκρίϐειαν
1118 4460 1272 4531 δίκης
1308 4465 1620 4529 ἐπεξελθεῖν
1650 4473 1764 4534 τοῖς
1796 4474 1902 4527 ὑπὸ

323 4543 434 4595 τῶν
456 4543 724 4599 πλειόνων
758 4547 1290 4620 πλημμελουμένοις,
1329 4558 1462 4627 μηδὲ
1487 4561 1905 4618 ἁντιταλαντεῦ-

323 4651 416 4684 σαι
447 4635 662 4703 πληγὰς
691 4638 787 4700 τὰς
812 4641 873 4705 ἐξ
901 4641 1066 4694 αὐτοῦ
1092 4646 1212 4705 ταῖς
1238 4648 1485 4714 ἐκείνων,
1522 4650 1591 4704 δι’
1637 4646 1712 4707 ῶν
1742 4673 1906 4710 κατα-

321 4725 586 4777 ϐάλλουσι
615 4729 737 4787 τοὺς
757 4731 1040 4799 ὁμοφυεῖς,
1068 4735 1202 4804 μηδὲ
1231 4736 1661 4809 ἐκδικῆσαιτοὺς
1683 4747 1900 4814 φόνους,

320 4817 602 4889 προϐολὴν
624 4821 718 4873 sui.
739 4824 1038 4896 καταδίκης
1064 4830 1411 4899 ποιούμενον,
1472 4833 1548 4898 ὡς
1590 4837 1753 4901 αὐτὸς
1803 4842 1902 4909 μὲν

319 4910 514 4980 καίρια
543 4914 638 4965 καὶ
669 4914 830 4985 ἱλαρὰ
852 4918 1207 4989 καταϐρέχων
1239 4922 1475 4978 λιπαίνει
1521 4928 1623 4999 τὴν
1664 4931 1766 5002 γῆν
1820 4917 1899 4997 είς

316 5001 532 5067 ἀγαθὸν
552 5003 802 5070 ἐκείνοις,
826 5009 873 5059 οξ
901 5008 957 5060 δὲ
991 5011 1271 5078 χραίνουσι
1304 5015 1401 5083 τὴν
1423 5017 1593 5089 αὐτὴν
1614 5001 1900 5090 ἐμφυλίοις

314 5091 542 5160 αἵμασι,
568 5095 661 5146 καὶ
687 5095 754 5164 ἢν
785 5099 840 5149 αί
869 5098 996 5152 καθ’
1029 5101 1285 5174 ἑκούσιον,
1309 5105 1502 5177 βροχαὶ
1566 5111 1894 5178 πιαίνουσιν,

313 5184 478 5237 αὐτοὶ
503 5184 722 5253 λύθροις
750 5191 1028 5258 όμογνίοις
1058 5195 1356 5263 μιαίνουσι,
1383 5199 1475 5251 καὶ
1505 5200 1582 5265 ὡς
1608 5205 1666 5266 ἐς
1691 5203 1899 5276 λάχανα

313 5276 580 5344 βρώσεως
609 5279 904 5344 τάσσοντες
935 5284 1186 5348 ἑαυτοὺς,
1216 5287 1376 5354 ἄλλος
1443 5291 1601 5346 ἄλλον
1661 5295 1894 5367 ἀλληλο-

312 5367 524 5433 φαγίας
560 5367 711 5439 νόμῳ
743 5371 1252 5442 καταϐριιχθίζουσι.

385 5458 451 5522 ζ’.
488 5458 676 5512 Ταῦτα
696 5461 752 5513 δὲ
782 5462 982 5516 ἐκεῖνοι
1015 5466 1302 5536 εὐξάμενοι
1336 5470 1418 5541 (οὐ
1456 5475 1563 5544 γάρ
1615 5477 1681 5530 ἂν
1728 5478 1892 5532 διέλι-

310 5567 413 5600 πεν
443 5551 471 5599 ὁ
504 5552 574 5603 τὰ
607 5551 780 5620 νήπια
811 5553 954 5608 καθὰ
977 5558 1289 5626 φυλάσσων,
1329 5562 1473 5616 οὕτω
1502 5566 1598 5618 καὶ
1651 5569 1890 5637 σοφίξων

311 5641 546 5712 Κύριος,
615 5646 710 5696 καὶ
744 5645 970 5716 χαίρων,
1039 5652 1086 5703 εί
1144 5653 1240 5706 καὶ
1287 5654 1347 5720 ἐξ
1403 5657 1627 5712 ἐκείνων
1669 5658 1890 5718 ἔπαινον

312 5731 730 5800 καταρτίζεται,
762 5734 836 5804 μὴ
896 5738 988 5789 καὶ
1030 5737 1287 5808 ἀνδράσιν
1336 5742 1566 5804 ἐκείνοις
1631 5751 1888 5815 χρηστοῖς

307 5827 402 5875 7.1“.
441 5826 942 5896 ἐνεστερνισμένοις
965 5831 1024 5883 τὸ
1079 5831 1404 5903 φιλάλληλον
1457 5837 1732 5892 ἐπιπνέειν
1798 5839 1884 5892 ὲν-

2023 3268 2317 3334 turbatum,
2383 3285 2577 3338 neque,
2636 3272 2760 3325 dum
2811 3288 2940 3328 oves
3001 3281 3056 3330 et
3105 3275 3268 3330 boves
3310 3287 3366 3330 et
3412 3278 3609 3333 outttia‘

2019 3361 2272 3416 animalia
2335 3371 2542 3418 naturae
2594 3365 2759 3434 leges,
2815 3367 2881 3421 ad
2939 3383 3074 3436 quas
3135 3369 3364 3424 condita:
3422 3370 3590 3436 fuere,

2019 3465 2395 3522 sequerentur,
2467 3466 2775 3510 creaturam
2843 3459 2943 3528 ipsi
3006 3461 3236 3515 similem
3305 3477 3334 3516 a
3401 3472 3589 3516 natura

2020 3546 2292 3601 declinare
2348 3549 2575 3603 sineret.
2626 3547 2930 3603 Oravernnt
2981 3551 3170 3616 Deum,
3209 3562 3264 3607 ut
3310 3567 3376 3607 ne
3409 3553 3595 3622 (ἰθερί-

2019 3645 2166 3689 ceret
2212 3637 2505 3700 hominem,
2542 3637 2680 3692 infra
2730 3640 3030 3695 bestiarum
3074 3643 3320 3700 ordinem
3366 3644 3597 3699 descen-

2018 3717 2258 3790 dentem',
2291 3728 2561 3796 siquidem
2596 3728 2698 3782 illa:
2745 3731 3040 3798 tranquille
3066 3733 3314 3786 viverent
3345 3749 3442 3787 nec
3477 3733 3601 3787 ullo

2019 3819 2180 3872 modo
2216 3829 2462 3872 naturam
2514 3821 2798 3884 violarent,
2850 3821 2937 3876 hic
2977 3832 3156 3875 autem
3203 3824 3293 3892 qui
3335 3825 3586 3878 omnibus

2015 3919 2236 3978 prastat
2269 3921 2323 3965 et
2347 3910 2502 3979 cujus
2535 3927 2700 3965 causa
2737 3913 2921 3967 omnia
2961 3914 3103 3968 facta
3135 3925 3286 3978 sunt,
3324 3920 3584 3971 mundum

2014 4003 2150 4058 bene
2175 4002 2482 4057 ordinatum
2511 4005 2806 4071 perturbat,
2845 4015 2897 4057 et
2928 4003 3165 4073 seipsqu
3211 4007 3262 4058 in
3289 4007 3583 4075 perniciem

2013 4092 2333 4160 prazcipitat,
2392 4091 2644 4161 denique,
2698 4103 2960 4155 quantum
3014 4108 3184 4164 penes
3241 4096 3420 4165 ipsum
3475 4109 3581 4164 est,

2014 4181 2322 4235 hominibus
2381 4187 2437 4234 et
2493 4181 2721 4250 imperio
2771 4183 2985 4250 privare
3046 4183 3307 4239 mundum
3369 4187 3581 4244 nititur.

2010 4274 2278 4328 Pra'terea
2308 4273 2597 4328 Dominum
2630 4277 2806 4329 omnis
2852 4276 3108 4331 bonitatis
3140 4276 3343 4331 fontem
3378 4279 3584 4348 suppli-

2009 4374 2228 4433 carunt,
2297 4382 2366 4422 ne
2428 4367 2670 4436 peccatis
2736 4385 2764 4421 a
2851 4370 3196 4425 multitudine
3258 4373 3582 4440 perpetratis

2012 4471 2228 4526 ptenam
2296 4467 2548 4513 accurate
2597 4471 2996 4528 compensaret,
3064 4478 3242 4532 neque
3304 4464 3584 4533 suppliciis

1932 4529 1976 4586 Β
2011 4551 2209 4619 quibus
2237 4550 2309 4604 illi
2350 4551 2402 4604 in
2435 4552 2768 4607 contribules
2821 4554 3136 4618 saevierunt,
3170 4571 3268 4610 sua
3303 4570 3582 4610 commen-

2012 4653 2246 4709 snraret,
2317 4659 2490 4713 neque
2559 4646 2730 4699 (mdes
2797 4645 3196 4712 ulcisceretur,
3249 4649 3341 4702 sed
3400 4649 3581 4717 potius

2010 4750 2226 4804 ptenant
2259 4735 2517 4800 differret,
2554 4738 2752 4806 quippe
2784 4739 2874 4806 qui
2915 4749 3218 4808 opportuno
3251 4749 3301 4793 et
3350 4739 3580 4794 fecundo

2009 4827 2184 4882 imbre
2208 4829 2458 4899 pinguem
2485 4831 2731 4884 redderet
2764 4841 2960 4884 terram
2986 4832 3036 4885 in
3065 4831 3351 4886 utilitatem
3388 4845 3576 4888 eorum

2004 4921 2092 4989 qui
2127 4920 2354 4974 lratrutu
2387 4923 2650 4990 sanguine
2691 4921 2838 4975 illaut
2889 4923 3285 4988 bumectareut,
3321 4934 3375 4978 et
3413 4939 3576 4992 quam

2004 5013 2182 5081 pluvia
2221 5012 2480 5068 divinitus
2524 5015 2754 5082 benigne
2803 5028 3059 5069 concessa
3094 5015 3412 5085 itnpingttat,
3445 5033 3576 5072 con-

1999 5105 2417 5176 sanguineorum
2507 5109 2789 5160 cruoribus
2880 5107 3224 5177 polluerent,
3288 5119 3344 5163 et
3419 5111 3571 5179 quasi

1998 5197 2238 5251 obsoniis
2297 5197 2466 5251 nihilo
2534 5208 2878 5268 ptzestarent,
2941 5201 3264 5271 semetipsos
3337 5201 3569 5256 invicem

1995 5289 2193 5344 devora
2203 5305 2291 5344 reu
2304 5301 2342 5344 l.

2063 5470 2115 5523 7.
2148 5470 2442 5538 Postquam
2475 5468 2552 5523 sic
2600 5479 2891 5525 oraverant
2948 5472 3022 5526 illi
3079 5473 3241 5542 (Deus
3295 5467 3436 5524 enim
3470 5470 3562 5536 qui

1991 5561 2075 5615 vel
2127 5562 2269 5630 ipsos
2325 5561 2556 5614 infanle3
2589 5575 2696 5615 non
2732 5561 2904 5617 solum
2957 5562 3212 5625 custodit,
3252 5561 3345 5613 sed
3396 5561 3563 5615 etiam

1991 5654 2262 5720 sapientes
2295 5652 2477 5707 reddit
2512 5653 2578 5707 ab
2609 5653 2780 5722 iisque
2814 5655 3024 5707 laudem
3072 5654 3169 5706 sibi
3217 5650 3402 5706 offerri
3433 5669 3564 5723 gan-

1990 5748 2101 5806 det,
2125 5745 2256 5798 viris
2285 5745 2387 5798 illis
2415 5745 2572 5799 bonis
2595 5756 2755 5813 atque
2785 5747 3026 5801 cordatis
3051 5746 3343 5801 fraternam
3371 5747 3562 5801 indidit

1988 5837 2326 5900 charitatent,
2363 5838 2430 5892 ita
2462 5847 2515 5890 ut
2547 5838 2742 5904 partim
2778 5855 2938 5909 supra
2976 5840 3117 5896 hunc
3146 5843 3401 5896 mundum
3432 5842 3558 5893 elati
