  <div class='ocr_page' id='page_1' title='image "/cluster/home/n/w/nwhite01/storage/ocr_20150623/136/hvd.32044054100201/161.png"; bbox 0 0 3950 6208; ppageno 0'>
   <div class='ocr_carea' id='block_1_1' title="bbox 411 339 519 404">
    <p class='ocr_par' dir='ltr' id='par_1_1' title="bbox 411 339 519 404">
     <span class='ocr_line' id='line_1_1' title="bbox 411 339 519 404; baseline 0.009 -1"><span class='ocrx_word' id='word_1_1' title='bbox 411 339 519 404; x_wconf 85' lang='grc' dir='ltr'><strong>3οἹ</strong></span> 
     </span>
    </p>
   </div>
   <div class='ocr_carea' id='block_1_2' title="bbox 1141 315 2971 403">
    <p class='ocr_par' dir='ltr' id='par_1_2' title="bbox 1141 315 2971 403">
     <span class='ocr_line' id='line_1_2' title="bbox 1141 315 2971 403; baseline -0.003 0"><span class='ocrx_word' id='word_1_2' title='bbox 1141 332 1563 403; x_wconf 70' lang='grc' dir='ltr'><strong>ΕυΒΤἈΤΗἸΙ</strong></span> <span class='ocrx_word' id='word_1_3' title='bbox 1604 315 2359 403; x_wconf 70' lang='lat' dir='ltr'><strong>THESSALONICENSIS</strong></span> <span class='ocrx_word' id='word_1_4' title='bbox 2394 329 2971 403; x_wconf 66' lang='lat' dir='ltr'><strong>marmoreum</strong></span> 
     </span>
    </p>
   </div>
   <div class='ocr_carea' id='block_1_3' title="bbox 3567 331 3680 404">
    <p class='ocr_par' dir='ltr' id='par_1_3' title="bbox 3567 331 3680 404">
     <span class='ocr_line' id='line_1_3' title="bbox 3567 331 3680 404; baseline 0 0"><span class='ocrx_word' id='word_1_5' title='bbox 3567 331 3680 404; x_wconf 58' lang='lat'><strong>303</strong></span> 
     </span>
    </p>
   </div>
   <div class='ocr_carea' id='block_1_4' title="bbox 411 451 1989 531">
    <p class='ocr_par' dir='ltr' id='par_1_4' title="bbox 411 456 1989 525">
     <span class='ocr_line' id='line_1_4' title="bbox 411 456 1989 525; baseline -0.002 -13"><span class='ocrx_word' id='word_1_6' title='bbox 411 475 534 512; x_wconf 85' lang='lat' dir='ltr'><strong>cum</strong></span> <span class='ocrx_word' id='word_1_7' title='bbox 574 456 684 510; x_wconf 82' lang='lat' dir='ltr'><strong>Deo</strong></span> <span class='ocrx_word' id='word_1_8' title='bbox 734 458 1119 517; x_wconf 66' lang='lat' dir='ltr'><strong>cohaererent,</strong></span> <span class='ocrx_word' id='word_1_9' title='bbox 1192 457 1388 525; x_wconf 88' lang='lat' dir='ltr'><strong>partim</strong></span> <span class='ocrx_word' id='word_1_10' title='bbox 1456 457 1580 511; x_wconf 85' lang='lat' dir='ltr'><strong>huic</strong></span> <span class='ocrx_word' id='word_1_11' title='bbox 1642 458 1862 524; x_wconf 88' lang='lat' dir='ltr'><strong>mundo,</strong></span> <span class='ocrx_word' id='word_1_12' title='bbox 1917 459 1989 512; x_wconf 91' lang='lat' dir='ltr'><strong>uti</strong></span> 
     </span>
    </p>
   </div>
   <div class='ocr_carea' id='block_1_5' title="bbox 2097 451 3679 531">
    <p class='ocr_par' dir='ltr' id='par_1_5' title="bbox 2101 451 3679 531">
     <span class='ocr_line' id='line_1_5' title="bbox 2101 451 3679 531; baseline -0.001 -22"><span class='ocrx_word' id='word_1_13' title='bbox 2101 457 2274 524; x_wconf 80' lang='grc' dir='ltr'>νοίας,</span> <span class='ocrx_word' id='word_1_14' title='bbox 2310 451 2386 510; x_wconf 81' lang='grc' dir='ltr'>ὧν</span> <span class='ocrx_word' id='word_1_15' title='bbox 2404 460 2526 518; x_wconf 79' lang='grc' dir='ltr'>ταῖς</span> <span class='ocrx_word' id='word_1_16' title='bbox 2556 455 2656 527; x_wconf 81' lang='grc' dir='ltr'><strong>μὲν</strong></span> <span class='ocrx_word' id='word_1_17' title='bbox 2689 456 2948 509; x_wconf 72' lang='grc' dir='ltr'>ἅπτοιντο</span> <span class='ocrx_word' id='word_1_18' title='bbox 2979 452 3046 507; x_wconf 86' lang='grc' dir='ltr'>ἂν</span> <span class='ocrx_word' id='word_1_19' title='bbox 3097 451 3264 508; x_wconf 74' lang='grc' dir='ltr'>αὐτοῦ</span> <span class='ocrx_word' id='word_1_20' title='bbox 3311 453 3449 508; x_wconf 82' lang='grc' dir='ltr'>Θεοῦ</span> <span class='ocrx_word' id='word_1_21' title='bbox 3513 457 3679 531; x_wconf 81' lang='grc' dir='ltr'>ὕπερ.</span> 
     </span>
    </p>
   </div>
   <div class='ocr_carea' id='block_1_6' title="bbox 415 548 1996 620">
    <p class='ocr_par' dir='ltr' id='par_1_6' title="bbox 415 548 1996 620">
     <span class='ocr_line' id='line_1_6' title="bbox 415 548 1996 620; baseline -0.001 -16"><span class='ocrx_word' id='word_1_22' title='bbox 415 552 523 604; x_wconf 88' lang='lat' dir='ltr'><strong>Deo</strong></span> <span class='ocrx_word' id='word_1_23' title='bbox 566 550 757 618; x_wconf 97' lang='lat' dir='ltr'><strong>placet,</strong></span> <span class='ocrx_word' id='word_1_24' title='bbox 798 549 997 604; x_wconf 89' lang='lat' dir='ltr'><strong>addicti</strong></span> <span class='ocrx_word' id='word_1_25' title='bbox 1057 548 1288 618; x_wconf 88' lang='lat' dir='ltr'><strong>essent),</strong></span> <span class='ocrx_word' id='word_1_26' title='bbox 1325 560 1380 604; x_wconf 91' lang='lat' dir='ltr'><strong>et</strong></span> <span class='ocrx_word' id='word_1_27' title='bbox 1432 549 1717 604; x_wconf 82' lang='lat' dir='ltr'><strong>consili-tm</strong></span> <span class='ocrx_word' id='word_1_28' title='bbox 1753 551 1893 620; x_wconf 88' lang='lat' dir='ltr'><strong>quod</strong></span> <span class='ocrx_word' id='word_1_29' title='bbox 1942 557 1996 604; x_wconf 78' lang='lat' dir='ltr'><strong>et.</strong></span> 
     </span>
    </p>
   </div>
   <div class='ocr_carea' id='block_1_7' title="bbox 413 640 1994 710">
    <p class='ocr_par' dir='ltr' id='par_1_7' title="bbox 413 640 1994 710">
     <span class='ocr_line' id='line_1_7' title="bbox 413 640 1994 710; baseline -0.001 -15"><span class='ocrx_word' id='word_1_30' title='bbox 413 641 528 695; x_wconf 70' lang='lat' dir='ltr'><strong>Deo</strong></span> <span class='ocrx_word' id='word_1_31' title='bbox 560 654 770 708; x_wconf 72' lang='lat' dir='ltr'><strong>gratum</strong></span> <span class='ocrx_word' id='word_1_32' title='bbox 803 652 851 695; x_wconf 88' lang='lat' dir='ltr'><strong>et</strong></span> <span class='ocrx_word' id='word_1_33' title='bbox 887 640 1115 695; x_wconf 75' lang='lat' dir='ltr'><strong>fratrum</strong></span> <span class='ocrx_word' id='word_1_34' title='bbox 1152 642 1318 696; x_wconf 84' lang='lat' dir='ltr'><strong>saluti</strong></span> <span class='ocrx_word' id='word_1_35' title='bbox 1355 642 1487 697; x_wconf 91' lang='lat' dir='ltr'><strong>utile</strong></span> <span class='ocrx_word' id='word_1_36' title='bbox 1512 652 1693 708; x_wconf 74' lang='lat' dir='ltr'><strong>esset,</strong></span> <span class='ocrx_word' id='word_1_37' title='bbox 1716 650 1994 710; x_wconf 67' lang='lat' dir='ltr'><strong>ceperant;</strong></span> 
     </span>
    </p>
   </div>
   <div class='ocr_carea' id='block_1_8' title="bbox 413 734 1993 803">
    <p class='ocr_par' dir='ltr' id='par_1_8' title="bbox 413 734 1993 803">
     <span class='ocr_line' id='line_1_8' title="bbox 413 734 1993 803; baseline 0 -16"><span class='ocrx_word' id='word_1_38' title='bbox 413 736 464 787; x_wconf 93' lang='lat' dir='ltr'><strong>iu</strong></span> <span class='ocrx_word' id='word_1_39' title='bbox 501 737 737 788; x_wconf 88' lang='lat' dir='ltr'><strong>auimmu</strong></span> <span class='ocrx_word' id='word_1_40' title='bbox 773 737 1124 800; x_wconf 81' lang='lat' dir='ltr'><strong>induxerunt,</strong></span> <span class='ocrx_word' id='word_1_41' title='bbox 1164 734 1422 797; x_wconf 86' lang='lat' dir='ltr'><strong>similem,</strong></span> <span class='ocrx_word' id='word_1_42' title='bbox 1447 734 1491 790; x_wconf 87' lang='lat' dir='ltr'><strong>si</strong></span> <span class='ocrx_word' id='word_1_43' title='bbox 1526 748 1766 803; x_wconf 89' lang='lat' dir='ltr'><strong>possent,</strong></span> <span class='ocrx_word' id='word_1_44' title='bbox 1799 745 1993 791; x_wconf 75' lang='lat' dir='ltr'><strong>etettun</strong></span> 
     </span>
    </p>
   </div>
   <div class='ocr_carea' id='block_1_9' title="bbox 409 827 1998 894">
    <p class='ocr_par' dir='ltr' id='par_1_9' title="bbox 409 827 1998 894">
     <span class='ocr_line' id='line_1_9' title="bbox 409 827 1998 894; baseline 0.002 -15"><span class='ocrx_word' id='word_1_45' title='bbox 409 841 738 894; x_wconf 71' lang='lat' dir='ltr'><strong>congregare</strong></span> <span class='ocrx_word' id='word_1_46' title='bbox 794 836 847 880; x_wconf 89' lang='lat' dir='ltr'><strong>et</strong></span> <span class='ocrx_word' id='word_1_47' title='bbox 904 827 1226 882; x_wconf 85' lang='lat' dir='ltr'><strong>concionem</strong></span> <span class='ocrx_word' id='word_1_48' title='bbox 1288 842 1595 883; x_wconf 84' lang='lat' dir='ltr'><strong>convocare</strong></span> <span class='ocrx_word' id='word_1_49' title='bbox 1663 827 1716 883; x_wconf 93' lang='lat' dir='ltr'><strong>in</strong></span> <span class='ocrx_word' id='word_1_50' title='bbox 1769 843 1873 893; x_wconf 86' lang='lat' dir='ltr'><strong>qua</strong></span> <span class='ocrx_word' id='word_1_51' title='bbox 1932 830 1998 884; x_wconf 88' lang='lat' dir='ltr'><strong>de</strong></span> 
     </span>
    </p>
   </div>
   <div class='ocr_carea' id='block_1_10' title="bbox 410 919 1542 988">
    <p class='ocr_par' dir='ltr' id='par_1_10' title="bbox 410 919 1542 988">
     <span class='ocr_line' id='line_1_10' title="bbox 410 919 1542 988; baseline 0.004 -19"><span class='ocrx_word' id='word_1_52' title='bbox 410 923 625 988; x_wconf 78' lang='lat' dir='ltr'><strong>publico</strong></span> <span class='ocrx_word' id='word_1_53' title='bbox 653 924 794 973; x_wconf 87' lang='lat' dir='ltr'><strong>bono</strong></span> <span class='ocrx_word' id='word_1_54' title='bbox 831 936 891 973; x_wconf 76' lang='lat' dir='ltr'><strong>ac</strong></span> <span class='ocrx_word' id='word_1_55' title='bbox 921 920 1094 974; x_wconf 76' lang='lat' dir='ltr'><strong>salute</strong></span> <span class='ocrx_word' id='word_1_56' title='bbox 1123 919 1542 976; x_wconf 72' lang='lat' dir='ltr'><strong>deliberaretur.</strong></span> 
     </span>
    </p>
   </div>
   <div class='ocr_carea' id='block_1_11' title="bbox 480 1105 1997 1174">
    <p class='ocr_par' dir='ltr' id='par_1_11' title="bbox 480 1105 1997 1174">
     <span class='ocr_line' id='line_1_11' title="bbox 480 1105 1997 1174; baseline 0.001 -15"><span class='ocrx_word' id='word_1_57' title='bbox 480 1105 534 1159; x_wconf 84' lang='lat'><strong>8.</strong></span> <span class='ocrx_word' id='word_1_58' title='bbox 588 1106 719 1158; x_wconf 76' lang='lat' dir='ltr'><strong>Cum</strong></span> <span class='ocrx_word' id='word_1_59' title='bbox 782 1115 964 1158; x_wconf 89' lang='lat' dir='ltr'><strong>autem</strong></span> <span class='ocrx_word' id='word_1_60' title='bbox 1021 1105 1170 1159; x_wconf 83' lang='lat' dir='ltr'><strong>brevi</strong></span> <span class='ocrx_word' id='word_1_61' title='bbox 1212 1113 1494 1174; x_wconf 66' lang='lat' dir='ltr'><strong>‘tempore‘</strong></span> <span class='ocrx_word' id='word_1_62' title='bbox 1547 1119 1668 1160; x_wconf 76' lang='lat' dir='ltr'><strong>eam</strong></span> <span class='ocrx_word' id='word_1_63' title='bbox 1727 1107 1997 1174; x_wconf 78' lang='lat' dir='ltr'><strong>coegisset</strong></span> 
     </span>
    </p>
   </div>
   <div class='ocr_carea' id='block_1_12' title="bbox 408 1194 1993 1264">
    <p class='ocr_par' dir='ltr' id='par_1_12' title="bbox 408 1194 1993 1264">
     <span class='ocr_line' id='line_1_12' title="bbox 408 1194 1993 1264; baseline 0.003 -18"><span class='ocrx_word' id='word_1_64' title='bbox 408 1194 551 1246; x_wconf 71' lang='lat' dir='ltr'><strong>licus</strong></span> <span class='ocrx_word' id='word_1_65' title='bbox 581 1195 670 1264; x_wconf 86' lang='lat' dir='ltr'><strong>qui</strong></span> <span class='ocrx_word' id='word_1_66' title='bbox 701 1195 981 1248; x_wconf 79' lang='lat' dir='ltr'><strong>cliaritatis</strong></span> <span class='ocrx_word' id='word_1_67' title='bbox 999 1196 1255 1263; x_wconf 83' lang='lat' dir='ltr'><strong>pacisque</strong></span> <span class='ocrx_word' id='word_1_68' title='bbox 1281 1196 1488 1248; x_wconf 89' lang='lat' dir='ltr'><strong>amicus</strong></span> <span class='ocrx_word' id='word_1_69' title='bbox 1508 1203 1612 1261; x_wconf 81' lang='lat' dir='ltr'><strong>est,</strong></span> <span class='ocrx_word' id='word_1_70' title='bbox 1635 1210 1802 1264; x_wconf 88' lang='lat' dir='ltr'><strong>quare</strong></span> <span class='ocrx_word' id='word_1_71' title='bbox 1828 1197 1993 1250; x_wconf 89' lang='lat' dir='ltr'><strong>etiam</strong></span> 
     </span>
    </p>
   </div>
   <div class='ocr_carea' id='block_1_13' title="bbox 407 1285 1998 1358">
    <p class='ocr_par' dir='ltr' id='par_1_13' title="bbox 407 1285 1998 1358">
     <span class='ocr_line' id='line_1_13' title="bbox 407 1285 1998 1358; baseline 0.003 -19"><span class='ocrx_word' id='word_1_72' title='bbox 407 1286 676 1339; x_wconf 88' lang='lat' dir='ltr'><strong>Adamum</strong></span> <span class='ocrx_word' id='word_1_73' title='bbox 713 1287 780 1339; x_wconf 86' lang='lat' dir='ltr'><strong>ad</strong></span> <span class='ocrx_word' id='word_1_74' title='bbox 814 1287 984 1352; x_wconf 81' lang='lat' dir='ltr'><strong>ipsius</strong></span> <span class='ocrx_word' id='word_1_75' title='bbox 1019 1287 1307 1354; x_wconf 81' lang='lat' dir='ltr'><strong>imaginem</strong></span> <span class='ocrx_word' id='word_1_76' title='bbox 1329 1285 1558 1350; x_wconf 76' lang='lat' dir='ltr'><strong>ellinxit,</strong></span> <span class='ocrx_word' id='word_1_77' title='bbox 1589 1288 1775 1342; x_wconf 84' lang='lat' dir='ltr'><strong>volens</strong></span> <span class='ocrx_word' id='word_1_78' title='bbox 1808 1297 1868 1342; x_wconf 88' lang='lat' dir='ltr'><strong>ut</strong></span> <span class='ocrx_word' id='word_1_79' title='bbox 1900 1303 1998 1358; x_wconf 86' lang='lat' dir='ltr'><strong>per</strong></span> 
     </span>
    </p>
   </div>
   <div class='ocr_carea' id='block_1_14' title="bbox 410 1377 1993 1447">
    <p class='ocr_par' dir='ltr' id='par_1_14' title="bbox 410 1377 1993 1447">
     <span class='ocr_line' id='line_1_14' title="bbox 410 1377 1993 1447; baseline 0.003 -19"><span class='ocrx_word' id='word_1_80' title='bbox 410 1385 583 1431; x_wconf 90' lang='lat' dir='ltr'><strong>totum</strong></span> <span class='ocrx_word' id='word_1_81' title='bbox 608 1387 878 1432; x_wconf 84' lang='lat' dir='ltr'><strong>terrarum</strong></span> <span class='ocrx_word' id='word_1_82' title='bbox 901 1377 1085 1432; x_wconf 82' lang='lat' dir='ltr'><strong>urbem</strong></span> <span class='ocrx_word' id='word_1_83' title='bbox 1107 1379 1227 1446; x_wconf 79' lang='lat' dir='ltr'><strong>ejus</strong></span> <span class='ocrx_word' id='word_1_84' title='bbox 1247 1379 1444 1446; x_wconf 77' lang='lat' dir='ltr'><strong>posteri</strong></span> <span class='ocrx_word' id='word_1_85' title='bbox 1469 1377 1993 1447; x_wconf 85' lang='lat' dir='ltr'><strong>multiplicarentur:</strong></span> 
     </span>
    </p>
   </div>
   <div class='ocr_carea' id='block_1_15' title="bbox 407 1469 1994 1538">
    <p class='ocr_par' dir='ltr' id='par_1_15' title="bbox 407 1469 1994 1538">
     <span class='ocr_line' id='line_1_15' title="bbox 407 1469 1994 1538; baseline 0.001 -16"><span class='ocrx_word' id='word_1_86' title='bbox 407 1469 508 1532; x_wconf 86' lang='lat' dir='ltr'><strong>illi,</strong></span> <span class='ocrx_word' id='word_1_87' title='bbox 538 1481 791 1537; x_wconf 78' lang='lat' dir='ltr'><strong>tanquam</strong></span> <span class='ocrx_word' id='word_1_88' title='bbox 821 1470 1072 1523; x_wconf 83' lang='lat' dir='ltr'><strong>doctores</strong></span> <span class='ocrx_word' id='word_1_89' title='bbox 1109 1471 1368 1522; x_wconf 85' lang='lat' dir='ltr'><strong>divinitus</strong></span> <span class='ocrx_word' id='word_1_90' title='bbox 1403 1470 1653 1538; x_wconf 87' lang='lat' dir='ltr'><strong>i‘nspirati</strong></span> <span class='ocrx_word' id='word_1_91' title='bbox 1704 1479 1757 1525; x_wconf 89' lang='lat' dir='ltr'><strong>et</strong></span> <span class='ocrx_word' id='word_1_92' title='bbox 1786 1471 1994 1525; x_wconf 65' lang='lat' dir='ltr'><strong>caelesti</strong></span> 
     </span>
    </p>
   </div>
   <div class='ocr_carea' id='block_1_16' title="bbox 406 1562 1995 1631">
    <p class='ocr_par' dir='ltr' id='par_1_16' title="bbox 406 1562 1995 1631">
     <span class='ocr_line' id='line_1_16' title="bbox 406 1562 1995 1631; baseline 0.001 -15"><span class='ocrx_word' id='word_1_93' title='bbox 406 1562 676 1631; x_wconf 77' lang='lat' dir='ltr'><strong>sapientia</strong></span> <span class='ocrx_word' id='word_1_94' title='bbox 709 1562 984 1620; x_wconf 87' lang='lat' dir='ltr'><strong>instructi,</strong></span> <span class='ocrx_word' id='word_1_95' title='bbox 1037 1577 1155 1629; x_wconf 74' lang='lat' dir='ltr'><strong>qum</strong></span> <span class='ocrx_word' id='word_1_96' title='bbox 1206 1563 1518 1615; x_wconf 79' lang='lat' dir='ltr'><strong>necessaria</strong></span> <span class='ocrx_word' id='word_1_97' title='bbox 1569 1571 1800 1631; x_wconf 80' lang='lat' dir='ltr'><strong>aptaque</strong></span> <span class='ocrx_word' id='word_1_98' title='bbox 1847 1563 1995 1618; x_wconf 87' lang='lat' dir='ltr'><strong>vide-</strong></span> 
     </span>
    </p>
   </div>
   <div class='ocr_carea' id='block_1_17' title="bbox 405 1652 1994 1720">
    <p class='ocr_par' dir='ltr' id='par_1_17' title="bbox 405 1652 1994 1720">
     <span class='ocr_line' id='line_1_17' title="bbox 405 1652 1994 1720; baseline -0.001 -13"><span class='ocrx_word' id='word_1_99' title='bbox 405 1655 627 1718; x_wconf 88' lang='lat' dir='ltr'><strong>bantur,</strong></span> <span class='ocrx_word' id='word_1_100' title='bbox 676 1664 1070 1720; x_wconf 78' lang='lat' dir='ltr'><strong>exposuerunt.</strong></span> <span class='ocrx_word' id='word_1_101' title='bbox 1113 1653 1451 1707; x_wconf 70' lang='lat' dir='ltr'><strong>ltet&#39;ocantes</strong></span> <span class='ocrx_word' id='word_1_102' title='bbox 1500 1653 1644 1707; x_wconf 88' lang='lat' dir='ltr'><strong>enim</strong></span> <span class='ocrx_word' id='word_1_103' title='bbox 1692 1652 1748 1706; x_wconf 89' lang='lat' dir='ltr'><strong>in</strong></span> <span class='ocrx_word' id='word_1_104' title='bbox 1786 1667 1994 1708; x_wconf 85' lang='lat' dir='ltr'><strong>memo-</strong></span> 
     </span>
    </p>
   </div>
   <div class='ocr_carea' id='block_1_18' title="bbox 404 1742 1992 1812">
    <p class='ocr_par' dir='ltr' id='par_1_18' title="bbox 404 1742 1992 1812">
     <span class='ocr_line' id='line_1_18' title="bbox 404 1742 1992 1812; baseline -0.002 -13"><span class='ocrx_word' id='word_1_105' title='bbox 404 1746 547 1799; x_wconf 82' lang='lat' dir='ltr'><strong>riam</strong></span> <span class='ocrx_word' id='word_1_106' title='bbox 599 1743 802 1812; x_wconf 82' lang='lat' dir='ltr'><strong>primos</strong></span> <span class='ocrx_word' id='word_1_107' title='bbox 833 1754 1086 1811; x_wconf 82' lang='lat' dir='ltr'><strong>parentes</strong></span> <span class='ocrx_word' id='word_1_108' title='bbox 1137 1757 1366 1810; x_wconf 86' lang='lat' dir='ltr'><strong>quorum</strong></span> <span class='ocrx_word' id='word_1_109' title='bbox 1404 1743 1653 1810; x_wconf 71' lang='lat' dir='ltr'><strong>exemplo</strong></span> <span class='ocrx_word' id='word_1_110' title='bbox 1711 1742 1992 1796; x_wconf 88' lang='lat' dir='ltr'><strong>auditores</strong></span> 
     </span>
    </p>
   </div>
   <div class='ocr_carea' id='block_1_19' title="bbox 407 1833 1991 1898">
    <p class='ocr_par' dir='ltr' id='par_1_19' title="bbox 407 1833 1991 1898">
     <span class='ocr_line' id='line_1_19' title="bbox 407 1833 1991 1898; baseline -0.001 -10"><span class='ocrx_word' id='word_1_111' title='bbox 407 1837 472 1888; x_wconf 90' lang='lat' dir='ltr'><strong>ad</strong></span> <span class='ocrx_word' id='word_1_112' title='bbox 509 1836 632 1889; x_wconf 72' lang='lat' dir='ltr'><strong>vitae</strong></span> <span class='ocrx_word' id='word_1_113' title='bbox 667 1837 1008 1890; x_wconf 83' lang='lat' dir='ltr'><strong>honestatem</strong></span> <span class='ocrx_word' id='word_1_114' title='bbox 1057 1837 1299 1887; x_wconf 72' lang='lat' dir='ltr'><strong>excitare</strong></span> <span class='ocrx_word' id='word_1_115' title='bbox 1334 1833 1652 1898; x_wconf 74' lang='lat' dir='ltr'><strong>Studebant,</strong></span> <span class='ocrx_word' id='word_1_116' title='bbox 1685 1834 1750 1886; x_wconf 88' lang='lat' dir='ltr'><strong>ad</strong></span> <span class='ocrx_word' id='word_1_117' title='bbox 1795 1833 1991 1888; x_wconf 79' lang='lat' dir='ltr'><strong>fortius</strong></span> 
     </span>
    </p>
   </div>
   <div class='ocr_carea' id='block_1_20' title="bbox 405 1925 1986 1997">
    <p class='ocr_par' dir='ltr' id='par_1_20' title="bbox 405 1925 1986 1997">
     <span class='ocr_line' id='line_1_20' title="bbox 405 1925 1986 1997; baseline -0.003 -15"><span class='ocrx_word' id='word_1_118' title='bbox 405 1930 486 1983; x_wconf 83' lang='lat' dir='ltr'><strong>eis</strong></span> <span class='ocrx_word' id='word_1_119' title='bbox 521 1929 953 1997; x_wconf 79' lang='lat' dir='ltr'><strong>persuadendum</strong></span> <span class='ocrx_word' id='word_1_120' title='bbox 985 1928 1273 1992; x_wconf 78' lang='lat' dir='ltr'><strong>dixerunt,</strong></span> <span class='ocrx_word' id='word_1_121' title='bbox 1314 1927 1435 1981; x_wconf 87' lang='lat' dir='ltr'><strong>illos</strong></span> <span class='ocrx_word' id='word_1_122' title='bbox 1471 1927 1538 1981; x_wconf 90' lang='lat' dir='ltr'><strong>ab</strong></span> <span class='ocrx_word' id='word_1_123' title='bbox 1569 1926 1728 1982; x_wconf 90' lang='lat' dir='ltr'><strong>initio</strong></span> <span class='ocrx_word' id='word_1_124' title='bbox 1776 1925 1986 1980; x_wconf 85' lang='lat' dir='ltr'><strong>nonnisi</strong></span> 
     </span>
    </p>
   </div>
   <div class='ocr_carea' id='block_1_21' title="bbox 405 2016 1991 2087">
    <p class='ocr_par' dir='ltr' id='par_1_21' title="bbox 405 2016 1991 2087">
     <span class='ocr_line' id='line_1_21' title="bbox 405 2016 1991 2087; baseline 0.001 -16"><span class='ocrx_word' id='word_1_125' title='bbox 405 2035 572 2073; x_wconf 87' lang='lat' dir='ltr'><strong>ntuun</strong></span> <span class='ocrx_word' id='word_1_126' title='bbox 626 2035 655 2072; x_wconf 90' lang='lat' dir='ltr'><strong>a</strong></span> <span class='ocrx_word' id='word_1_127' title='bbox 716 2019 828 2074; x_wconf 87' lang='lat' dir='ltr'><strong>Deo</strong></span> <span class='ocrx_word' id='word_1_128' title='bbox 879 2020 1159 2087; x_wconf 79' lang='lat' dir='ltr'><strong>accepisse</strong></span> <span class='ocrx_word' id='word_1_129' title='bbox 1216 2028 1569 2086; x_wconf 77' lang='lat' dir='ltr'><strong>przeceptum,</strong></span> <span class='ocrx_word' id='word_1_130' title='bbox 1629 2017 1794 2086; x_wconf 87' lang='lat' dir='ltr'><strong>idque</strong></span> <span class='ocrx_word' id='word_1_131' title='bbox 1833 2016 1991 2072; x_wconf 81' lang='lat' dir='ltr'><strong>facile</strong></span> 
     </span>
    </p>
   </div>
   <div class='ocr_carea' id='block_1_22' title="bbox 407 2105 1991 2176">
    <p class='ocr_par' dir='ltr' id='par_1_22' title="bbox 407 2105 1991 2176">
     <span class='ocr_line' id='line_1_22' title="bbox 407 2105 1991 2176; baseline -0.002 -14"><span class='ocrx_word' id='word_1_132' title='bbox 407 2110 832 2173; x_wconf 77' lang='lat' dir='ltr'><strong>observandum,</strong></span> <span class='ocrx_word' id='word_1_133' title='bbox 904 2118 956 2161; x_wconf 91' lang='lat' dir='ltr'><strong>et</strong></span> <span class='ocrx_word' id='word_1_134' title='bbox 1015 2109 1100 2161; x_wconf 80' lang='lat' dir='ltr'><strong>cui</strong></span> <span class='ocrx_word' id='word_1_135' title='bbox 1137 2109 1450 2176; x_wconf 85' lang='lat' dir='ltr'><strong>obedientes</strong></span> <span class='ocrx_word' id='word_1_136' title='bbox 1506 2106 1610 2175; x_wconf 87' lang='lat' dir='ltr'><strong>ipsi</strong></span> <span class='ocrx_word' id='word_1_137' title='bbox 1672 2105 1746 2161; x_wconf 88' lang='lat' dir='ltr'><strong>dii</strong></span> <span class='ocrx_word' id='word_1_138' title='bbox 1806 2114 1991 2161; x_wconf 78' lang='lat' dir='ltr'><strong>essent</strong></span> 
     </span>
    </p>
   </div>
   <div class='ocr_carea' id='block_1_23' title="bbox 407 2193 1993 2268">
    <p class='ocr_par' dir='ltr' id='par_1_23' title="bbox 407 2193 1993 2268">
     <span class='ocr_line' id='line_1_23' title="bbox 407 2193 1993 2268; baseline -0.004 -14"><span class='ocrx_word' id='word_1_139' title='bbox 407 2202 646 2256; x_wconf 69' lang='lat' dir='ltr'><strong>masuri.</strong></span> <span class='ocrx_word' id='word_1_140' title='bbox 681 2199 759 2254; x_wconf 88' lang='lat' dir='ltr'><strong>llli</strong></span> <span class='ocrx_word' id='word_1_141' title='bbox 795 2210 976 2254; x_wconf 85' lang='lat' dir='ltr'><strong>autem</strong></span> <span class='ocrx_word' id='word_1_142' title='bbox 1011 2199 1337 2268; x_wconf 70' lang='lat' dir='ltr'><strong>transgressi</strong></span> <span class='ocrx_word' id='word_1_143' title='bbox 1368 2205 1719 2267; x_wconf 78' lang='lat' dir='ltr'><strong>przeceptum,</strong></span> <span class='ocrx_word' id='word_1_144' title='bbox 1749 2193 1993 2250; x_wconf 81' lang='lat' dir='ltr'><strong>fecerunt</strong></span> 
     </span>
    </p>
   </div>
   <div class='ocr_carea' id='block_1_24' title="bbox 406 2289 1992 2360">
    <p class='ocr_par' dir='ltr' id='par_1_24' title="bbox 406 2289 1992 2360">
     <span class='ocr_line' id='line_1_24' title="bbox 406 2289 1992 2360; baseline -0.003 -18"><span class='ocrx_word' id='word_1_145' title='bbox 406 2304 466 2342; x_wconf 87' lang='grc' dir='ltr'>ιιι</span> <span class='ocrx_word' id='word_1_146' title='bbox 501 2291 830 2346; x_wconf 70' lang='lat' dir='ltr'><strong>vent-rabilis</strong></span> <span class='ocrx_word' id='word_1_147' title='bbox 859 2290 1152 2360; x_wconf 84' lang='lat' dir='ltr'><strong>paradisus</strong></span> <span class='ocrx_word' id='word_1_148' title='bbox 1187 2289 1590 2356; x_wconf 81' lang='lat' dir='ltr'><strong>relinqueretur</strong></span> <span class='ocrx_word' id='word_1_149' title='bbox 1638 2289 1910 2347; x_wconf 87' lang='lat' dir='ltr'><strong>desertus,</strong></span> <span class='ocrx_word' id='word_1_150' title='bbox 1938 2291 1992 2339; x_wconf 86' lang='lat' dir='ltr'><strong>et</strong></span> 
     </span>
    </p>
   </div>
   <div class='ocr_carea' id='block_1_25' title="bbox 406 2372 1989 2445">
    <p class='ocr_par' dir='ltr' id='par_1_25' title="bbox 406 2372 1989 2445">
     <span class='ocr_line' id='line_1_25' title="bbox 406 2372 1989 2445; baseline -0.001 -19"><span class='ocrx_word' id='word_1_151' title='bbox 406 2394 604 2432; x_wconf 83' lang='lat' dir='ltr'><strong>mnncs</strong></span> <span class='ocrx_word' id='word_1_152' title='bbox 653 2377 740 2444; x_wconf 88' lang='lat' dir='ltr'><strong>qui</strong></span> <span class='ocrx_word' id='word_1_153' title='bbox 794 2378 862 2430; x_wconf 87' lang='lat' dir='ltr'><strong>ab</strong></span> <span class='ocrx_word' id='word_1_154' title='bbox 919 2377 1074 2430; x_wconf 89' lang='lat' dir='ltr'><strong>initio</strong></span> <span class='ocrx_word' id='word_1_155' title='bbox 1123 2375 1195 2430; x_wconf 90' lang='lat' dir='ltr'><strong>ibi</strong></span> <span class='ocrx_word' id='word_1_156' title='bbox 1243 2376 1548 2445; x_wconf 77' lang='lat' dir='ltr'><strong>congregati</strong></span> <span class='ocrx_word' id='word_1_157' title='bbox 1596 2372 1830 2437; x_wconf 77' lang='lat' dir='ltr'><strong>inerant,</strong></span> <span class='ocrx_word' id='word_1_158' title='bbox 1878 2373 1989 2442; x_wconf 81' lang='lat' dir='ltr'><strong>jam</strong></span> 
     </span>
    </p>
   </div>
   <div class='ocr_carea' id='block_1_26' title="bbox 407 2463 1992 2534">
    <p class='ocr_par' dir='ltr' id='par_1_26' title="bbox 407 2463 1992 2534">
     <span class='ocr_line' id='line_1_26' title="bbox 407 2463 1992 2534; baseline -0.001 -13"><span class='ocrx_word' id='word_1_159' title='bbox 407 2468 501 2522; x_wconf 82' lang='lat' dir='ltr'><strong>illo</strong></span> <span class='ocrx_word' id='word_1_160' title='bbox 548 2468 993 2526; x_wconf 79' lang='lat' dir='ltr'><strong>excluderentur,</strong></span> <span class='ocrx_word' id='word_1_161' title='bbox 1040 2465 1143 2520; x_wconf 91' lang='lat' dir='ltr'><strong>hoc</strong></span> <span class='ocrx_word' id='word_1_162' title='bbox 1201 2465 1375 2519; x_wconf 87' lang='lat' dir='ltr'><strong>solum</strong></span> <span class='ocrx_word' id='word_1_163' title='bbox 1412 2464 1527 2517; x_wconf 79' lang='lat' dir='ltr'><strong>Deo</strong></span> <span class='ocrx_word' id='word_1_164' title='bbox 1567 2463 1635 2518; x_wconf 91' lang='lat' dir='ltr'><strong>iis</strong></span> <span class='ocrx_word' id='word_1_165' title='bbox 1680 2464 1992 2534; x_wconf 82' lang='lat' dir='ltr'><strong>injungente</strong></span> 
     </span>
    </p>
   </div>
   <div class='ocr_carea' id='block_1_27' title="bbox 409 2553 1990 2626">
    <p class='ocr_par' dir='ltr' id='par_1_27' title="bbox 409 2553 1990 2626">
     <span class='ocr_line' id='line_1_27' title="bbox 409 2553 1990 2626; baseline -0.001 -17"><span class='ocrx_word' id='word_1_166' title='bbox 409 2553 467 2610; x_wconf 78' lang='grc' dir='ltr'>ιιι</span> <span class='ocrx_word' id='word_1_167' title='bbox 501 2573 594 2626; x_wconf 89' lang='lat' dir='ltr'><strong>per</strong></span> <span class='ocrx_word' id='word_1_168' title='bbox 629 2556 1074 2626; x_wconf 81' lang='lat' dir='ltr'><strong>prepagationetn</strong></span> <span class='ocrx_word' id='word_1_169' title='bbox 1130 2555 1469 2624; x_wconf 78' lang='lat' dir='ltr'><strong>multiplicati</strong></span> <span class='ocrx_word' id='word_1_170' title='bbox 1521 2565 1717 2608; x_wconf 85' lang='lat' dir='ltr'><strong>terram</strong></span> <span class='ocrx_word' id='word_1_171' title='bbox 1755 2553 1990 2624; x_wconf 86' lang='lat' dir='ltr'><strong>comple-</strong></span> 
     </span>
    </p>
   </div>
   <div class='ocr_carea' id='block_1_28' title="bbox 407 2647 1988 2716">
    <p class='ocr_par' dir='ltr' id='par_1_28' title="bbox 407 2647 1988 2716">
     <span class='ocr_line' id='line_1_28' title="bbox 407 2647 1988 2716; baseline -0.003 -12"><span class='ocrx_word' id='word_1_172' title='bbox 407 2660 556 2704; x_wconf 85' lang='lat' dir='ltr'><strong>rent.</strong></span> <span class='ocrx_word' id='word_1_173' title='bbox 598 2647 718 2700; x_wconf 78' lang='lat' dir='ltr'><strong>Jam</strong></span> <span class='ocrx_word' id='word_1_174' title='bbox 750 2657 1216 2716; x_wconf 42' lang='lat' dir='ltr'><strong>vero,&#39;pergen&#39;es</strong></span> <span class='ocrx_word' id='word_1_175' title='bbox 1252 2647 1540 2710; x_wconf 77' lang='lat' dir='ltr'><strong>dixerunt,</strong></span> <span class='ocrx_word' id='word_1_176' title='bbox 1571 2647 1768 2715; x_wconf 88' lang='lat' dir='ltr'><strong>posteri</strong></span> <span class='ocrx_word' id='word_1_177' title='bbox 1800 2661 1988 2700; x_wconf 89' lang='lat' dir='ltr'><strong>eorum</strong></span> 
     </span>
    </p>
   </div>
   <div class='ocr_carea' id='block_1_29' title="bbox 413 2737 1989 2808">
    <p class='ocr_par' dir='ltr' id='par_1_29' title="bbox 413 2737 1989 2808">
     <span class='ocr_line' id='line_1_29' title="bbox 413 2737 1989 2808; baseline -0.001 -15"><span class='ocrx_word' id='word_1_178' title='bbox 413 2751 583 2794; x_wconf 67' lang='lat' dir='ltr'><strong>tantm</strong></span> <span class='ocrx_word' id='word_1_179' title='bbox 630 2741 885 2808; x_wconf 82' lang='lat' dir='ltr'><strong>pravitati</strong></span> <span class='ocrx_word' id='word_1_180' title='bbox 921 2754 980 2793; x_wconf 89' lang='lat' dir='ltr'><strong>se</strong></span> <span class='ocrx_word' id='word_1_181' title='bbox 1025 2737 1319 2801; x_wconf 84' lang='lat' dir='ltr'><strong>dederunt,</strong></span> <span class='ocrx_word' id='word_1_182' title='bbox 1370 2749 1421 2790; x_wconf 94' lang='lat' dir='ltr'><strong>ut</strong></span> <span class='ocrx_word' id='word_1_183' title='bbox 1472 2755 1574 2792; x_wconf 91' lang='lat' dir='ltr'><strong>non</strong></span> <span class='ocrx_word' id='word_1_184' title='bbox 1624 2739 1794 2792; x_wconf 86' lang='lat' dir='ltr'><strong>solum</strong></span> <span class='ocrx_word' id='word_1_185' title='bbox 1845 2739 1989 2808; x_wconf 75' lang='lat' dir='ltr'><strong>digni</strong></span> 
     </span>
    </p>
   </div>
   <div class='ocr_carea' id='block_1_30' title="bbox 412 2830 1990 2900">
    <p class='ocr_par' dir='ltr' id='par_1_30' title="bbox 412 2830 1990 2900">
     <span class='ocr_line' id='line_1_30' title="bbox 412 2830 1990 2900; baseline -0.001 -15"><span class='ocrx_word' id='word_1_186' title='bbox 412 2832 524 2885; x_wconf 86' lang='lat' dir='ltr'><strong>sint</strong></span> <span class='ocrx_word' id='word_1_187' title='bbox 554 2832 643 2900; x_wconf 91' lang='lat' dir='ltr'><strong>qui</strong></span> <span class='ocrx_word' id='word_1_188' title='bbox 675 2840 713 2885; x_wconf 83' lang='lat' dir='ltr'><strong>e&#39;</strong></span> <span class='ocrx_word' id='word_1_189' title='bbox 742 2842 882 2884; x_wconf 87' lang='lat' dir='ltr'><strong>terra</strong></span> <span class='ocrx_word' id='word_1_190' title='bbox 925 2846 1148 2899; x_wconf 84' lang='lat' dir='ltr'><strong>prorsus</strong></span> <span class='ocrx_word' id='word_1_191' title='bbox 1179 2831 1491 2891; x_wconf 72' lang='lat' dir='ltr'><strong>deleantur,</strong></span> <span class='ocrx_word' id='word_1_192' title='bbox 1527 2830 1619 2882; x_wconf 90' lang='lat' dir='ltr'><strong>sed</strong></span> <span class='ocrx_word' id='word_1_193' title='bbox 1658 2830 1749 2898; x_wconf 84' lang='lat' dir='ltr'><strong>qui</strong></span> <span class='ocrx_word' id='word_1_194' title='bbox 1794 2830 1896 2882; x_wconf 85' lang='lat' dir='ltr'><strong>vivi</strong></span> <span class='ocrx_word' id='word_1_195' title='bbox 1935 2830 1990 2884; x_wconf 89' lang='lat' dir='ltr'><strong>in</strong></span> 
     </span>
    </p>
   </div>
   <div class='ocr_carea' id='block_1_31' title="bbox 405 2919 1982 2976">
    <p class='ocr_par' dir='ltr' id='par_1_31' title="bbox 405 2919 1982 2976">
     <span class='ocr_line' id='line_1_31' title="bbox 405 2919 1982 2976; baseline -0.003 0"><span class='ocrx_word' id='word_1_196' title='bbox 405 2931 674 2976; x_wconf 84' lang='lat' dir='ltr'><strong>tartarqu</strong></span> <span class='ocrx_word' id='word_1_197' title='bbox 699 2922 1078 2976; x_wconf 75' lang='lat' dir='ltr'><strong>detruduntur.</strong></span> <span class='ocrx_word' id='word_1_198' title='bbox 1114 2921 1180 2976; x_wconf 88' lang='lat' dir='ltr'><strong>Ut</strong></span> <span class='ocrx_word' id='word_1_199' title='bbox 1209 2932 1390 2974; x_wconf 90' lang='lat' dir='ltr'><strong>autem</strong></span> <span class='ocrx_word' id='word_1_200' title='bbox 1418 2921 1680 2974; x_wconf 87' lang='lat' dir='ltr'><strong>acriorem</strong></span> <span class='ocrx_word' id='word_1_201' title='bbox 1706 2919 1982 2972; x_wconf 89' lang='lat' dir='ltr'><strong>stimulum</strong></span> 
     </span>
    </p>
   </div>
   <div class='ocr_carea' id='block_1_32' title="bbox 403 3010 1988 3080">
    <p class='ocr_par' dir='ltr' id='par_1_32' title="bbox 403 3010 1988 3080">
     <span class='ocr_line' id='line_1_32' title="bbox 403 3010 1988 3080; baseline -0.001 -16"><span class='ocrx_word' id='word_1_202' title='bbox 403 3013 668 3066; x_wconf 86' lang='lat' dir='ltr'><strong>adderent</strong></span> <span class='ocrx_word' id='word_1_203' title='bbox 719 3022 773 3066; x_wconf 89' lang='lat' dir='ltr'><strong>et</strong></span> <span class='ocrx_word' id='word_1_204' title='bbox 829 3012 1236 3065; x_wconf 79' lang='lat' dir='ltr'><strong>accusationem</strong></span> <span class='ocrx_word' id='word_1_205' title='bbox 1299 3012 1602 3080; x_wconf 83' lang='lat' dir='ltr'><strong>graviorem</strong></span> <span class='ocrx_word' id='word_1_206' title='bbox 1653 3010 1988 3077; x_wconf 80' lang='lat' dir='ltr'><strong>redderent‘,</strong></span> 
     </span>
    </p>
   </div>
   <div class='ocr_carea' id='block_1_33' title="bbox 405 3103 1988 3173">
    <p class='ocr_par' dir='ltr' id='par_1_33' title="bbox 405 3103 1988 3173">
     <span class='ocr_line' id='line_1_33' title="bbox 405 3103 1988 3173; baseline -0.001 -15"><span class='ocrx_word' id='word_1_207' title='bbox 405 3103 773 3158; x_wconf 81' lang='lat' dir='ltr'><strong>minitabundi</strong></span> <span class='ocrx_word' id='word_1_208' title='bbox 818 3105 1163 3157; x_wconf 87' lang='lat' dir='ltr'><strong>auditoribus</strong></span> <span class='ocrx_word' id='word_1_209' title='bbox 1209 3106 1504 3159; x_wconf 80' lang='lat' dir='ltr'><strong>dixerunt:</strong></span> <span class='ocrx_word' id='word_1_210' title='bbox 1539 3104 1592 3158; x_wconf 90' lang='lat' dir='ltr'><strong>Si</strong></span> <span class='ocrx_word' id='word_1_211' title='bbox 1641 3104 1787 3160; x_wconf 90' lang='lat' dir='ltr'><strong>Deus</strong></span> <span class='ocrx_word' id='word_1_212' title='bbox 1831 3119 1988 3173; x_wconf 87' lang='lat' dir='ltr'><strong>para-</strong></span> 
     </span>
    </p>
   </div>
   <div class='ocr_carea' id='block_1_34' title="bbox 405 3195 1986 3266">
    <p class='ocr_par' dir='ltr' id='par_1_34' title="bbox 405 3195 1986 3266">
     <span class='ocr_line' id='line_1_34' title="bbox 405 3195 1986 3266; baseline 0.003 -19"><span class='ocrx_word' id='word_1_213' title='bbox 405 3195 585 3248; x_wconf 84' lang='lat' dir='ltr'><strong>disum</strong></span> <span class='ocrx_word' id='word_1_214' title='bbox 654 3196 999 3250; x_wconf 75' lang='lat' dir='ltr'><strong>SuilllllmOtio</strong></span> <span class='ocrx_word' id='word_1_215' title='bbox 1063 3195 1424 3250; x_wconf 83' lang='lat' dir='ltr'><strong>inhabitatum</strong></span> <span class='ocrx_word' id='word_1_216' title='bbox 1487 3197 1721 3266; x_wconf 83' lang='lat' dir='ltr'><strong>relinqui</strong></span> <span class='ocrx_word' id='word_1_217' title='bbox 1781 3197 1986 3263; x_wconf 84' lang='lat' dir='ltr'><strong>voluit,</strong></span> 
     </span>
    </p>
   </div>
   <div class='ocr_carea' id='block_1_35' title="bbox 404 3288 1989 3359">
    <p class='ocr_par' dir='ltr' id='par_1_35' title="bbox 404 3288 1989 3359">
     <span class='ocr_line' id='line_1_35' title="bbox 404 3288 1989 3359; baseline 0.005 -21"><span class='ocrx_word' id='word_1_218' title='bbox 404 3288 674 3355; x_wconf 81' lang='lat' dir='ltr'><strong>quomodo</strong></span> <span class='ocrx_word' id='word_1_219' title='bbox 728 3300 885 3342; x_wconf 74' lang='lat' dir='ltr'><strong>terra:</strong></span> <span class='ocrx_word' id='word_1_220' title='bbox 921 3293 1228 3358; x_wconf 85' lang='lat' dir='ltr'><strong>parciturtts</strong></span> <span class='ocrx_word' id='word_1_221' title='bbox 1276 3300 1361 3345; x_wconf 86' lang='lat' dir='ltr'><strong>est</strong></span> <span class='ocrx_word' id='word_1_222' title='bbox 1393 3305 1553 3359; x_wconf 88' lang='lat' dir='ltr'><strong>quam</strong></span> <span class='ocrx_word' id='word_1_223' title='bbox 1607 3304 1708 3345; x_wconf 86' lang='lat' dir='ltr'><strong>nos</strong></span> <span class='ocrx_word' id='word_1_224' title='bbox 1751 3290 1989 3346; x_wconf 77' lang='lat' dir='ltr'><strong>infandis</strong></span> 
     </span>
    </p>
   </div>
   <div class='ocr_carea' id='block_1_36' title="bbox 404 3378 1992 3451">
    <p class='ocr_par' dir='ltr' id='par_1_36' title="bbox 404 3378 1992 3451">
     <span class='ocr_line' id='line_1_36' title="bbox 404 3378 1992 3451; baseline 0.005 -22"><span class='ocrx_word' id='word_1_225' title='bbox 404 3378 725 3434; x_wconf 84' lang='lat' dir='ltr'><strong>criminibus</strong></span> <span class='ocrx_word' id='word_1_226' title='bbox 777 3381 1286 3435; x_wconf 79' lang='lat' dir='ltr'><strong>commaculamus?</strong></span> <span class='ocrx_word' id='word_1_227' title='bbox 1325 3382 1595 3451; x_wconf 88' lang='lat' dir='ltr'><strong>quomodo</strong></span> <span class='ocrx_word' id='word_1_228' title='bbox 1643 3383 1784 3436; x_wconf 87' lang='lat' dir='ltr'><strong>haud</strong></span> <span class='ocrx_word' id='word_1_229' title='bbox 1831 3383 1992 3437; x_wconf 82' lang='lat' dir='ltr'><strong>faciet</strong></span> 
     </span>
    </p>
   </div>
   <div class='ocr_carea' id='block_1_37' title="bbox 405 3471 1989 3544">
    <p class='ocr_par' dir='ltr' id='par_1_37' title="bbox 405 3471 1989 3544">
     <span class='ocr_line' id='line_1_37' title="bbox 405 3471 1989 3544; baseline 0.006 -24"><span class='ocrx_word' id='word_1_230' title='bbox 405 3471 755 3536; x_wconf 85' lang='lat' dir='ltr'><strong>alterutrum,</strong></span> <span class='ocrx_word' id='word_1_231' title='bbox 815 3483 910 3525; x_wconf 87' lang='lat' dir='ltr'><strong>aut</strong></span> <span class='ocrx_word' id='word_1_232' title='bbox 969 3485 1026 3526; x_wconf 87' lang='lat' dir='ltr'><strong>ut</strong></span> <span class='ocrx_word' id='word_1_233' title='bbox 1080 3483 1278 3527; x_wconf 81' lang='lat' dir='ltr'><strong>terram</strong></span> <span class='ocrx_word' id='word_1_234' title='bbox 1337 3473 1667 3528; x_wconf 78' lang='lat' dir='ltr'><strong>confractum</strong></span> <span class='ocrx_word' id='word_1_235' title='bbox 1719 3475 1989 3544; x_wconf 85' lang='lat' dir='ltr'><strong>capitibus</strong></span> 
     </span>
    </p>
   </div>
   <div class='ocr_carea' id='block_1_38' title="bbox 405 3565 1990 3635">
    <p class='ocr_par' dir='ltr' id='par_1_38' title="bbox 405 3565 1990 3635">
     <span class='ocr_line' id='line_1_38' title="bbox 405 3565 1990 3635; baseline 0.003 -18"><span class='ocrx_word' id='word_1_236' title='bbox 405 3565 706 3617; x_wconf 77' lang='lat' dir='ltr'><strong>incolarum</strong></span> <span class='ocrx_word' id='word_1_237' title='bbox 737 3565 1023 3635; x_wconf 77' lang='lat' dir='ltr'><strong>impingat,</strong></span> <span class='ocrx_word' id='word_1_238' title='bbox 1069 3578 1163 3620; x_wconf 90' lang='lat' dir='ltr'><strong>aut</strong></span> <span class='ocrx_word' id='word_1_239' title='bbox 1215 3567 1358 3621; x_wconf 64' lang='lat' dir='ltr'><strong>caelo</strong></span> <span class='ocrx_word' id='word_1_240' title='bbox 1409 3567 1624 3634; x_wconf 82' lang='lat' dir='ltr'><strong>dejecto</strong></span> <span class='ocrx_word' id='word_1_241' title='bbox 1676 3566 1990 3623; x_wconf 83' lang='lat' dir='ltr'><strong>universum</strong></span> 
     </span>
    </p>
   </div>
   <div class='ocr_carea' id='block_1_39' title="bbox 405 3657 1989 3728">
    <p class='ocr_par' dir='ltr' id='par_1_39' title="bbox 405 3657 1989 3728">
     <span class='ocr_line' id='line_1_39' title="bbox 405 3657 1989 3728; baseline 0.004 -21"><span class='ocrx_word' id='word_1_242' title='bbox 405 3657 604 3721; x_wconf 79' lang='lat' dir='ltr'><strong>deleat,</strong></span> <span class='ocrx_word' id='word_1_243' title='bbox 639 3668 732 3712; x_wconf 91' lang='lat' dir='ltr'><strong>aut</strong></span> <span class='ocrx_word' id='word_1_244' title='bbox 763 3659 966 3712; x_wconf 85' lang='lat' dir='ltr'><strong>diluvio</strong></span> <span class='ocrx_word' id='word_1_245' title='bbox 991 3659 1374 3728; x_wconf 70' lang='lat' dir='ltr'><strong>submer‘gens,</strong></span> <span class='ocrx_word' id='word_1_246' title='bbox 1405 3661 1546 3726; x_wconf 90' lang='lat' dir='ltr'><strong>quod</strong></span> <span class='ocrx_word' id='word_1_247' title='bbox 1570 3660 1734 3714; x_wconf 87' lang='lat' dir='ltr'><strong>etiam</strong></span> <span class='ocrx_word' id='word_1_248' title='bbox 1763 3661 1989 3726; x_wconf 89' lang='lat' dir='ltr'><strong>accidit,</strong></span> 
     </span>
    </p>
   </div>
   <div class='ocr_carea' id='block_1_40' title="bbox 405 3750 1995 3821">
    <p class='ocr_par' dir='ltr' id='par_1_40' title="bbox 405 3750 1995 3821">
     <span class='ocr_line' id='line_1_40' title="bbox 405 3750 1995 3821; baseline 0.005 -21"><span class='ocrx_word' id='word_1_249' title='bbox 405 3763 574 3811; x_wconf 69' lang='lat' dir='ltr'><strong>genus</strong></span> <span class='ocrx_word' id='word_1_250' title='bbox 600 3750 894 3804; x_wconf 89' lang='lat' dir='ltr'><strong>humanum</strong></span> <span class='ocrx_word' id='word_1_251' title='bbox 919 3752 1084 3820; x_wconf 90' lang='lat' dir='ltr'><strong>quod,</strong></span> <span class='ocrx_word' id='word_1_252' title='bbox 1105 3766 1226 3804; x_wconf 91' lang='lat' dir='ltr'><strong>cum</strong></span> <span class='ocrx_word' id='word_1_253' title='bbox 1242 3751 1668 3821; x_wconf 86' lang='lat' dir='ltr'><strong>pulcherrimum</strong></span> <span class='ocrx_word' id='word_1_254' title='bbox 1693 3765 1814 3807; x_wconf 82' lang='lat' dir='ltr'><strong>esse</strong></span> <span class='ocrx_word' id='word_1_255' title='bbox 1831 3753 1995 3810; x_wconf 72' lang='lat' dir='ltr'><strong>debe—</strong></span> 
     </span>
    </p>
   </div>
   <div class='ocr_carea' id='block_1_41' title="bbox 403 3843 2001 3911">
    <p class='ocr_par' dir='ltr' id='par_1_41' title="bbox 403 3843 2001 3911">
     <span class='ocr_line' id='line_1_41' title="bbox 403 3843 2001 3911; baseline 0.004 -17"><span class='ocrx_word' id='word_1_256' title='bbox 403 3850 508 3904; x_wconf 85' lang='lat' dir='ltr'><strong>ret,</strong></span> <span class='ocrx_word' id='word_1_257' title='bbox 543 3857 685 3896; x_wconf 87' lang='lat' dir='ltr'><strong>nunc</strong></span> <span class='ocrx_word' id='word_1_258' title='bbox 713 3843 952 3908; x_wconf 71' lang='lat' dir='ltr'><strong>omnium</strong></span> <span class='ocrx_word' id='word_1_259' title='bbox 971 3843 1262 3911; x_wconf 89' lang='lat' dir='ltr'><strong>pessimmu</strong></span> <span class='ocrx_word' id='word_1_260' title='bbox 1289 3851 1392 3906; x_wconf 88' lang='lat' dir='ltr'><strong>est,</strong></span> <span class='ocrx_word' id='word_1_261' title='bbox 1425 3857 1656 3910; x_wconf 84' lang='lat' dir='ltr'><strong>prorsus</strong></span> <span class='ocrx_word' id='word_1_262' title='bbox 1675 3844 2001 3902; x_wconf 78' lang='lat' dir='ltr'><strong>exsciudat?</strong></span> 
     </span>
    </p>
   </div>
   <div class='ocr_carea' id='block_1_42' title="bbox 475 3933 1988 4009">
    <p class='ocr_par' dir='ltr' id='par_1_42' title="bbox 475 3933 1988 4009">
     <span class='ocr_line' id='line_1_42' title="bbox 475 3933 1988 4009; baseline 0.005 -23"><span class='ocrx_word' id='word_1_263' title='bbox 475 3935 529 3987; x_wconf 88' lang='lat'><strong>9.</strong></span> <span class='ocrx_word' id='word_1_264' title='bbox 564 3933 732 3987; x_wconf 83' lang='lat' dir='ltr'><strong>Porro</strong></span> <span class='ocrx_word' id='word_1_265' title='bbox 769 3935 1015 4004; x_wconf 78' lang='lat' dir='ltr'><strong>magistri</strong></span> <span class='ocrx_word' id='word_1_266' title='bbox 1053 3935 1129 3990; x_wconf 81' lang='lat' dir='ltr'><strong>illi</strong></span> <span class='ocrx_word' id='word_1_267' title='bbox 1179 3936 1455 4005; x_wconf 81' lang='lat' dir='ltr'><strong>sapientes</strong></span> <span class='ocrx_word' id='word_1_268' title='bbox 1499 3937 1554 3990; x_wconf 91' lang='lat' dir='ltr'><strong>in</strong></span> <span class='ocrx_word' id='word_1_269' title='bbox 1585 3939 1820 3992; x_wconf 88' lang='lat' dir='ltr'><strong>medimn</strong></span> <span class='ocrx_word' id='word_1_270' title='bbox 1863 3955 1988 4009; x_wconf 80' lang='lat' dir='ltr'><strong>pro-</strong></span> 
     </span>
    </p>
   </div>
   <div class='ocr_carea' id='block_1_43' title="bbox 403 4025 1986 4097">
    <p class='ocr_par' dir='ltr' id='par_1_43' title="bbox 403 4025 1986 4097">
     <span class='ocr_line' id='line_1_43' title="bbox 403 4025 1986 4097; baseline 0.004 -20"><span class='ocrx_word' id='word_1_271' title='bbox 403 4025 675 4080; x_wconf 77' lang='lat' dir='ltr'><strong>duxerunt</strong></span> <span class='ocrx_word' id='word_1_272' title='bbox 739 4027 988 4083; x_wconf 78' lang='lat' dir='ltr'><strong>homines</strong></span> <span class='ocrx_word' id='word_1_273' title='bbox 1046 4027 1322 4083; x_wconf 69' lang='lat' dir='ltr'><strong>ulceribus</strong></span> <span class='ocrx_word' id='word_1_274' title='bbox 1389 4029 1650 4097; x_wconf 84' lang='lat' dir='ltr'><strong>omnique</strong></span> <span class='ocrx_word' id='word_1_275' title='bbox 1701 4031 1986 4084; x_wconf 82' lang='lat' dir='ltr'><strong>vulnerum</strong></span> 
     </span>
    </p>
   </div>
   <div class='ocr_carea' id='block_1_44' title="bbox 405 4113 1992 4186">
    <p class='ocr_par' dir='ltr' id='par_1_44' title="bbox 405 4113 1992 4186">
     <span class='ocr_line' id='line_1_44' title="bbox 405 4113 1992 4186; baseline 0.004 -18"><span class='ocrx_word' id='word_1_276' title='bbox 405 4129 605 4183; x_wconf 73' lang='lat' dir='ltr'><strong>genere</strong></span> <span class='ocrx_word' id='word_1_277' title='bbox 650 4113 984 4175; x_wconf 84' lang='lat' dir='ltr'><strong>laborantes,</strong></span> <span class='ocrx_word' id='word_1_278' title='bbox 1035 4129 1242 4184; x_wconf 85' lang='lat' dir='ltr'><strong>eosque</strong></span> <span class='ocrx_word' id='word_1_279' title='bbox 1294 4117 1471 4186; x_wconf 86' lang='lat' dir='ltr'><strong>palam</strong></span> <span class='ocrx_word' id='word_1_280' title='bbox 1508 4121 1880 4184; x_wconf 72' lang='lat' dir='ltr'><strong>usmudentes,</strong></span> <span class='ocrx_word' id='word_1_281' title='bbox 1935 4128 1992 4174; x_wconf 90' lang='lat' dir='ltr'><strong>ut</strong></span> 
     </span>
    </p>
   </div>
   <div class='ocr_carea' id='block_1_45' title="bbox 406 4205 1990 4281">
    <p class='ocr_par' dir='ltr' id='par_1_45' title="bbox 406 4205 1990 4281">
     <span class='ocr_line' id='line_1_45' title="bbox 406 4205 1990 4281; baseline 0.004 -25"><span class='ocrx_word' id='word_1_282' title='bbox 406 4205 491 4258; x_wconf 78' lang='lat' dir='ltr'><strong>vel</strong></span> <span class='ocrx_word' id='word_1_283' title='bbox 522 4205 604 4258; x_wconf 90' lang='lat' dir='ltr'><strong>sic</strong></span> <span class='ocrx_word' id='word_1_284' title='bbox 639 4205 1091 4273; x_wconf 82' lang='lat' dir='ltr'><strong>rcsipiscentibus</strong></span> <span class='ocrx_word' id='word_1_285' title='bbox 1139 4207 1570 4262; x_wconf 89' lang='lat' dir='ltr'><strong>misericordiam</strong></span> <span class='ocrx_word' id='word_1_286' title='bbox 1623 4210 1990 4281; x_wconf 81' lang='lat' dir='ltr'><strong>injungerent,</strong></span> 
     </span>
    </p>
   </div>
   <div class='ocr_carea' id='block_1_46' title="bbox 404 4295 1992 4368">
    <p class='ocr_par' dir='ltr' id='par_1_46' title="bbox 404 4295 1992 4368">
     <span class='ocr_line' id='line_1_46' title="bbox 404 4295 1992 4368; baseline 0.004 -18"><span class='ocrx_word' id='word_1_287' title='bbox 404 4310 528 4350; x_wconf 90' lang='lat' dir='ltr'><strong>cum</strong></span> <span class='ocrx_word' id='word_1_288' title='bbox 569 4295 839 4364; x_wconf 78' lang='lat' dir='ltr'><strong>vituperio</strong></span> <span class='ocrx_word' id='word_1_289' title='bbox 892 4297 973 4351; x_wconf 89' lang='lat' dir='ltr'><strong>eis</strong></span> <span class='ocrx_word' id='word_1_290' title='bbox 1019 4297 1382 4364; x_wconf 84' lang='lat' dir='ltr'><strong>objectantes.</strong></span> <span class='ocrx_word' id='word_1_291' title='bbox 1420 4299 1611 4368; x_wconf 85' lang='lat' dir='ltr'><strong>quales</strong></span> <span class='ocrx_word' id='word_1_292' title='bbox 1641 4315 1708 4355; x_wconf 82' lang='lat' dir='ltr'><strong>ex</strong></span> <span class='ocrx_word' id='word_1_293' title='bbox 1741 4301 1992 4368; x_wconf 87' lang='lat' dir='ltr'><strong>qualibus</strong></span> 
     </span>
    </p>
   </div>
   <div class='ocr_carea' id='block_1_47' title="bbox 406 4387 1993 4457">
    <p class='ocr_par' dir='ltr' id='par_1_47' title="bbox 406 4387 1993 4457">
     <span class='ocr_line' id='line_1_47' title="bbox 406 4387 1993 4457; baseline 0.004 -16"><span class='ocrx_word' id='word_1_294' title='bbox 406 4388 697 4442; x_wconf 87' lang='lat' dir='ltr'><strong>redderent</strong></span> <span class='ocrx_word' id='word_1_295' title='bbox 744 4387 1100 4453; x_wconf 84' lang='lat' dir='ltr'><strong>eontribules,</strong></span> <span class='ocrx_word' id='word_1_296' title='bbox 1145 4389 1282 4444; x_wconf 86' lang='lat' dir='ltr'><strong>alios</strong></span> <span class='ocrx_word' id='word_1_297' title='bbox 1320 4391 1640 4457; x_wconf 85' lang='lat' dir='ltr'><strong>mutilando,</strong></span> <span class='ocrx_word' id='word_1_298' title='bbox 1671 4392 1807 4448; x_wconf 88' lang='lat' dir='ltr'><strong>alios</strong></span> <span class='ocrx_word' id='word_1_299' title='bbox 1837 4408 1993 4447; x_wconf 56' lang='lat' dir='ltr'><strong>essea-</strong></span> 
     </span>
    </p>
   </div>
   <div class='ocr_carea' id='block_1_48' title="bbox 2016 3146 2060 3202">
    <p class='ocr_par' dir='ltr' id='par_1_48' title="bbox 2016 3146 2060 3202">
     <span class='ocr_line' id='line_1_48' title="bbox 2016 3146 2060 3202; baseline 0 0"><span class='ocrx_word' id='word_1_300' title='bbox 2016 3146 2060 3202; x_wconf 89' lang='lat' dir='ltr'><strong><em>C</em></strong></span> 
     </span>
    </p>
   </div>
   <div class='ocr_carea' id='block_1_49' title="bbox 2025 1799 2065 1854">
    <p class='ocr_par' dir='ltr' id='par_1_49' title="bbox 2025 1799 2065 1854">
     <span class='ocr_line' id='line_1_49' title="bbox 2025 1799 2065 1854; baseline 0 0"><span class='ocrx_word' id='word_1_301' title='bbox 2025 1799 2065 1854; x_wconf 89' lang='grc' dir='ltr'><strong><em>Β</em></strong></span> 
     </span>
    </p>
   </div>
   <div class='ocr_carea' id='block_1_50' title="bbox 2102 544 3678 617">
    <p class='ocr_par' dir='ltr' id='par_1_50' title="bbox 2102 544 3678 617">
     <span class='ocr_line' id='line_1_50' title="bbox 2102 544 3678 617; baseline 0 -17"><span class='ocrx_word' id='word_1_302' title='bbox 2102 547 2372 616; x_wconf 76' lang='grc' dir='ltr'><strong>κοσμίως,</strong></span> <span class='ocrx_word' id='word_1_303' title='bbox 2425 549 2546 608; x_wconf 82' lang='grc' dir='ltr'>ταῖς</span> <span class='ocrx_word' id='word_1_304' title='bbox 2575 546 2632 600; x_wconf 85' lang='grc' dir='ltr'>δὲ</span> <span class='ocrx_word' id='word_1_305' title='bbox 2667 547 2798 616; x_wconf 67' lang='grc' dir='ltr'>περὶ</span> <span class='ocrx_word' id='word_1_306' title='bbox 2835 544 2909 599; x_wconf 86' lang='grc' dir='ltr'><strong>τὰ</strong></span> <span class='ocrx_word' id='word_1_307' title='bbox 2967 544 3118 599; x_wconf 85' lang='grc' dir='ltr'>κάτω</span> <span class='ocrx_word' id='word_1_308' title='bbox 3148 545 3472 615; x_wconf 82' lang='grc' dir='ltr'>στρέφοιντο</span> <span class='ocrx_word' id='word_1_309' title='bbox 3523 550 3678 617; x_wconf 76' lang='grc' dir='ltr'>ἔγκο-</span> 
     </span>
    </p>
   </div>
   <div class='ocr_carea' id='block_1_51' title="bbox 2103 630 3678 709">
    <p class='ocr_par' dir='ltr' id='par_1_51' title="bbox 2103 630 3678 709">
     <span class='ocr_line' id='line_1_51' title="bbox 2103 630 3678 709; baseline 0.003 -18"><span class='ocrx_word' id='word_1_310' title='bbox 2103 639 2277 709; x_wconf 61' lang='lat' dir='ltr'><strong>opim;</strong></span> <span class='ocrx_word' id='word_1_311' title='bbox 2301 639 2416 708; x_wconf 66' lang='grc' dir='ltr'>ἅμα</span> <span class='ocrx_word' id='word_1_312' title='bbox 2432 639 2522 692; x_wconf 76' lang='grc' dir='ltr'>καὶ</span> <span class='ocrx_word' id='word_1_313' title='bbox 2548 630 2855 708; x_wconf 78' lang='grc' dir='ltr'>θεοφιλῶς),</span> <span class='ocrx_word' id='word_1_314' title='bbox 2872 637 2967 691; x_wconf 71' lang='grc' dir='ltr'><strong>καὶ</strong></span> <span class='ocrx_word' id='word_1_315' title='bbox 2982 638 3041 691; x_wconf 77' lang='grc' dir='ltr'>τὸ</span> <span class='ocrx_word' id='word_1_316' title='bbox 3063 637 3313 691; x_wconf 79' lang='grc' dir='ltr'>ἐντεῦθεν</span> <span class='ocrx_word' id='word_1_317' title='bbox 3331 639 3678 709; x_wconf 79' lang='grc' dir='ltr'>κυρώσαντες</span> 
     </span>
    </p>
   </div>
   <div class='ocr_carea' id='block_1_52' title="bbox 2101 727 3682 801">
    <p class='ocr_par' dir='ltr' id='par_1_52' title="bbox 2101 727 3682 801">
     <span class='ocr_line' id='line_1_52' title="bbox 2101 727 3682 801; baseline 0.003 -19"><span class='ocrx_word' id='word_1_318' title='bbox 2101 730 2374 800; x_wconf 79' lang='grc' dir='ltr'><strong>βούλευμα</strong></span> <span class='ocrx_word' id='word_1_319' title='bbox 2422 729 2674 798; x_wconf 79' lang='grc' dir='ltr'>φιλόθεον</span> <span class='ocrx_word' id='word_1_320' title='bbox 2730 729 2826 782; x_wconf 71' lang='grc' dir='ltr'>καὶ</span> <span class='ocrx_word' id='word_1_321' title='bbox 2880 727 3236 798; x_wconf 79' lang='grc' dir='ltr'><strong>φιλάδελφον,</strong></span> <span class='ocrx_word' id='word_1_322' title='bbox 3292 730 3682 801; x_wconf 83' lang='grc' dir='ltr'>άπετόλμησαν</span> 
     </span>
    </p>
   </div>
   <div class='ocr_carea' id='block_1_53' title="bbox 2099 818 3679 892">
    <p class='ocr_par' dir='ltr' id='par_1_53' title="bbox 2099 818 3679 892">
     <span class='ocr_line' id='line_1_53' title="bbox 2099 818 3679 892; baseline 0.002 -17"><span class='ocrx_word' id='word_1_323' title='bbox 2099 820 2375 892; x_wconf 73' lang='grc' dir='ltr'><strong>ἀθροῖσαι,</strong></span> <span class='ocrx_word' id='word_1_324' title='bbox 2414 822 2468 874; x_wconf 85' lang='grc' dir='ltr'>εῐ</span> <span class='ocrx_word' id='word_1_325' title='bbox 2488 832 2588 874; x_wconf 84' lang='grc' dir='ltr'>που</span> <span class='ocrx_word' id='word_1_326' title='bbox 2617 820 2892 891; x_wconf 67' lang='grc' dir='ltr'>εὕρισκον,</span> <span class='ocrx_word' id='word_1_327' title='bbox 2920 820 3116 889; x_wconf 78' lang='grc' dir='ltr'>ὁμοίαν</span> <span class='ocrx_word' id='word_1_328' title='bbox 3135 818 3337 888; x_wconf 86' lang='grc' dir='ltr'>λσγάδα</span> <span class='ocrx_word' id='word_1_329' title='bbox 3387 822 3484 873; x_wconf 72' lang='grc' dir='ltr'>καὶ</span> <span class='ocrx_word' id='word_1_330' title='bbox 3506 823 3679 892; x_wconf 80' lang='grc' dir='ltr'>όμάδα</span> 
     </span>
    </p>
   </div>
   <div class='ocr_carea' id='block_1_54' title="bbox 2101 911 3680 985">
    <p class='ocr_par' dir='ltr' id='par_1_54' title="bbox 2101 911 3680 985">
     <span class='ocr_line' id='line_1_54' title="bbox 2101 911 3680 985; baseline 0.002 -19"><span class='ocrx_word' id='word_1_331' title='bbox 2101 912 2502 983; x_wconf 87' lang='grc' dir='ltr'>συστήσασθαι,</span> <span class='ocrx_word' id='word_1_332' title='bbox 2534 912 2629 967; x_wconf 70' lang='grc' dir='ltr'>καὶ</span> <span class='ocrx_word' id='word_1_333' title='bbox 2663 911 2901 984; x_wconf 74' lang='grc' dir='ltr'>κηρύξαι</span> <span class='ocrx_word' id='word_1_334' title='bbox 2967 911 3190 965; x_wconf 75' lang='grc' dir='ltr'>σύνοδον</span> <span class='ocrx_word' id='word_1_335' title='bbox 3244 912 3680 985; x_wconf 80' lang='grc' dir='ltr'>πολυάνθρωπον</span> 
     </span>
    </p>
   </div>
   <div class='ocr_carea' id='block_1_55' title="bbox 2099 999 3007 1076">
    <p class='ocr_par' dir='ltr' id='par_1_55' title="bbox 2099 999 3007 1076">
     <span class='ocr_line' id='line_1_55' title="bbox 2099 999 3007 1076; baseline 0 -19"><span class='ocrx_word' id='word_1_336' title='bbox 2099 1004 2188 1057; x_wconf 77' lang='grc' dir='ltr'><strong>ἐπὶ</strong></span> <span class='ocrx_word' id='word_1_337' title='bbox 2219 1004 2409 1074; x_wconf 84' lang='grc' dir='ltr'>ἀγαθῷ</span> <span class='ocrx_word' id='word_1_338' title='bbox 2435 1006 2600 1073; x_wconf 86' lang='grc' dir='ltr'>κοινῷ</span> <span class='ocrx_word' id='word_1_339' title='bbox 2628 1021 2685 1057; x_wconf 89' lang='grc' dir='ltr'>τε</span> <span class='ocrx_word' id='word_1_340' title='bbox 2717 1007 2812 1056; x_wconf 73' lang='grc' dir='ltr'>καὶ</span> <span class='ocrx_word' id='word_1_341' title='bbox 2835 999 3007 1076; x_wconf 78' lang='grc' dir='ltr'>ῥᾴονι.</span> 
     </span>
    </p>
   </div>
   <div class='ocr_carea' id='block_1_56' title="bbox 2168 1096 3682 1170">
    <p class='ocr_par' dir='ltr' id='par_1_56' title="bbox 2168 1096 3682 1170">
     <span class='ocr_line' id='line_1_56' title="bbox 2168 1096 3682 1170; baseline 0.001 -20"><span class='ocrx_word' id='word_1_342' title='bbox 2168 1102 2240 1167; x_wconf 81' lang='grc' dir='ltr'><strong>η’.</strong></span> <span class='ocrx_word' id='word_1_343' title='bbox 2279 1096 2368 1159; x_wconf 82' lang='grc' dir='ltr'><strong>Ὠς</strong></span> <span class='ocrx_word' id='word_1_344' title='bbox 2397 1096 2452 1150; x_wconf 85' lang='grc' dir='ltr'>δὲ</span> <span class='ocrx_word' id='word_1_345' title='bbox 2487 1096 2628 1166; x_wconf 80' lang='grc' dir='ltr'>ταχὺ</span> <span class='ocrx_word' id='word_1_346' title='bbox 2659 1097 2892 1168; x_wconf 78' lang='grc' dir='ltr'>συνῆξεν</span> <span class='ocrx_word' id='word_1_347' title='bbox 2931 1099 2960 1150; x_wconf 87' lang='grc' dir='ltr'><strong>ό</strong></span> <span class='ocrx_word' id='word_1_348' title='bbox 3008 1096 3141 1160; x_wconf 74' lang='grc' dir='ltr'>Θεὸς</span> <span class='ocrx_word' id='word_1_349' title='bbox 3174 1097 3397 1168; x_wconf 75' lang='grc' dir='ltr'>ἐκείνην</span> <span class='ocrx_word' id='word_1_350' title='bbox 3451 1098 3682 1170; x_wconf 81' lang='grc' dir='ltr'>καθοδη-</span> 
     </span>
    </p>
   </div>
   <div class='ocr_carea' id='block_1_57' title="bbox 2099 1187 3682 1262">
    <p class='ocr_par' dir='ltr' id='par_1_57' title="bbox 2099 1187 3682 1262">
     <span class='ocr_line' id='line_1_57' title="bbox 2099 1187 3682 1262; baseline -0.007 -5"><span class='ocrx_word' id='word_1_351' title='bbox 2099 1190 2296 1262; x_wconf 75' lang='grc' dir='ltr'><strong>γήσας.</strong></span> <span class='ocrx_word' id='word_1_352' title='bbox 2329 1190 2357 1241; x_wconf 71' lang='grc' dir='ltr'><strong>ὅ</strong></span> <span class='ocrx_word' id='word_1_353' title='bbox 2386 1187 2486 1261; x_wconf 77' lang='grc' dir='ltr'>τὴν</span> <span class='ocrx_word' id='word_1_354' title='bbox 2508 1190 2732 1260; x_wconf 81' lang='grc' dir='ltr'><strong>ἀγάπην</strong></span> <span class='ocrx_word' id='word_1_355' title='bbox 2763 1190 2860 1243; x_wconf 77' lang='grc' dir='ltr'><strong>καὶ</strong></span> <span class='ocrx_word' id='word_1_356' title='bbox 2893 1190 2992 1261; x_wconf 72' lang='grc' dir='ltr'>τὴν</span> <span class='ocrx_word' id='word_1_357' title='bbox 3051 1191 3276 1262; x_wconf 77' lang='grc' dir='ltr'><strong>εἰρήνην</strong></span> <span class='ocrx_word' id='word_1_358' title='bbox 3342 1192 3536 1260; x_wconf 82' lang='grc' dir='ltr'>φιλῶν,</span> <span class='ocrx_word' id='word_1_359' title='bbox 3587 1194 3682 1247; x_wconf 80' lang='grc' dir='ltr'>καὶ</span> 
     </span>
    </p>
   </div>
   <div class='ocr_carea' id='block_1_58' title="bbox 2099 1279 3682 1353">
    <p class='ocr_par' dir='ltr' id='par_1_58' title="bbox 2099 1279 3682 1353">
     <span class='ocr_line' id='line_1_58' title="bbox 2099 1279 3682 1353; baseline 0.004 -21"><span class='ocrx_word' id='word_1_360' title='bbox 2099 1279 2167 1333; x_wconf 84' lang='grc' dir='ltr'>δι’</span> <span class='ocrx_word' id='word_1_361' title='bbox 2216 1281 2348 1334; x_wconf 81' lang='grc' dir='ltr'>αὐτὸ</span> <span class='ocrx_word' id='word_1_362' title='bbox 2381 1280 2504 1334; x_wconf 82' lang='grc' dir='ltr'>κατ’</span> <span class='ocrx_word' id='word_1_363' title='bbox 2535 1281 2720 1334; x_wconf 71' lang='grc' dir='ltr'>εἰκόνα</span> <span class='ocrx_word' id='word_1_364' title='bbox 2749 1280 2948 1334; x_wconf 77' lang='grc' dir='ltr'>ἑαυτοῦ</span> <span class='ocrx_word' id='word_1_365' title='bbox 2988 1281 3199 1345; x_wconf 79' lang='grc' dir='ltr'><strong>πλάσας</strong></span> <span class='ocrx_word' id='word_1_366' title='bbox 3229 1283 3320 1336; x_wconf 75' lang='grc' dir='ltr'>τὸν</span> <span class='ocrx_word' id='word_1_367' title='bbox 3363 1284 3560 1353; x_wconf 78' lang='grc' dir='ltr'>Ἀδάμ,</span> <span class='ocrx_word' id='word_1_368' title='bbox 3585 1291 3682 1339; x_wconf 74' lang='grc' dir='ltr'><strong>καὶ</strong></span> 
     </span>
    </p>
   </div>
   <div class='ocr_carea' id='block_1_59' title="bbox 2100 1371 3699 1444">
    <p class='ocr_par' dir='ltr' id='par_1_59' title="bbox 2100 1371 3699 1444">
     <span class='ocr_line' id='line_1_59' title="bbox 2100 1371 3699 1444; baseline 0.004 -21"><span class='ocrx_word' id='word_1_369' title='bbox 2100 1371 2239 1442; x_wconf 73' lang='grc' dir='ltr'>πρὸς</span> <span class='ocrx_word' id='word_1_370' title='bbox 2267 1374 2454 1442; x_wconf 73' lang='grc' dir='ltr'>ὅμοιον</span> <span class='ocrx_word' id='word_1_371' title='bbox 2487 1371 2641 1434; x_wconf 80' lang='grc' dir='ltr'>τέλος</span> <span class='ocrx_word' id='word_1_372' title='bbox 2675 1371 2861 1436; x_wconf 76' lang='grc' dir='ltr'>ἐνδοὺς</span> <span class='ocrx_word' id='word_1_373' title='bbox 2902 1371 2997 1424; x_wconf 82' lang='grc' dir='ltr'>τὸν</span> <span class='ocrx_word' id='word_1_374' title='bbox 3035 1373 3095 1425; x_wconf 82' lang='grc' dir='ltr'><strong>έν</strong></span> <span class='ocrx_word' id='word_1_375' title='bbox 3122 1373 3200 1442; x_wconf 80' lang='grc' dir='ltr'>τῷ</span> <span class='ocrx_word' id='word_1_376' title='bbox 3229 1374 3420 1444; x_wconf 85' lang='grc' dir='ltr'>κόσμῳ</span> <span class='ocrx_word' id='word_1_377' title='bbox 3448 1373 3517 1428; x_wconf 82' lang='grc' dir='ltr'><strong>δι’</strong></span> <span class='ocrx_word' id='word_1_378' title='bbox 3537 1377 3699 1429; x_wconf 64' lang='grc' dir='ltr'>ὲκείί</span> 
     </span>
    </p>
   </div>
   <div class='ocr_carea' id='block_1_60' title="bbox 2098 1463 3690 1537">
    <p class='ocr_par' dir='ltr' id='par_1_60' title="bbox 2098 1463 3690 1537">
     <span class='ocr_line' id='line_1_60' title="bbox 2098 1463 3690 1537; baseline 0.004 -21"><span class='ocrx_word' id='word_1_379' title='bbox 2098 1480 2193 1516; x_wconf 90' lang='grc' dir='ltr'>νου</span> <span class='ocrx_word' id='word_1_380' title='bbox 2224 1463 2569 1535; x_wconf 82' lang='grc' dir='ltr'>πληθυσμὸν.</span> <span class='ocrx_word' id='word_1_381' title='bbox 2596 1465 2816 1529; x_wconf 83' lang='grc' dir='ltr'>πάντως</span> <span class='ocrx_word' id='word_1_382' title='bbox 2870 1463 2938 1519; x_wconf 84' lang='grc' dir='ltr'>ἂν</span> <span class='ocrx_word' id='word_1_383' title='bbox 2993 1466 3268 1537; x_wconf 74' lang='grc' dir='ltr'><strong>ἐλάλησαν</strong></span> <span class='ocrx_word' id='word_1_384' title='bbox 3325 1469 3549 1530; x_wconf 78' lang='grc' dir='ltr'>ἐκεῖνοι,</span> <span class='ocrx_word' id='word_1_385' title='bbox 3582 1470 3690 1523; x_wconf 81' lang='grc' dir='ltr'><strong>ὅσα</strong></span> 
     </span>
    </p>
   </div>
   <div class='ocr_carea' id='block_1_61' title="bbox 2099 1554 3683 1632">
    <p class='ocr_par' dir='ltr' id='par_1_61' title="bbox 2099 1554 3683 1632">
     <span class='ocr_line' id='line_1_61' title="bbox 2099 1554 3683 1632; baseline 0.002 -22"><span class='ocrx_word' id='word_1_386' title='bbox 2099 1556 2195 1610; x_wconf 75' lang='grc' dir='ltr'><strong>καὶ</strong></span> <span class='ocrx_word' id='word_1_387' title='bbox 2231 1554 2545 1610; x_wconf 87' lang='grc' dir='ltr'>διδάσκαλοι</span> <span class='ocrx_word' id='word_1_388' title='bbox 2615 1556 2812 1623; x_wconf 77' lang='grc' dir='ltr'>ἔνθεοι,</span> <span class='ocrx_word' id='word_1_389' title='bbox 2869 1558 2937 1611; x_wconf 77' lang='grc' dir='ltr'><strong>τὰ</strong></span> <span class='ocrx_word' id='word_1_390' title='bbox 2989 1558 3202 1625; x_wconf 81' lang='grc' dir='ltr'>δέοντα,</span> <span class='ocrx_word' id='word_1_391' title='bbox 3243 1561 3339 1612; x_wconf 75' lang='grc' dir='ltr'>καὶ</span> <span class='ocrx_word' id='word_1_392' title='bbox 3371 1562 3436 1632; x_wconf 76' lang='grc' dir='ltr'>τῇ</span> <span class='ocrx_word' id='word_1_393' title='bbox 3495 1561 3683 1615; x_wconf 80' lang='grc' dir='ltr'><strong>θεόθεν</strong></span> 
     </span>
    </p>
   </div>
   <div class='ocr_carea' id='block_1_62' title="bbox 2100 1646 3683 1724">
    <p class='ocr_par' dir='ltr' id='par_1_62' title="bbox 2100 1646 3683 1724">
     <span class='ocr_line' id='line_1_62' title="bbox 2100 1646 3683 1724; baseline 0.004 -26"><span class='ocrx_word' id='word_1_394' title='bbox 2100 1646 2358 1717; x_wconf 64' lang='grc' dir='ltr'>ἐπιπνοίᾳ</span> <span class='ocrx_word' id='word_1_395' title='bbox 2378 1647 2803 1718; x_wconf 77' lang='grc' dir='ltr'>σεσοφισμένοι·</span> <span class='ocrx_word' id='word_1_396' title='bbox 2850 1652 2948 1703; x_wconf 72' lang='grc' dir='ltr'>καὶ</span> <span class='ocrx_word' id='word_1_397' title='bbox 3009 1650 3312 1715; x_wconf 76' lang='grc' dir='ltr'>ἀναϐάντες</span> <span class='ocrx_word' id='word_1_398' title='bbox 3363 1654 3429 1722; x_wconf 75' lang='grc' dir='ltr'><strong>τῇ</strong></span> <span class='ocrx_word' id='word_1_399' title='bbox 3491 1655 3683 1724; x_wconf 76' lang='grc' dir='ltr'>μνήμη</span> 
     </span>
    </p>
   </div>
   <div class='ocr_carea' id='block_1_63' title="bbox 2099 1741 3697 1818">
    <p class='ocr_par' dir='ltr' id='par_1_63' title="bbox 2099 1741 3697 1818">
     <span class='ocr_line' id='line_1_63' title="bbox 2099 1741 3697 1818; baseline 0.006 -24"><span class='ocrx_word' id='word_1_400' title='bbox 2099 1741 2304 1805; x_wconf 70' lang='grc' dir='ltr'>ιςτοὺς</span> <span class='ocrx_word' id='word_1_401' title='bbox 2362 1743 2740 1814; x_wconf 81' lang='grc' dir='ltr'>προπάτορας,</span> <span class='ocrx_word' id='word_1_402' title='bbox 2803 1745 2900 1799; x_wconf 78' lang='grc' dir='ltr'><strong>καὶ</strong></span> <span class='ocrx_word' id='word_1_403' title='bbox 2950 1744 3021 1798; x_wconf 82' lang='grc' dir='ltr'>δι’</span> <span class='ocrx_word' id='word_1_404' title='bbox 3077 1745 3303 1800; x_wconf 77' lang='grc' dir='ltr'><strong>ἐκείνων</strong></span> <span class='ocrx_word' id='word_1_405' title='bbox 3352 1749 3697 1818; x_wconf 81' lang='grc' dir='ltr'>προθέμενοι</span> 
     </span>
    </p>
   </div>
   <div class='ocr_carea' id='block_1_64' title="bbox 2094 1827 3682 1913">
    <p class='ocr_par' dir='ltr' id='par_1_64' title="bbox 2094 1827 3682 1913">
     <span class='ocr_line' id='line_1_64' title="bbox 2094 1827 3682 1913; baseline 0.003 -26"><span class='ocrx_word' id='word_1_406' title='bbox 2094 1837 2385 1902; x_wconf 79' lang='grc' dir='ltr'>ὲναγαγείν</span> <span class='ocrx_word' id='word_1_407' title='bbox 2439 1835 2564 1900; x_wconf 80' lang='grc' dir='ltr'>τοὺς</span> <span class='ocrx_word' id='word_1_408' title='bbox 2626 1837 3013 1908; x_wconf 83' lang='grc' dir='ltr'><strong>ἀκροωμένους</strong></span> <span class='ocrx_word' id='word_1_409' title='bbox 3067 1827 3150 1902; x_wconf 74' lang='grc' dir='ltr'>εἰς</span> <span class='ocrx_word' id='word_1_410' title='bbox 3214 1838 3334 1909; x_wconf 76' lang='grc' dir='ltr'>βίου</span> <span class='ocrx_word' id='word_1_411' title='bbox 3385 1839 3682 1913; x_wconf 71' lang='grc' dir='ltr'>ὀρθότητα,</span> 
     </span>
    </p>
   </div>
   <div class='ocr_carea' id='block_1_65' title="bbox 2094 1929 3690 2002">
    <p class='ocr_par' dir='ltr' id='par_1_65' title="bbox 2094 1929 3690 2002">
     <span class='ocr_line' id='line_1_65' title="bbox 2094 1929 3690 2002; baseline 0.004 -23"><span class='ocrx_word' id='word_1_412' title='bbox 2094 1929 2416 1998; x_wconf 81' lang='grc' dir='ltr'>προήγαγον</span> <span class='ocrx_word' id='word_1_413' title='bbox 2443 1929 2506 1980; x_wconf 71' lang='grc' dir='ltr'>ἂν</span> <span class='ocrx_word' id='word_1_414' title='bbox 2529 1930 2610 1992; x_wconf 77' lang='grc' dir='ltr'><strong>εἰς</strong></span> <span class='ocrx_word' id='word_1_415' title='bbox 2632 1929 2796 2001; x_wconf 84' lang='grc' dir='ltr'>χάριν</span> <span class='ocrx_word' id='word_1_416' title='bbox 2821 1930 3062 1996; x_wconf 81' lang='grc' dir='ltr'><strong>πειθοῦς,</strong></span> <span class='ocrx_word' id='word_1_417' title='bbox 3090 1931 3210 1984; x_wconf 81' lang='grc' dir='ltr'>οἵαν</span> <span class='ocrx_word' id='word_1_418' title='bbox 3237 1931 3337 2000; x_wconf 84' lang='grc' dir='ltr'><strong>μὲν</strong></span> <span class='ocrx_word' id='word_1_419' title='bbox 3399 1932 3529 2002; x_wconf 81' lang='grc' dir='ltr'>μίαν</span> <span class='ocrx_word' id='word_1_420' title='bbox 3594 1937 3690 1986; x_wconf 60' lang='grc' dir='ltr'><strong>ἐνί</strong></span> 
     </span>
    </p>
   </div>
   <div class='ocr_carea' id='block_1_66' title="bbox 2092 2019 3684 2094">
    <p class='ocr_par' dir='ltr' id='par_1_66' title="bbox 2092 2019 3684 2094">
     <span class='ocr_line' id='line_1_66' title="bbox 2092 2019 3684 2094; baseline 0.003 -23"><span class='ocrx_word' id='word_1_421' title='bbox 2092 2019 2259 2090; x_wconf 75' lang='grc' dir='ltr'>στολὴν</span> <span class='ocrx_word' id='word_1_422' title='bbox 2295 2019 2494 2072; x_wconf 76' lang='grc' dir='ltr'>ἐκεῖνοι.</span> <span class='ocrx_word' id='word_1_423' title='bbox 2518 2019 2656 2090; x_wconf 76' lang='grc' dir='ltr'>πρὸς</span> <span class='ocrx_word' id='word_1_424' title='bbox 2688 2020 2827 2074; x_wconf 83' lang='grc' dir='ltr'><strong>Θεοῦ</strong></span> <span class='ocrx_word' id='word_1_425' title='bbox 2866 2021 3078 2091; x_wconf 84' lang='grc' dir='ltr'>πρῶτοι</span> <span class='ocrx_word' id='word_1_426' title='bbox 3143 2022 3521 2089; x_wconf 72' lang='grc' dir='ltr'><strong>ἐπιταγέντες,</strong></span> <span class='ocrx_word' id='word_1_427' title='bbox 3579 2026 3684 2094; x_wconf 79' lang='grc' dir='ltr'><strong>ρᾳ-</strong></span> 
     </span>
    </p>
   </div>
   <div class='ocr_carea' id='block_1_67' title="bbox 2092 2108 3686 2181">
    <p class='ocr_par' dir='ltr' id='par_1_67' title="bbox 2092 2108 3686 2181">
     <span class='ocr_line' id='line_1_67' title="bbox 2092 2108 3686 2181; baseline 0.004 -17"><span class='ocrx_word' id='word_1_428' title='bbox 2092 2110 2212 2164; x_wconf 75' lang='grc' dir='ltr'>δίαν</span> <span class='ocrx_word' id='word_1_429' title='bbox 2244 2108 2462 2181; x_wconf 75' lang='grc' dir='ltr'>εκείνην</span> <span class='ocrx_word' id='word_1_430' title='bbox 2488 2111 2872 2181; x_wconf 81' lang='grc' dir='ltr'>ἐξανυσθῆναι,</span> <span class='ocrx_word' id='word_1_431' title='bbox 2909 2113 2985 2172; x_wconf 84' lang='grc' dir='ltr'><strong>ὡς</strong></span> <span class='ocrx_word' id='word_1_432' title='bbox 3020 2114 3116 2166; x_wconf 77' lang='grc' dir='ltr'>καὶ</span> <span class='ocrx_word' id='word_1_433' title='bbox 3152 2113 3315 2176; x_wconf 82' lang='grc' dir='ltr'>θεοὺς</span> <span class='ocrx_word' id='word_1_434' title='bbox 3363 2109 3503 2168; x_wconf 76' lang='grc' dir='ltr'>εἶναι</span> <span class='ocrx_word' id='word_1_435' title='bbox 3555 2117 3686 2179; x_wconf 69' lang='grc' dir='ltr'>τοὺς</span> 
     </span>
    </p>
   </div>
   <div class='ocr_carea' id='block_1_68' title="bbox 2094 2201 3685 2276">
    <p class='ocr_par' dir='ltr' id='par_1_68' title="bbox 2094 2201 3685 2276">
     <span class='ocr_line' id='line_1_68' title="bbox 2094 2201 3685 2276; baseline 0.003 -22"><span class='ocrx_word' id='word_1_436' title='bbox 2094 2201 2544 2265; x_wconf 79' lang='grc' dir='ltr'>ὑπακούσαντας,</span> <span class='ocrx_word' id='word_1_437' title='bbox 2581 2203 2677 2255; x_wconf 72' lang='grc' dir='ltr'><strong>καὶ</strong></span> <span class='ocrx_word' id='word_1_438' title='bbox 2725 2203 3180 2274; x_wconf 75' lang='grc' dir='ltr'>παραὸεσηκότες</span> <span class='ocrx_word' id='word_1_439' title='bbox 3227 2203 3424 2276; x_wconf 75' lang='grc' dir='ltr'>αὐτὴν,</span> <span class='ocrx_word' id='word_1_440' title='bbox 3468 2205 3685 2275; x_wconf 82' lang='grc' dir='ltr'>μονάδα</span> 
     </span>
    </p>
   </div>
   <div class='ocr_carea' id='block_1_69' title="bbox 2093 2291 3686 2366">
    <p class='ocr_par' dir='ltr' id='par_1_69' title="bbox 2093 2291 3686 2366">
     <span class='ocr_line' id='line_1_69' title="bbox 2093 2291 3686 2366; baseline 0.002 -20"><span class='ocrx_word' id='word_1_441' title='bbox 2093 2295 2184 2346; x_wconf 81' lang='grc' dir='ltr'>τὸν</span> <span class='ocrx_word' id='word_1_442' title='bbox 2212 2295 2410 2348; x_wconf 80' lang='grc' dir='ltr'>σεπτὸν</span> <span class='ocrx_word' id='word_1_443' title='bbox 2443 2296 2779 2365; x_wconf 78' lang='grc' dir='ltr'>παράδεισον</span> <span class='ocrx_word' id='word_1_444' title='bbox 2809 2296 3032 2366; x_wconf 82' lang='grc' dir='ltr'>ἀφῆκαν</span> <span class='ocrx_word' id='word_1_445' title='bbox 3062 2291 3228 2360; x_wconf 75' lang='grc' dir='ltr'>εἶναι,</span> <span class='ocrx_word' id='word_1_446' title='bbox 3262 2294 3337 2357; x_wconf 85' lang='grc' dir='ltr'><strong>ὡς</strong></span> <span class='ocrx_word' id='word_1_447' title='bbox 3367 2295 3471 2358; x_wconf 68' lang='grc' dir='ltr'><strong>ἔξω</strong></span> <span class='ocrx_word' id='word_1_448' title='bbox 3533 2296 3686 2349; x_wconf 71' lang='grc' dir='ltr'><strong>ὲκεξα</strong></span> 
     </span>
    </p>
   </div>
   <div class='ocr_carea' id='block_1_70' title="bbox 2095 2387 3685 2461">
    <p class='ocr_par' dir='ltr' id='par_1_70' title="bbox 2095 2387 3685 2461">
     <span class='ocr_line' id='line_1_70' title="bbox 2095 2387 3685 2461; baseline -0.001 -21"><span class='ocrx_word' id='word_1_449' title='bbox 2095 2404 2186 2440; x_wconf 85' lang='grc' dir='ltr'><strong>νου</strong></span> <span class='ocrx_word' id='word_1_450' title='bbox 2223 2387 2409 2457; x_wconf 84' lang='grc' dir='ltr'>μένειν</span> <span class='ocrx_word' id='word_1_451' title='bbox 2431 2388 2557 2451; x_wconf 80' lang='grc' dir='ltr'>τοὺς</span> <span class='ocrx_word' id='word_1_452' title='bbox 2585 2391 2678 2442; x_wconf 79' lang='grc' dir='ltr'><strong>καὶ</strong></span> <span class='ocrx_word' id='word_1_453' title='bbox 2704 2390 2764 2443; x_wconf 82' lang='grc' dir='ltr'><strong>ὲν</strong></span> <span class='ocrx_word' id='word_1_454' title='bbox 2789 2389 2939 2461; x_wconf 80' lang='grc' dir='ltr'>αὑτῷ</span> <span class='ocrx_word' id='word_1_455' title='bbox 2969 2389 3308 2458; x_wconf 78' lang='grc' dir='ltr'>ἡνωμένους,</span> <span class='ocrx_word' id='word_1_456' title='bbox 3338 2387 3438 2459; x_wconf 83' lang='grc' dir='ltr'>τὴν</span> <span class='ocrx_word' id='word_1_457' title='bbox 3481 2389 3685 2459; x_wconf 75' lang='grc' dir='ltr'>ἀρχὴν,</span> 
     </span>
    </p>
   </div>
   <div class='ocr_carea' id='block_1_71' title="bbox 2095 2480 3713 2552">
    <p class='ocr_par' dir='ltr' id='par_1_71' title="bbox 2095 2480 3713 2552">
     <span class='ocr_line' id='line_1_71' title="bbox 2095 2480 3713 2552; baseline 0 -20"><span class='ocrx_word' id='word_1_458' title='bbox 2095 2480 2190 2532; x_wconf 79' lang='grc' dir='ltr'>καὶ</span> <span class='ocrx_word' id='word_1_459' title='bbox 2223 2481 2304 2542; x_wconf 77' lang='grc' dir='ltr'><strong>εἰς</strong></span> <span class='ocrx_word' id='word_1_460' title='bbox 2329 2481 2653 2551; x_wconf 86' lang='grc' dir='ltr'>πληθυσμοῦ</span> <span class='ocrx_word' id='word_1_461' title='bbox 2679 2482 2904 2552; x_wconf 87' lang='grc' dir='ltr'>σπέρμα</span> <span class='ocrx_word' id='word_1_462' title='bbox 2926 2482 3019 2535; x_wconf 84' lang='grc' dir='ltr'><strong>καὶ</strong></span> <span class='ocrx_word' id='word_1_463' title='bbox 3039 2480 3321 2551; x_wconf 80' lang='grc' dir='ltr'>αὐξήσεως</span> <span class='ocrx_word' id='word_1_464' title='bbox 3339 2483 3713 2551; x_wconf 76' lang='grc' dir='ltr'>ἀφειμένους,</span> 
     </span>
    </p>
   </div>
   <div class='ocr_carea' id='block_1_72' title="bbox 2094 2569 3686 2641">
    <p class='ocr_par' dir='ltr' id='par_1_72' title="bbox 2094 2569 3686 2641">
     <span class='ocr_line' id='line_1_72' title="bbox 2094 2569 3686 2641; baseline 0.002 -19"><span class='ocrx_word' id='word_1_465' title='bbox 2094 2573 2237 2623; x_wconf 81' lang='grc' dir='ltr'>κατὰ</span> <span class='ocrx_word' id='word_1_466' title='bbox 2301 2572 2403 2641; x_wconf 77' lang='grc' dir='ltr'><strong>τὴν</strong></span> <span class='ocrx_word' id='word_1_467' title='bbox 2441 2571 2536 2626; x_wconf 90' lang='grc' dir='ltr'>τοῦ</span> <span class='ocrx_word' id='word_1_468' title='bbox 2589 2573 2725 2627; x_wconf 84' lang='grc' dir='ltr'>Θεοῦ</span> <span class='ocrx_word' id='word_1_469' title='bbox 2781 2572 3060 2638; x_wconf 63' lang='grc' dir='ltr'>κὲλευσιν,</span> <span class='ocrx_word' id='word_1_470' title='bbox 3099 2569 3185 2628; x_wconf 73' lang='grc' dir='ltr'><strong>οἷα</strong></span> <span class='ocrx_word' id='word_1_471' title='bbox 3210 2573 3267 2626; x_wconf 81' lang='grc' dir='ltr'>δὲ</span> <span class='ocrx_word' id='word_1_472' title='bbox 3283 2575 3332 2627; x_wconf 82' lang='grc' dir='ltr'><strong>οἱ</strong></span> <span class='ocrx_word' id='word_1_473' title='bbox 3367 2575 3425 2637; x_wconf 80' lang='grc' dir='ltr'><strong>ἐξ</strong></span> <span class='ocrx_word' id='word_1_474' title='bbox 3455 2573 3686 2627; x_wconf 78' lang='grc' dir='ltr'>ἐκείνων</span> 
     </span>
    </p>
   </div>
   <div class='ocr_carea' id='block_1_73' title="bbox 2094 2660 3702 2738">
    <p class='ocr_par' dir='ltr' id='par_1_73' title="bbox 2094 2660 3702 2738">
     <span class='ocr_line' id='line_1_73' title="bbox 2094 2660 3702 2738; baseline 0.006 -24"><span class='ocrx_word' id='word_1_475' title='bbox 2094 2664 2187 2715; x_wconf 72' lang='grc' dir='ltr'>καὶ</span> <span class='ocrx_word' id='word_1_476' title='bbox 2210 2664 2310 2716; x_wconf 81' lang='grc' dir='ltr'><strong>ὅσα</strong></span> <span class='ocrx_word' id='word_1_477' title='bbox 2337 2664 2587 2719; x_wconf 89' lang='grc' dir='ltr'>ποιοῦσιν</span> <span class='ocrx_word' id='word_1_478' title='bbox 2640 2667 3014 2738; x_wconf 84' lang='grc' dir='ltr'>ἀποτρόπαια.</span> <span class='ocrx_word' id='word_1_479' title='bbox 3059 2667 3129 2720; x_wconf 75' lang='grc' dir='ltr'>δι’</span> <span class='ocrx_word' id='word_1_480' title='bbox 3173 2660 3248 2721; x_wconf 85' lang='grc' dir='ltr'>ὧν</span> <span class='ocrx_word' id='word_1_481' title='bbox 3291 2666 3650 2731; x_wconf 78' lang='grc' dir='ltr'>καταξιοῦντε</span> <span class='ocrx_word' id='word_1_482' title='bbox 3668 2682 3702 2723; x_wconf 73' lang='lat' dir='ltr'><strong>t-</strong></span> 
     </span>
    </p>
   </div>
   <div class='ocr_carea' id='block_1_74' title="bbox 2097 2752 3691 2826">
    <p class='ocr_par' dir='ltr' id='par_1_74' title="bbox 2097 2752 3691 2826">
     <span class='ocr_line' id='line_1_74' title="bbox 2097 2752 3691 2826; baseline 0.004 -22"><span class='ocrx_word' id='word_1_483' title='bbox 2097 2753 2173 2822; x_wconf 83' lang='grc' dir='ltr'>μὴ</span> <span class='ocrx_word' id='word_1_484' title='bbox 2204 2752 2366 2822; x_wconf 81' lang='grc' dir='ltr'>μόνον</span> <span class='ocrx_word' id='word_1_485' title='bbox 2390 2755 2607 2826; x_wconf 81' lang='grc' dir='ltr'>ἁπάσης</span> <span class='ocrx_word' id='word_1_486' title='bbox 2643 2757 2749 2825; x_wconf 84' lang='grc' dir='ltr'><strong>γῆς</strong></span> <span class='ocrx_word' id='word_1_487' title='bbox 2781 2757 3178 2826; x_wconf 81' lang='grc' dir='ltr'>έκϐεὸλῆσθαι,</span> <span class='ocrx_word' id='word_1_488' title='bbox 3209 2757 3348 2810; x_wconf 68' lang='grc' dir='ltr'>ἀλλὰ</span> <span class='ocrx_word' id='word_1_489' title='bbox 3397 2757 3492 2810; x_wconf 71' lang='grc' dir='ltr'>καὶ</span> <span class='ocrx_word' id='word_1_490' title='bbox 3544 2758 3691 2821; x_wconf 81' lang='grc' dir='ltr'><strong>ζῶν-</strong></span> 
     </span>
    </p>
   </div>
   <div class='ocr_carea' id='block_1_75' title="bbox 2092 2844 3693 2918">
    <p class='ocr_par' dir='ltr' id='par_1_75' title="bbox 2092 2844 3693 2918">
     <span class='ocr_line' id='line_1_75' title="bbox 2092 2844 3693 2918; baseline 0.002 -23"><span class='ocrx_word' id='word_1_491' title='bbox 2092 2859 2192 2908; x_wconf 85' lang='grc' dir='ltr'><strong>τας</strong></span> <span class='ocrx_word' id='word_1_492' title='bbox 2215 2846 2298 2906; x_wconf 79' lang='grc' dir='ltr'>εἰς</span> <span class='ocrx_word' id='word_1_493' title='bbox 2339 2844 2501 2898; x_wconf 83' lang='grc' dir='ltr'>αὐτὸν</span> <span class='ocrx_word' id='word_1_494' title='bbox 2552 2846 2852 2900; x_wconf 78' lang='grc' dir='ltr'>καταδῦναι</span> <span class='ocrx_word' id='word_1_495' title='bbox 2899 2849 3197 2918; x_wconf 84' lang='grc' dir='ltr'>τάρταρον.</span> <span class='ocrx_word' id='word_1_496' title='bbox 3247 2848 3693 2918; x_wconf 85' lang='grc' dir='ltr'>Δριμυττόμενοι</span> 
     </span>
    </p>
   </div>
   <div class='ocr_carea' id='block_1_76' title="bbox 2092 2932 3703 3010">
    <p class='ocr_par' dir='ltr' id='par_1_76' title="bbox 2092 2932 3703 3010">
     <span class='ocr_line' id='line_1_76' title="bbox 2092 2932 3703 3010; baseline 0.002 -21"><span class='ocrx_word' id='word_1_497' title='bbox 2092 2932 2150 2989; x_wconf 80' lang='grc' dir='ltr'>δὲ</span> <span class='ocrx_word' id='word_1_498' title='bbox 2195 2936 2295 3006; x_wconf 77' lang='grc' dir='ltr'>τὴν</span> <span class='ocrx_word' id='word_1_499' title='bbox 2351 2937 2694 3008; x_wconf 76' lang='grc' dir='ltr'><strong>ἐπιχείρησιν</strong></span> <span class='ocrx_word' id='word_1_500' title='bbox 2744 2937 2984 3007; x_wconf 77' lang='grc' dir='ltr'>ταύτην,</span> <span class='ocrx_word' id='word_1_501' title='bbox 3040 2939 3137 2992; x_wconf 73' lang='grc' dir='ltr'><strong>καὶ</strong></span> <span class='ocrx_word' id='word_1_502' title='bbox 3186 2937 3286 3007; x_wconf 80' lang='grc' dir='ltr'><strong>τὴν</strong></span> <span class='ocrx_word' id='word_1_503' title='bbox 3339 2940 3703 3010; x_wconf 57' lang='grc' dir='ltr'>κατηγορίαν</span> 
     </span>
    </p>
   </div>
   <div class='ocr_carea' id='block_1_77' title="bbox 2095 3029 3690 3102">
    <p class='ocr_par' dir='ltr' id='par_1_77' title="bbox 2095 3029 3690 3102">
     <span class='ocr_line' id='line_1_77' title="bbox 2095 3029 3690 3102; baseline 0.003 -21"><span class='ocrx_word' id='word_1_504' title='bbox 2095 3029 2444 3097; x_wconf 70' lang='grc' dir='ltr'>ἑπαύξοντες,</span> <span class='ocrx_word' id='word_1_505' title='bbox 2505 3031 2881 3102; x_wconf 68' lang='grc' dir='ltr'>ἢπειλήσαντο</span> <span class='ocrx_word' id='word_1_506' title='bbox 2930 3033 2996 3085; x_wconf 82' lang='grc' dir='ltr'>ἂν</span> <span class='ocrx_word' id='word_1_507' title='bbox 3052 3035 3166 3096; x_wconf 82' lang='grc' dir='ltr'>τοῖς</span> <span class='ocrx_word' id='word_1_508' title='bbox 3237 3031 3690 3101; x_wconf 85' lang='grc' dir='ltr'>διδασκομένοις,</span> 
     </span>
    </p>
   </div>
   <div class='ocr_carea' id='block_1_78' title="bbox 2094 3120 3693 3192">
    <p class='ocr_par' dir='ltr' id='par_1_78' title="bbox 2094 3120 3693 3192">
     <span class='ocr_line' id='line_1_78' title="bbox 2094 3120 3693 3192; baseline 0.001 -20"><span class='ocrx_word' id='word_1_509' title='bbox 2094 3120 2211 3184; x_wconf 73' lang='grc' dir='ltr'>καὶ,</span> <span class='ocrx_word' id='word_1_510' title='bbox 2256 3121 2332 3182; x_wconf 78' lang='grc' dir='ltr'><strong>ὡς</strong></span> <span class='ocrx_word' id='word_1_511' title='bbox 2388 3123 2435 3173; x_wconf 74' lang='grc' dir='ltr'>εἰ</span> <span class='ocrx_word' id='word_1_512' title='bbox 2490 3121 2582 3173; x_wconf 80' lang='grc' dir='ltr'>τὸν</span> <span class='ocrx_word' id='word_1_513' title='bbox 2635 3120 2790 3189; x_wconf 84' lang='grc' dir='ltr'>ἆγιον</span> <span class='ocrx_word' id='word_1_514' title='bbox 2819 3121 3151 3192; x_wconf 85' lang='grc' dir='ltr'>παράδεισον</span> <span class='ocrx_word' id='word_1_515' title='bbox 3174 3121 3432 3191; x_wconf 81' lang='grc' dir='ltr'>ἀοίκητον</span> <span class='ocrx_word' id='word_1_516' title='bbox 3471 3123 3501 3174; x_wconf 85' lang='grc' dir='ltr'>ὁ</span> <span class='ocrx_word' id='word_1_517' title='bbox 3551 3121 3693 3184; x_wconf 79' lang='grc' dir='ltr'>Θεὸς</span> 
     </span>
    </p>
   </div>
   <div class='ocr_carea' id='block_1_79' title="bbox 2097 3212 3704 3284">
    <p class='ocr_par' dir='ltr' id='par_1_79' title="bbox 2097 3212 3704 3284">
     <span class='ocr_line' id='line_1_79' title="bbox 2097 3212 3704 3284; baseline 0.004 -19"><span class='ocrx_word' id='word_1_518' title='bbox 2097 3212 2275 3282; x_wconf 75' lang='grc' dir='ltr'>ἀφῆκε</span> <span class='ocrx_word' id='word_1_519' title='bbox 2306 3214 2512 3280; x_wconf 82' lang='grc' dir='ltr'>μένειν,</span> <span class='ocrx_word' id='word_1_520' title='bbox 2550 3215 2666 3276; x_wconf 83' lang='grc' dir='ltr'><strong>πῶς</strong></span> <span class='ocrx_word' id='word_1_521' title='bbox 2690 3213 2755 3267; x_wconf 81' lang='grc' dir='ltr'><strong>ἂν</strong></span> <span class='ocrx_word' id='word_1_522' title='bbox 2782 3218 2880 3284; x_wconf 76' lang='grc' dir='ltr'><strong>τῆς</strong></span> <span class='ocrx_word' id='word_1_523' title='bbox 2909 3214 3106 3283; x_wconf 73' lang='grc' dir='ltr'>λοιπῆς</span> <span class='ocrx_word' id='word_1_524' title='bbox 3147 3215 3397 3284; x_wconf 81' lang='grc' dir='ltr'>φείσαιτο</span> <span class='ocrx_word' id='word_1_525' title='bbox 3442 3213 3573 3283; x_wconf 81' lang='grc' dir='ltr'>γῆς,</span> <span class='ocrx_word' id='word_1_526' title='bbox 3621 3213 3704 3284; x_wconf 63' lang='grc' dir='ltr'>ἢν</span> 
     </span>
    </p>
   </div>
   <div class='ocr_carea' id='block_1_80' title="bbox 2085 3305 3694 3376">
    <p class='ocr_par' dir='ltr' id='par_1_80' title="bbox 2085 3305 3694 3376">
     <span class='ocr_line' id='line_1_80' title="bbox 2085 3305 3694 3376; baseline 0.001 -20"><span class='ocrx_word' id='word_1_527' title='bbox 2085 3305 2272 3374; x_wconf 77' lang='grc' dir='ltr'>ἔργοις</span> <span class='ocrx_word' id='word_1_528' title='bbox 2304 3305 2640 3376; x_wconf 80' lang='grc' dir='ltr'>ἁχρειοῦμεν</span> <span class='ocrx_word' id='word_1_529' title='bbox 2673 3308 2924 3376; x_wconf 75' lang='grc' dir='ltr'>αἰσχροῖς</span> <span class='ocrx_word' id='word_1_530' title='bbox 2955 3325 2970 3372; x_wconf 86' lang='grc'>;</span> <span class='ocrx_word' id='word_1_531' title='bbox 3017 3308 3134 3368; x_wconf 82' lang='grc' dir='ltr'><strong>πῶς</strong></span> <span class='ocrx_word' id='word_1_532' title='bbox 3171 3307 3227 3360; x_wconf 69' lang='grc' dir='ltr'>δὲ</span> <span class='ocrx_word' id='word_1_533' title='bbox 3266 3307 3367 3361; x_wconf 74' lang='grc' dir='ltr'>οὐκ</span> <span class='ocrx_word' id='word_1_534' title='bbox 3420 3307 3487 3360; x_wconf 82' lang='grc' dir='ltr'>ἂν</span> <span class='ocrx_word' id='word_1_535' title='bbox 3537 3307 3694 3359; x_wconf 81' lang='grc' dir='ltr'>δυοῖν</span> 
     </span>
    </p>
   </div>
   <div class='ocr_carea' id='block_1_81' title="bbox 2085 3395 3693 3472">
    <p class='ocr_par' dir='ltr' id='par_1_81' title="bbox 2085 3395 3693 3472">
     <span class='ocr_line' id='line_1_81' title="bbox 2085 3395 3693 3472; baseline 0.001 -23"><span class='ocrx_word' id='word_1_536' title='bbox 2085 3395 2336 3468; x_wconf 81' lang='grc' dir='ltr'>θάτερον,</span> <span class='ocrx_word' id='word_1_537' title='bbox 2379 3399 2411 3470; x_wconf 85' lang='grc' dir='ltr'>ἢ</span> <span class='ocrx_word' id='word_1_538' title='bbox 2456 3399 2548 3452; x_wconf 78' lang='grc' dir='ltr'>τὸν</span> <span class='ocrx_word' id='word_1_539' title='bbox 2583 3400 2811 3470; x_wconf 75' lang='grc' dir='ltr'>οὐρανὸν</span> <span class='ocrx_word' id='word_1_540' title='bbox 2877 3401 3235 3472; x_wconf 74' lang='grc' dir='ltr'>καταρῤάξας</span> <span class='ocrx_word' id='word_1_541' title='bbox 3290 3401 3556 3471; x_wconf 69' lang='grc' dir='ltr'>ἐπιτρίψῃ</span> <span class='ocrx_word' id='word_1_542' title='bbox 3627 3399 3693 3450; x_wconf 80' lang='grc' dir='ltr'>τὸ</span> 
     </span>
    </p>
   </div>
   <div class='ocr_carea' id='block_1_82' title="bbox 2086 3491 3708 3563">
    <p class='ocr_par' dir='ltr' id='par_1_82' title="bbox 2086 3491 3708 3563">
     <span class='ocr_line' id='line_1_82' title="bbox 2086 3491 3708 3563; baseline 0.001 -22"><span class='ocrx_word' id='word_1_543' title='bbox 2086 3491 2197 3543; x_wconf 80' lang='grc' dir='ltr'><strong>πᾶν</strong></span> <span class='ocrx_word' id='word_1_544' title='bbox 2224 3491 2256 3560; x_wconf 82' lang='grc' dir='ltr'>ἢ</span> <span class='ocrx_word' id='word_1_545' title='bbox 2285 3492 2565 3563; x_wconf 64' lang='grc' dir='ltr'>ἀνατρέψῃ</span> <span class='ocrx_word' id='word_1_546' title='bbox 2604 3492 2797 3562; x_wconf 79' lang='grc' dir='ltr'>αὐτὴν,</span> <span class='ocrx_word' id='word_1_547' title='bbox 2857 3493 3341 3562; x_wconf 73' lang='grc' dir='ltr'>ἐπικαταστρέψας</span> <span class='ocrx_word' id='word_1_548' title='bbox 3395 3494 3509 3554; x_wconf 86' lang='grc' dir='ltr'>τοῖς</span> <span class='ocrx_word' id='word_1_549' title='bbox 3533 3491 3708 3558; x_wconf 68' lang='grc' dir='ltr'>οἰκήσ</span> 
     </span>
    </p>
   </div>
   <div class='ocr_carea' id='block_1_83' title="bbox 2089 3583 3697 3654">
    <p class='ocr_par' dir='ltr' id='par_1_83' title="bbox 2089 3583 3697 3654">
     <span class='ocr_line' id='line_1_83' title="bbox 2089 3583 3697 3654; baseline 0.002 -22"><span class='ocrx_word' id='word_1_550' title='bbox 2089 3591 2302 3650; x_wconf 85' lang='grc' dir='ltr'>τορσιν,</span> <span class='ocrx_word' id='word_1_551' title='bbox 2355 3584 2388 3650; x_wconf 81' lang='grc' dir='ltr'>ἢ</span> <span class='ocrx_word' id='word_1_552' title='bbox 2454 3583 2647 3653; x_wconf 76' lang='grc' dir='ltr'>ὄμϐρῳ</span> <span class='ocrx_word' id='word_1_553' title='bbox 2706 3583 3081 3650; x_wconf 80' lang='grc' dir='ltr'>κατακλύσας,</span> <span class='ocrx_word' id='word_1_554' title='bbox 3125 3583 3154 3637; x_wconf 78' lang='grc' dir='ltr'>ὃ</span> <span class='ocrx_word' id='word_1_555' title='bbox 3193 3585 3393 3654; x_wconf 84' lang='grc' dir='ltr'>δήποτε</span> <span class='ocrx_word' id='word_1_556' title='bbox 3448 3585 3547 3638; x_wconf 74' lang='grc' dir='ltr'><strong>καὶ</strong></span> <span class='ocrx_word' id='word_1_557' title='bbox 3581 3584 3697 3635; x_wconf 81' lang='grc' dir='ltr'><strong>ἀπ-</strong></span> 
     </span>
    </p>
   </div>
   <div class='ocr_carea' id='block_1_84' title="bbox 2087 3670 3694 3746">
    <p class='ocr_par' dir='ltr' id='par_1_84' title="bbox 2087 3670 3694 3746">
     <span class='ocr_line' id='line_1_84' title="bbox 2087 3670 3694 3746; baseline 0.003 -23"><span class='ocrx_word' id='word_1_558' title='bbox 2087 3670 2212 3742; x_wconf 78' lang='grc' dir='ltr'>έϐη,</span> <span class='ocrx_word' id='word_1_559' title='bbox 2264 3674 2490 3742; x_wconf 82' lang='grc' dir='ltr'>άφανιεῖ</span> <span class='ocrx_word' id='word_1_560' title='bbox 2538 3677 2633 3727; x_wconf 74' lang='grc' dir='ltr'>καὶ</span> <span class='ocrx_word' id='word_1_561' title='bbox 2693 3676 2760 3727; x_wconf 80' lang='grc' dir='ltr'><strong>ὲκ</strong></span> <span class='ocrx_word' id='word_1_562' title='bbox 2807 3677 3096 3729; x_wconf 80' lang='grc' dir='ltr'>καλλίστου</span> <span class='ocrx_word' id='word_1_563' title='bbox 3130 3676 3563 3746; x_wconf 83' lang='grc' dir='ltr'>ὲποφειλομένου</span> <span class='ocrx_word' id='word_1_564' title='bbox 3587 3674 3694 3728; x_wconf 78' lang='grc' dir='ltr'>κά-</span> 
     </span>
    </p>
   </div>
   <div class='ocr_carea' id='block_1_85' title="bbox 2089 3767 3040 3839">
    <p class='ocr_par' dir='ltr' id='par_1_85' title="bbox 2089 3767 3040 3839">
     <span class='ocr_line' id='line_1_85' title="bbox 2089 3767 3040 3839; baseline 0.005 -24"><span class='ocrx_word' id='word_1_565' title='bbox 2089 3779 2281 3818; x_wconf 86' lang='grc' dir='ltr'>κιστον</span> <span class='ocrx_word' id='word_1_566' title='bbox 2303 3768 2429 3837; x_wconf 71' lang='grc' dir='ltr'>ἄρτι</span> <span class='ocrx_word' id='word_1_567' title='bbox 2470 3769 2628 3833; x_wconf 87' lang='grc' dir='ltr'>γένος</span> <span class='ocrx_word' id='word_1_568' title='bbox 2663 3767 3040 3839; x_wconf 75' lang='grc' dir='ltr'>ἄνθρώπινονς</span> 
     </span>
    </p>
   </div>
   <div class='ocr_carea' id='block_1_86' title="bbox 2168 3941 3695 4013">
    <p class='ocr_par' dir='ltr' id='par_1_86' title="bbox 2168 3941 3695 4013">
     <span class='ocr_line' id='line_1_86' title="bbox 2168 3941 3695 4013; baseline -0.001 -17"><span class='ocrx_word' id='word_1_569' title='bbox 2168 3943 2236 3999; x_wconf 85' lang='grc' dir='ltr'><strong>θ’.</strong></span> <span class='ocrx_word' id='word_1_570' title='bbox 2275 3944 2426 4013; x_wconf 84' lang='grc' dir='ltr'>Παρή</span> <span class='ocrx_word' id='word_1_571' title='bbox 2441 3959 2604 4010; x_wconf 80' lang='grc' dir='ltr'>γαγον</span> <span class='ocrx_word' id='word_1_572' title='bbox 2635 3942 2692 3995; x_wconf 86' lang='grc' dir='ltr'>δὲ</span> <span class='ocrx_word' id='word_1_573' title='bbox 2737 3943 2805 3996; x_wconf 84' lang='grc' dir='ltr'>ἂν</span> <span class='ocrx_word' id='word_1_574' title='bbox 2839 3944 2886 3995; x_wconf 79' lang='grc' dir='ltr'><strong>οἱ</strong></span> <span class='ocrx_word' id='word_1_575' title='bbox 2916 3941 3244 4011; x_wconf 82' lang='grc' dir='ltr'>αὐτομαθεῖς</span> <span class='ocrx_word' id='word_1_576' title='bbox 3273 3942 3470 3993; x_wconf 79' lang='grc' dir='ltr'>ἐκεῖνοι</span> <span class='ocrx_word' id='word_1_577' title='bbox 3521 3944 3695 4010; x_wconf 80' lang='grc' dir='ltr'>σοφοὶ</span> 
     </span>
    </p>
   </div>
   <div class='ocr_carea' id='block_1_87' title="bbox 2094 4031 3699 4103">
    <p class='ocr_par' dir='ltr' id='par_1_87' title="bbox 2094 4031 3699 4103">
     <span class='ocr_line' id='line_1_87' title="bbox 2094 4031 3699 4103; baseline -0.002 -14"><span class='ocrx_word' id='word_1_578' title='bbox 2094 4035 2406 4089; x_wconf 77' lang='grc' dir='ltr'>διδάσκαλοι</span> <span class='ocrx_word' id='word_1_579' title='bbox 2439 4037 2495 4097; x_wconf 82' lang='grc' dir='ltr'><strong>ές</strong></span> <span class='ocrx_word' id='word_1_580' title='bbox 2539 4033 2709 4102; x_wconf 87' lang='grc' dir='ltr'>μέσον</span> <span class='ocrx_word' id='word_1_581' title='bbox 2745 4033 2841 4089; x_wconf 74' lang='grc' dir='ltr'>καὶ</span> <span class='ocrx_word' id='word_1_582' title='bbox 2884 4031 3213 4103; x_wconf 81' lang='grc' dir='ltr'>ἀνθρώπους</span> <span class='ocrx_word' id='word_1_583' title='bbox 3259 4033 3699 4102; x_wconf 75' lang='grc' dir='ltr'>βεϐλαμμένους</span> 
     </span>
    </p>
   </div>
   <div class='ocr_carea' id='block_1_88' title="bbox 2089 4123 3693 4196">
    <p class='ocr_par' dir='ltr' id='par_1_88' title="bbox 2089 4123 3693 4196">
     <span class='ocr_line' id='line_1_88' title="bbox 2089 4123 3693 4196; baseline -0.002 -17"><span class='ocrx_word' id='word_1_584' title='bbox 2089 4127 2273 4180; x_wconf 73' lang='grc' dir='ltr'>ἕλκεσι</span> <span class='ocrx_word' id='word_1_585' title='bbox 2294 4127 2389 4178; x_wconf 73' lang='grc' dir='ltr'>καὶ</span> <span class='ocrx_word' id='word_1_586' title='bbox 2415 4127 2632 4188; x_wconf 79' lang='grc' dir='ltr'>λοιπαῖς</span> <span class='ocrx_word' id='word_1_587' title='bbox 2657 4125 2891 4195; x_wconf 79' lang='grc' dir='ltr'>πληγαῖς</span> <span class='ocrx_word' id='word_1_588' title='bbox 2910 4125 3007 4178; x_wconf 73' lang='grc' dir='ltr'><strong>καὶ</strong></span> <span class='ocrx_word' id='word_1_589' title='bbox 3023 4124 3158 4177; x_wconf 84' lang='grc' dir='ltr'>ὑποδ</span> <span class='ocrx_word' id='word_1_590' title='bbox 3177 4123 3585 4196; x_wconf 72' lang='grc' dir='ltr'>[ειγματίζοντ]</span> <span class='ocrx_word' id='word_1_591' title='bbox 3603 4142 3693 4189; x_wconf 80' lang='grc' dir='ltr'><strong>ες,</strong></span> 
     </span>
    </p>
   </div>
   <div class='ocr_carea' id='block_1_89' title="bbox 2089 4215 3692 4286">
    <p class='ocr_par' dir='ltr' id='par_1_89' title="bbox 2089 4215 3692 4286">
     <span class='ocr_line' id='line_1_89' title="bbox 2089 4215 3692 4286; baseline -0.001 -18"><span class='ocrx_word' id='word_1_592' title='bbox 2089 4216 2163 4277; x_wconf 76' lang='grc' dir='ltr'>ὡς</span> <span class='ocrx_word' id='word_1_593' title='bbox 2186 4216 2487 4286; x_wconf 78' lang='grc' dir='ltr'>δυνηθῆναι</span> <span class='ocrx_word' id='word_1_594' title='bbox 2516 4217 2612 4271; x_wconf 74' lang='grc' dir='ltr'><strong>καὶ</strong></span> <span class='ocrx_word' id='word_1_595' title='bbox 2637 4216 2792 4269; x_wconf 77' lang='grc' dir='ltr'>ἔλεον</span> <span class='ocrx_word' id='word_1_596' title='bbox 2817 4218 2930 4278; x_wconf 83' lang='grc' dir='ltr'>τοίς</span> <span class='ocrx_word' id='word_1_597' title='bbox 2950 4217 3349 4286; x_wconf 81' lang='grc' dir='ltr'>ὲγηγερμένοις</span> <span class='ocrx_word' id='word_1_598' title='bbox 3370 4215 3692 4280; x_wconf 76' lang='grc' dir='ltr'>εἰσϐαλεῖν,</span> 
     </span>
    </p>
   </div>
   <div class='ocr_carea' id='block_1_90' title="bbox 2087 4306 3710 4379">
    <p class='ocr_par' dir='ltr' id='par_1_90' title="bbox 2087 4306 3710 4379">
     <span class='ocr_line' id='line_1_90' title="bbox 2087 4306 3710 4379; baseline -0.001 -19"><span class='ocrx_word' id='word_1_599' title='bbox 2087 4309 2214 4371; x_wconf 79' lang='grc' dir='ltr'>τοὺς</span> <span class='ocrx_word' id='word_1_600' title='bbox 2236 4308 2338 4376; x_wconf 84' lang='grc' dir='ltr'><strong>μὲν</strong></span> <span class='ocrx_word' id='word_1_601' title='bbox 2353 4309 2842 4379; x_wconf 76' lang='grc' dir='ltr'>τραυματίζοντες,</span> <span class='ocrx_word' id='word_1_602' title='bbox 2861 4308 2989 4370; x_wconf 81' lang='grc' dir='ltr'>τοὺς</span> <span class='ocrx_word' id='word_1_603' title='bbox 3013 4307 3068 4361; x_wconf 83' lang='grc' dir='ltr'>δὲ</span> <span class='ocrx_word' id='word_1_604' title='bbox 3095 4306 3518 4376; x_wconf 81' lang='grc' dir='ltr'>συγκόπτοντες,</span> <span class='ocrx_word' id='word_1_605' title='bbox 3549 4307 3710 4359; x_wconf 68' lang='grc' dir='ltr'>πολ-τ</span> 
     </span>
    </p>
   </div>
   <div class='ocr_carea' id='block_1_91' title="bbox 2088 4398 3688 4466">
    <p class='ocr_par' dir='ltr' id='par_1_91' title="bbox 2088 4398 3688 4466">
     <span class='ocr_line' id='line_1_91' title="bbox 2088 4398 3688 4466; baseline -0.001 -14"><span class='ocrx_word' id='word_1_606' title='bbox 2088 4398 2213 4462; x_wconf 74' lang='grc' dir='ltr'>λους</span> <span class='ocrx_word' id='word_1_607' title='bbox 2243 4400 2299 4452; x_wconf 75' lang='grc' dir='ltr'>δὲ</span> <span class='ocrx_word' id='word_1_608' title='bbox 2335 4401 2433 4453; x_wconf 71' lang='grc' dir='ltr'><strong>καὶ</strong></span> <span class='ocrx_word' id='word_1_609' title='bbox 2465 4401 2936 4466; x_wconf 80' lang='grc' dir='ltr'>κατακόπτοντες,</span> <span class='ocrx_word' id='word_1_610' title='bbox 2987 4399 3116 4463; x_wconf 80' lang='grc' dir='ltr'>τοὺς</span> <span class='ocrx_word' id='word_1_611' title='bbox 3148 4399 3370 4461; x_wconf 85' lang='grc' dir='ltr'>πλείους</span> <span class='ocrx_word' id='word_1_612' title='bbox 3412 4398 3470 4449; x_wconf 83' lang='grc' dir='ltr'>δὲ</span> <span class='ocrx_word' id='word_1_613' title='bbox 3498 4415 3688 4451; x_wconf 78' lang='grc' dir='ltr'>κακο-</span> 
     </span>
    </p>
   </div>
   <div class='ocr_carea' id='block_1_92' title="bbox 405 4478 1989 4562">
    <p class='ocr_par' dir='ltr' id='par_1_92' title="bbox 405 4478 1988 4550">
     <span class='ocr_line' id='line_1_92' title="bbox 405 4478 1988 4550; baseline 0.002 -16"><span class='ocrx_word' id='word_1_614' title='bbox 405 4481 604 4544; x_wconf 86' lang='lat' dir='ltr'><strong>cando,</strong></span> <span class='ocrx_word' id='word_1_615' title='bbox 635 4478 832 4533; x_wconf 88' lang='lat' dir='ltr'><strong>multos</strong></span> <span class='ocrx_word' id='word_1_616' title='bbox 871 4479 1272 4546; x_wconf 78' lang='lat' dir='ltr'><strong>interﬁciendo,</strong></span> <span class='ocrx_word' id='word_1_617' title='bbox 1326 4481 1612 4550; x_wconf 78' lang='lat' dir='ltr'><strong>pleroSque</strong></span> <span class='ocrx_word' id='word_1_618' title='bbox 1650 4485 1798 4536; x_wconf 91' lang='lat' dir='ltr'><strong>omni</strong></span> <span class='ocrx_word' id='word_1_619' title='bbox 1831 4485 1988 4537; x_wconf 81' lang='lat' dir='ltr'><strong>modo</strong></span> 
     </span>
    </p>
   </div>
   <div class='ocr_carea' id='block_1_93' title="bbox 2097 4478 3695 4562">
    <p class='ocr_par' dir='ltr' id='par_1_93' title="bbox 2097 4488 3695 4562">
     <span class='ocr_line' id='line_1_93' title="bbox 2097 4488 3695 4562; baseline -0.003 -18"><span class='ocrx_word' id='word_1_620' title='bbox 2097 4489 2381 4556; x_wconf 83' lang='grc' dir='ltr'>ποιοῦντες</span> <span class='ocrx_word' id='word_1_621' title='bbox 2438 4493 2519 4556; x_wconf 77' lang='grc' dir='ltr'><strong>εἰς</strong></span> <span class='ocrx_word' id='word_1_622' title='bbox 2571 4491 2938 4562; x_wconf 83' lang='grc' dir='ltr'>πολύτροπον,</span> <span class='ocrx_word' id='word_1_623' title='bbox 2975 4491 3050 4554; x_wconf 78' lang='grc' dir='ltr'><strong>ὡς</strong></span> <span class='ocrx_word' id='word_1_624' title='bbox 3099 4489 3356 4543; x_wconf 74' lang='grc' dir='ltr'>ἐντεῦθεν</span> <span class='ocrx_word' id='word_1_625' title='bbox 3379 4490 3478 4558; x_wconf 75' lang='grc' dir='ltr'>τὴν</span> <span class='ocrx_word' id='word_1_626' title='bbox 3521 4488 3695 4558; x_wconf 77' lang='grc' dir='ltr'>ζωὴν</span> 
     </span>
    </p>
   </div>
   <div class='ocr_carea' id='block_1_94' title="bbox 404 4572 1982 4651">
    <p class='ocr_par' dir='ltr' id='par_1_94' title="bbox 404 4572 1982 4651">
     <span class='ocr_line' id='line_1_94' title="bbox 404 4572 1982 4651; baseline 0.002 -25"><span class='ocrx_word' id='word_1_627' title='bbox 404 4573 545 4651; x_wconf 85' lang='lat' dir='ltr'><strong>male</strong></span> <span class='ocrx_word' id='word_1_628' title='bbox 601 4572 908 4638; x_wconf 89' lang='lat' dir='ltr'><strong>tractando,</strong></span> <span class='ocrx_word' id='word_1_629' title='bbox 959 4580 1019 4627; x_wconf 88' lang='lat' dir='ltr'><strong>ut</strong></span> <span class='ocrx_word' id='word_1_630' title='bbox 1069 4573 1233 4627; x_wconf 88' lang='lat' dir='ltr'><strong>etiam</strong></span> <span class='ocrx_word' id='word_1_631' title='bbox 1287 4573 1411 4627; x_wconf 84' lang='lat' dir='ltr'><strong>talis</strong></span> <span class='ocrx_word' id='word_1_632' title='bbox 1461 4575 1566 4626; x_wconf 85' lang='lat' dir='ltr'><strong>vita</strong></span> <span class='ocrx_word' id='word_1_633' title='bbox 1603 4573 1786 4628; x_wconf 82' lang='lat' dir='ltr'><strong>Abelis</strong></span> <span class='ocrx_word' id='word_1_634' title='bbox 1838 4576 1982 4630; x_wconf 62' lang='lat' dir='ltr'><strong>caede</strong></span> 
     </span>
    </p>
   </div>
   <div class='ocr_carea' id='block_1_95' title="bbox 403 4666 1983 4736">
    <p class='ocr_par' dir='ltr' id='par_1_95' title="bbox 403 4666 1983 4736">
     <span class='ocr_line' id='line_1_95' title="bbox 403 4666 1983 4736; baseline 0.001 -18"><span class='ocrx_word' id='word_1_635' title='bbox 403 4667 769 4722; x_wconf 88' lang='lat' dir='ltr'><strong>miserabilior</strong></span> <span class='ocrx_word' id='word_1_636' title='bbox 799 4667 1072 4721; x_wconf 87' lang='lat' dir='ltr'><strong>censenda</strong></span> <span class='ocrx_word' id='word_1_637' title='bbox 1108 4667 1195 4720; x_wconf 88' lang='lat' dir='ltr'><strong>sit.</strong></span> <span class='ocrx_word' id='word_1_638' title='bbox 1235 4666 1460 4736; x_wconf 79' lang='lat' dir='ltr'><strong>Insuper</strong></span> <span class='ocrx_word' id='word_1_639' title='bbox 1488 4677 1983 4721; x_wconf 89' lang='lat' dir='ltr'><strong>commemorarnnt</strong></span> 
     </span>
    </p>
   </div>
   <div class='ocr_carea' id='block_1_96' title="bbox 404 4759 1985 4831">
    <p class='ocr_par' dir='ltr' id='par_1_96' title="bbox 404 4759 1985 4831">
     <span class='ocr_line' id='line_1_96' title="bbox 404 4759 1985 4831; baseline -0.001 -16"><span class='ocrx_word' id='word_1_640' title='bbox 404 4771 606 4815; x_wconf 88' lang='lat' dir='ltr'><strong>metum</strong></span> <span class='ocrx_word' id='word_1_641' title='bbox 635 4763 727 4831; x_wconf 85' lang='lat' dir='ltr'><strong>qui</strong></span> <span class='ocrx_word' id='word_1_642' title='bbox 764 4761 990 4818; x_wconf 84' lang='lat' dir='ltr'><strong>Caluum</strong></span> <span class='ocrx_word' id='word_1_643' title='bbox 1023 4761 1306 4825; x_wconf 84' lang='lat' dir='ltr'><strong>invaserit,</strong></span> <span class='ocrx_word' id='word_1_644' title='bbox 1343 4769 1394 4815; x_wconf 88' lang='lat' dir='ltr'><strong>et</strong></span> <span class='ocrx_word' id='word_1_645' title='bbox 1429 4776 1458 4815; x_wconf 89' lang='lat' dir='ltr'><strong>a</strong></span> <span class='ocrx_word' id='word_1_646' title='bbox 1502 4759 1640 4815; x_wconf 88' lang='lat' dir='ltr'><strong>facie</strong></span> <span class='ocrx_word' id='word_1_647' title='bbox 1676 4759 1766 4813; x_wconf 87' lang='lat' dir='ltr'><strong>Dei</strong></span> <span class='ocrx_word' id='word_1_648' title='bbox 1819 4761 1985 4827; x_wconf 83' lang='lat' dir='ltr'><strong>rejec-</strong></span> 
     </span>
    </p>
   </div>
   <div class='ocr_carea' id='block_1_97' title="bbox 405 4851 1981 4922">
    <p class='ocr_par' dir='ltr' id='par_1_97' title="bbox 405 4851 1981 4922">
     <span class='ocr_line' id='line_1_97' title="bbox 405 4851 1981 4922; baseline 0.001 -19"><span class='ocrx_word' id='word_1_649' title='bbox 405 4851 635 4918; x_wconf 89' lang='lat' dir='ltr'><strong>tionem,</strong></span> <span class='ocrx_word' id='word_1_650' title='bbox 685 4859 739 4908; x_wconf 88' lang='lat' dir='ltr'><strong>et</strong></span> <span class='ocrx_word' id='word_1_651' title='bbox 785 4854 962 4908; x_wconf 84' lang='lat' dir='ltr'><strong>vultus</strong></span> <span class='ocrx_word' id='word_1_652' title='bbox 994 4852 1248 4908; x_wconf 88' lang='lat' dir='ltr'><strong>sudorem</strong></span> <span class='ocrx_word' id='word_1_653' title='bbox 1283 4853 1348 4906; x_wconf 90' lang='lat' dir='ltr'><strong>ad</strong></span> <span class='ocrx_word' id='word_1_654' title='bbox 1386 4868 1547 4922; x_wconf 88' lang='lat' dir='ltr'><strong>quem</strong></span> <span class='ocrx_word' id='word_1_655' title='bbox 1601 4853 1863 4914; x_wconf 86' lang='lat' dir='ltr'><strong>Adamus,</strong></span> <span class='ocrx_word' id='word_1_656' title='bbox 1893 4852 1981 4906; x_wconf 82' lang='lat' dir='ltr'><strong>tibi</strong></span> 
     </span>
    </p>
   </div>
   <div class='ocr_carea' id='block_1_98' title="bbox 405 4945 1984 5015">
    <p class='ocr_par' dir='ltr' id='par_1_98' title="bbox 405 4945 1984 5015">
     <span class='ocr_line' id='line_1_98' title="bbox 405 4945 1984 5015; baseline 0 -19"><span class='ocrx_word' id='word_1_657' title='bbox 405 4945 523 4998; x_wconf 78' lang='lat' dir='ltr'><strong>leve</strong></span> <span class='ocrx_word' id='word_1_658' title='bbox 573 4945 698 5010; x_wconf 80' lang='lat' dir='ltr'><strong>quid</strong></span> <span class='ocrx_word' id='word_1_659' title='bbox 733 4955 1078 5015; x_wconf 88' lang='lat' dir='ltr'><strong>peccaverat,</strong></span> <span class='ocrx_word' id='word_1_660' title='bbox 1131 4946 1528 5000; x_wconf 79' lang='lat' dir='ltr'><strong>condemnatus</strong></span> <span class='ocrx_word' id='word_1_661' title='bbox 1576 4945 1699 5002; x_wconf 91' lang='lat' dir='ltr'><strong>fuit.</strong></span> <span class='ocrx_word' id='word_1_662' title='bbox 1747 4945 1984 5012; x_wconf 76' lang='lat' dir='ltr'><strong>Denique</strong></span> 
     </span>
    </p>
   </div>
   <div class='ocr_carea' id='block_1_99' title="bbox 407 5032 1982 5104">
    <p class='ocr_par' dir='ltr' id='par_1_99' title="bbox 407 5032 1982 5104">
     <span class='ocr_line' id='line_1_99' title="bbox 407 5032 1982 5104; baseline 0.003 -20"><span class='ocrx_word' id='word_1_663' title='bbox 407 5032 730 5086; x_wconf 89' lang='lat' dir='ltr'><strong>tribulorum</strong></span> <span class='ocrx_word' id='word_1_664' title='bbox 783 5049 845 5088; x_wconf 91' lang='lat' dir='ltr'><strong>ac</strong></span> <span class='ocrx_word' id='word_1_665' title='bbox 911 5036 1194 5104; x_wconf 81' lang='lat' dir='ltr'><strong>spinarum</strong></span> <span class='ocrx_word' id='word_1_666' title='bbox 1257 5035 1564 5104; x_wconf 87' lang='lat' dir='ltr'><strong>iujecerunt</strong></span> <span class='ocrx_word' id='word_1_667' title='bbox 1627 5036 1982 5098; x_wconf 86' lang='lat' dir='ltr'><strong>mentionem,</strong></span> 
     </span>
    </p>
   </div>
   <div class='ocr_carea' id='block_1_100' title="bbox 405 5124 1986 5197">
    <p class='ocr_par' dir='ltr' id='par_1_100' title="bbox 405 5124 1986 5197">
     <span class='ocr_line' id='line_1_100' title="bbox 405 5124 1986 5197; baseline 0.004 -22"><span class='ocrx_word' id='word_1_668' title='bbox 405 5124 601 5193; x_wconf 83' lang='lat' dir='ltr'><strong>quibus</strong></span> <span class='ocrx_word' id='word_1_669' title='bbox 657 5125 840 5189; x_wconf 90' lang='lat' dir='ltr'><strong>homo,</strong></span> <span class='ocrx_word' id='word_1_670' title='bbox 893 5125 1006 5180; x_wconf 87' lang='lat' dir='ltr'><strong>Deo</strong></span> <span class='ocrx_word' id='word_1_671' title='bbox 1061 5128 1355 5193; x_wconf 86' lang='lat' dir='ltr'><strong>irascente,</strong></span> <span class='ocrx_word' id='word_1_672' title='bbox 1411 5129 1460 5183; x_wconf 87' lang='lat' dir='ltr'><strong>in</strong></span> <span class='ocrx_word' id='word_1_673' title='bbox 1510 5143 1640 5197; x_wconf 76' lang='lat' dir='ltr'><strong>agro</strong></span> <span class='ocrx_word' id='word_1_674' title='bbox 1687 5127 1986 5182; x_wconf 85' lang='lat' dir='ltr'><strong>laborando</strong></span> 
     </span>
    </p>
   </div>
   <div class='ocr_carea' id='block_1_101' title="bbox 403 5218 685 5288">
    <p class='ocr_par' dir='ltr' id='par_1_101' title="bbox 403 5218 685 5288">
     <span class='ocr_line' id='line_1_101' title="bbox 403 5218 685 5288; baseline -0.007 -17"><span class='ocrx_word' id='word_1_675' title='bbox 403 5218 685 5288; x_wconf 70' lang='lat' dir='ltr'><strong>pttuqitnr.</strong></span> 
     </span>
    </p>
   </div>
   <div class='ocr_carea' id='block_1_102' title="bbox 479 5309 1984 5382">
    <p class='ocr_par' dir='ltr' id='par_1_102' title="bbox 479 5309 1984 5382">
     <span class='ocr_line' id='line_1_102' title="bbox 479 5309 1984 5382; baseline 0 -16"><span class='ocrx_word' id='word_1_676' title='bbox 479 5311 565 5366; x_wconf 78' lang='grc'><strong>10.</strong></span> <span class='ocrx_word' id='word_1_677' title='bbox 605 5310 764 5364; x_wconf 82' lang='lat' dir='ltr'><strong>Multa</strong></span> <span class='ocrx_word' id='word_1_678' title='bbox 797 5309 962 5380; x_wconf 81' lang='lat' dir='ltr'><strong>igitur</strong></span> <span class='ocrx_word' id='word_1_679' title='bbox 993 5310 1260 5378; x_wconf 82' lang='lat' dir='ltr'><strong>ejusmodi</strong></span> <span class='ocrx_word' id='word_1_680' title='bbox 1291 5313 1739 5382; x_wconf 83' lang='lat' dir='ltr'><strong>pronuntiarunt,</strong></span> <span class='ocrx_word' id='word_1_681' title='bbox 1767 5322 1821 5367; x_wconf 90' lang='lat' dir='ltr'><strong>et</strong></span> <span class='ocrx_word' id='word_1_682' title='bbox 1862 5329 1984 5382; x_wconf 84' lang='lat' dir='ltr'><strong>pra-</strong></span> 
     </span>
    </p>
   </div>
   <div class='ocr_carea' id='block_1_103' title="bbox 405 5403 1987 5472">
    <p class='ocr_par' dir='ltr' id='par_1_103' title="bbox 405 5403 1987 5472">
     <span class='ocr_line' id='line_1_103' title="bbox 405 5403 1987 5472; baseline 0.005 -18"><span class='ocrx_word' id='word_1_683' title='bbox 405 5417 529 5458; x_wconf 86' lang='lat' dir='ltr'><strong>vum</strong></span> <span class='ocrx_word' id='word_1_684' title='bbox 568 5403 715 5460; x_wconf 90' lang='lat' dir='ltr'><strong>illum</strong></span> <span class='ocrx_word' id='word_1_685' title='bbox 751 5403 1026 5468; x_wconf 86' lang='lat' dir='ltr'><strong>morbum,</strong></span> <span class='ocrx_word' id='word_1_686' title='bbox 1071 5419 1179 5472; x_wconf 89' lang='lat' dir='ltr'><strong>quo</strong></span> <span class='ocrx_word' id='word_1_687' title='bbox 1224 5405 1311 5457; x_wconf 90' lang='lat' dir='ltr'><strong>isti</strong></span> <span class='ocrx_word' id='word_1_688' title='bbox 1361 5405 1596 5458; x_wconf 79' lang='lat' dir='ltr'><strong>ferarum</strong></span> <span class='ocrx_word' id='word_1_689' title='bbox 1632 5407 1801 5459; x_wconf 76' lang='lat' dir='ltr'><strong>instar</strong></span> <span class='ocrx_word' id='word_1_690' title='bbox 1845 5407 1895 5459; x_wconf 88' lang='lat' dir='ltr'><strong>in</strong></span> <span class='ocrx_word' id='word_1_691' title='bbox 1929 5422 1987 5462; x_wconf 90' lang='lat' dir='ltr'><strong>se</strong></span> 
     </span>
    </p>
   </div>
   <div class='ocr_carea' id='block_1_104' title="bbox 407 5495 1987 5560">
    <p class='ocr_par' dir='ltr' id='par_1_104' title="bbox 407 5495 1987 5560">
     <span class='ocr_line' id='line_1_104' title="bbox 407 5495 1987 5560; baseline 0.001 -13"><span class='ocrx_word' id='word_1_692' title='bbox 407 5495 639 5553; x_wconf 71' lang='lat' dir='ltr'><strong>invicem</strong></span> <span class='ocrx_word' id='word_1_693' title='bbox 711 5499 1053 5560; x_wconf 66' lang='lat' dir='ltr'><strong>saeviebant,</strong></span> <span class='ocrx_word' id='word_1_694' title='bbox 1125 5495 1378 5551; x_wconf 71' lang='lat' dir='ltr'><strong>excidere</strong></span> <span class='ocrx_word' id='word_1_695' title='bbox 1442 5497 1803 5560; x_wconf 82' lang='lat' dir='ltr'><strong>studuerunt,</strong></span> <span class='ocrx_word' id='word_1_696' title='bbox 1878 5496 1987 5551; x_wconf 89' lang='lat' dir='ltr'><strong>Deo</strong></span> 
     </span>
    </p>
   </div>
   <div class='ocr_carea' id='block_1_105' title="bbox 409 5587 1987 5656">
    <p class='ocr_par' dir='ltr' id='par_1_105' title="bbox 409 5587 1987 5656">
     <span class='ocr_line' id='line_1_105' title="bbox 409 5587 1987 5656; baseline 0.004 -20"><span class='ocrx_word' id='word_1_697' title='bbox 409 5589 630 5643; x_wconf 88' lang='lat' dir='ltr'><strong>omnino</strong></span> <span class='ocrx_word' id='word_1_698' title='bbox 687 5606 872 5645; x_wconf 89' lang='lat' dir='ltr'><strong>eorum</strong></span> <span class='ocrx_word' id='word_1_699' title='bbox 938 5590 1096 5645; x_wconf 77' lang='lat' dir='ltr'><strong>verba</strong></span> <span class='ocrx_word' id='word_1_700' title='bbox 1154 5587 1516 5643; x_wconf 85' lang='lat' dir='ltr'><strong>cunfirmante</strong></span> <span class='ocrx_word' id='word_1_701' title='bbox 1572 5589 1987 5656; x_wconf 82' lang='lat' dir='ltr'><strong>doctrinamque</strong></span> 
     </span>
    </p>
   </div>
   <div class='ocr_carea' id='block_1_106' title="bbox 419 5676 1984 5750">
    <p class='ocr_par' dir='ltr' id='par_1_106' title="bbox 419 5676 1984 5750">
     <span class='ocr_line' id='line_1_106' title="bbox 419 5676 1984 5750; baseline 0.004 -23"><span class='ocrx_word' id='word_1_702' title='bbox 419 5676 730 5746; x_wconf 80' lang='lat' dir='ltr'><strong>udjuvante,</strong></span> <span class='ocrx_word' id='word_1_703' title='bbox 781 5693 946 5748; x_wconf 85' lang='lat' dir='ltr'><strong>atque</strong></span> <span class='ocrx_word' id='word_1_704' title='bbox 995 5683 1209 5737; x_wconf 87' lang='lat' dir='ltr'><strong>demum</strong></span> <span class='ocrx_word' id='word_1_705' title='bbox 1267 5681 1539 5750; x_wconf 87' lang='lat' dir='ltr'><strong>tranquilli</strong></span> <span class='ocrx_word' id='word_1_706' title='bbox 1581 5690 1984 5748; x_wconf 81' lang='lat' dir='ltr'><strong>exspectarunt,</strong></span> 
     </span>
    </p>
   </div>
   <div class='ocr_carea' id='block_1_107' title="bbox 417 5767 1990 5841">
    <p class='ocr_par' dir='ltr' id='par_1_107' title="bbox 417 5767 1990 5841">
     <span class='ocr_line' id='line_1_107' title="bbox 417 5767 1990 5841; baseline 0.005 -24"><span class='ocrx_word' id='word_1_707' title='bbox 417 5773 478 5819; x_wconf 80' lang='lat' dir='ltr'><strong>ut</strong></span> <span class='ocrx_word' id='word_1_708' title='bbox 515 5767 851 5825; x_wconf 85' lang='lat' dir='ltr'><strong>auditoribus</strong></span> <span class='ocrx_word' id='word_1_709' title='bbox 887 5789 1203 5841; x_wconf 78' lang='lat' dir='ltr'><strong>persuasum</strong></span> <span class='ocrx_word' id='word_1_710' title='bbox 1242 5783 1405 5829; x_wconf 77' lang='lat' dir='ltr'><strong>esset.</strong></span> <span class='ocrx_word' id='word_1_711' title='bbox 1461 5773 1542 5827; x_wconf 85' lang='lat' dir='ltr'><strong>Ab</strong></span> <span class='ocrx_word' id='word_1_712' title='bbox 1573 5771 1824 5828; x_wconf 80' lang='lat' dir='ltr'><strong>hocinde</strong></span> <span class='ocrx_word' id='word_1_713' title='bbox 1855 5779 1990 5826; x_wconf 84' lang='lat' dir='ltr'><strong>tem-</strong></span> 
     </span>
    </p>
   </div>
   <div class='ocr_carea' id='block_1_108' title="bbox 2083 4581 3701 4654">
    <p class='ocr_par' dir='ltr' id='par_1_108' title="bbox 2083 4581 3701 4654">
     <span class='ocr_line' id='line_1_108' title="bbox 2083 4581 3701 4654; baseline -0.001 -19"><span class='ocrx_word' id='word_1_714' title='bbox 2083 4583 2340 4654; x_wconf 79' lang='grc' dir='ltr'><strong>ἡγεῖσθαι</strong></span> <span class='ocrx_word' id='word_1_715' title='bbox 2378 4583 2603 4652; x_wconf 76' lang='grc' dir='ltr'>χείρονα</span> <span class='ocrx_word' id='word_1_716' title='bbox 2635 4581 2726 4635; x_wconf 87' lang='grc' dir='ltr'>τοῦ</span> <span class='ocrx_word' id='word_1_717' title='bbox 2761 4583 2903 4636; x_wconf 78' lang='grc' dir='ltr'>κατὰ</span> <span class='ocrx_word' id='word_1_718' title='bbox 2936 4583 3027 4636; x_wconf 79' lang='grc' dir='ltr'>τὸν</span> <span class='ocrx_word' id='word_1_719' title='bbox 3061 4583 3229 4635; x_wconf 71' lang='grc' dir='ltr'><strong>Ἀἦελ</strong></span> <span class='ocrx_word' id='word_1_720' title='bbox 3260 4582 3516 4645; x_wconf 83' lang='grc' dir='ltr'>θανάτου,</span> <span class='ocrx_word' id='word_1_721' title='bbox 3552 4583 3701 4634; x_wconf 80' lang='grc' dir='ltr'><strong>ἀνε·</strong></span> 
     </span>
    </p>
   </div>
   <div class='ocr_carea' id='block_1_109' title="bbox 2088 4669 3701 4742">
    <p class='ocr_par' dir='ltr' id='par_1_109' title="bbox 2088 4669 3701 4742">
     <span class='ocr_line' id='line_1_109' title="bbox 2088 4669 3701 4742; baseline -0.001 -19"><span class='ocrx_word' id='word_1_722' title='bbox 2088 4673 2402 4742; x_wconf 81' lang='grc' dir='ltr'>μίμνησκον</span> <span class='ocrx_word' id='word_1_723' title='bbox 2434 4672 2491 4724; x_wconf 77' lang='grc' dir='ltr'>δὲ</span> <span class='ocrx_word' id='word_1_724' title='bbox 2516 4671 2581 4723; x_wconf 77' lang='grc' dir='ltr'>ἂν</span> <span class='ocrx_word' id='word_1_725' title='bbox 2605 4671 2850 4735; x_wconf 80' lang='grc' dir='ltr'>ἐκείνους</span> <span class='ocrx_word' id='word_1_726' title='bbox 2885 4671 2978 4723; x_wconf 79' lang='grc' dir='ltr'>καὶ</span> <span class='ocrx_word' id='word_1_727' title='bbox 3007 4671 3236 4740; x_wconf 82' lang='grc' dir='ltr'><strong>τρόμου,</strong></span> <span class='ocrx_word' id='word_1_728' title='bbox 3271 4669 3369 4723; x_wconf 84' lang='grc' dir='ltr'>τοῦ</span> <span class='ocrx_word' id='word_1_729' title='bbox 3396 4670 3542 4722; x_wconf 82' lang='grc' dir='ltr'>κατὰ</span> <span class='ocrx_word' id='word_1_730' title='bbox 3591 4671 3701 4723; x_wconf 72' lang='grc' dir='ltr'>τὸν</span> 
     </span>
    </p>
   </div>
   <div class='ocr_carea' id='block_1_110' title="bbox 2085 4760 3697 4834">
    <p class='ocr_par' dir='ltr' id='par_1_110' title="bbox 2085 4760 3697 4834">
     <span class='ocr_line' id='line_1_110' title="bbox 2085 4760 3697 4834; baseline -0.003 -16"><span class='ocrx_word' id='word_1_731' title='bbox 2085 4765 2248 4829; x_wconf 79' lang='grc' dir='ltr'>Κάῐν,</span> <span class='ocrx_word' id='word_1_732' title='bbox 2307 4765 2402 4816; x_wconf 74' lang='grc' dir='ltr'>καὶ</span> <span class='ocrx_word' id='word_1_733' title='bbox 2455 4762 2687 4834; x_wconf 74' lang='grc' dir='ltr'><strong>ἐκϐολῆς</strong></span> <span class='ocrx_word' id='word_1_734' title='bbox 2733 4761 2843 4816; x_wconf 82' lang='grc' dir='ltr'><strong>ἀπὸ</strong></span> <span class='ocrx_word' id='word_1_735' title='bbox 2898 4763 3194 4833; x_wconf 83' lang='grc' dir='ltr'>προσώπου</span> <span class='ocrx_word' id='word_1_736' title='bbox 3247 4762 3340 4815; x_wconf 87' lang='grc' dir='ltr'>τοῦ</span> <span class='ocrx_word' id='word_1_737' title='bbox 3365 4760 3528 4824; x_wconf 76' lang='grc' dir='ltr'>Θεοῦ,</span> <span class='ocrx_word' id='word_1_738' title='bbox 3582 4764 3697 4813; x_wconf 78' lang='grc' dir='ltr'>καὶ</span> 
     </span>
    </p>
   </div>
   <div class='ocr_carea' id='block_1_111' title="bbox 2087 4851 3706 4926">
    <p class='ocr_par' dir='ltr' id='par_1_111' title="bbox 2087 4851 3706 4926">
     <span class='ocr_line' id='line_1_111' title="bbox 2087 4851 3706 4926; baseline -0.003 -16"><span class='ocrx_word' id='word_1_739' title='bbox 2087 4856 2328 4926; x_wconf 77' lang='grc' dir='ltr'>ἱδρώτων</span> <span class='ocrx_word' id='word_1_740' title='bbox 2359 4855 2676 4924; x_wconf 75' lang='grc' dir='ltr'>προσώπου,</span> <span class='ocrx_word' id='word_1_741' title='bbox 2703 4853 3238 4924; x_wconf 71' lang='grc' dir='ltr'>καταψηφισθέντων</span> <span class='ocrx_word' id='word_1_742' title='bbox 3261 4852 3353 4906; x_wconf 88' lang='grc' dir='ltr'>τοῦ</span> <span class='ocrx_word' id='word_1_743' title='bbox 3387 4851 3706 4923; x_wconf 73' lang='grc' dir='ltr'>προπάτοο·</span> 
     </span>
    </p>
   </div>
   <div class='ocr_carea' id='block_1_112' title="bbox 2089 4943 3702 5019">
    <p class='ocr_par' dir='ltr' id='par_1_112' title="bbox 2089 4943 3702 5019">
     <span class='ocr_line' id='line_1_112' title="bbox 2089 4943 3702 5019; baseline -0.001 -19"><span class='ocrx_word' id='word_1_744' title='bbox 2089 4967 2199 5019; x_wconf 83' lang='grc' dir='ltr'>ρος,</span> <span class='ocrx_word' id='word_1_745' title='bbox 2220 4947 2304 5016; x_wconf 77' lang='grc' dir='ltr'><strong>ἐφ’</strong></span> <span class='ocrx_word' id='word_1_746' title='bbox 2328 4943 2409 5010; x_wconf 78' lang='grc' dir='ltr'><strong>οἷς</strong></span> <span class='ocrx_word' id='word_1_747' title='bbox 2429 4947 2603 5018; x_wconf 78' lang='grc' dir='ltr'>βραχύ</span> <span class='ocrx_word' id='word_1_748' title='bbox 2635 4965 2685 4999; x_wconf 90' lang='grc' dir='ltr'><strong>τι</strong></span> <span class='ocrx_word' id='word_1_749' title='bbox 2714 4947 2935 5016; x_wconf 76' lang='grc' dir='ltr'>παρέϐη</span> <span class='ocrx_word' id='word_1_750' title='bbox 2959 4961 2971 4973; x_wconf 89' lang='grc'><strong>·</strong></span> <span class='ocrx_word' id='word_1_751' title='bbox 2995 4948 3088 4999; x_wconf 76' lang='grc' dir='ltr'>καὶ</span> <span class='ocrx_word' id='word_1_752' title='bbox 3110 4946 3392 5017; x_wconf 75' lang='grc' dir='ltr'>τριϐόλους</span> <span class='ocrx_word' id='word_1_753' title='bbox 3413 4946 3702 5016; x_wconf 72' lang='grc' dir='ltr'>παρήγα-</span> 
     </span>
    </p>
   </div>
   <div class='ocr_carea' id='block_1_113' title="bbox 2085 5037 3712 5110">
    <p class='ocr_par' dir='ltr' id='par_1_113' title="bbox 2085 5037 3712 5110">
     <span class='ocr_line' id='line_1_113' title="bbox 2085 5037 3712 5110; baseline -0.001 -16"><span class='ocrx_word' id='word_1_754' title='bbox 2085 5059 2181 5109; x_wconf 89' lang='grc' dir='ltr'>γον</span> <span class='ocrx_word' id='word_1_755' title='bbox 2208 5043 2285 5104; x_wconf 76' lang='grc' dir='ltr'><strong>εἰς</strong></span> <span class='ocrx_word' id='word_1_756' title='bbox 2321 5040 2578 5108; x_wconf 74' lang='grc' dir='ltr'>ἐνθύμιον</span> <span class='ocrx_word' id='word_1_757' title='bbox 2617 5041 2715 5092; x_wconf 69' lang='grc' dir='ltr'>καὶ</span> <span class='ocrx_word' id='word_1_758' title='bbox 2763 5040 3033 5104; x_wconf 83' lang='grc' dir='ltr'>ἀκάνθας,</span> <span class='ocrx_word' id='word_1_759' title='bbox 3068 5038 3124 5092; x_wconf 79' lang='grc' dir='ltr'>αἶ</span> <span class='ocrx_word' id='word_1_760' title='bbox 3155 5039 3293 5093; x_wconf 83' lang='grc' dir='ltr'>Θεοῦ</span> <span class='ocrx_word' id='word_1_761' title='bbox 3332 5037 3712 5110; x_wconf 50' lang='grc' dir='ltr'>παροξύνανά</span> 
     </span>
    </p>
   </div>
   <div class='ocr_carea' id='block_1_114' title="bbox 2087 5130 3170 5202">
    <p class='ocr_par' dir='ltr' id='par_1_114' title="bbox 2087 5130 3170 5202">
     <span class='ocr_line' id='line_1_114' title="bbox 2087 5130 3170 5202; baseline 0.003 -18"><span class='ocrx_word' id='word_1_762' title='bbox 2087 5147 2174 5196; x_wconf 86' lang='grc' dir='ltr'><strong>τος</strong></span> <span class='ocrx_word' id='word_1_763' title='bbox 2209 5131 2458 5184; x_wconf 86' lang='grc' dir='ltr'>κεντοῦσι</span> <span class='ocrx_word' id='word_1_764' title='bbox 2483 5130 2574 5183; x_wconf 76' lang='grc' dir='ltr'><strong>τὸν</strong></span> <span class='ocrx_word' id='word_1_765' title='bbox 2597 5131 2842 5202; x_wconf 69' lang='grc' dir='ltr'>ἐργάτην</span> <span class='ocrx_word' id='word_1_766' title='bbox 2862 5130 3170 5201; x_wconf 81' lang='grc' dir='ltr'>ἄνθρωπον.</span> 
     </span>
    </p>
   </div>
   <div class='ocr_carea' id='block_1_115' title="bbox 2161 5307 3704 5380">
    <p class='ocr_par' dir='ltr' id='par_1_115' title="bbox 2161 5307 3704 5380">
     <span class='ocr_line' id='line_1_115' title="bbox 2161 5307 3704 5380; baseline -0.002 -15"><span class='ocrx_word' id='word_1_767' title='bbox 2161 5310 2210 5366; x_wconf 88' lang='grc' dir='ltr'><strong>ι’.</strong></span> <span class='ocrx_word' id='word_1_768' title='bbox 2259 5313 2365 5365; x_wconf 67' lang='grc' dir='ltr'><strong>Καὶ</strong></span> <span class='ocrx_word' id='word_1_769' title='bbox 2402 5309 2629 5364; x_wconf 82' lang='grc' dir='ltr'>τοιαῦτα</span> <span class='ocrx_word' id='word_1_770' title='bbox 2670 5309 2840 5364; x_wconf 76' lang='grc' dir='ltr'>πολλὰ</span> <span class='ocrx_word' id='word_1_771' title='bbox 2887 5311 3089 5363; x_wconf 79' lang='grc' dir='ltr'>ἐκεῖνοι</span> <span class='ocrx_word' id='word_1_772' title='bbox 3137 5307 3524 5380; x_wconf 78' lang='grc' dir='ltr'>ποριζόμενοι,</span> <span class='ocrx_word' id='word_1_773' title='bbox 3585 5309 3704 5362; x_wconf 73' lang='grc' dir='ltr'><strong>καὶ</strong></span> 
     </span>
    </p>
   </div>
   <div class='ocr_carea' id='block_1_116' title="bbox 2087 5402 3704 5475">
    <p class='ocr_par' dir='ltr' id='par_1_116' title="bbox 2087 5402 3704 5475">
     <span class='ocr_line' id='line_1_116' title="bbox 2087 5402 3704 5475; baseline 0.007 -25"><span class='ocrx_word' id='word_1_774' title='bbox 2087 5405 2186 5472; x_wconf 78' lang='grc' dir='ltr'><strong>τῆς</strong></span> <span class='ocrx_word' id='word_1_775' title='bbox 2213 5403 2427 5472; x_wconf 67' lang='grc' dir='ltr'>φαύλης</span> <span class='ocrx_word' id='word_1_776' title='bbox 2463 5405 2620 5455; x_wconf 81' lang='grc' dir='ltr'>νόσου</span> <span class='ocrx_word' id='word_1_777' title='bbox 2656 5403 3081 5475; x_wconf 78' lang='grc' dir='ltr'>κατεπᾴδοντες,</span> <span class='ocrx_word' id='word_1_778' title='bbox 3121 5404 3185 5472; x_wconf 78' lang='grc' dir='ltr'>ἦν</span> <span class='ocrx_word' id='word_1_779' title='bbox 3217 5402 3455 5470; x_wconf 75' lang='grc' dir='ltr'>ἔπασχον</span> <span class='ocrx_word' id='word_1_780' title='bbox 3471 5403 3514 5451; x_wconf 84' lang='grc' dir='ltr'>οἱ</span> <span class='ocrx_word' id='word_1_781' title='bbox 3546 5403 3704 5456; x_wconf 74' lang='grc' dir='ltr'>κατ’</span> 
     </span>
    </p>
   </div>
   <div class='ocr_carea' id='block_1_117' title="bbox 2091 5491 3707 5564">
    <p class='ocr_par' dir='ltr' id='par_1_117' title="bbox 2091 5491 3707 5564">
     <span class='ocr_line' id='line_1_117' title="bbox 2091 5491 3707 5564; baseline 0.001 -18"><span class='ocrx_word' id='word_1_782' title='bbox 2091 5495 2334 5562; x_wconf 62' lang='grc' dir='ltr'>ἀλλήλων</span> <span class='ocrx_word' id='word_1_783' title='bbox 2381 5495 2823 5564; x_wconf 80' lang='grc' dir='ltr'>ἐκθηριούμενοι,</span> <span class='ocrx_word' id='word_1_784' title='bbox 2885 5496 3107 5558; x_wconf 78' lang='grc' dir='ltr'>πάντως</span> <span class='ocrx_word' id='word_1_785' title='bbox 3157 5497 3222 5548; x_wconf 80' lang='grc' dir='ltr'>ἂν</span> <span class='ocrx_word' id='word_1_786' title='bbox 3273 5491 3707 5559; x_wconf 77' lang='grc' dir='ltr'>συλλαλοῦντος</span> 
     </span>
    </p>
   </div>
   <div class='ocr_carea' id='block_1_118' title="bbox 2093 5585 3713 5658">
    <p class='ocr_par' dir='ltr' id='par_1_118' title="bbox 2093 5585 3713 5658">
     <span class='ocr_line' id='line_1_118' title="bbox 2093 5585 3713 5658; baseline 0.002 -20"><span class='ocrx_word' id='word_1_787' title='bbox 2093 5587 2185 5638; x_wconf 82' lang='grc' dir='ltr'>τοῦ</span> <span class='ocrx_word' id='word_1_788' title='bbox 2211 5585 2368 5647; x_wconf 72' lang='grc' dir='ltr'>Θεοῦ,</span> <span class='ocrx_word' id='word_1_789' title='bbox 2402 5592 2493 5639; x_wconf 63' lang='grc' dir='ltr'><strong>καῖ</strong></span> <span class='ocrx_word' id='word_1_790' title='bbox 2528 5587 3145 5658; x_wconf 78' lang='grc' dir='ltr'>συνεπιλαμδανομένου</span> <span class='ocrx_word' id='word_1_791' title='bbox 3180 5589 3278 5656; x_wconf 78' lang='grc' dir='ltr'>τῆς</span> <span class='ocrx_word' id='word_1_792' title='bbox 3315 5586 3713 5652; x_wconf 66' lang='grc' dir='ltr'>διδασκαλίας</span> 
     </span>
    </p>
   </div>
   <div class='ocr_carea' id='block_1_119' title="bbox 2094 5675 3716 5750">
    <p class='ocr_par' dir='ltr' id='par_1_119' title="bbox 2094 5675 3716 5750">
     <span class='ocr_line' id='line_1_119' title="bbox 2094 5675 3716 5750; baseline 0.001 -20"><span class='ocrx_word' id='word_1_793' title='bbox 2094 5679 2295 5740; x_wconf 71' lang='grc' dir='ltr'>αὐτοῖς,</span> <span class='ocrx_word' id='word_1_794' title='bbox 2342 5675 2489 5748; x_wconf 77' lang='grc' dir='ltr'>εἶχον</span> <span class='ocrx_word' id='word_1_795' title='bbox 2524 5679 2590 5733; x_wconf 87' lang='grc' dir='ltr'><strong>ἂν</strong></span> <span class='ocrx_word' id='word_1_796' title='bbox 2637 5680 2821 5750; x_wconf 73' lang='grc' dir='ltr'>ἠρέμα</span> <span class='ocrx_word' id='word_1_797' title='bbox 2851 5679 2938 5749; x_wconf 73' lang='grc' dir='ltr'><strong>ἐφ’</strong></span> <span class='ocrx_word' id='word_1_798' title='bbox 2973 5677 3268 5732; x_wconf 80' lang='grc' dir='ltr'>ὁποσονοῦν</span> <span class='ocrx_word' id='word_1_799' title='bbox 3295 5677 3502 5730; x_wconf 76' lang='grc' dir='ltr'>πείθειν</span> <span class='ocrx_word' id='word_1_800' title='bbox 3541 5681 3716 5742; x_wconf 72' lang='grc' dir='ltr'>τοὺς·</span> 
     </span>
    </p>
   </div>
   <div class='ocr_carea' id='block_1_120' title="bbox 2095 5764 3716 5844">
    <p class='ocr_par' dir='ltr' id='par_1_120' title="bbox 2095 5764 3716 5844">
     <span class='ocr_line' id='line_1_120' title="bbox 2095 5764 3716 5844; baseline -0.004 -21"><span class='ocrx_word' id='word_1_801' title='bbox 2095 5768 2422 5834; x_wconf 77' lang='grc' dir='ltr'>ἀκούοντας·</span> <span class='ocrx_word' id='word_1_802' title='bbox 2467 5775 2559 5825; x_wconf 62' lang='grc' dir='ltr'>καὶ</span> <span class='ocrx_word' id='word_1_803' title='bbox 2607 5771 2668 5825; x_wconf 79' lang='grc' dir='ltr'>τὸ</span> <span class='ocrx_word' id='word_1_804' title='bbox 2702 5770 2913 5825; x_wconf 77' lang='grc' dir='ltr'>ἐκεῖθεν</span> <span class='ocrx_word' id='word_1_805' title='bbox 2953 5771 3178 5844; x_wconf 73' lang='grc' dir='ltr'>ἡμερῶν</span> <span class='ocrx_word' id='word_1_806' title='bbox 3210 5764 3584 5842; x_wconf 55' lang='lat' dir='ltr'><strong>morsuve-37:0</strong></span> <span class='ocrx_word' id='word_1_807' title='bbox 3669 5772 3716 5842; x_wconf 74' lang='grc' dir='ltr'>ἡ</span> 
     </span>
    </p>
   </div>
  </div>
