3950 6208
255 319 382 386 317

865 312 964 374 DE
1001 305 1470 371 OBEDIENTIA
1512 303 2035 368 MAGISTBATUI
2077 303 2551 366 CIIRISTIANO
2593 306 2889 369 DEBITA.

3409 312 3513 378 318

257 429 438 486 αὐτῶν
469 429 564 481 καὶ
603 425 638 494 ἡ
683 422 936 492 ἐνάρετος
980 419 1172 489 ἀγωγὴ
1209 417 1684 489 προσεπαύξηται,
1732 415 1828 468 καὶ

1958 431 2039 479 nr,
2067 423 2274 470 tantum
2301 415 2460 468 etiam
2485 415 2830 485 pulchritudo
2849 432 2879 471 e
2897 418 3253 476 conversione
3280 420 3514 480 oriunda

258 523 413 576 τδὲκ
453 517 546 572 τοῦ
597 515 734 570 Θεοῦ
793 511 958 566 καλὸν
989 513 1070 574 είς
1121 512 1358 582 μάλιστα
1419 509 1632 578 πρέπον
1686 508 1836 575 αὑτῷ

262 612 454 680 ἐκείνῳ
505 603 920 673 ἀποκατασταίη
974 602 1163 667 (αὐτὸς
1219 601 1328 672 γὰρ
1383 600 1549 672 δοτὴρ
1591 600 1687 654 καὶ
1741 597 1837 652 τοῦ

261 699 650 773 πρωτοφανοῦς
672 692 1214 766 νεογράφουεάγαθοῦ
1236 693 1404 760 νόμου
1422 709 1556 746 κατε
1566 691 1838 761 ίληιττται)⁹

263 790 781 862 προσεξευρίσκεται
815 788 981 856 νόμος
1042 783 1160 853 μετ’
1209 783 1418 836 ἐκεῖνον
1466 782 1626 844 ἄλλος
1657 782 1843 834 δεύτε-

263 903 353 956 ρος
393 882 695 952 ὑπέρτερος
739 879 837 932 καὶ
884 874 1352 948 μεγαλοδύναμος,
1385 873 1603 929 καὶτοῦ
1643 889 1842 942 προσε-

263 978 372 1048 χῶς
417 971 838 1044 τεθεωρημένον
898 971 956 1030 ἐς
999 967 1259 1022 τοσοῦτον
1305 967 1714 1038 ὑπερηρμένος,
1760 966 1842 1028 εἰς

262 1073 382 1124 ὅσον
429 1067 524 1120 καὶ
555 1065 716 1135 σῶμα
745 1063 909 1117 καλὸν
936 1062 1032 1115 καὶ
1079 1061 1330 1133 σφριγῶν
1372 1057 1610 1130 ὕπερθεν
1636 1056 1730 1112 τοῦ
1765 1055 1841 1129 μὴ

265 1159 506 1213 ⁸εοιούτου
539 1156 761 1226 φέροιτο
791 1154 880 1209 ἄν.

331 1294 440 1364 κγ’.
477 1294 588 1349 Καὶ
623 1289 695 1363 ἦν
721 1295 928 1353 ἐκεῖνος
969 1294 998 1345 ὁ
1029 1288 1350 1354 Μωσαῖκὺς,
1381 1289 1445 1342 οὐ
1495 1287 1657 1357 μόνον
1689 1288 1717 1340 ὀ
1749 1286 1842 1340 Σι-

265 1391 476 1459 ναῖτης,
515 1386 650 1441 ἀλλὰ
696 1387 792 1439 καὶ
839 1386 956 1439 ὅσοι
989 1383 1178 1436 πολλοὶ
1230 1383 1326 1436 καὶ
1364 1381 1519 1434 αὐτοὶ
1559 1379 1846 1434 ἀκόλουθοι

267 1481 458 1550 ἐκείνῳ
488 1481 579 1532 καὶ
630 1477 920 1548 σύντροχοι
953 1477 1050 1530 καὶ
1104 1475 1411 1543 σύμφωνοι,
1466 1473 1526 1525 οὐ
1575 1473 1704 1542 περὶ
1737 1472 1846 1541 γῆν

268 1575 448 1642 ιρπων
481 1571 666 1633 αὐτὸς,
693 1569 786 1624 καὶ
814 1568 1024 1621 τάκατ⁹
1052 1566 1225 1636 αὐτὴν
1253 1565 1390 1635 μόνα
1414 1563 1718 1634 συντηρῶν,
1749 1565 1846 1616 καὶ

267 1662 504 1734 ἔξορθῶν
546 1663 642 1714 καὶ
685 1659 1178 1731 ἐπανορθούμενος,
1223 1656 1359 1709 ἀλλὰ
1391 1657 1484 1708 καὶ
1513 1655 1676 1717 αὐτὸς
1707 1652 1845 1707 Θεοῦ

1944 515 1998 562 et
2029 506 2156 562 vita
2183 509 2440 562 honestas
2472 519 2903 578 promoveretur,
2937 519 2990 565 et
3021 510 3220 566 bormm
3254 511 3516 569 divinitus

1943 612 2224 669 acceptum
2266 600 2440 668 magis
2484 601 2764 671 magisque
2796 602 2849 656 in
2882 601 2978 657 Dei
3007 603 3218 657 laudem
3250 605 3515 675 gloriam-

1942 704 2049 760 que
2075 691 2289 745 cederet
2335 690 2474 759 (ipse
2518 693 2660 745 enim
2692 693 2958 762 benignus
2998 707 3132 747 nova
3171 694 3301 765 legis
3330 705 3515 752 auctor

1942 788 2106 848 atque
2138 782 2296 836 dator
2331 781 2491 836 facile
2533 784 2954 854 agnoscebatur)
3001 804 3014 839 :
3067 786 3282 842 inventa
3325 796 3408 842 est
3437 787 3516 842 in-

1943 885 2110 940 super
2145 881 2343 942 praeter
2374 873 2516 928 illam
2561 875 2642 929 lex
2691 877 2862 931 altera
2907 878 3160 947 superior
3201 887 3258 933 et
3301 887 3516 949 potens,

1944 977 2114 1031 eaque
2139 979 2257 1032 quae
2273 963 2387 1034 jam
2422 965 2522 1018 sub
2553 966 2802 1038 manibus
2833 976 2950 1022 erat
2981 977 3126 1022 tanto
3147 971 3517 1036 praestantior,

1943 1064 2148 1125 quanto
2183 1070 2380 1124 corpus
2412 1055 2720 1126 speciosum
2749 1073 2812 1113 ac
2851 1059 3158 1129 vigorosum
3189 1062 3328 1129 turpi
3355 1071 3517 1132 atque

1947 1149 2163 1204 inﬁrmo
2199 1159 2456 1218 praestare
2496 1151 2761 1207 creditur.

2014 1281 2104 1337 23.
2148 1281 2272 1336 Fuit
2307 1292 2483 1338 autem
2529 1285 2615 1339 illa
2667 1285 2753 1340 lex
2789 1285 3044 1350 Mosaica,
3079 1303 3188 1341 non
3221 1288 3394 1344 solum
3428 1289 3519 1346 Si-

1949 1373 2168 1436 naitica.
2221 1374 2313 1428 sed
2366 1383 2419 1428 et
2451 1375 2570 1430 aliae
2621 1378 2802 1430 multae
2855 1379 2905 1431 ei
2950 1378 3155 1433 similes
3184 1389 3237 1434 et
3280 1381 3517 1452 ejusdem

1953 1466 2298 1533 argumenti;
2343 1465 2455 1528 illa,
2489 1467 2730 1533 inquam,
2773 1483 2877 1520 non
2932 1471 2998 1521 ad
3055 1478 3252 1524 terram
3299 1470 3518 1541 repens,

1949 1568 2125 1622 neque
2173 1556 2450 1609 terrestria
2496 1565 2706 1610 tantum
2747 1559 3065 1628 respiciens,
3099 1562 3400 1629 corrigens,
3437 1565 3518 1618 di-

1947 1642 2154 1712 rigens,
2184 1645 2276 1699 sed
2309 1645 2485 1713 potius
2513 1663 2540 1698 a
2574 1645 2680 1700 Deo
2723 1647 2840 1716 ipso
2879 1663 3162 1718 suspensa.
3197 1651 3518 1722 Suppedita-

267 1756 338 1818 ὡς
369 1755 468 1808 ἐπὶ
515 1755 717 1824 μᾶλλον
751 1750 1156 1822 ὲξαρτὼμενος.
1211 1747 1323 1802 Καὶ
1367 1747 1701 1814 θεογνωσίαν
1735 1745 1846 1815 γὰρ

1953 1735 2025 1789 vit
2052 1735 2197 1790 enim
2222 1737 2590 1806 cognitionem
2626 1739 2715 1792 Dei
2745 1750 2798 1794 et
2835 1740 3232 1808 philosophiam
3257 1743 3518 1812 divinam,

266 1848 472 1909 ἐκεῖνος
511 1843 1009 1916 ἐπραγματεύσατο
1040 1841 1136 1895 καὶ
1182 1839 1507 1910 φιλοσοφίαν
1539 1839 1712 1904 θείαν,
1741 1838 1843 1890 εἴτ’

265 1940 352 1993 οὖν
381 1939 697 2006 θεολογίαν.
751 1938 844 1989 καὶ
889 1935 1096 2002 κόσμου
1145 1933 1444 2002 ἐπίγνωσιν
1478 1933 1576 2002 μὲν
1615 1930 1706 1984 διὰ
1745 1932 1846 2001 τῆς

1949 1827 2002 1880 id
2041 1837 2126 1880 est
2171 1828 2517 1898 theologiam,
2561 1839 2615 1884 et
2654 1833 2836 1885 mundi
2889 1834 3250 1900 cognitionem
3282 1850 3378 1905 per
3425 1837 3518 1892 do-

1946 1919 2180 1973 ctrinam
2212 1935 2376 1989 quam
2413 1923 2618 1978 creatio
2649 1924 2831 1978 mundi
2858 1927 3101 1988 exhibet,
3137 1943 3344 1983 necnon
3375 1929 3518 2000 judi-

261 2028 640 2092 διδασκαλίας,
668 2028 740 2099 ὴν
773 2029 806 2098 η
841 2026 1178 2094 κοσμοποιία
1213 2024 1580 2094 παραδίδωσι,
1608 2024 1846 2092 διάγνω-

1953 2008 2090 2063 rium
2122 2010 2188 2063 de
2215 2025 2396 2064 rerum
2427 2021 2642 2078 natura,
2676 2021 2728 2068 et
2753 2024 3118 2086 contemptum
3162 2031 3342 2073 rerum
3387 2033 3520 2073 con-

265 2141 344 2177 σιν
370 2123 455 2188 δὲ,
509 2117 594 2184 οἷς
627 2118 928 2174 ὑποὸάλλει
979 2118 1351 2187 φυσιολογεῖν,
1402 2121 1756 2185 κατάγνωσιν
1787 2115 1845 2169 δὲ

262 2215 354 2286 τὴν
409 2213 506 2282 ἐφ’
536 2208 617 2277 οἷς
666 2212 797 2283 χρὴ.
849 2211 919 2264 δι’
972 2204 1046 2264 ὧν
1087 2209 1346 2281 ῥυθμίζει
1398 2207 1537 2278 πρὸς
1571 2202 1727 2280 ἦθος,
1768 2207 1845 2271 ὡς

263 2305 650 2375 ἐπιμελεῖσθαι
689 2305 791 2374 μὲν
848 2304 1079 2372 κόσμου,
1127 2301 1253 2355 καθ’
1287 2301 1347 2353 ὃν
1386 2298 1743 2368 ὑπερλάμπει
1783 2299 1845 2352 τὸ

261 2397 519 2466 κόσμιον,
543 2393 901 2463 περιφρονεῖν
922 2391 980 2444 δὲ
1007 2389 1194 2451 τᾶλλα,
1225 2387 1284 2453 ἐξ
1315 2378 1390 2440 ὧν
1425 2386 1454 2438 ὸ
1483 2386 1605 2437 κατ’
1632 2384 1844 2454 ἄνθρω-

263 2502 358 2541 πον
387 2488 513 2558 βίος
537 2483 866 2539 ἀπεχθαίνει
901 2484 1168 2553 ἄκοσμος.

326 2603 424 2657 κδ’.
472 2603 587 2655 Καὶ
636 2599 969 2654 ἀπετέλεσεν
1017 2599 1045 2651 ὁ
1073 2598 1316 2659 τοιοῦτος
1362 2596 1527 2666 νόμος
1585 2596 1645 2648 οὐ
1684 2593 1848 2665 μόνον

264 2695 507 2764 ἀγαθοὺς
536 2692 736 2763 ἄνδρας
765 2689 977 2756 ἁπλῶς,
1015 2690 1193 2742 ὁποῖοι
1225 2689 1287 2758 δή
1323 2707 1469 2751 τινες
1508 2687 1606 2741 καὶ
1651 2689 1708 2740 ἐν
1736 2688 1849 2748 τοῖς

265 2787 364 2859 πρὸ
407 2786 606 2840 αὐτῶν
663 2783 1008 2860 ἐξεφάνησαν
1065 2782 1278 2852 μέτριοι
1324 2781 1524 2834 ἐκεῖνοι
1577 2780 1674 2832 καὶ
1716 2779 1848 2849 ῥᾷον

260 2880 585 2950 ἀριθμητοὶ,
619 2879 714 2931 καὶ
776 2875 998 2946 μάλιτθ“
1025 2876 1114 2928 ὅτε
1153 2875 1185 2945 ἠ
1238 2873 1566 2944 ἀγριονομία
1613 2871 1712 2942 τὴν
1745 2872 1848 2941 γῆν

264 2973 603 3032 ἁπεσκότου,
660 2967 798 3020 ἀλλά
847 2968 942 3020 xui.
975 2965 1190 3032 ἁγίους,
1247 2966 1342 3017 καὶ
1389 2963 1450 3016 τὸ
1495 2963 1846 3025 καινότατον,

1945 2109 2154 2169 temptu
2210 2101 2536 2171 dignarum;
2591 2104 2787 2172 quibus
2833 2109 3084 2164 omnibus
3129 2124 3304 2166 mores
3361 2113 3520 2181 perﬁ-

1944 2191 2190 2256 ciuntur,
2246 2192 2320 2246 ita
2379 2202 2440 2246 ut
2496 2197 2728 2262 mundo,
2784 2208 3054 2267 quatenus
3115 2215 3297 2256 veram
3363 2205 3519 2260 nobis

1944 2283 2263 2337 munditiem
2312 2285 2586 2353 ostendit,
2650 2288 3002 2355 Studeamus,
3061 2301 3255 2348 cetera
3314 2304 3517 2362 autem,

1943 2373 2142 2441 quibus
2185 2375 2290 2427 vita
2337 2375 2574 2431 humana
2613 2378 2679 2432 ad
2720 2380 3116 2438 immnnditiem
3169 2385 3519 2456 deprimitur,

1943 2478 2049 2518 con
2060 2474 2161 2517 tem
2172 2481 2200 2518 η
2209 2481 2290 2518 Olli
2299 2483 2328 2518 ll
2337 2482 2362 2521 8
2373 2508 2386 2521 .

2017 2577 2108 2633 24.
2153 2578 2324 2633 Porro
2375 2580 2457 2634 lcx
2497 2581 2586 2637 illa
2635 2599 2742 2638 non
2787 2587 2962 2642 solum
2997 2590 3233 2647 reddidit
3267 2593 3521 2652 homines

1949 2668 2274 2740 simpliciter
2319 2673 2536 2740 probos,
2565 2676 2756 2744 quales
2803 2679 2964 2730 etiam
3013 2691 3142 2734 ante
3191 2683 3311 2738 illos
3363 2688 3521 2752 pauci

1948 2763 2170 2832 quidam
2202 2765 2544 2830 exstiterant,
2571 2774 2628 2819 et
2655 2765 2922 2835 imprimis
2945 2784 3066 2822 cum
3098 2769 3195 2826 feri
3233 2773 3306 2826 illi
3341 2791 3522 2831 mores

1953 2862 2153 2907 terram
2202 2855 2582 2918 obscurarent,
2637 2859 2729 2911 sed
2787 2859 2948 2912 etiam
2999 2872 3218 2917 sanctos
3265 2875 3341 2928 et,
3375 2869 3520 2935 quod

1951 2940 2186 2999 maxime
2203 2945 2581 2999 admirandum
2614 2956 2719 3011 est,
2753 2945 2844 3001 Dei
2877 2959 3086 3018 patres.
3111 2951 3378 3022 Apparuit
3417 2956 3520 3024 igi-

266 3065 632 3129 θεοπάτορας.
683 3059 967 3129 Ἐπεφάνη
995 3031 1049 3110 δὲ
1075 3057 1184 3128 ἄρα
1219 3057 1246 3109 ὁ
1279 3053 1520 3118 τοιοῦτος
1555 3054 1718 3123 νόμος
1755 3070 1843 3106 τε·

1953 3045 2040 3090 tur
2081 3036 2168 3092 lex
2199 3035 2288 3090 illa
2321 3035 2616 3104 perfectior
2650 3047 2703 3092 et
2741 3040 2905 3094 multo
2957 3043 3130 3112 magis
3173 3046 3521 3111 venerabilis,

262 3153 534 3225 λεώτερος
604 3151 706 3222 μὲν
758 3151 853 3203 καὶ
905 3151 984 3212 εἰς
1047 3148 1208 3200 πλέον
1247 3147 1480 3216 οτιμάλα
1537 3146 1852 3217 σεϐάσμιος,

273 3247 462 3301 καθότι
504 3247 605 3298 καὶ
643 3244 974 3314 θεόγραφος,
1011 3239 1254 3311 μελετῶν
1283 3241 1340 3293 δὲ
1373 3239 1523 3310 ὅμως
1566 3239 1660 3292 καὶ
1719 3239 1854 3292 ὑπο-

266 3338 602 3407 κρουόμενος
651 3335 720 3388 τὰ
764 3332 1096 3388 τελεώτατα.
1141 3331 1462 3403 Ἐθεωρεῖτο
1513 3329 1622 3400 γὰρ
1676 3329 1750 3394 ὡς
1792 3330 1850 3383 ὲν

265 3425 628 3500 ὁπογραμμῷ
687 3423 1051 3495 σκιαγραφῶν
1108 3423 1204 3476 καὶ
1267 3420 1669 3492 ὑποχαράσσων
1730 3419 1852 3474 θεία

262 3521 600 3591 τυπὼματα,
632 3519 944 3589 προφήταις
975 3516 1073 3586 μὲν
1095 3515 1170 3578 ὡς
1192 3515 1530 3584 διορατικοῖς
1555 3513 1853 3566 ἐποπτευό-

267 3631 446 3685 μενος,
484 3611 588 3665 καὶ
618 3610 948 3677 λεπτότερον
984 3605 1446 3673 κατανοούμινος,
1499 3608 1613 3668 τοῖς
1650 3604 1706 3656 δὲ
1732 3601 1848 3658 λοι-

267 3706 382 3767 ποῖς
437 3700 762 3770 παχύτερον
821 3697 1292 3768 προσφερόμενος,
1343 3698 1438 3747 καὶ
1491 3695 1611 3748 οὐδὲ
1662 3693 1738 3755 ὡς
1791 3695 1851 3746 ὲν

265 3794 496 3864 ὑπονοίᾳ
530 3791 665 3860 γοῦν
695 3791 916 3860 ὲφικτὸς
950 3787 1049 3843 ὢν.
1069 3786 1304 3855 Μεγάλα
1334 3788 1443 3856 γὰρ
1474 3785 1571 3839 καὶ
1597 3785 1851 3837 θειότατα

266 3889 511 3948 καὶτοῖς
559 3883 814 3952 τηνικάδε
871 3881 1064 3950 χρόνον
1121 3877 1434 3948 ἀνθρώποις
1480 3875 1846 3944 ἀκατάληπτα

265 3976 467 4045 λαλῶν,
501 3976 854 4044 ἑπέκρυπτεν
877 3972 1272 4039 αἰνιττόμενος,
1296 3969 1354 4021 τὸ
1378 3968 1492 4038 φῶς
1522 3967 1665 4019 οὓτω
1692 3967 1850 4020 σκιά·

268 4071 374 4134 ζων
400 4072 507 4140 τῆς
547 4065 823 4133 γνώσεως,
859 4064 951 4116 καὶ
978 4059 1418 4115 κατακαλύπτων
1455 4058 1554 4128 τὴν
1589 4057 1850 4127 ἀλήθειαν

268 4163 337 4226 ὡς
361 4165 420 4216 ἐν
451 4157 955 4229 παραπετάσματι,
995 4152 1072 4223 τῷ
1107 4150 1528 4222 προφαινομένῳ
1572 4150 1672 4219 τῆς
1705 4149 1849 4218 φρά-

271 4275 402 4320 eam;
424 4272 439 4287 -
474 4254 578 4306 καὶ
606 4246 753 4320 εἶχον
799 4247 974 4315 ὀλίγοι
1017 4243 1352 4315 ὲμὸαθύνειν
1404 4243 1518 4304 τοῖς
1549 4243 1846 4310 αἰνιγμοῖς,

271 4348 317 4399 οί
347 4346 580 4405 πλείους
610 4341 666 4394 δὲ
700 4335 840 4410 ἦσαν
866 4338 962 4404 τῆς
989 4334 1279 4404 ἐπιπολῆς.

337 4464 440 4511 κε’.
476 4455 597 4509 Οὖκ
657 4453 920 4522 ἠνέσχετο
948 4451 1005 4502 δι
1051 4449 1160 4518 ἄρα
1188 4450 1216 4501 ὁ
1268 4447 1364 4500 καὶ
1400 4445 1720 4515 ἐπιπέμψας
1755 4445 1848 4498 τὸν

270 4547 434 4616 νόμον
476 4542 676 4596 τοῦτον
720 4541 876 4606 Θεὸς,
928 4539 1022 4592 καὶ
1057 4537 1268 4608 βαθέως
1316 4536 1599 4600 τυπώσας,
1664 4535 1754 4587 καὶ
1790 4535 1849 4586 ἐν

272 4633 626 4708 συμιὸὀλ]οις
659 4631 957 4700 παραδοὺς,
991 4629 1067 4699 μὴ
1099 4628 1223 4698 οὐχὶ
1256 4628 1348 4681 καὶ
1379 4625 1720 4694 διασαφῆσαι
1755 4624 1851 4678 αὐ-

271 4732 362 4793 τὸς
426 4729 640 4781 ἐκεῖνον
703 4724 1103 4792 ἐναργέστατα,
1159 4721 1256 4774 καὶ
1317 4716 1719 4788 τελεσφορῆσαι
1770 4717 1851 4778 εἰς

273 4818 668 4890 πληρεστάτην
689 4815 923 4885 χρῶσιν,
955 4813 1052 4865 καὶ
1081 4811 1222 4864 οὕτω
1242 4811 1466 4878 γνῶσιν,
1490 4810 1552 4861 τὸ
1587 4807 1850 4876 σκιαγρα-

273 4926 456 4978 φημα.
487 4907 553 4960 El
588 4907 698 4976 γὰρ
730 4901 1055 4964 διδάσκαλος
1090 4901 1539 4970 ἀποπειρώμενος
1571 4895 1850 4966 μαθητῶν,

273 5001 411 5062 πρὸς
444 4993 532 5060 οἷς
564 4998 657 5051 τὸν
694 4995 823 5050 νοῦν
858 4995 993 5065 ἔχει,
1047 4993 1140 5047 καὶ
1169 4990 1430 5061 γλαφυρὰ
1477 4988 1721 5058 λαλήσας
1757 4986 1856 5038 αὒ-

272 5092 530 5157 τοϊς,καὶ
559 5087 813 5159 εὑρηκὼς
843 5088 946 5140 οὐκ
966 5083 1377 5154 ἑμϐαθύνοντας
1409 5082 1492 5146 είς
1519 5081 1726 5148 νόησιν,
1757 5078 1856 5131 καὶ¹

271 5183 338 5236 δι’
380 5183 520 5237 αὐτὸ
549 5180 952 5241 κατοκνοῦντας
978 5179 1078 5248 τὴν
1111 5176 1374 5247 μάθησιν,
1413 5174 1507 5226 καὶ
1540 5174 1606 5242 τῇ
1639 5168 1854 5240 ἀθυμίᾳ

274 5275 656 5337 ὶιιλείποντας,
705 5272 738 5343 ἦ
788 5273 857 5341 τῇ
913 5269 1156 5342 ῥᾳθυμίᾳ
1219 5263 1698 5326 καταπίπτοντας,
1758 5260 1854 5312 καὶ

274 5364 770 5433 ἀποτελουμένους,
813 5360 889 5421 ὡς
919 5359 1094 5422 οὓτως
1140 5358 1339 5421 εἰπεῖν,
1383 5352 1852 5422 λειπογνώμονας,

273 5458 377 5508 οὒκ
423 5454 682 5524 ἀνέχεται
717 5455 791 5521 μὴ
837 5454 896 5515 ὲς
938 5452 1054 5520 φῶς
1091 5451 1319 5517 ἀγαγεῖν
1373 5444 1760 5514 διευκρινήσας
1792 5441 1855 5493 τὸ

274 5543 758 5615 δυσκατάληπτον,
788 5543 925 5596 ἀλλὰ
959 5538 1308 5609 διερμηνεύει
1342 5536 1553 5606 σαφῶς,
1588 5535 1685 5618 καλ
1711 5531 1858 5586 οὕτω

275 5640 376 5701 τᾶς
426 5637 656 5690 ἐκείνων
690 5638 886 5690 κτᾶται
917 5633 1118 5703 ψυχάς.
1164 5631 1256 5701 Τῷ
1285 5633 1450 5684 παντὶ
1495 5630 1590 5683 ἐπὶ
1633 5629 1795 5681 πλέον
1827 5626 1856 5678 ὁ

278 5729 374 5782 καὶ
409 5730 706 5801 προάρχων
755 5725 1170 5791 ινδιδασκάλως,
1204 5725 1298 5780 καὶ
1322 5723 1500 5788 ἄλλως
1529 5723 1598 5777 δὲ·
1621 5719 1844 5792 παμμέ-

1955 3127 2210 3196 quoniam
2268 3141 2298 3180 a
2356 3127 2466 3182 Deo
2519 3136 2638 3182 erat
2683 3129 2994 3202 conscripta
3038 3146 3091 3187 et
3138 3135 3203 3188 ad
3253 3150 3521 3193 summam

1953 3217 2338 3288 perfectionem
2379 3221 2627 3276 homines
2658 3225 3020 3292 praeparabat.
3072 3223 3525 3296 Conspiciebatur

1952 3312 2097 3363 enim
2141 3310 2296 3378 quasi
2327 3309 2660 3366 adnmbrans
2696 3320 2751 3365 et
2792 3310 3074 3367 delineans
3123 3326 3389 3387 prmcepta
3437 3319 3524 3372 di-

1951 3401 2096 3463 vina,
2126 3409 2179 3456 et
2202 3416 2232 3455 a
2258 3402 2536 3471 prophetis
2561 3403 2968 3472 perspicacibus
3005 3405 3273 3460 intellecta
3309 3407 3524 3464 facilius

1951 3494 2530 3563 comprehendebatnr,
2562 3508 2591 3547 a
2620 3496 2834 3548 caeteris
2859 3505 3034 3551 autem
3072 3498 3328 3554 crassiori
3363 3503 3529 3556 modo

1950 3583 2388 3654 cancipiebatur,
2416 3585 2490 3639 ita
2522 3594 2581 3638 ut
2631 3587 2718 3639 vix
2767 3589 3082 3655 conjectura
3126 3590 3246 3661 ejus
3299 3607 3521 3646 sensum

1952 3685 2396 3744 assequerentur.
2442 3677 2574 3731 Cum
2627 3679 2772 3730 enim
2824 3679 3090 3746 magnalia
3139 3693 3301 3750 atque
3342 3685 3524 3738 divina

1950 3765 2303 3836 eloqueretur
2333 3784 2453 3836 quae
2482 3769 2548 3821 ab
2581 3767 2730 3822 illius
2762 3773 3023 3838 temporis
3055 3771 3371 3828 hominibus
3399 3776 3521 3844 capi

1951 3859 2270 3929 nequibant,
2303 3859 2486 3913 lumen
2520 3860 2888 3928 intelligentiae
2913 3863 3127 3917 nonnisi
3160 3865 3522 3922 adumbrabat

1950 3964 2007 4010 et
2057 3956 2336 4008 veritatem
2383 3955 2526 4009 velut
2571 3956 2919 4024 auigmatum
2972 3952 3239 4007 velamine
3291 3955 3522 4022 celabat,

1953 4045 2190 4118 dictione
2238 4044 2493 4100 nimirum
2545 4059 2635 4100 res
2678 4044 2894 4099 futuras
2939 4042 3315 4114 przeﬁgurans,
3349 4060 3522 4114 quare

1949 4136 2268 4207 paucissimi
2299 4135 2644 4208 aenigmatum
2677 4150 2900 4189 sensum
2935 4135 3346 4206 perpetrabant,
3385 4137 3522 4192 mul-

1951 4227 2126 4282 titudo
2157 4237 2336 4281 autem
2365 4227 2417 4280 in
2447 4227 2737 4296 superﬁcie
2763 4226 3022 4281 haerebat.

1882 4399 1931 4458 θ
2025 4418 2116 4475 25.
2138 4417 2278 4474 Deus
2298 4417 2480 4488 igitur,
2501 4416 2590 4486 qui
2607 4417 2744 4470 hanc
2773 4414 2944 4486 legem
2966 4416 3276 4473 hominibus
3297 4418 3539 4488 benigne-

1950 4529 2260 4569 concessam
2279 4510 2604 4584 elsymbolis
2622 4508 2915 4564 involutam
2936 4510 3152 4574 tulerat,
3173 4512 3287 4578 ipse
3308 4528 3530 4582 quoque

1951 4607 2211 4675 providit,
2239 4611 2297 4656 ut
2326 4619 2388 4658 ea
2413 4603 2615 4672 optime
2643 4601 3053 4672 intelligeretur,
3075 4610 3266 4668 etquae
3287 4603 3530 4656 obscure

1955 4695 2099 4750 dicta
2119 4705 2323 4758 essent,
2344 4693 2410 4748 ad
2434 4694 2740 4749 claritatem
2763 4709 2827 4747 ac
2851 4693 3296 4762 perspicuitatem
3317 4694 3524 4764 perdit-

1953 4796 2238 4843 cercntur.
2263 4785 2317 4839 Si
2331 4785 2472 4840 enim
2497 4795 2817 4856 praeceptor,
2842 4785 3137 4853 discipulos
3157 4787 3356 4856 quibus
3391 4790 3530 4842 bene

1954 4878 2460 4948 cupitexpertnrus,
2479 4875 2644 4930 altum
2666 4877 2951 4931 verborum
2971 4892 3192 4929 suorum
3215 4892 3432 4932 sensum
3458 4881 3526 4935 ab

1958 4969 2027 5025 iis
2053 4969 2192 5022 baud
2237 4968 2470 5038 perspici
2501 4967 2964 5031 animadverteris,
3005 4967 3079 5020 ita
3110 4968 3326 5036 quidem
3361 4979 3417 5023 ut
3453 4970 3522 5022 ad

1956 5060 2260 5116 doctrinam
2314 5057 2623 5127 pigrescant
2673 5065 2835 5124 atque
2867 5065 2960 5110 aut
3002 5058 3169 5111 animi
3204 5061 3389 5130 vigore
3435 5059 3529 5112 de-

1955 5151 2156 5216 stituti,
2194 5158 2289 5205 aut
2311 5150 2529 5204 levitate
2554 5147 2813 5218 correpti,
2849 5148 2996 5201 omni
3030 5164 3276 5218 prorsus,
3309 5159 3365 5202 ut
3401 5162 3532 5202 vere

1957 5243 2155 5304 dicam,
2203 5239 2429 5294 scientia
2473 5238 2744 5300 excidant,
2773 5252 2836 5290 ea
2871 5252 2992 5306 quae
3037 5237 3278 5292 difﬁcilia
3309 5235 3528 5304 cognita

1956 5345 2082 5390 sunt
2117 5349 2225 5388 non
2263 5333 2380 5386 vult
2424 5347 2530 5386 non
2565 5331 2622 5383 in
2673 5330 2847 5383 lucem
2891 5331 3214 5398 producere,
3246 5327 3339 5382 sed
3388 5327 3529 5381 bene

1957 5427 2194 5497 explicat
2221 5435 2274 5480 et
2312 5425 2386 5478 ita
2421 5438 2608 5476 eorum
2645 5420 2856 5474 animos
2885 5420 3170 5474 lucratur:
3211 5417 3382 5471 multo
3418 5431 3524 5486 po-

1961 5521 2068 5574 tius
2091 5518 2137 5572 is
2161 5517 2251 5585 qui
2281 5515 2348 5569 ab
2382 5522 2585 5568 aeterno
2607 5526 2852 5568 summus
2875 5508 2976 5562 fuit
2999 5516 3319 5577 praeceptor,
3351 5509 3522 5580 legem

1959 5627 2110 5668 suam
2166 5626 2195 5664 a
2232 5607 2414 5680 Moyse
2452 5605 2676 5674 ejusque
2722 5602 2916 5658 comvis
2950 5600 3312 5670 conscriptam
3360 5601 3529 5657 bene-

1959 5709 2078 5766 vole
2125 5706 2368 5765 revelare
2413 5699 2605 5759 statuit
2653 5695 2964 5753 hominibus
2989 5695 3082 5765 qui
3112 5695 3310 5752 divinae
3339 5699 3528 5767 gratia:
