4002 6208
313 249 316 252 ἢ
357 288 461 353 319
1027 276 1444 344 EUSTATHII
1488 263 2245 334 THESSALONICENSIS
2288 255 2862 321 METRGI‘OUTE
3523 247 3632 318 320

362 401 684 471 ςειείιιιιίψιε
732 397 1011 454 studerent
1061 404 1116 448 et
1173 405 1270 460 per
1298 387 1544 442 ultimam
1604 377 1939 452 perfectissi-

2074 391 2255 438 ἰστος,
2289 373 2380 426 τὸν
2412 369 2576 426 αὐτοῦ
2604 369 2771 438 νόμον
2801 369 2893 422 τὸν
2917 365 3199 436 δεύτερον,
3249 361 3343 418 τον
3377 363 3630 433 γραπτὸν

2139 465 2340 471 ___-
2480 462 2677 471 _---
2801 457 3012 471 _...
3136 457 3186 471 ..
3405 453 3557 471 ..ς

363 509 613 562 tuamque
651 493 820 560 legem
867 488 933 542 ad
980 489 1150 553 ipsum
1187 485 1553 542 recurrerent,
1590 482 1841 529 accurate
1874 483 1937 524 ac

2075 485 2104 520 v
2139 465 2377 532 Μωῠσῆς
2409 467 2504 517 καὶ
2537 464 2584 515 oi
2623 460 2911 516 Μωσαῖκοὶ
2955 457 3356 528 ἐξεγράψαντο,
3403 453 3632 524 ἔμελλεν

360 585 478 635 sine
509 545 769 648 \:ituperio
792 577 906 645 ejus
931 545 1343 644 iustiﬁcationes
1372 565 1737 635 exsequendo.

2074 555 2304 625 ΰσχόλως
2324 553 2668 624 ἀνακαλύψαι
2688 554 2803 613 τοῖς
2829 553 2886 603 ἐν
2916 550 3100 620 χάριτι
3126 548 3248 618 θείᾳ
3276 547 3374 600 καὶ
3397 545 3629 617 ἀληθεία

363 638 716 742 νομομαθέσι,
758 638 855 724 καὶ
925 638 1014 723 διὰ
1054 665 1150 720 τοῦ
1215 663 1448 733 ὑστέρου
1506 660 1602 712 καὶ
1654 651 2034 725 πληρεστάτου
2087 649 2256 719 νόμου
2313 645 2829 720 ἀναδραμουμένοις
2881 645 2937 707 ἐς
2991 640 3161 695 αὑτὸν
3209 640 3269 692 ἐν
3311 638 3392 709 τῷ
3445 638 3630 702 καλῶς

365 762 460 814 mi.
506 761 629 829 δίχα
665 759 858 827 μώμου
914 755 1197 809 ἐκτελέσαι
1247 752 1316 805 τά
1367 749 1578 804 ἐκείνου
1636 744 2008 813 δικαιώματα.

433 853 524 906 26.
568 851 855 906 Descendit
893 851 1054 919 igitur
1084 862 1179 915 per
1216 842 1609 899 incarnationis
1643 838 1932 907 dispensa-

367 945 564 996 tionem
615 941 665 993 in
705 938 964 993 mundum
1011 951 1168 991 suum
1217 950 1280 988 ac
1334 931 1628 995 hominem,
1661 937 1827 997 atque
1869 925 1936 979 ab

368 1031 522 1086 initio
555 1045 755 1099 paucos
782 1038 989 1083 tantum
1019 1043 1048 1082 e
1073 1023 1414 1080 multitudine
1434 1020 1594 1090 elegit
1620 1016 1937 1087 discipulos,

370 1121 422 1176 in
468 1136 533 1176 eo
589 1133 803 1189 quoque
858 1118 1233 1171 admirandum
1293 1123 1346 1167 et
1391 1110 1757 1182 prodigiosum
1807 1105 1940 1177 quid

369 1198 725 1274 ostendens,
758 1209 897 1277 quod
962 1221 1070 1260 non
1128 1212 1454 1273 exspectans
1504 1198 1951 1269 conspiciebatur

373 1302 634 1356 doctrina:
684 1299 908 1368 cupidos
960 1297 1198 1357 docere.
1243 1293 1338 1348 sed
1372 1291 1551 1362 potius
1599 1289 1948 1354 semetipsum

373 1390 747 1450 eainaniebat,
771 1398 829 1442 ut
853 1388 1016 1441 etiam
1039 1388 1106 1440 ab
1133 1386 1248 1454 ipso
1270 1383 1575 1438 edocendos
1599 1379 1876 1448 colligeret
1899 1381 1955 1430 et

371 1483 439 1534 ad
470 1489 655 1534 eorum
692 1477 1064 1532 inﬁrmitatem
1093 1489 1217 1531 sese
1242 1474 1701 1528 accommodaret.

440 1571 531 1624 9.7.
577 1567 864 1624 Descendit
909 1567 1074 1638 igitur
1103 1581 1135 1621 e
1165 1564 1308 1620 ccelo
1355 1560 1682 1618 illuminatio
1734 1557 1947 1629 perfec-

372 1664 604 1725 tissima,
642 1659 861 1713 luminis
906 1657 1232 1728 principium
1267 1656 1534 1710 luminum
1571 1665 1746 1723 pater,
1785 1663 1950 1720 atque

375 1752 596 1805 umbras
624 1751 741 1804 luce
773 1756 1041 1818 penetrat.
1077 1747 1328 1817 Inprimis
1356 1753 1537 1799 autem
1561 1739 1762 1812 lloySis
1787 1741 1950 1812 legis-

375 1840 568 1894 latoris
621 1836 883 1907 sapientis
946 1836 1394 1890 adumbrationes
1443 1833 1510 1886 ad
1559 1831 1949 1901 perfectionem

376 1930 656 2000 provexit,
715 1929 1000 1994 :enigmata
1051 1924 1342 1997 symbolica
1402 1923 1788 1992 interpretatus
1843 1928 1949 1986 est,

376 2021 722 2075 characteres
759 2018 1075 2072 umbratiles
1101 2020 1166 2071 ad
1206 2030 1390 2070 veram
1423 2017 1590 2068 vitam
1625 2009 1870 2075 deduxit,
1899 2020 1952 2067 et

377 2113 696 2185 prmclaram
734 2109 878 2163 illam
929 2108 1100 2178 legem
1151 2106 1219 2161 ad
1274 2106 1551 2160 infandam
1590 2103 1952 2174 pulchritudi-

374 2219 522 2269 nem,
551 2213 644 2256 aut
676 2201 720 2256 si
754 2199 1061 2256 accuratius
1088 2198 1373 2253 dicendum
1395 2207 1498 2264 est,
1523 2197 1590 2250 ad
1615 2195 1950 2266 spiritualem

374 2302 660 2351 veritatem
696 2308 947 2349 sermone
983 2293 1129 2348 claro
1172 2291 1464 2360 promovit.
1518 2288 1675 2343 Haud
1723 2287 1952 2355 amplius

372 2387 521 2442 enim
558 2386 726 2454 llgnra
751 2393 871 2454 post
892 2380 1429 2442 condescensiouem,
1456 2380 1596 2432 haud
1618 2375 1951 2445 symbolum,

374 2479 521 2534 haud
568 2478 780 2541 umbra,
818 2474 912 2529 sed
959 2472 1141 2528 omnia
1188 2469 1390 2531 lucida,
1429 2468 1711 2537 perspicua
1745 2469 1950 2520 omnia.

373 2568 734 2622 Characteres
763 2561 1014 2632 explicati
1049 2567 1196 2622 sunt,
1231 2558 1438 2612 veritas
1477 2572 1666 2611 serena
1701 2557 1821 2611 luce
1854 2570 1949 2624 ap-

375 2659 573 2728 paruit,
603 2656 826 2726 iustitia:
870 2655 950 2708 sol
981 2664 1202 2706 exortus
1233 2661 1337 2714 est,
1388 2658 1440 2703 et
1486 2649 1576 2717 qui
1609 2656 1790 2713 antea,
1837 2663 1956 2702 um-

377 2754 599 2806 brarum
662 2746 890 2816 caligine
945 2743 1193 2806 involuti,
1252 2757 1428 2810 neque
1486 2741 1791 2795 sciebamus
1846 2752 1957 2808 quo

375 2839 612 2895 eundum
665 2845 833 2901 esset,
889 2849 1064 2903 neque
1123 2831 1532 2902 apprehendere
1585 2831 1955 2885 necessarium

377 2931 720 2992 volebamus,
749 2942 778 2983 e
807 2927 1042 2981 tenebris
1072 2925 1348 2995 perpetuis
1378 2924 1445 2978 ad
1479 2925 1652 2979 lucem
1688 2923 1957 2978 inﬁnitam

378 3022 615 3078 traducti
648 3033 860 3075 sumus.
891 3017 1234 3087 Ambigultas
1255 3015 1442 3087 legalis
1468 3014 1711 3081 evanuit,
1733 3015 1959 3085 ejusque
1987 3061 2033 3122 α

384 3119 506 3171 loco
539 3112 759 3168 advenit
804 3127 961 3167 mens
990 3111 1259 3180 profunda
1294 3123 1444 3171 sane.
1481 3109 1574 3163 sed
1627 3108 1790 3164 simul
1827 3109 1960 3163 sim-

380 3213 525 3280 plex,
551 3205 988 3277 quandoquidem
1021 3202 1298 3273 sapienter
1327 3216 1391 3256 ac
1421 3211 1643 3256 strenue
1676 3201 1958 3255 veritatem

383 3304 808 3371 interpretatur;
835 3311 940 3352 non
962 3295 1195 3365 amplius
1216 3280 1470 3364 abjicitur
1492 3296 1739 3350 velamen
1769 3293 1961 3364 legale,

385 3399 526 3451 intra
553 3392 694 3464 quod
721 3390 912 3446 salutis
943 3389 1188 3444 doctrina
1220 3385 1545 3442 occultatur.
1773 3445 1785 3457 ,

457 3487 552 3543 28.
595 3486 780 3556 Neque
822 3483 933 3554 jam
984 3481 1187 3535 dixerit
1234 3479 1504 3550 quispiam
1555 3492 1586 3534 e
1634 3478 1852 3544 coaevis,
1903 3493 1962 3533 se

385 3580 689 3638 secundum
738 3592 981 3634 crassam
1030 3574 1268 3629 litteram
1301 3571 1644 3640 conversari,
1673 3572 1800 3626 dum
1848 3573 1965 3628 hac

388 3673 472 3729 vel
507 3673 600 3728 illa
629 3675 695 3726 ad
741 3671 980 3725 litteram
1031 3666 1165 3738 agit.
1213 3665 1268 3721 Si
1301 3675 1480 3720 autem
1519 3664 1802 3736 spirituale
1836 3663 1964 3734 quid

389 3769 442 3821 in
472 3768 549 3823 eis
575 3764 909 3821 reconditum
936 3762 1029 3828 sit,
1067 3761 1190 3828 quis
1216 3760 1356 3814 scire
1379 3757 1616 3826 poterit?
1645 3755 1750 3810 Sed
1782 3757 1966 3810 omnia

388 3871 515 3915 sunt
566 3857 874 3930 perspicua,
934 3862 988 3908 et
1037 3853 1202 3908 Verbi
1252 3850 1419 3906 divini
1483 3851 1754 3905 incarnati
1806 3849 1966 3905 cllata

391 3952 664 4006 intellectu
700 3947 914 4014 facilia;
961 3946 1256 4015 margarita
1299 3943 1424 3998 inde
1463 3943 1807 4013 proveniens,
1852 3956 1970 3996 om»

393 4042 478 4096 nis
510 4041 799 4096 velamenti
848 4036 1065 4091 obscuri
1102 4050 1318 4104 expers,
1368 4050 1464 4104 per
1498 4049 1556 4089 se
1605 4033 1776 4101 ipsam
1819 4048 1968 4087 com-

395 4128 768 4200 prehenditur.
799 4126 1006 4178 Aurum
1049 4134 1104 4177 et
1152 4131 1434 4192 argentum
1468 4138 1660 4188 purum
1701 4122 1966 4192 projacet,

397 4235 504 4272 non
559 4217 956 4275 adulteratum,
1010 4212 1157 4267 nullo
1218 4212 1396 4282 lapide
1454 4211 1626 4281 Lydio
1685 4215 1965 4282 indigens;

397 4309 604 4377 lapides
657 4305 877 4378 pretiosi
923 4313 981 4358 ut
1024 4303 1441 4375 investigeutur,
1491 4319 1667 4372 neque
1715 4304 1967 4359 sudorem

401 4418 574 4471 neque
591 4400 832 4455 laborem
854 4398 1180 4452 fodientibus
1198 4397 1508 4466 imponunt.
1529 4397 1630 4461 Qui
1653 4396 1972 4461 donatillos,
2006 4391 2051 4447 D

399 4512 509 4552 non
533 4495 710 4552 solum
738 4489 1315 4564 magniﬁcentissimus
1352 4499 1594 4558 apparet,
1619 4491 1710 4543 sed
1746 4503 1844 4558 pro
1870 4491 1975 4545 im-

400 4603 587 4644 mensa
637 4586 808 4657 ipsius
842 4584 1214 4639 misericordia
1255 4581 1523 4650 permittit
1569 4589 1625 4634 ut
1657 4582 1748 4651 qui
1785 4583 1976 4638 volunt

401 4696 602 4736 munus
662 4678 1004 4751 percipiant;
1061 4689 1167 4729 non
1235 4677 1429 4744 quaerit
1488 4684 1819 4729 mercatores
1882 4675 1974 4744 qui

401 4790 595 4845 magno
625 4790 748 4829 cum
779 4773 931 4828 lucro
963 4773 1098 4825 istos
1124 4772 1417 4824 revendant
1439 4783 1736 4839 eorumque
1763 4780 1977 4822 amato-

401 4870 555 4924 ribus
612 4868 886 4936 negotium
951 4866 1258 4927 facessant,
1307 4863 1401 4918 sed
1459 4877 1728 4932 pauperes
1780 4863 1976 4933 spiritu

403 4959 605 5014 intima:
629 4955 878 5011 amicitiae
904 4954 1122 5009 vinculo
1150 4953 1251 5008 sibi
1282 4952 1576 5020 adjungcre
1609 4955 1809 5020 studet,
1841 4969 1978 5024 quos

403 5051 578 5104 ditare
619 5057 802 5118 queat,
852 5047 984 5116 ipsis
1020 5047 1158 5100 dona
1190 5059 1288 5099 sua
1343 5044 1659 5113 impertiens
1703 5059 1864 5116 atque
1910 5048 1978 5102 ad

404 5141 752 5198 beatitudinis
781 5138 1055 5207 fastigium
1092 5136 1350 5189 evehens.

2116 833 2231 900 κς’.
2267 832 2480 888 Οὐκοῦν
2513 832 2836 886 καταϐαίνει
2866 827 2954 884 διὰ
2979 827 3078 897 τῆς
3109 825 3385 892 ἐνσάρκου
3416 824 3633 876 οἰκονο-

2049 929 2180 1000 μίας
2215 927 2308 980 ἐπὶ
2336 927 2428 980 τὸν
2478 922 2648 978 αὐτοῦ
2681 922 2780 977 καὶ
2807 922 3012 989 κόσμον
3052 917 3150 971 καὶ
3191 914 3507 984 ἄνθρωπον,
3541 914 3642 964 καὶ

2047 1020 2333 1088 ἐκλέγεται
2387 1016 2639 1088 μαθητὰς
2685 1015 2902 1082 ὀλίγους
2951 1011 3176 1074 πάντως
3222 1010 3325 1079 τὴν
3361 1005 3546 1076 ἀρχὴν
3573 1005 3643 1056 ἐκ

2047 1111 2342 1182 τηλικῆσδε
2371 1109 2475 1178 τῆς
2505 1108 2629 1162 τότε
2656 1107 2934 1177 ὁλότητος,
2964 1101 3256 1174 τεράστιόν
3271 1118 3325 1154 τι
3347 1100 3444 1152 καὶ
3472 1096 3641 1152 τοῦτο

2047 1203 2298 1273 ἐκφήνας
2321 1203 2554 1265 ἐκεῖνος,
2585 1201 2636 1254 εί
2666 1200 2742 1271 μὴ
2780 1197 3086 1267 ἀναμείνας
3115 1191 3451 1265 ἐψηλαφήθη
3491 1190 3643 1244 διδά-

2051 1294 2137 1360 ξαι
2163 1295 2289 1357 τοὺς
2315 1289 2748 1362 ἐπιθυμοῦντας,
2777 1288 2917 1342 ἀλλά
2945 1285 3277 1349 κατεδέξατο
3303 1281 3644 1350 κενωθῆναι,

2050 1383 2124 1442 ὡς
2162 1385 2258 1437 καὶ
2314 1381 2652 1451 ἐπιζητῆσαι
2684 1379 2812 1440 τοὺς
2865 1375 3292 1447 μαθησομένους
3342 1371 3403 1438 ἐξ
3446 1368 3644 1435 αὐτοῦ,

2054 1475 2146 1527 καὶ
2175 1476 2244 1543 τῇ
2279 1473 2506 1526 ἐκείνων
2534 1470 2794 1540 ἀσθενείᾳ
2835 1467 3264 1537 συνεκδραμεῖν.

2127 1562 2234 1629 κζ’.
2263 1563 2488 1618 Κάτειαι
2518 1562 2700 1616 τοίνυν
2739 1559 3037 1630 οὐρανόθεν
3073 1559 3107 1627 ἡ
3142 1557 3476 1625 ὑπέρφωτος
3499 1552 3649 1621 λάμ-

2056 1657 2170 1727 ψις,
2195 1659 2224 1711 6
2257 1656 2590 1727 ἀρχίφωτος,
2622 1656 2660 1708 6.
2678 1654 2796 1708 τῶν
2819 1653 3014 1722 φώτων
3051 1649 3261 1720 πατὴρ,
3294 1648 3391 1701 καὶ
3431 1663 3647 1700 καταυ-

2059 1749 2218 1817 γάζει
2249 1748 2349 1818 τὴν
2402 1747 2586 1801 σκιάν.
2637 1745 2892 1800 Μάλιστα
2921 1744 3024 1814 μὲν
3073 1737 3170 1796 οὖν
3212 1741 3284 1794 τὰ
3323 1739 3420 1793 τοῦ
3471 1736 3644 1808 σοφοῦ

2061 1839 2414 1912 σκιαγράφου
2444 1839 2699 1902 Μωσέως
2735 1836 3050 1906 τυπὼματα
3087 1833 3295 1905 χρώζει
3327 1831 3464 1902 πρὸς
3491 1829 3650 1883 ἐντέ-

2059 1932 2230 1994 λειαν,
2275 1931 2372 1983 καὶ
2416 1929 2487 1982 τὰ
2519 1927 2831 1997 συμϐολικά
2873 1923 3282 1996 διεμμηνεύσας
3317 1923 3652 1992 αἰνίγματα,

2060 2022 2312 2083 καὶτοὺς
2370 2021 2638 2082 τυπικοὺς
2690 2018 3054 2089 χαρακτῆρας
3104 2019 3187 2078 είς
3245 2013 3646 2084 πραγματικὴν

2059 2109 2359 2172 ἐκϐιϐάσας
2411 2110 2699 2179 ἀλήθειαν,
2727 2111 2820 2162 τὸν
2845 2110 3010 2162 καλὸν
3057 2110 3269 2161 ἐκεῖνον
3309 2108 3476 2176 νόμον
3507 2104 3653 2169 ἐξω-

2063 2204 2252 2273 ράῖσεν
2279 2204 2359 2266 είς
2406 2202 2605 2266 κάλλος
2649 2201 3034 2273 ἀνεκλάλητον,
3076 2199 3279 2272 μενοῦν
3318 2216 3386 2270 γε
3418 2197 3652 2269 ἀκριϐέ-

2061 2308 2258 2364 στερον
2287 2293 2477 2360 φάναι,
2506 2290 2740 2362 λαλητδν
2772 2291 2913 2361 πρὸς
2962 2291 3352 2362 πνευματικὴν
3384 2287 3652 2359 ἀλήθειαν

2060 2383 2234 2436 εθετο.
2265 2382 2450 2447 Τύπος
2475 2384 2588 2454 γὰρ
2627 2383 2814 2437 οὐκέτι
2840 2382 3019 2446 οὐδεὶς
3055 2383 3198 2452 μετά
3230 2382 3331 2452 τὴν
3369 2380 3652 2450 συγκατά-

2062 2475 2242 2540 ϐασιν,
2268 2474 2539 2546 σύμϐολον
2560 2475 2737 2539 οὐδὲν,
2761 2475 2891 2528 σκιὰ
2911 2475 3033 2527 οὐδε
3045 2475 3169 2545 μία,
3203 2475 3386 2528 πάντα
3402 2473 3653 2543 ἐμφανῆ,

2061 2568 2321 2636 προφανῆ
2375 2566 2552 2620 πάντα
2578 2584 2592 2597 ·
2623 2567 2674 2619 οί
2715 2569 3069 2638 χαρακτῆρες
3111 2565 3573 2635 διασεσάφηνται,
3619 2565 3658 2634 ἡ

2063 2657 2297 2728 ἀλήθεια
2332 2659 2645 2729 ἐκπέφηνεν
2694 2661 3084 2731 αίθριάζουσα,
3117 2663 3145 2713 6
3167 2659 3269 2729 τῆς
3300 2657 3660 2727 δικαιοσύνης

2064 2750 2340 2807 ἀνέτειλεν
2379 2753 2554 2823 ἥλιος,
2607 2753 2703 2805 καὶ
2752 2753 3107 2823 συνήχοημεν
3158 2753 3270 2804 ἀπὸ
3318 2750 3546 2814 σκότους
3575 2751 3662 2805 δι-

2065 2844 2298 2915 ηνεκοῦς
2336 2846 2417 2908 είς
2460 2845 2656 2898 ἀδυτον
2683 2845 3003 2915 φωσφορίαν
3025 2843 3092 2912 ὀί
3119 2841 3318 2914 πρώην
3351 2841 3655 2914 ὲσκιασμέ·

2065 2952 2147 2989 νοι
2183 2935 2337 3006 παρά
2367 2935 2430 2989 τὸ
2475 2935 2614 3006 μήτε
2655 2935 2879 2997 ειδέναι,
2932 2937 3028 2988 ποί
3060 2933 3472 3005 πορευσόμεθα,
3515 2932 3659 3002 μηδὲ

2075 3031 2184 3100 μὴν
2210 3028 2418 3082 ἐθέλειν
2473 3027 2535 3080 τὸ
2587 3027 2706 3080 δέον
2759 3027 3043 3099 ψηλαφᾷν.
3087 3028 3152 3082 Ἦ
3209 3028 3409 3098 νομικὴ
3461 3026 3659 3097 διπλόη

2067 3121 2376 3191 παρῆλθεν,
2411 3120 2734 3190 ἀντεισῆλθε
2764 3120 2820 3172 δέ
2845 3119 2874 3172 6
2896 3118 3067 3190 βαθὺς
3099 3119 3200 3190 μὲν
3232 3119 3310 3192 τῷ
3343 3119 3456 3172 ὄντι
3503 3118 3657 3181 νοῦς,

2074 3215 2280 3276 ἁπλοῦς
2314 3214 2371 3274 δέ
2397 3211 2596 3276 ἄλλως,
2635 3212 2824 3265 καθότι
2868 3209 3168 3282 ἐρμηνεύει
3199 3211 3298 3264 καὶ
3331 3211 3522 3279 σαφῶς
3553 3211 3658 3263 καὶ

2072 3305 2291 3378 τρανῶς
2329 3303 2499 3374 αὐτὴν
2527 3302 2625 3374 τὴν
2664 3302 2926 3372 ἀλήθειαν
2947 3317 2960 3332 ·
2989 3302 3049 3354 οὐ
3083 3301 3456 3372 προϐέϐληται
3485 3318 3661 3354 κατα-

2073 3399 2332 3468 πέτασμα
2351 3396 2599 3466 νομικὸν,
2613 3389 2786 3466 οὗπερ
2804 3393 2956 3458 ἐντὸς
2977 3393 3366 3462 κέκρυπταιτά
3387 3393 3660 3462 σωτήρια.

2147 3487 2254 3560 κη’.
2279 3488 2394 3541 Οὐκ
2420 3487 2534 3558 ἔχει
2561 3503 2646 3549 τις
2673 3485 2856 3554 λέγειν
2894 3485 2991 3538 καὶ
3015 3486 3073 3538 ἐν
3101 3486 3215 3548 τοῖς
3241 3484 3392 3554 ἀρτι,
3424 3483 3662 3550 ὠςἸίγὼ

2076 3583 2178 3651 μέν
2209 3579 2352 3634 κατὰ
2381 3579 2444 3632 τὸ
2483 3579 2800 3647 σωματικὸν
2842 3577 3083 3648 γράμμα
3123 3576 3505 3647 πολιτεύομαι,
3532 3575 3664 3630 τάδε

2078 3673 2174 3728 καὶ
2204 3671 2332 3725 τάδε
2385 3669 2560 3722 ποιῶν
2591 3667 3153 3739 γραμματικώτερον.
3188 3667 3252 3722 Ei
3303 3669 3360 3720 δέ
3391 3685 3442 3720 τι
3495 3685 3665 3720 πνευ-

2080 3764 2312 3835 ματικὸν
2336 3765 2395 3816 ἐν
2431 3763 2616 3825 αὐτοῖς
2647 3761 2980 3833 κέκρυπται,
3015 3761 3100 3822 τίς
3143 3761 3210 3814 ἂν
3241 3760 3450 3830 εἰδείης
3493 3760 3659 3814 Ἀλλὰ

2077 3863 2145 3912 sit
2175 3858 2353 3911 πάντα
2382 3858 2551 3924 σαφῆ,
2580 3857 2678 3908 καὶ
2705 3854 2774 3906 τὰ
2818 3855 2914 3907 τοῦ
2950 3853 3308 3924 θεανθρώπου
3345 3855 3520 3922 Λόγου
3555 3872 3663 3906 πα-

2080 3949 2442 4019 ραγγέλματα
2459 3945 2705 4015 εϐληπτα
2727 3960 2742 3976 ο
2767 3946 2861 3999 καὶ
2884 3945 3113 3996 αὐτόθεν
3137 3944 3429 4014 νοούμενος
3453 3944 3663 4014 γυμνὸς

2079 4041 2316 4103 ἅπαντος
2383 4036 2855 4109 προκαλύμματος
2922 4034 3300 4105 ἐλυτρώδους,
3359 4038 3388 4090 6
3444 4037 3661 4091 ἐκεῖθεν

2081 4132 2331 4185 ἔκκειται
2387 4131 2692 4200 μάργαρος.
2747 4127 2820 4181 Τὸ
2873 4128 3100 4197 χρυσίον
3152 4131 3247 4180 καὶ
3285 4127 3346 4180 τὸ
3391 4128 3660 4199 ἀργύριον

2081 4224 2325 4295 καθαρὸν
2370 4222 2744 4293 προϐέϐληται
2778 4219 2873 4276 καὶ
2917 4219 3233 4288 ἀκίϐδηλον,
3285 4221 3438 4273 οὐδέν
3476 4238 3528 4274 τι
3559 4221 3662 4290 βα-

2082 4315 2249 4370 σάνου
2283 4313 2540 4384 δεόμενον
2559 4327 2572 4341 ·
2607 4313 2656 4365 oi
2683 4311 2859 4381 τίμιοι
2887 4309 3028 4363 λίθοι
3062 4311 3164 4363 οὐκ
3192 4311 3470 4364 ἐθέλουσιν
3505 4310 3666 4381 ίδρῶ-

2083 4423 2205 4470 τας,
2264 4405 2339 4468 ὡς
2395 4401 2801 4474 ἁνιχνεὺεσθαι,
2853 4405 2946 4457 καὶ
2979 4404 3174 4465 πόνους
3227 4402 3494 4474 παρέχειν
3545 4407 3665 4467 τοῖς

2086 4495 2528 4567 μεταλλεύουσιν.
2583 4495 2644 4547 ’0
2693 4495 2900 4547 τούτων
2945 4495 3264 4565 χορηγητης
3313 4496 3415 4567 οὐχ
3471 4495 3663 4559 ἁπλῶς

2083 4588 2673 4659 μεγαλοπρεπέστατος
2720 4586 3010 4654 ἔγνωσται,
3056 4587 3194 4641 ἀλλὰ
3243 4586 3521 4659 πλήσμιον
3569 4589 3662 4640 τὸν

2081 4679 2247 4733 αὐτοῦ
2279 4680 2529 4752 προχέων
2552 4678 2704 4732 ἔλεον
2736 4679 2980 4732 ἐνδίδωσι
3009 4679 3222 4748 δωρεὰν
3252 4679 3520 4750 ἀρύεσθαι
3548 4682 3665 4742 τοῖς

2081 4775 2358 4828 ἐθέλουσιο
2393 4773 2488 4827 καὶ
2530 4773 2654 4826 οὐδὲ
2683 4773 2838 4843 ζητεῖ
2874 4771 3354 4843 μεγαλεμπόρους,
3402 4766 3486 4836 οἷς
3517 4766 3662 4825 ἀπο-

2082 4868 2316 4920 δώσεται
2351 4865 2544 4936 βαρείᾳ
2575 4867 2708 4936 τιμῇ
2741 4865 2809 4919 τά
2837 4865 3142 4937 ὑπέρτιμα,
3169 4866 3246 4928 ὡς
3278 4868 3520 4928 ἐκείνους
3563 4864 3664 4919 αὖ·

2084 4959 2168 5020 θις
2212 4959 2601 5028 ἀντιτιμᾶτθαι
2649 4957 2790 5012 αὐτὰ
2831 4958 2920 5010 ἐπὶ
2954 4958 3170 5029 ἐμπολῇ
3226 4958 3519 5029 κερδαλέα,
3565 4959 3663 5013 καὶ

2089 5051 2391 5122 πράγματα
2426 5051 2718 5120 παρίσχειν
2752 5052 2863 5114 τοῖς
2915 5049 3096 5104 αὐτῶν
3127 5051 3440 5121 ἐφιεμένοις
3487 5053 3665 5119 ἐμπο-

2084 5143 2417 5214 ρικώτερον⁶
2482 5143 2620 5196 ἀλλὰ
2691 5145 2942 5213 πτωχοὺς
2995 5143 3075 5213 τῷ
3137 5143 3413 5212 πνεύματι
3473 5143 3664 5212 φίλους

403 5235 776 5307 βαθυκόλπους
844 5233 1000 5302 ζητεῖ
1061 5228 1340 5300 εὑρέσθαι,
1413 5228 1506 5294 οὓς
1584 5229 1848 5297 πλουτιεῖ,
1899 5234 2223 5306 παραϐύσας
2273 5237 2458 5298 αὐτοῖς
2514 5237 2582 5290 τὰ
2641 5236 2817 5289 οἰκεία
2893 5235 3065 5309 δῶρα,
3129 5236 3222 5290 καὶ
3295 5235 3519 5299 ὀλϐίσας
3567 5237 3662 5288 ἐπὶ

370 5378 372 5381 τ
408 5329 768 5404 μακαρισμῷ.

474 5426 564 5479 29.
605 5424 758 5478 Dolet
790 5422 955 5484 enim,
1004 5428 1060 5473 ut
1108 5421 1181 5473 ita
1225 5419 1424 5479 dicam,
1458 5419 1738 5473 immensis
1767 5420 1974 5477 divitiis

407 5517 543 5579 suis,
575 5525 739 5584 atque
776 5514 1041 5568 bonorum
1076 5510 1245 5579 ipsius
1273 5510 1563 5579 participes
1589 5511 1831 5567 invenire
1859 5525 1975 5569 stu-

405 5607 517 5670 det,
552 5605 833 5675 improbos
863 5614 918 5660 et
943 5604 1034 5674 qui
1071 5605 1388 5658 thesaurum
1428 5604 1498 5658 ab
1530 5603 1646 5672 ipso
1683 5603 1971 5661 collectum

407 5696 601 5756 tollere
644 5711 706 5752 ac
747 5706 1064 5767 supportare
1095 5697 1343 5766 possint;
1377 5695 1486 5752 imo
1531 5706 1582 5754 ct
1612 5695 1856 5757 latrones
1883 5700 1976 5756 ad-

2153 5428 2254 5481 xO'.
2283 5426 2544 5496 ’Δχθεται
2573 5425 2684 5494 γὰρ
2713 5425 2876 5490 αὐτὸς
2901 5421 3012 5480 οἷον
3036 5426 3113 5496 τῷ
3145 5426 3268 5480 κατ’
3289 5426 3454 5481 αὑτὸν
3479 5427 3659 5497 μυρίῳ

2086 5517 2326 5588 πλούτῳ,
2351 5520 2445 5572 καὶ
2468 5519 2723 5572 ἐπιποθεί
2756 5519 2987 5588 μερίτας
3011 5518 3271 5590 εὑρέσθαι
3301 5519 3395 5573 τοῦ
3423 5518 3657 5587 ἀγαθοῦ,

2088 5611 2470 5680 παλαμναίους
2500 5612 2562 5683 δή
2597 5629 2752 5674 τινας
2783 5613 2876 5664 καὶ
2907 5612 3050 5676 οἴους
3095 5613 3422 5684 ἁχθοφορεῖν
3466 5613 3666 5666 ἀτλαν-

2025 5700 2381 5788 Πτικὼτερον
2413 5703 2482 5758 τὰ
2531 5703 2663 5770 παρ’
2711 5703 2903 5776 ἐκείνῳ
2949 5703 3428 5776 τεθησαυρισμένα
3477 5705 3656 5760 καλά·
