4002 6208
286 284 442 362 ’ἓυ
958 305 1055 366 DE
1090 307 1569 372 OBEDIENTIA
1610 311 2151 376 MAGISTRAT'M
2194 308 2668 381 CHRISTIANO
2694 320 2989 390 DEBlTA,
3036 321 3041 326 ’
3487 314 3592 380 322

331 414 600 505 άνέχσται
628 414 685 467 δὲ
718 417 811 469 καὶ
842 418 1101 488 ἅρπαγας
1134 422 1439 489 εὖσυνέτως
1489 428 1915 498 ἐπερχομένους,

2034 432 2192 488 mittit
2218 434 2452 490 solerter
2483 436 2833 493 advenientes
2864 439 2955 505 qui
2990 436 3135 493 illius
3169 436 3309 492 bona
3343 437 3594 492 auferant

262 546 277 555 .
334 504 579 597 ξλέλιτωνΔ
612 508 715 559 ικαὶ
744 509 813 560 τά
869 511 1078 565 ἐκείνου
1122 515 1573 585 φορτιξομένους,
1626 518 1720 573 καὶ
1778 518 1921 575 οὕτω

2034 530 2081 578 et
2116 523 2195 578 sic
2229 538 2394 595 regno
2423 524 2687 581 ctelorum
2715 526 2822 581 vim
2855 504 3111 584 inferant.
3152 527 3423 583 Lubenter
3457 529 3595 597 pati-

335 592 712 664 βιαζομόνους
759 598 862 667 τὴν
894 598 1174 669 βασιλείαν
1206 605 1323 677 τῶν⁷
1367 607 1632 675 οὐρανῶν.
1666 609 1830 679 ⁴ε’έρει
1862 610 1921 664 δέ

334 701 449 738 που
485 687 581 740 καὶ
619 686 855 755 ὲλλὸγως
885 690 1253 763 κλεπτόμενος
1275 712 1289 728 ·
1317 697 1378 750 οὑ
1421 699 1531 765 γάρ
1573 697 1764 765 δέδιεν,
1796 700 1919 753 ἐπι-

322 774 525 830 λιπεῖν
548 778 714 833 αὐτὸν
739 781 806 834 τὰ
826 783 1106 852 κειμήλια.
1135 787 1216 838 ὅτι
1244 787 1380 857 μηδὲ
1409 789 1617 858 πηγαία
1647 807 1730 853 τις
1760 789 1921 859 χύσις

324 869 530 922 αὐτῶν
562 872 621 924 ἒν
658 873 853 943 ικείνῳ
882 875 1050 943 ἐστὶν,
1093 876 1125 946 ἦ
1169 879 1389 946 πλῆῦων
1432 883 1698 950 ποταμὸς,
1734 883 1768 952 ἢ
1795 880 1920 934 κόλ-

321 978 447 1024 1:0;
478 960 775 1029 θαλάσσιος
795 982 811 998 ο
835 966 1073 1030 ἄϐυσσος
1107 971 1209 1037 μὲν
1235 967 1329 1024 οὖν
1357 971 1525 1042 πολλὴ
1563 972 1820 1038 πλούτου,
1849 968 1921 1047 ἧς

335 1050 471 1109 οὔτε
508 1055 692 1126 ριζική
723 1074 808 1120 τις
824 1059 1072 1131 νενόηται
1104 1061 1453 1134 ὑποστάθμη,
1478 1064 1751 1136 ἐπέχουσα
1790 1066 1925 1121 οιτυο-

326 1147 513 1215 μένος
571 1149 760 1216 τόπον,
810 1152 930 1204 οὐδὲ
972 1152 1081 1222 μὴν
1131 1156 1330 1224 μέτρον
1383 1157 1587 1226 ῥητόνο
1643 1157 1758 1211 ἀλλ’
1798 1158 1920 1212 οὐδὲ

335 1237 550 1305 γνῶσις
580 1240 678 1311 τῆς
703 1240 869 1317 αὐτοῦ
899 1244 1176 1312 ἀπειρίας,
1206 1244 1282 1315 μὴ
1311 1247 1393 1298 ὅτι
1432 1264 1496 1314 γε
1531 1247 1919 1320 καταληπτικὴ

328 1329 604 1396 Ἐντελῶς,
662 1332 777 1384 ἀλλ’
811 1333 930 1386 οὐδὲ
979 1334 1392 1406 ἀκροθιγῶςέν
1446 1337 1672 1409 ὲπιόολῇ
1741 1356 1917 1393 κατα-

332 1423 589 1491 νοήσεως
625 1423 898 1492 ψαύουσα.

411 1511 477 1567 λ’.
509 1512 787 1580 Τοιοῦτος,
819 1517 892 1579 ὡς
922 1519 981 1570 ἐν
1009 1516 1269 1591 ὀλιγίστῳ
1299 1520 1749 1592 καθυπογράψαι,
1769 1525 1797 1576 ὁ
1822 1523 1919 1579 καὶ

335 1608 438 1658 ’τοῦ
456 1604 642 1678 τρίτου
667 1609 762 1662 καὶ
782 1607 903 1661 νέου
925 1597 1098 1679 νόμου
1111 1609 1275 1682 δοτὴρ
1293 1612 1444 1675 Θεὸς,
1462 1613 1607 1667 οὕτω
1625 1616 1917 1686 παμπλού-

340 1713 484 1760 σιος,
508 1696 651 1751 οὕτω
674 1699 1074 1773 μεγαλόδωρος,
1103 1704 1309 1775 καὶμὴν
1332 1709 1427 1761 καὶ
1448 1705 1702 1772 γνὼσεων
1731 1709 1920 1780 κύριος

332 1792 441 1843 καὶ
462 1790 784 1859 αὑτοσοφία.
805 1794 896 1846 Διὸ
927 1796 1025 1852 καὶ
1054 1797 1081 1849 ὁ
1111 1795 1276 1867 νόμος
1304 1797 1470 1851 αὑτοῦ
1504 1799 1724 1865 ὲπάξιος
1749 1801 1922 1854 τοιού·
1954 1781 1995 1841 Β

336 1897 439 1932 του
477 1882 717 1951 μεγάλου
747 1882 1036 1951 λογοθέτου
1062 1888 1156 1939 καὶ
1181 1887 1472 1958 νομοδύτου
1501 1891 1596 1943 καὶ
1628 1892 1920 1961 νομοθέτου

340 1973 488 2042 πρὸς
506 1972 586 2043 τῷ
620 1974 777 2044 βάθει
805 1976 914 2030 τῶν
937 1978 1178 2045 ἐννοιῶν,
1205 1980 1302 2034 καὶ
1334 1982 1451 2051 φῶς
1472 1984 1799 2037 ἀποπάλλων
1818 1984 1925 2057 ἀρ.

340 2064 525 2149 ρητον
540 2067 838 2137 σαφηνείας
864 2073 977 2134 τοῖς
998 2071 1266 2141 ἑπαξίοις,
1291 2078 1385 2128 καὶ
1406 2077 1709 2146 ἀκροᾶσθαι
1730 2076 1920 2140 αὑτοῦ,

340 2158 443 2210 καὶ
478 2157 673 2229 λύχνον
715 2161 908 2216 τοῦτον
956 2166 1071 2226 τοῖς
1115 2167 1240 2218 ποσὶ
1271 2168 1367 2221 καὶ
1394 2169 1507 2235 φῶς
1541 2171 1659 2233 ταῖς
1686 2169 1924 2233 οἰκείαις

338 2249 560 2319 τρῖσοις
589 2252 735 2322 ἔχειν
766 2258 1262 2326 προπορευόμενον.

413 2428 523 2483 λα’.
548 2431 614 2484 Εἰ
636 2431 691 2484 δέ
719 2449 861 2494 τινες
890 2435 982 2486 καὶ
1012 2435 1121 2487 τῶν
1146 2435 1312 2490 αὐτοῦ
1343 2439 1698 2508 παραδόσεων
1724 2459 1927 2512 μυστη-

344 2522 591 2593 ριώδεις,
630 2519 719 2576 οἷα
753 2524 1089 2591 τελεστικαὶ,
1127 2531 1221 2581 καὶ
1263 2529 1439 2593 ἄλλως
1475 2530 1531 2584 δὲ
1581 2532 1920 2602 ἀπόκρυφοι,

343 2614 444 2667 καὶ
473 2611 546 2665 δι’
568 2613 702 2666 αὐτὸ
734 2613 969 2682 βαοείαι,
1006 2618 1117 2680 καὶ,
1147 2618 1221 2681 ὡς
1250 2619 1422 2683 οὕτως
1456 2621 1643 2689 φάναι,
1672 2621 1924 2690 νύκτεροι

343 2706 462 2765 τοῖς
490 2703 568 2774 μὴ
597 2703 691 2769 ὀξὺ
723 2704 978 2773 βλέπουσι
1003 2707 1217 2772 (πολλαὶ
1267 2709 1321 2762 δὲ
1349 2713 1439 2763 καὶ
1464 2712 1714 2764 τοιαῦταί
1741 2713 1924 2784 είσιν),

345 2792 467 2846 ἀλλ’
500 2794 664 2857 αὐτος
698 2796 829 2865 ῥᾷον
851 2796 1228 2850 ἀποκαλύπτει
1248 2799 1372 2862 τοὺς
1403 2800 1558 2869 ἡμῶν
1586 2802 1923 2872 ὀφθαλμοὺς,

348 2886 515 2954 εἴπερ
539 2878 801 2956 ὲθέλομέν
821 2904 836 2918 ·
868 2889 961 2940 καὶ
996 2889 1071 2950 ὡς
1101 2892 1164 2941 ὲκ
1205 2890 1397 2951 νυκτὸς
1432 2892 1782 2963 όρθρίζοντες
1811 2915 1926 2963 φω-

348 2978 639 3045 τιζόμεθα,
668 2981 758 3045 καῖ
792 2979 1162 3047 κατανοοῦμεν
1186 2979 1328 3033 οὕτω
1350 2982 1416 3034 τά
1442 2983 1723 3054 Θαυμάσια
1752 2988 1928 3042 πάντα

2029 620 2120 669 tur
2147 615 2351 672 furtum
2398 632 2522 671 cum
2555 618 2841 687 prudentia
2869 628 3271 689 perpetratum;
3307 634 3410 673 non
3450 619 3594 672 enim

2028 707 2243 772 metuit,
2283 723 2350 762 ne
2400 708 2572 777 ipsius
2615 710 2817 765 divitiae
2847 727 3084 780 unquam
3110 711 3380 773 deﬁciant,
3421 709 3596 778 siqui-

2028 798 2150 852 dem
2186 815 2362 868 neque
2400 814 2520 855 cum
2565 801 2724 869 aquis
2770 803 3216 864 seaturieutihus,
3247 815 3426 871 neque
3468 817 3591 856 cum

2026 884 2192 941 ﬂuvio
2245 889 2434 958 pleno,
2497 906 2673 959 neque
2726 907 2847 945 eum
2904 893 3073 947 maris
3116 891 3238 947 sinu
3290 891 3595 961 comparari

2026 989 2255 1046 queunt.
2287 981 2380 1034 sed
2428 981 2608 1047 potius
2640 983 2760 1037 fons
2807 982 3118 1037 divitiarum
3153 993 3236 1038 est
3277 984 3595 1045 immensus.

2024 1069 2178 1135 cujus
2205 1086 2379 1140 neque
2408 1073 2650 1127 ambitus
2679 1088 2854 1143 neque
2877 1073 3219 1144 profunditas
3249 1083 3426 1131 mente
3451 1088 3603 1127 com-

2023 1161 2309 1229 prehendi,
2342 1177 2514 1232 neque
2550 1165 2654 1217 ulla
2684 1180 2935 1219 mensura
2969 1165 3180 1219 definiri
3209 1172 3402 1234 potest,
3435 1163 3590 1230 cujus

2026 1249 2260 1317 denique
2310 1252 2645 1309 immensitas
2691 1264 2898 1308 Iantmn
2952 1254 3106 1329 abest
3168 1263 3227 1305 ut
3281 1253 3389 1306 ullo
3438 1268 3522 1302 tuo
3547 1254 3597 1302 'o

2026 1343 2258 1411 perspici
2292 1353 2476 1413 queat,
2528 1356 2586 1399 ut
2634 1362 2698 1399 ne
2734 1345 3040 1417 conjectura
3075 1346 3292 1417 quidem
3317 1360 3436 1399 eam
3471 1345 3596 1412 quis

2030 1437 2246 1503 assequi
2299 1438 2499 1491 valeat.

2097 1524 2186 1579 50.
2230 1526 2374 1583 Talis
2422 1542 2485 1582 ac
2542 1537 2744 1593 tantus,
2809 1538 2870 1583 ut
2920 1528 3115 1583 breves
3177 1527 3369 1591 simus,
3429 1528 3602 1580 tertiae

2027 1632 2242 1687 quoque
2284 1634 2349 1672 ac
2390 1635 2547 1674 novae
2575 1620 2710 1688 legis
2750 1628 2940 1674 auctor
2966 1629 3046 1675 est
3077 1618 3240 1684 Deus,
3275 1634 3383 1674 non
3424 1618 3597 1672 solqu

2028 1712 2355 1776 ditissimus,
2385 1711 2481 1767 sed
2511 1713 2674 1767 etiam
2703 1727 2988 1767 munerum
3016 1713 3263 1784 largitate
3290 1708 3603 1780 praecellen-

2024 1803 2289 1866 tissimus,
2323 1803 2500 1859 omnis
2542 1804 2784 1858 scientia:
2822 1803 3082 1860 Dominus
3127 1812 3289 1874 atque
3332 1800 3599 1868 Sapientia

2026 1894 2164 1964 ipsa.
2194 1893 2375 1960 Quare
2421 1893 2588 1948 etiam
2623 1894 2705 1948 lex
2742 1894 2862 1964 ejus
2891 1892 3052 1965 digna
3081 1901 3168 1948 est
3204 1901 3352 1948 tanto
3381 1889 3599 1958 legisla-

2026 1992 2143 2037 tore
2193 1984 2372 2053 quoad
2422 1982 2707 2038 etiatorum
2764 1982 3211 2052 profunditatem,
3264 1990 3426 2048 atque
3478 1976 3601 2031 luce

2025 2071 2351 2139 cognitionis
2384 2072 2642 2127 indicibili
2679 2071 2965 2127 collustrat
2994 2086 3088 2126 eos
3122 2070 3212 2139 qui
3259 2069 3378 2137 ejus
3411 2082 3594 2121 vocem

2024 2164 2218 2217 audire
2250 2175 2305 2218 et
2355 2163 2514 2217 istam
2549 2163 2821 2218 lucernam
2873 2164 3113 2233 ipsorum
3167 2175 3386 2229 gressus
3426 2157 3599 2212 comi-

2027 2263 2224 2309 tantem
2254 2265 2305 2310 et
2335 2255 2509 2310 lucem
2543 2257 2786 2325 ipsorum
2821 2256 3044 2310 semitas
3083 2253 3469 2308 conducentem
3505 2249 3602 2302 ha-

2025 2346 2153 2400 bere
2189 2347 2502 2417 dignantur.

2095 2442 2184 2496 '51.
2208 2440 2325 2495 .lam
2358 2457 2488 2496 vero
2524 2443 2647 2498 licet
2674 2442 2917 2513 quaedam
2943 2438 3061 2508 ejus
3087 2437 3226 2493 dicta
3261 2435 3369 2490 sint
3396 2434 3599 2488 obseu-

2028 2549 2108 2595 ra,
2135 2545 2407 2604 quatenus
2438 2533 2693 2605 mysteria
2726 2534 3027 2598 centinent,
3063 2539 3115 2585 et
3151 2527 3425 2583 intellectu
3461 2521 3603 2578 (lilii-

2027 2626 2146 2680 cilia
2185 2625 2255 2680 ob
2298 2641 2516 2681 sensum
2552 2624 2905 2695 profundum.
2941 2633 2994 2677 et
3026 2622 3094 2678 iis
3139 2620 3232 2690 qui
3275 2618 3390 2673 visu
3417 2615 3601 2670 hebeti

2027 2716 2294 2779 laborant,
2345 2716 2539 2779 noetis,
2596 2725 2652 2769 ut
2722 2716 2794 2769 ita
2852 2714 3052 2773 dicam,
3107 2710 3313 2764 umbris
3361 2705 3599 2762 inanuta

2028 2805 2174 2876 (sunt
2206 2816 2386 2860 autem
2431 2806 2708 2874 plurima),
2742 2815 2925 2859 tamen
2971 2804 3088 2873 ipse
3127 2801 3378 2856 lubenter
3416 2797 3603 2852 oculos

2030 2908 2241 2951 noster
2269 2897 2462 2962 aperit,
2498 2897 2543 2951 si
2583 2896 2740 2950 modo
2776 2895 3021 2960 velimus,
3047 2910 3154 2963 quo
3188 2893 3246 2945 fit
3291 2899 3343 2943 ut
3379 2887 3541 2945 Veluti
3572 2903 3603 2941 e

2027 2998 2189 3041 nocte
2221 2995 2563 3054 emergentes
2591 2984 2923 3039 illustremur
2949 2999 3013 3038 ac
3038 2982 3306 3037 mirabilia
3339 2993 3455 3047 qum
3483 2977 3603 3047 ejus

348 3072 414 3124 ἐκ
447 3070 546 3125 τοῦ
580 3073 749 3141 νόμου
783 3070 970 3130 αὑτοῦ.
1003 3072 1070 3125 τά
1100 3072 1271 3125 πλείω
1300 3074 1400 3143 μὲν
1427 3076 1485 3140 ἐξ
1536 3078 1802 3147 ἀφορμῶν
1849 3081 1925 3134 δι-

2034 3078 2146 3148 legc
2186 3077 2565 3139 continentur.
2596 3075 2988 3144 intelligamus,
3015 3074 3192 3128 edocti
3240 3068 3539 3138 smpissime
3570 3081 3601 3119 a

346 3161 723 3222 δασκαλικῶν.
772 3162 874 3215 οὐκ
910 3162 1063 3229 ὀλίγα
1105 3162 1162 3216 δὲ
1200 3164 1293 3216 καὶ
1328 3167 1471 3219 κατὰ
1518 3166 1704 3222 ἔνθεον
1749 3171 1925 3236 ἄλλως

348 3255 665 3309 ἐπίπνοιαν.
699 3256 830 3308 Ὀτε
852 3257 942 3307 καὶ
964 3240 1078 3308 ἔστι
1104 3260 1217 3321 τοῖς
1248 3257 1372 3311 καθ’
1404 3261 1553 3327 ἡμᾶς
1578 3260 1777 3330 λέγειν,
1806 3265 1925 3334 οὐχ,

348 3347 432 3400 ὅτι
466 3347 525 3404 ἐς
578 3347 702 3399 ὅσον
731 3346 791 3399 τὸ
827 3347 1014 3409 σκότος
1046 3348 1199 3415 ἡμῖν,
1242 3349 1299 3410 ἐς
1335 3349 1591 3403 τοσοῦτον
1629 3355 1722 3405 καὶ
1762 3353 1825 3406 τὸ
1867 3354 1928 3419 ἐξ

349 3438 756 3508 ἀποκαλύψεως
782 3438 1021 3508 ἀνασχδν
1049 3438 1182 3506 φῶς,
1241 3440 1358 3494 ἀλλ’
1383 3442 1466 3494 ὅτι
1502 3443 1925 3514 πολλαπλάσιον,

349 3535 428 3597 ὡς
460 3533 597 3600 μηδὲ
639 3530 1149 3586 καουποῆάλλεσθαι
1177 3531 1417 3602 ἀριθμῷ,
1446 3532 1543 3587 καὶ
1570 3534 1675 3599 ὅτι,
1717 3536 1926 3589 ἀπελα-

352 3626 542 3690 θέντος
571 3624 666 3679 τοῦ
698 3627 841 3678 κατὰ
878 3624 1103 3692 ἄγνοιαν
1138 3622 1481 3693 νεφὼματος,
1516 3625 1548 3697 ἦ
1593 3627 1685 3680 καὶ⁵
1727 3628 1930 3698 ἑτέρως

353 3720 547 3787 φάναι,
570 3716 958 3768 ἁλλοιωθέντοε
985 3716 1078 3768 καὶ
1100 3715 1441 3778 διατεθέντος
1470 3718 1550 3777 εἰς
1578 3721 1930 3790 χρηστότητα

352 3810 634 3880 γνώσεως,
661 3809 864 3877 ἔφαναν
895 3807 1106 3860 ἐκεῖθεν
1138 3807 1195 3860 ai
1238 3807 1520 3878 ἀστραπαὶ
1552 3813 1651 3881 τῆς
1690 3812 1927 3881 Θεογνω-

356 3904 481 3966 σίας
510 3906 622 3965 τοῖς
660 3905 717 3954 ὲν
745 3903 810 3972 τῇ
859 3899 1176 3972 οἰκουμένῃ,
1212 3900 1304 3953 ἐὰν
1347 3901 1421 3971 μὴ
1459 3919 1764 3971 κοιμωνται
1795 3907 1930 3959 ἀπο-

355 3997 745 4064 νυστάξαντες,
777 3994 810 4064 ἢ
864 3993 1240 4063 τυφλώττωσι.
1297 3991 1449 4052 Τέως
1482 4012 1544 4062 γε
1583 3998 1709 4065 μὴν,
1743 3999 1790 4051 εί
1835 4000 1931 4052 καὶ

359 4090 640 4161 μυστήρια
670 4090 698 4141 ό
729 4085 904 4148 ἄλλως
952 4085 1051 4154 μὲν
1081 4084 1411 4148 τελευταῖος.
1440 4086 1653 4155 άληθῶς
1686 4088 1741 4141 δὲ
1782 4070 1926 4158 πρῶ-

356 4198 542 4243 nam;
574 4181 784 4248 κόσμος
814 4178 907 4231 καὶ
937 4178 1101 4246 νόμος
1148 4177 1607 4231 δυσανακάλυπτα
1652 4179 1784 4248 ἔχει,
1836 4186 1931 4238 καὶ

356 4271 446 4329 οἷα
471 4273 595 4342 Θεῷ
622 4273 769 4341 μόνῳ
804 4268 1127 4330 καταληπτά
1152 4264 1291 4321 εἶναι
1327 4269 1525 4332 δοκεῖν,
1554 4269 1628 4339 μὴ
1650 4270 1715 4323 ἂν
1738 4271 1793 4323 δέ
1824 4290 1930 4326 τινι

357 4366 467 4418 τῶν
498 4362 822 4433 ἀνθρώπων,
857 4358 961 4421 ἕως
1005 4358 1070 4412 ἆν
1117 4360 1325 4420 ἐκεῖνος
1356 4361 1467 4422 τοῖς
1511 4359 1683 4424 ἀξίοις
1715 4363 1928 4435 ὲκφῇνῃ

2029 3170 2364 3230 (ἰοί-ιονίιιιις,
2400 3169 2695 3240 ἱΙΙυιιιῑιιιιιί
2727 3177 2905 3222 autem
2944 3179 3333 3234 nonnunquam
3366 3160 3603 3230 Spiritus

2030 3264 2194 3317 divini
2231 3261 2437 3316 afﬂatu.
2486 3261 2637 3317 Tunc
2672 3275 2803 3317 vero
2859 3267 3005 3314 recte
3048 3257 3232 3313 dicere
3264 3267 3558 3326 possumus
3581 3266 3601 3306 :

2029 3353 2147 3410 Non
2175 3356 2347 3409 solum
2387 3364 2588 3423 quanta
2616 3368 2719 3407 nox
2750 3364 2802 3407 et
2835 3351 3008 3422 caligo
3049 3366 3147 3404 nos
3188 3347 3421 3411 tenebat,
3455 3354 3605 3399 tanta

2031 3456 2061 3495 c
2090 3440 2418 3495 revelatione
2448 3441 2599 3494 nobis
2629 3439 2714 3493 lux
2747 3439 2969 3504 affulsit,
2993 3438 3090 3493 sed
3129 3437 3458 3497 sexcenties,
3492 3435 3603 3488 imo

2031 3534 2287 3589 intinities
2322 3534 2466 3603 plus:
2501 3534 2762 3601 dispersis
2801 3533 2945 3587 enim
2997 3530 3315 3601 ignorantiae
3346 3527 3602 3589 nubibus,

2032 3635 2145 3685 aut.
2176 3635 2233 3677 ut
2264 3624 2421 3679 aliter
2446 3625 2643 3687 dicam,
2674 3624 2978 3692 cognitione
3009 3631 3211 3677 mutata
3242 3631 3292 3675 et
3317 3621 3383 3675 ad
3412 3617 3604 3674 melius

2034 3729 2241 3782 evecta,
2268 3719 2414 3773 illinc
2438 3719 2642 3788 fulgura
2671 3719 2928 3774 doctrinm
2952 3718 3145 3772 divinae
3173 3731 3268 3786 per
3289 3716 3601 3770 univerSum

2036 3809 2419 3878 respleuduere
2472 3820 2739 3864 terrarum
2790 3810 3004 3869 orbem.
3057 3808 3102 3863 si
3148 3808 3308 3860 modo
3353 3805 3607 3860 homines

2038 3916 2142 3953 non
2217 3899 2519 3953 dormirent
2582 3908 2672 3952 aut
2749 3900 2994 3951 cmcitate
3082 3895 3604 3963 constringerentur.

2033 3990 2325 4053 Caeterum,
2368 3989 2581 4044 etiamsi
2611 3990 2823 4053 ultima,
2857 3989 2937 4043 vel
2983 3986 3160 4057 potius
3195 3986 3367 4055 prima
3400 3986 3489 4040 illa
3519 3984 3606 4040 lex

2034 4080 2292 4151 praeclara
2334 4080 2578 4135 continet
2627 4079 2883 4151 mysteria
2927 4078 3353 4145 inexplicabilia.
3400 4086 3455 4132 et
3503 4076 3607 4130 soli

2035 4173 2165 4235 Deo.
2209 4183 2267 4227 ut
2296 4171 2529 4235 videtur,
2571 4169 3102 4239 comprehensibilia,
3142 4184 3245 4221 uou
3288 4177 3466 4221 autem
3505 4167 3604 4221 ulli

2034 4266 2258 4330 homini,
2286 4265 2595 4333 priusquam
2625 4263 2714 4318 ille
2743 4263 2841 4316 ista
2874 4261 3189 4318 revelaverit
3231 4261 3296 4314 iis
3322 4261 3412 4330 qui
3452 4258 3605 4327 digni

2033 4366 2199 4413 sunt:
2241 4365 2421 4412 tamen
2461 4358 2513 4410 in
2561 4355 2744 4409 multis
2789 4355 2940 4415 locis.
2980 4370 3153 4424 neque
3187 4352 3357 4408 solum
3396 4352 3602 4415 multis.

357 4456 525 4519 αὐτὰ,
551 4457 701 4523 ὅμως
736 4453 793 4506 ὲν
825 4450 1042 4512 πολλοῖς
1073 4450 1282 4514 τόποις,
1317 4452 1411 4503 καὶ
1455 4452 1552 4521 οὐχ
1585 4453 1773 4516 ἁπλῶς
1805 4455 1927 4508 πολ-

2038 4449 2129 4503 sed
2156 4449 2318 4503 etiam
2340 4448 2537 4503 talibus
2557 4447 2821 4512 imprimis
2844 4447 2932 4501 illi
2959 4446 3156 4500 οΙπίιιε
3179 4445 3607 4515 perspiciuntur.

357 4550 495 4608 λοῖς,
533 4545 670 4600 ἀλλὰ
704 4544 795 4599 καὶ
853 4543 998 4614 μάλα
1044 4542 1323 4605 τοσούτοις
1375 4544 1518 4596 πάνυ
1565 4543 1932 4615 ἐξαστράπτει

358 4640 502 4695 αὐτὰ
540 4638 680 4708 πρὸς
724 4639 1057 4706 σαφήνειανο
1103 4636 1198 4688 καὶ
1226 4636 1382 4689 οὐδέν
1419 4654 1470 4689 τι
1506 4638 1563 4689 ὲν
1600 4639 1783 4703 αὐτοῖς
1824 4639 1932 4691 δει-

358 4735 471 4797 νῶς
524 4730 999 4801 περινενοημένον,
1046 4729 1161 4792 καὶ,
1190 4727 1264 4791 ὠς
1300 4729 1493 4793 εἰπεῖν,
1531 4728 1762 4793 ἑλικτὸν,
1811 4729 1932 4782 οὐδὲ

362 4825 505 4896 βαθὺ
561 4823 656 4876 καὶ
690 4821 942 4893 κρύφιον,
982 4818 1105 4872 οὐδὲ
1153 4819 1549 4888 ἀνακαλύψεως
1594 4822 1672 4884 εἰς
1721 4819 1931 4891 μακρὸν

359 4914 767 4987 ἑρμηνευτικῆς
800 4911 894 4963 ἐπὶ
926 4911 1228 4980 καταλήψει
1275 4911 1548 4979 δεόμενον.

434 5009 535 5078 λβ’.
586 5006 791 5059 Λύτίκα
833 5005 964 5072 γοῦν
1007 5005 1174 5074 χύδην
1217 5005 1659 5076 προϐεϐλημένον
1691 5003 1935 5058 ἔκκειται

361 5102 596 5159 αὐτόθεν
622 5099 877 5169 εὐμαθῶς
908 5097 1015 5151 ὑπὸ
1035 5097 1141 5148 τῶν
1175 5088 1484 5165 φιλοκάλων
1509 5095 1936 5166 εἰσοικιζόμενον

358 5199 453 5248 λό’
494 5211 512 5245 ι
542 5190 823 5258 Ἀγαπᾶτε
865 5187 1144 5257 ἀλλήλους,
1184 5186 1274 5238 καὶ
1302 5185 1376 5255 μὴ
1401 5185 1685 5256 ψεύδεσθε,
1714 5187 1808 5239 καὶ
1854 5186 1929 5257 μὴ

362 5281 779 5348 συκοφαντεῖτε,
805 5274 937 5331 ἀλλά
969 5277 1426 5347 πραγματεύεσθε
1450 5272 1586 5329 εἶναι
1622 5274 1898 5344 ἄνθρωποι
1921 5292 1936 5308 ’

366 5370 571 5442 μᾶλλον
600 5370 697 5436 μὲν
729 5362 820 5420 οὖν
840 5364 976 5435 μηδὲ
1000 5364 1455 5435 πραγματεύεσῢε
1484 5366 1664 5418 τοῦτο.
1698 5382 1716 5416 ι
1735 5365 1802 5417 Τί
1823 5366 1934 5436 γὰρ

364 5458 847 5531 πραγματειῶδες,
880 5459 1059 5510 ποιεῖν
1087 5458 1324 5520 εὐθέτως
1355 5457 1448 5510 καὶ
1481 5458 1618 5528 μετὰ
1651 5458 1942 5529 ῥᾳστώνης

364 5552 728 5621 ἀπράγμονος
776 5549 839 5603 τὸ
885 5549 1108 5620 ἄτεχνον
1150 5549 1378 5617 ἀγαθὸν,
1409 5552 1470 5603 τδ
1504 5549 1737 5620 πρέπον,
1771 5551 1939 5620 φημὶ,

365 5646 481 5705 τοῖς
514 5641 848 5711 ἀνθρώποις,
890 5641 1164 5709 ἀγελαῖον,
1200 5640 1546 5712 φιλάλληλον,
1578 5641 1675 5694 καὶ
1721 5641 1781 5694 τὸ
1812 5641 1945 5712 άλη-

370 5735 554 5790 (ιεύειν
586 5733 913 5803 κοινότερον,
963 5714 1240 5802 περινοίας
1293 5732 1511 5801 ἀπάσης
1563 5732 1710 5802 δίχα,
1760 5733 1817 5789 εν
1863 5730 1942 5800 τῷ

2035 4542 2109 4597 ita
2139 4552 2195 4595 ιιι
2227 4541 2338 4595 fere
2384 4541 2514 4594 nihil
2551 4540 2838 4593 admodum
2892 4540 3182 4594 obscurum
3220 4547 3274 4592 et
3305 4536 3464 4590 veluti
3495 4546 3607 4590 tor-

2040 4640 2276 4696 tuosum,
2300 4629 2431 4684 nihil
2460 4628 2781 4700 profundum
2808 4636 2862 4682 et
2882 4627 3275 4691 absconditum,
3303 4627 3437 4679 nihil
3460 4622 3606 4695 quod

2034 4721 2194 4792 longa
2247 4723 2691 4790 interpretatione
2740 4720 2807 4774 ad
2851 4721 3181 4776 intellectum
3233 4719 3492 4789 indigeat,
3548 4720 3603 4773 in

2038 4815 2143 4871 illis
2183 4814 2502 4885 reperiatur.

2107 4996 2201 5052 52.
2229 4994 2421 5049 Statim
2467 4993 2631 5061 igitur
2672 4993 2816 5049 inter
2866 4993 3095 5062 plurima
3142 4992 3267 5048 illud
3310 5009 3338 5046 ιι
3390 4993 3605 5048 virtutis

2039 5088 2297 5141 studiosis
2365 5086 2610 5140 lubenter
2683 5085 2995 5154 adoptatum
3066 5084 3224 5139 nobis
3301 5086 3604 5141 occurrit;

2048 5198 2065 5231 ι
2106 5178 2318 5247 Diligite
2365 5192 2460 5231 vos
2500 5176 2767 5237 invicem,
2826 5190 3001 5245 neque
3055 5176 3389 5239 mentimini.
3428 5190 3604 5244 neque

2042 5270 2473 5335 caluumiamini,
2505 5270 2599 5325 sed
2627 5266 2846 5323 solliciti
2877 5276 3050 5323 estote
3073 5268 3142 5323 de
3170 5282 3235 5321 eo
3275 5277 3330 5320 ut
3363 5266 3607 5321 homines

2043 5365 2180 5429 sitis,
2201 5362 2282 5418 vel
2315 5361 2515 5434 potius,
2540 5375 2606 5414 ne
2634 5361 2699 5415 de
2730 5361 2832 5416 hoc
2862 5360 3075 5430 quidem
3107 5366 3277 5414 estote
3307 5355 3541 5410 solliciti.
3580 5373 3603 5408 ι

2047 5456 2148 5523 Qui
2181 5452 2323 5508 enim
2360 5449 2575 5505 difﬁcile
2618 5451 2743 5513 erit,
2780 5450 2990 5505 sincere
3032 5457 3086 5503 et
3130 5457 3379 5516 prompto
3427 5445 3609 5498 animo

2046 5543 2261 5615 operari
2312 5542 2365 5598 id
2402 5540 2909 5613 quodsimpliciter
2948 5547 3031 5593 est
3084 5540 3309 5595 bonum.
3356 5534 3608 5590 nimirum

2045 5636 2195 5691 illum
2220 5632 2312 5704 qui
2336 5631 2583 5687 homines
2608 5631 2766 5687 decet
2793 5640 3033 5685 mutuum
3059 5641 3322 5690 amorem,
3348 5635 3402 5682 et
3428 5627 3613 5681 dicere

2044 5728 2330 5785 veritatem
2366 5724 2487 5784 sine
2515 5723 2623 5780 ulla
2649 5723 2839 5780 fraude
2874 5721 2956 5777 vel
2980 5718 3235 5784 artiﬁcio,
3259 5719 3333 5775 ita
3365 5728 3444 5784 ιιι,
3470 5716 3615 5788 quod
