  <div class='ocr_page' id='page_1' title='image "/cluster/home/n/w/nwhite01/storage/ocr_20150623/136/hvd.32044054100201/173.png"; bbox 0 0 3950 6208; ppageno 0'>
   <div class='ocr_carea' id='block_1_1' title="bbox 367 221 467 287">
    <p class='ocr_par' dir='ltr' id='par_1_1' title="bbox 367 221 467 287">
     <span class='ocr_line' id='line_1_1' title="bbox 367 221 467 287; baseline -0.03 0"><span class='ocrx_word' id='word_1_1' title='bbox 367 221 467 287; x_wconf 71' lang='lat'><strong>331</strong></span> 
     </span>
    </p>
   </div>
   <div class='ocr_carea' id='block_1_2' title="bbox 1087 227 2921 292">
    <p class='ocr_par' dir='ltr' id='par_1_2' title="bbox 1087 227 2921 292">
     <span class='ocr_line' id='line_1_2' title="bbox 1087 227 2921 292; baseline 0.002 -6"><span class='ocrx_word' id='word_1_2' title='bbox 1087 228 1518 292; x_wconf 76' lang='lat' dir='ltr'><strong>EUSTATIIII</strong></span> <span class='ocrx_word' id='word_1_3' title='bbox 1553 227 2321 291; x_wconf 76' lang='lat' dir='ltr'><strong>TlIESSALONICENSIS</strong></span> <span class='ocrx_word' id='word_1_4' title='bbox 2357 228 2921 292; x_wconf 60' lang='lat' dir='ltr'><strong>METROPOLITJE</strong></span> 
     </span>
    </p>
   </div>
   <div class='ocr_carea' id='block_1_3' title="bbox 3539 227 3638 293">
    <p class='ocr_par' dir='ltr' id='par_1_3' title="bbox 3539 227 3638 293">
     <span class='ocr_line' id='line_1_3' title="bbox 3539 227 3638 293; baseline 0.03 -3"><span class='ocrx_word' id='word_1_5' title='bbox 3539 227 3638 293; x_wconf 60' lang='grc' dir='ltr'>3ὶῖ</span> 
     </span>
    </p>
   </div>
   <div class='ocr_carea' id='block_1_4' title="bbox 370 337 1981 412">
    <p class='ocr_par' dir='ltr' id='par_1_4' title="bbox 370 337 1950 412">
     <span class='ocr_line' id='line_1_4' title="bbox 370 337 1950 412; baseline 0.003 -23"><span class='ocrx_word' id='word_1_6' title='bbox 370 337 637 392; x_wconf 83' lang='lat' dir='ltr'><strong>habemus</strong></span> <span class='ocrx_word' id='word_1_7' title='bbox 671 351 854 392; x_wconf 88' lang='lat' dir='ltr'><strong>emere</strong></span> <span class='ocrx_word' id='word_1_8' title='bbox 903 342 1223 410; x_wconf 83' lang='lat' dir='ltr'><strong>satagimus,</strong></span> <span class='ocrx_word' id='word_1_9' title='bbox 1265 349 1320 395; x_wconf 91' lang='lat' dir='ltr'><strong>et</strong></span> <span class='ocrx_word' id='word_1_10' title='bbox 1349 341 1392 396; x_wconf 90' lang='lat' dir='ltr'><strong>si</strong></span> <span class='ocrx_word' id='word_1_11' title='bbox 1431 358 1554 412; x_wconf 60' lang='lat' dir='ltr'><strong>quas</strong></span> <span class='ocrx_word' id='word_1_12' title='bbox 1611 358 1719 398; x_wconf 90' lang='lat' dir='ltr'><strong>non</strong></span> <span class='ocrx_word' id='word_1_13' title='bbox 1768 342 1950 397; x_wconf 87' lang='lat' dir='ltr'><strong>statim</strong></span> 
     </span>
    </p>
   </div>
   <div class='ocr_carea' id='block_1_5' title="bbox 2095 337 3654 412">
    <p class='ocr_par' dir='ltr' id='par_1_5' title="bbox 2102 338 3654 409">
     <span class='ocr_line' id='line_1_5' title="bbox 2102 338 3654 409; baseline 0 -17"><span class='ocrx_word' id='word_1_14' title='bbox 2102 339 2156 392; x_wconf 83' lang='grc' dir='ltr'>π’</span> <span class='ocrx_word' id='word_1_15' title='bbox 2194 341 2363 392; x_wconf 72' lang='grc' dir='ltr'>αὐτοῦ</span> <span class='ocrx_word' id='word_1_16' title='bbox 2422 341 2484 394; x_wconf 60' lang='grc' dir='ltr'>τὶ</span> <span class='ocrx_word' id='word_1_17' title='bbox 2525 340 2704 394; x_wconf 79' lang='grc' dir='ltr'>ἐνδέον</span> <span class='ocrx_word' id='word_1_18' title='bbox 2733 342 2888 409; x_wconf 68' lang='grc' dir='ltr'>ἡμῖν,</span> <span class='ocrx_word' id='word_1_19' title='bbox 2922 338 3018 392; x_wconf 66' lang='grc' dir='ltr'><strong>καὶ</strong></span> <span class='ocrx_word' id='word_1_20' title='bbox 3052 338 3126 407; x_wconf 76' lang='grc' dir='ltr'><strong>μὴ</strong></span> <span class='ocrx_word' id='word_1_21' title='bbox 3160 339 3402 408; x_wconf 51' lang='grc' dir='ltr'>φανέντα</span> <span class='ocrx_word' id='word_1_22' title='bbox 3433 341 3492 391; x_wconf 78' lang='grc' dir='ltr'><strong>δέ</strong></span> <span class='ocrx_word' id='word_1_23' title='bbox 3521 343 3654 392; x_wconf 68' lang='grc' dir='ltr'>ἀναι-</span> 
     </span>
    </p>
   </div>
   <div class='ocr_carea' id='block_1_6' title="bbox 368 435 1950 505">
    <p class='ocr_par' dir='ltr' id='par_1_6' title="bbox 368 435 1950 505">
     <span class='ocr_line' id='line_1_6' title="bbox 368 435 1950 505; baseline 0.003 -21"><span class='ocrx_word' id='word_1_24' title='bbox 368 439 690 499; x_wconf 83' lang='lat' dir='ltr'><strong>appareant,</strong></span> <span class='ocrx_word' id='word_1_25' title='bbox 734 447 948 487; x_wconf 89' lang='lat' dir='ltr'><strong>summo</strong></span> <span class='ocrx_word' id='word_1_26' title='bbox 998 447 1118 486; x_wconf 86' lang='lat' dir='ltr'><strong>cum</strong></span> <span class='ocrx_word' id='word_1_27' title='bbox 1166 435 1350 489; x_wconf 85' lang='lat' dir='ltr'><strong>studio</strong></span> <span class='ocrx_word' id='word_1_28' title='bbox 1404 435 1731 504; x_wconf 82' lang='lat' dir='ltr'><strong>inquirimus</strong></span> <span class='ocrx_word' id='word_1_29' title='bbox 1781 450 1950 505; x_wconf 89' lang='lat' dir='ltr'><strong>usque</strong></span> 
     </span>
    </p>
   </div>
   <div class='ocr_carea' id='block_1_7' title="bbox 370 525 1954 600">
    <p class='ocr_par' dir='ltr' id='par_1_7' title="bbox 370 525 1954 600">
     <span class='ocr_line' id='line_1_7' title="bbox 370 525 1954 600; baseline 0.006 -27"><span class='ocrx_word' id='word_1_30' title='bbox 370 525 495 574; x_wconf 91' lang='lat' dir='ltr'><strong>dum</strong></span> <span class='ocrx_word' id='word_1_31' title='bbox 546 525 768 578; x_wconf 82' lang='lat' dir='ltr'><strong>demum</strong></span> <span class='ocrx_word' id='word_1_32' title='bbox 823 527 1179 594; x_wconf 81' lang='lat' dir='ltr'><strong>reperiamus,</strong></span> <span class='ocrx_word' id='word_1_33' title='bbox 1226 542 1404 598; x_wconf 87' lang='lat' dir='ltr'><strong>neque</strong></span> <span class='ocrx_word' id='word_1_34' title='bbox 1445 529 1618 584; x_wconf 87' lang='lat' dir='ltr'><strong>solum</strong></span> <span class='ocrx_word' id='word_1_35' title='bbox 1655 530 1954 600; x_wconf 80' lang='lat' dir='ltr'><strong>gaudemus</strong></span> 
     </span>
    </p>
   </div>
   <div class='ocr_carea' id='block_1_8' title="bbox 370 613 1954 688">
    <p class='ocr_par' dir='ltr' id='par_1_8' title="bbox 370 613 1954 688">
     <span class='ocr_line' id='line_1_8' title="bbox 370 613 1954 688; baseline 0.004 -21"><span class='ocrx_word' id='word_1_36' title='bbox 370 613 516 680; x_wconf 82' lang='lat' dir='ltr'><strong>quod</strong></span> <span class='ocrx_word' id='word_1_37' title='bbox 547 631 660 670; x_wconf 91' lang='lat' dir='ltr'><strong>rem</strong></span> <span class='ocrx_word' id='word_1_38' title='bbox 693 616 1054 671; x_wconf 75' lang='lat' dir='ltr'><strong>desideratam</strong></span> <span class='ocrx_word' id='word_1_39' title='bbox 1084 617 1196 685; x_wconf 85' lang='lat' dir='ltr'><strong>jam</strong></span> <span class='ocrx_word' id='word_1_40' title='bbox 1236 620 1638 688; x_wconf 81' lang='lat' dir='ltr'><strong>possideamus,</strong></span> <span class='ocrx_word' id='word_1_41' title='bbox 1668 623 1761 686; x_wconf 74' lang='lat' dir='ltr'><strong>sed</strong></span> <span class='ocrx_word' id='word_1_42' title='bbox 1788 623 1954 677; x_wconf 91' lang='lat' dir='ltr'><strong>inter-</strong></span> 
     </span>
    </p>
   </div>
   <div class='ocr_carea' id='block_1_9' title="bbox 372 707 1958 781">
    <p class='ocr_par' dir='ltr' id='par_1_9' title="bbox 372 707 1958 781">
     <span class='ocr_line' id='line_1_9' title="bbox 372 707 1958 781; baseline 0.005 -20"><span class='ocrx_word' id='word_1_43' title='bbox 372 707 500 762; x_wconf 91' lang='lat' dir='ltr'><strong>dum</strong></span> <span class='ocrx_word' id='word_1_44' title='bbox 531 710 695 763; x_wconf 87' lang='lat' dir='ltr'><strong>etiam</strong></span> <span class='ocrx_word' id='word_1_45' title='bbox 726 709 870 776; x_wconf 83' lang='lat' dir='ltr'><strong>justo</strong></span> <span class='ocrx_word' id='word_1_46' title='bbox 903 709 1076 776; x_wconf 87' lang='lat' dir='ltr'><strong>majus</strong></span> <span class='ocrx_word' id='word_1_47' title='bbox 1101 711 1331 781; x_wconf 85' lang='lat' dir='ltr'><strong>pretium</strong></span> <span class='ocrx_word' id='word_1_48' title='bbox 1371 713 1714 778; x_wconf 88' lang='lat' dir='ltr'><strong>iusumimus,</strong></span> <span class='ocrx_word' id='word_1_49' title='bbox 1755 724 1811 767; x_wconf 88' lang='lat' dir='ltr'><strong>ut</strong></span> <span class='ocrx_word' id='word_1_50' title='bbox 1838 730 1958 769; x_wconf 83' lang='lat' dir='ltr'><strong>car-</strong></span> 
     </span>
    </p>
   </div>
   <div class='ocr_carea' id='block_1_10' title="bbox 375 802 1961 877">
    <p class='ocr_par' dir='ltr' id='par_1_10' title="bbox 375 802 1961 877">
     <span class='ocr_line' id='line_1_10' title="bbox 375 802 1961 877; baseline 0.006 -22"><span class='ocrx_word' id='word_1_51' title='bbox 375 817 496 855; x_wconf 89' lang='lat' dir='ltr'><strong>nem</strong></span> <span class='ocrx_word' id='word_1_52' title='bbox 528 802 753 858; x_wconf 84' lang='lat' dir='ltr'><strong>servitio</strong></span> <span class='ocrx_word' id='word_1_53' title='bbox 786 803 1058 858; x_wconf 85' lang='lat' dir='ltr'><strong>addictam</strong></span> <span class='ocrx_word' id='word_1_54' title='bbox 1105 804 1288 874; x_wconf 88' lang='lat' dir='ltr'><strong>aliquo</strong></span> <span class='ocrx_word' id='word_1_55' title='bbox 1319 819 1643 861; x_wconf 88' lang='lat' dir='ltr'><strong>ornamento</strong></span> <span class='ocrx_word' id='word_1_56' title='bbox 1675 808 1961 877; x_wconf 83' lang='lat' dir='ltr'><strong>pulchrio-</strong></span> 
     </span>
    </p>
   </div>
   <div class='ocr_carea' id='block_1_11' title="bbox 377 894 1958 967">
    <p class='ocr_par' dir='ltr' id='par_1_11' title="bbox 377 894 1958 967">
     <span class='ocr_line' id='line_1_11' title="bbox 377 894 1958 967; baseline 0.005 -19"><span class='ocrx_word' id='word_1_57' title='bbox 377 911 487 949; x_wconf 88' lang='lat' dir='ltr'><strong>rem</strong></span> <span class='ocrx_word' id='word_1_58' title='bbox 510 894 781 951; x_wconf 83' lang='lat' dir='ltr'><strong>redditam</strong></span> <span class='ocrx_word' id='word_1_59' title='bbox 804 899 1210 965; x_wconf 88' lang='lat' dir='ltr'><strong>spectatoribus</strong></span> <span class='ocrx_word' id='word_1_60' title='bbox 1222 897 1958 967; x_wconf 62' lang='lat' dir='ltr'><strong>exbibeamusmruamento,</strong></span> 
     </span>
    </p>
   </div>
   <div class='ocr_carea' id='block_1_12' title="bbox 375 990 1960 1062">
    <p class='ocr_par' dir='ltr' id='par_1_12' title="bbox 375 990 1960 1062">
     <span class='ocr_line' id='line_1_12' title="bbox 375 990 1960 1062; baseline 0.003 -19"><span class='ocrx_word' id='word_1_61' title='bbox 375 991 620 1055; x_wconf 82' lang='lat' dir='ltr'><strong>inquam,</strong></span> <span class='ocrx_word' id='word_1_62' title='bbox 641 992 785 1058; x_wconf 79' lang='lat' dir='ltr'><strong>quod</strong></span> <span class='ocrx_word' id='word_1_63' title='bbox 806 1004 833 1042; x_wconf 90' lang='lat' dir='ltr'><strong>a</strong></span> <span class='ocrx_word' id='word_1_64' title='bbox 854 990 1009 1043; x_wconf 88' lang='lat' dir='ltr'><strong>nobis</strong></span> <span class='ocrx_word' id='word_1_65' title='bbox 1033 990 1353 1061; x_wconf 89' lang='lat' dir='ltr'><strong>plerumque</strong></span> <span class='ocrx_word' id='word_1_66' title='bbox 1378 1006 1446 1046; x_wconf 86' lang='lat' dir='ltr'><strong>ne</strong></span> <span class='ocrx_word' id='word_1_67' title='bbox 1476 993 1816 1062; x_wconf 87' lang='lat' dir='ltr'><strong>conspicitur</strong></span> <span class='ocrx_word' id='word_1_68' title='bbox 1837 995 1960 1062; x_wconf 59' lang='lat' dir='ltr'><strong>qui.</strong></span> 
     </span>
    </p>
   </div>
   <div class='ocr_carea' id='block_1_13' title="bbox 292 1073 1966 1156">
    <p class='ocr_par' dir='ltr' id='par_1_13' title="bbox 292 1073 1966 1156">
     <span class='ocr_line' id='line_1_13' title="bbox 292 1073 1966 1156; baseline 0.004 -24"><span class='ocrx_word' id='word_1_69' title='bbox 292 1117 296 1126; x_wconf 84' lang='lat'><strong>.</strong></span> <span class='ocrx_word' id='word_1_70' title='bbox 377 1081 525 1134; x_wconf 87' lang='lat' dir='ltr'><strong>dem?</strong></span> <span class='ocrx_word' id='word_1_71' title='bbox 539 1073 791 1136; x_wconf 80' lang='lat' dir='ltr'><strong>Animam</strong></span> <span class='ocrx_word' id='word_1_72' title='bbox 809 1090 989 1136; x_wconf 88' lang='lat' dir='ltr'><strong>autem</strong></span> <span class='ocrx_word' id='word_1_73' title='bbox 1009 1081 1283 1138; x_wconf 88' lang='lat' dir='ltr'><strong>dominam</strong></span> <span class='ocrx_word' id='word_1_74' title='bbox 1298 1083 1556 1140; x_wconf 79' lang='lat' dir='ltr'><strong>sordibus</strong></span> <span class='ocrx_word' id='word_1_75' title='bbox 1569 1087 1729 1156; x_wconf 86' lang='lat' dir='ltr'><strong>pollui</strong></span> <span class='ocrx_word' id='word_1_76' title='bbox 1746 1096 1799 1142; x_wconf 91' lang='lat' dir='ltr'><strong>et</strong></span> <span class='ocrx_word' id='word_1_77' title='bbox 1817 1098 1966 1142; x_wconf 89' lang='lat' dir='ltr'><strong>tene-</strong></span> 
     </span>
    </p>
   </div>
   <div class='ocr_carea' id='block_1_14' title="bbox 380 1175 1964 1246">
    <p class='ocr_par' dir='ltr' id='par_1_14' title="bbox 380 1175 1964 1246">
     <span class='ocr_line' id='line_1_14' title="bbox 380 1175 1964 1246; baseline 0.003 -18"><span class='ocrx_word' id='word_1_78' title='bbox 380 1175 492 1228; x_wconf 83' lang='lat' dir='ltr'><strong>bris</strong></span> <span class='ocrx_word' id='word_1_79' title='bbox 512 1175 607 1239; x_wconf 85' lang='lat' dir='ltr'><strong>ita,</strong></span> <span class='ocrx_word' id='word_1_80' title='bbox 630 1175 705 1230; x_wconf 89' lang='lat' dir='ltr'><strong>uti</strong></span> <span class='ocrx_word' id='word_1_81' title='bbox 730 1177 960 1230; x_wconf 72' lang='lat' dir='ltr'><strong>dauuoni</strong></span> <span class='ocrx_word' id='word_1_82' title='bbox 980 1186 1102 1231; x_wconf 84' lang='lat' dir='ltr'><strong>atro</strong></span> <span class='ocrx_word' id='word_1_83' title='bbox 1136 1188 1352 1246; x_wconf 87' lang='lat' dir='ltr'><strong>gratum</strong></span> <span class='ocrx_word' id='word_1_84' title='bbox 1373 1188 1475 1240; x_wconf 86' lang='lat' dir='ltr'><strong>est,</strong></span> <span class='ocrx_word' id='word_1_85' title='bbox 1499 1179 1700 1234; x_wconf 76' lang='lat' dir='ltr'><strong>involvi</strong></span> <span class='ocrx_word' id='word_1_86' title='bbox 1721 1181 1964 1236; x_wconf 85' lang='lat' dir='ltr'><strong>sinentes</strong></span> 
     </span>
    </p>
   </div>
   <div class='ocr_carea' id='block_1_15' title="bbox 379 1268 1963 1341">
    <p class='ocr_par' dir='ltr' id='par_1_15' title="bbox 379 1268 1963 1341">
     <span class='ocr_line' id='line_1_15' title="bbox 379 1268 1963 1341; baseline 0.003 -21"><span class='ocrx_word' id='word_1_87' title='bbox 379 1284 488 1323; x_wconf 91' lang='lat' dir='ltr'><strong>non</strong></span> <span class='ocrx_word' id='word_1_88' title='bbox 519 1268 694 1322; x_wconf 90' lang='lat' dir='ltr'><strong>solum</strong></span> <span class='ocrx_word' id='word_1_89' title='bbox 731 1268 932 1322; x_wconf 88' lang='lat' dir='ltr'><strong>nullam</strong></span> <span class='ocrx_word' id='word_1_90' title='bbox 965 1283 1187 1338; x_wconf 84' lang='lat' dir='ltr'><strong>operam</strong></span> <span class='ocrx_word' id='word_1_91' title='bbox 1235 1271 1623 1341; x_wconf 84' lang='lat' dir='ltr'><strong>impendimus,</strong></span> <span class='ocrx_word' id='word_1_92' title='bbox 1657 1281 1718 1326; x_wconf 92' lang='lat' dir='ltr'><strong>ut</strong></span> <span class='ocrx_word' id='word_1_93' title='bbox 1745 1272 1828 1325; x_wconf 88' lang='lat' dir='ltr'><strong>vel</strong></span> <span class='ocrx_word' id='word_1_94' title='bbox 1862 1271 1963 1341; x_wconf 88' lang='lat' dir='ltr'><strong>ipsi</strong></span> 
     </span>
    </p>
   </div>
   <div class='ocr_carea' id='block_1_16' title="bbox 373 1363 1969 1436">
    <p class='ocr_par' dir='ltr' id='par_1_16' title="bbox 373 1363 1969 1436">
     <span class='ocr_line' id='line_1_16' title="bbox 373 1363 1969 1436; baseline 0.004 -22"><span class='ocrx_word' id='word_1_95' title='bbox 373 1376 500 1415; x_wconf 74' lang='lat' dir='ltr'><strong>eam</strong></span> <span class='ocrx_word' id='word_1_96' title='bbox 548 1368 804 1430; x_wconf 87' lang='lat' dir='ltr'><strong>tanquam</strong></span> <span class='ocrx_word' id='word_1_97' title='bbox 838 1363 928 1416; x_wconf 88' lang='lat' dir='ltr'><strong>Dei</strong></span> <span class='ocrx_word' id='word_1_98' title='bbox 969 1379 1226 1431; x_wconf 81' lang='lat' dir='ltr'><strong>sponsam</strong></span> <span class='ocrx_word' id='word_1_99' title='bbox 1273 1365 1724 1430; x_wconf 87' lang='lat' dir='ltr'><strong>condecoremus,</strong></span> <span class='ocrx_word' id='word_1_100' title='bbox 1753 1365 1838 1422; x_wconf 87' lang='lat' dir='ltr'><strong>vel</strong></span> <span class='ocrx_word' id='word_1_101' title='bbox 1873 1380 1969 1436; x_wconf 90' lang='lat' dir='ltr'><strong>per</strong></span> 
     </span>
    </p>
   </div>
   <div class='ocr_carea' id='block_1_17' title="bbox 379 1453 1966 1523">
    <p class='ocr_par' dir='ltr' id='par_1_17' title="bbox 379 1453 1966 1523">
     <span class='ocr_line' id='line_1_17' title="bbox 379 1453 1966 1523; baseline 0.004 -18"><span class='ocrx_word' id='word_1_102' title='bbox 379 1453 544 1512; x_wconf 82' lang='lat' dir='ltr'><strong>alium</strong></span> <span class='ocrx_word' id='word_1_103' title='bbox 582 1453 742 1522; x_wconf 85' lang='lat' dir='ltr'><strong>hujus</strong></span> <span class='ocrx_word' id='word_1_104' title='bbox 775 1453 854 1507; x_wconf 89' lang='lat' dir='ltr'><strong>rei</strong></span> <span class='ocrx_word' id='word_1_105' title='bbox 884 1455 1123 1523; x_wconf 87' lang='lat' dir='ltr'><strong>peritum</strong></span> <span class='ocrx_word' id='word_1_106' title='bbox 1161 1457 1266 1510; x_wconf 88' lang='lat' dir='ltr'><strong>hoc</strong></span> <span class='ocrx_word' id='word_1_107' title='bbox 1298 1456 1416 1510; x_wconf 85' lang='lat' dir='ltr'><strong>fleri</strong></span> <span class='ocrx_word' id='word_1_108' title='bbox 1444 1455 1842 1522; x_wconf 84' lang='lat' dir='ltr'><strong>sustineamus,</strong></span> <span class='ocrx_word' id='word_1_109' title='bbox 1869 1458 1966 1512; x_wconf 89' lang='lat' dir='ltr'><strong>sed</strong></span> 
     </span>
    </p>
   </div>
   <div class='ocr_carea' id='block_1_18' title="bbox 379 1545 1972 1614">
    <p class='ocr_par' dir='ltr' id='par_1_18' title="bbox 379 1545 1972 1614">
     <span class='ocr_line' id='line_1_18' title="bbox 379 1545 1972 1614; baseline 0.003 -14"><span class='ocrx_word' id='word_1_110' title='bbox 379 1545 642 1609; x_wconf 82' lang='lat' dir='ltr'><strong>clizim,_si</strong></span> <span class='ocrx_word' id='word_1_111' title='bbox 686 1546 810 1614; x_wconf 83' lang='lat' dir='ltr'><strong>quis</strong></span> <span class='ocrx_word' id='word_1_112' title='bbox 859 1547 925 1600; x_wconf 89' lang='lat' dir='ltr'><strong>ad</strong></span> <span class='ocrx_word' id='word_1_113' title='bbox 973 1547 1214 1601; x_wconf 78' lang='lat' dir='ltr'><strong>divinam</strong></span> <span class='ocrx_word' id='word_1_114' title='bbox 1258 1547 1641 1605; x_wconf 76' lang='lat' dir='ltr'><strong>formationem</strong></span> <span class='ocrx_word' id='word_1_115' title='bbox 1673 1566 1768 1606; x_wconf 86' lang='lat' dir='ltr'><strong>seu</strong></span> <span class='ocrx_word' id='word_1_116' title='bbox 1803 1559 1972 1605; x_wconf 89' lang='lat' dir='ltr'><strong>trau-</strong></span> 
     </span>
    </p>
   </div>
   <div class='ocr_carea' id='block_1_19' title="bbox 382 1637 2052 1732">
    <p class='ocr_par' dir='ltr' id='par_1_19' title="bbox 382 1637 2052 1732">
     <span class='ocr_line' id='line_1_19' title="bbox 382 1637 2052 1732; baseline 0.004 -40"><span class='ocrx_word' id='word_1_117' title='bbox 382 1637 799 1693; x_wconf 70' lang='lat' dir='ltr'><strong>sformntiouem</strong></span> <span class='ocrx_word' id='word_1_118' title='bbox 859 1653 958 1694; x_wconf 88' lang='lat' dir='ltr'><strong>nos</strong></span> <span class='ocrx_word' id='word_1_119' title='bbox 1010 1639 1327 1698; x_wconf 79' lang='lat' dir='ltr'><strong>invitaverit</strong></span> <span class='ocrx_word' id='word_1_120' title='bbox 1375 1650 1538 1711; x_wconf 84' lang='lat' dir='ltr'><strong>atque</strong></span> <span class='ocrx_word' id='word_1_121' title='bbox 1567 1648 1971 1712; x_wconf 82' lang='lat' dir='ltr'><strong>provocaverit,</strong></span> <span class='ocrx_word' id='word_1_122' title='bbox 2009 1674 2052 1732; x_wconf 68' lang='grc' dir='ltr'><strong>Β</strong></span> 
     </span>
    </p>
   </div>
   <div class='ocr_carea' id='block_1_20' title="bbox 381 1729 1964 1806">
    <p class='ocr_par' dir='ltr' id='par_1_20' title="bbox 381 1729 1964 1806">
     <span class='ocr_line' id='line_1_20' title="bbox 381 1729 1964 1806; baseline 0.007 -26"><span class='ocrx_word' id='word_1_123' title='bbox 381 1729 648 1786; x_wconf 77' lang='lat' dir='ltr'><strong>coriviciis</strong></span> <span class='ocrx_word' id='word_1_124' title='bbox 690 1732 1095 1801; x_wconf 84' lang='lat' dir='ltr'><strong>proscindimus</strong></span> <span class='ocrx_word' id='word_1_125' title='bbox 1143 1743 1198 1788; x_wconf 83' lang='lat' dir='ltr'><strong>et</strong></span> <span class='ocrx_word' id='word_1_126' title='bbox 1244 1735 1434 1803; x_wconf 89' lang='lat' dir='ltr'><strong>procul</strong></span> <span class='ocrx_word' id='word_1_127' title='bbox 1484 1737 1637 1791; x_wconf 87' lang='lat' dir='ltr'><strong>abire</strong></span> <span class='ocrx_word' id='word_1_128' title='bbox 1682 1737 1964 1806; x_wconf 88' lang='lat' dir='ltr'><strong>jnbemus,</strong></span> 
     </span>
    </p>
   </div>
   <div class='ocr_carea' id='block_1_21' title="bbox 382 1824 1978 1894">
    <p class='ocr_par' dir='ltr' id='par_1_21' title="bbox 382 1824 1978 1894">
     <span class='ocr_line' id='line_1_21' title="bbox 382 1824 1978 1894; baseline 0.006 -17"><span class='ocrx_word' id='word_1_129' title='bbox 382 1824 492 1878; x_wconf 88' lang='lat' dir='ltr'><strong>imo</strong></span> <span class='ocrx_word' id='word_1_130' title='bbox 534 1825 713 1894; x_wconf 79' lang='lat' dir='ltr'><strong>gladio</strong></span> <span class='ocrx_word' id='word_1_131' title='bbox 760 1827 1003 1894; x_wconf 74' lang='lat' dir='ltr'><strong>aggressi</strong></span> <span class='ocrx_word' id='word_1_132' title='bbox 1056 1827 1376 1884; x_wconf 86' lang='lat' dir='ltr'><strong>interimere</strong></span> <span class='ocrx_word' id='word_1_133' title='bbox 1423 1830 1752 1885; x_wconf 76' lang='lat' dir='ltr'><strong>studemus?</strong></span> <span class='ocrx_word' id='word_1_134' title='bbox 1785 1831 1978 1887; x_wconf 87' lang='lat' dir='ltr'><strong>Omnis</strong></span> 
     </span>
    </p>
   </div>
   <div class='ocr_carea' id='block_1_22' title="bbox 343 1918 1977 1990">
    <p class='ocr_par' dir='ltr' id='par_1_22' title="bbox 343 1918 1977 1990">
     <span class='ocr_line' id='line_1_22' title="bbox 343 1918 1977 1990; baseline 0.004 -20"><span class='ocrx_word' id='word_1_135' title='bbox 343 1931 547 1982; x_wconf 81' lang='lat' dir='ltr'><strong>-porro</strong></span> <span class='ocrx_word' id='word_1_136' title='bbox 581 1931 673 1973; x_wconf 88' lang='lat' dir='ltr'><strong>ars</strong></span> <span class='ocrx_word' id='word_1_137' title='bbox 715 1933 743 1970; x_wconf 87' lang='lat' dir='ltr'><strong>a</strong></span> <span class='ocrx_word' id='word_1_138' title='bbox 796 1918 958 1973; x_wconf 91' lang='lat' dir='ltr'><strong>nobis</strong></span> <span class='ocrx_word' id='word_1_139' title='bbox 1009 1918 1253 1985; x_wconf 75' lang='lat' dir='ltr'><strong>diligitur</strong></span> <span class='ocrx_word' id='word_1_140' title='bbox 1301 1927 1356 1974; x_wconf 84' lang='lat' dir='ltr'><strong>ct</strong></span> <span class='ocrx_word' id='word_1_141' title='bbox 1408 1921 1765 1990; x_wconf 86' lang='lat' dir='ltr'><strong>approbatur,</strong></span> <span class='ocrx_word' id='word_1_142' title='bbox 1827 1925 1977 1978; x_wconf 91' lang='lat' dir='ltr'><strong>nullo</strong></span> 
     </span>
    </p>
   </div>
   <div class='ocr_carea' id='block_1_23' title="bbox 386 2007 1974 2083">
    <p class='ocr_par' dir='ltr' id='par_1_23' title="bbox 386 2007 1974 2083">
     <span class='ocr_line' id='line_1_23' title="bbox 386 2007 1974 2083; baseline 0.007 -24"><span class='ocrx_word' id='word_1_143' title='bbox 386 2009 530 2059; x_wconf 79' lang='lat' dir='ltr'><strong>inter</strong></span> <span class='ocrx_word' id='word_1_144' title='bbox 581 2021 676 2061; x_wconf 81' lang='lat' dir='ltr'><strong>eas</strong></span> <span class='ocrx_word' id='word_1_145' title='bbox 711 2007 1034 2062; x_wconf 87' lang='lat' dir='ltr'><strong>discrimine</strong></span> <span class='ocrx_word' id='word_1_146' title='bbox 1065 2009 1304 2064; x_wconf 81' lang='lat' dir='ltr'><strong>admisso</strong></span> <span class='ocrx_word' id='word_1_147' title='bbox 1341 2027 1357 2064; x_wconf 94' lang='lat'><strong>:</strong></span> <span class='ocrx_word' id='word_1_148' title='bbox 1389 2011 1478 2065; x_wconf 85' lang='lat' dir='ltr'><strong>illa</strong></span> <span class='ocrx_word' id='word_1_149' title='bbox 1532 2022 1713 2067; x_wconf 88' lang='lat' dir='ltr'><strong>autem</strong></span> <span class='ocrx_word' id='word_1_150' title='bbox 1757 2030 1877 2083; x_wconf 67' lang='lat' dir='ltr'><strong>qure</strong></span> <span class='ocrx_word' id='word_1_151' title='bbox 1909 2016 1974 2070; x_wconf 86' lang='lat' dir='ltr'><strong>ad</strong></span> 
     </span>
    </p>
   </div>
   <div class='ocr_carea' id='block_1_24' title="bbox 349 2097 1974 2173">
    <p class='ocr_par' dir='ltr' id='par_1_24' title="bbox 349 2097 1974 2173">
     <span class='ocr_line' id='line_1_24' title="bbox 349 2097 1974 2173; baseline 0.009 -25"><span class='ocrx_word' id='word_1_152' title='bbox 349 2143 354 2154; x_wconf 83' lang='lat'><strong>,</strong></span> <span class='ocrx_word' id='word_1_153' title='bbox 388 2100 585 2150; x_wconf 72' lang='lat' dir='ltr'><strong>anima!</strong></span> <span class='ocrx_word' id='word_1_154' title='bbox 622 2097 1084 2166; x_wconf 79' lang='lat' dir='ltr'><strong>pulchritudinem</strong></span> <span class='ocrx_word' id='word_1_155' title='bbox 1123 2110 1355 2170; x_wconf 87' lang='lat' dir='ltr'><strong>spectat,</strong></span> <span class='ocrx_word' id='word_1_156' title='bbox 1389 2105 1576 2173; x_wconf 86' lang='lat' dir='ltr'><strong>procul</strong></span> <span class='ocrx_word' id='word_1_157' title='bbox 1627 2121 1654 2158; x_wconf 92' lang='lat' dir='ltr'><strong>a</strong></span> <span class='ocrx_word' id='word_1_158' title='bbox 1692 2107 1851 2161; x_wconf 87' lang='lat' dir='ltr'><strong>nobis</strong></span> <span class='ocrx_word' id='word_1_159' title='bbox 1887 2124 1974 2163; x_wconf 85' lang='lat' dir='ltr'><strong>re-</strong></span> 
     </span>
    </p>
   </div>
   <div class='ocr_carea' id='block_1_25' title="bbox 385 2191 1975 2262">
    <p class='ocr_par' dir='ltr' id='par_1_25' title="bbox 385 2191 1975 2262">
     <span class='ocr_line' id='line_1_25' title="bbox 385 2191 1975 2262; baseline 0.008 -22"><span class='ocrx_word' id='word_1_160' title='bbox 385 2191 527 2254; x_wconf 58' lang='lat' dir='ltr'><strong>ji-eta</strong></span> <span class='ocrx_word' id='word_1_161' title='bbox 553 2192 878 2261; x_wconf 70' lang='lat' dir='ltr'><strong>negligitur,</strong></span> <span class='ocrx_word' id='word_1_162' title='bbox 917 2207 1096 2262; x_wconf 87' lang='lat' dir='ltr'><strong>neque</strong></span> <span class='ocrx_word' id='word_1_163' title='bbox 1129 2193 1194 2247; x_wconf 88' lang='lat' dir='ltr'><strong>ad</strong></span> <span class='ocrx_word' id='word_1_164' title='bbox 1232 2209 1386 2249; x_wconf 86' lang='lat' dir='ltr'><strong>avem</strong></span> <span class='ocrx_word' id='word_1_165' title='bbox 1438 2195 1730 2251; x_wconf 77' lang='lat' dir='ltr'><strong>infaustam</strong></span> <span class='ocrx_word' id='word_1_166' title='bbox 1769 2207 1862 2252; x_wconf 91' lang='lat' dir='ltr'><strong>aut</strong></span> <span class='ocrx_word' id='word_1_167' title='bbox 1909 2201 1975 2254; x_wconf 89' lang='lat' dir='ltr'><strong>ad</strong></span> 
     </span>
    </p>
   </div>
   <div class='ocr_carea' id='block_1_26' title="bbox 389 2281 1974 2356">
    <p class='ocr_par' dir='ltr' id='par_1_26' title="bbox 389 2281 1974 2356">
     <span class='ocr_line' id='line_1_26' title="bbox 389 2281 1974 2356; baseline 0.009 -25"><span class='ocrx_word' id='word_1_168' title='bbox 389 2281 604 2349; x_wconf 91' lang='lat' dir='ltr'><strong>rupium</strong></span> <span class='ocrx_word' id='word_1_169' title='bbox 642 2283 970 2352; x_wconf 73' lang='lat' dir='ltr'><strong>prmcipitia,</strong></span> <span class='ocrx_word' id='word_1_170' title='bbox 1013 2283 1157 2339; x_wconf 87' lang='lat' dir='ltr'><strong>unde</strong></span> <span class='ocrx_word' id='word_1_171' title='bbox 1199 2285 1414 2340; x_wconf 85' lang='lat' dir='ltr'><strong>tandem</strong></span> <span class='ocrx_word' id='word_1_172' title='bbox 1448 2286 1744 2356; x_wconf 85' lang='lat' dir='ltr'><strong>aliquando</strong></span> <span class='ocrx_word' id='word_1_173' title='bbox 1773 2289 1974 2345; x_wconf 69' lang='lat' dir='ltr'><strong>reduci</strong></span> 
     </span>
    </p>
   </div>
   <div class='ocr_carea' id='block_1_27' title="bbox 390 2375 1976 2448">
    <p class='ocr_par' dir='ltr' id='par_1_27' title="bbox 390 2375 1976 2448">
     <span class='ocr_line' id='line_1_27' title="bbox 390 2375 1976 2448; baseline 0.004 -22"><span class='ocrx_word' id='word_1_174' title='bbox 390 2375 582 2439; x_wconf 78' lang='lat' dir='ltr'><strong>possit,</strong></span> <span class='ocrx_word' id='word_1_175' title='bbox 612 2376 969 2443; x_wconf 70' lang='lat' dir='ltr'><strong>amandatur,</strong></span> <span class='ocrx_word' id='word_1_176' title='bbox 997 2377 1094 2432; x_wconf 89' lang='lat' dir='ltr'><strong>sed</strong></span> <span class='ocrx_word' id='word_1_177' title='bbox 1124 2377 1178 2432; x_wconf 89' lang='lat' dir='ltr'><strong>in</strong></span> <span class='ocrx_word' id='word_1_178' title='bbox 1203 2377 1499 2434; x_wconf 84' lang='lat' dir='ltr'><strong>oblivionis</strong></span> <span class='ocrx_word' id='word_1_179' title='bbox 1528 2381 1842 2448; x_wconf 78' lang='lat' dir='ltr'><strong>voraginem</strong></span> <span class='ocrx_word' id='word_1_180' title='bbox 1874 2382 1976 2435; x_wconf 82' lang='lat' dir='ltr'><strong>im-</strong></span> 
     </span>
    </p>
   </div>
   <div class='ocr_carea' id='block_1_28' title="bbox 386 2464 1726 2538">
    <p class='ocr_par' dir='ltr' id='par_1_28' title="bbox 386 2464 1726 2538">
     <span class='ocr_line' id='line_1_28' title="bbox 386 2464 1726 2538; baseline 0.007 -23"><span class='ocrx_word' id='word_1_181' title='bbox 386 2464 680 2533; x_wconf 72' lang='lat' dir='ltr'><strong>mergitur,</strong></span> <span class='ocrx_word' id='word_1_182' title='bbox 712 2466 859 2520; x_wconf 89' lang='lat' dir='ltr'><strong>nnde</strong></span> <span class='ocrx_word' id='word_1_183' title='bbox 888 2468 960 2522; x_wconf 86' lang='lat' dir='ltr'><strong>ad</strong></span> <span class='ocrx_word' id='word_1_184' title='bbox 999 2468 1173 2523; x_wconf 82' lang='lat' dir='ltr'><strong>lucem</strong></span> <span class='ocrx_word' id='word_1_185' title='bbox 1201 2485 1481 2538; x_wconf 87' lang='lat' dir='ltr'><strong>nunquam</strong></span> <span class='ocrx_word' id='word_1_186' title='bbox 1512 2471 1726 2526; x_wconf 87' lang='lat' dir='ltr'><strong>redeat.</strong></span> 
     </span>
    </p>
   </div>
   <div class='ocr_carea' id='block_1_29' title="bbox 459 2556 1974 2631">
    <p class='ocr_par' dir='ltr' id='par_1_29' title="bbox 459 2556 1974 2631">
     <span class='ocr_line' id='line_1_29' title="bbox 459 2556 1974 2631; baseline 0.005 -19"><span class='ocrx_word' id='word_1_187' title='bbox 459 2557 552 2612; x_wconf 67' lang='lat'><strong>£9.</strong></span> <span class='ocrx_word' id='word_1_188' title='bbox 607 2556 847 2614; x_wconf 85' lang='lat' dir='ltr'><strong>Econtra</strong></span> <span class='ocrx_word' id='word_1_189' title='bbox 900 2575 1063 2616; x_wconf 88' lang='lat' dir='ltr'><strong>omne</strong></span> <span class='ocrx_word' id='word_1_190' title='bbox 1119 2563 1366 2631; x_wconf 87' lang='lat' dir='ltr'><strong>prudens</strong></span> <span class='ocrx_word' id='word_1_191' title='bbox 1409 2563 1728 2628; x_wconf 88' lang='lat' dir='ltr'><strong>consilium,</strong></span> <span class='ocrx_word' id='word_1_192' title='bbox 1791 2566 1974 2620; x_wconf 88' lang='lat' dir='ltr'><strong>oumia</strong></span> 
     </span>
    </p>
   </div>
   <div class='ocr_carea' id='block_1_30' title="bbox 390 2651 1978 2728">
    <p class='ocr_par' dir='ltr' id='par_1_30' title="bbox 390 2651 1978 2728">
     <span class='ocr_line' id='line_1_30' title="bbox 390 2651 1978 2728; baseline 0.007 -25"><span class='ocrx_word' id='word_1_193' title='bbox 390 2651 686 2707; x_wconf 88' lang='lat' dir='ltr'><strong>doctorum</strong></span> <span class='ocrx_word' id='word_1_194' title='bbox 724 2663 1018 2723; x_wconf 74' lang='lat' dir='ltr'><strong>praecepta,</strong></span> <span class='ocrx_word' id='word_1_195' title='bbox 1067 2656 1134 2709; x_wconf 86' lang='lat' dir='ltr'><strong>ad</strong></span> <span class='ocrx_word' id='word_1_196' title='bbox 1181 2655 1352 2710; x_wconf 82' lang='lat' dir='ltr'><strong>vitam</strong></span> <span class='ocrx_word' id='word_1_197' title='bbox 1395 2657 1774 2728; x_wconf 82' lang='lat' dir='ltr'><strong>corrigendam</strong></span> <span class='ocrx_word' id='word_1_198' title='bbox 1822 2673 1978 2728; x_wconf 85' lang='lat' dir='ltr'><strong>spec-</strong></span> 
     </span>
    </p>
   </div>
   <div class='ocr_carea' id='block_1_31' title="bbox 393 2746 1975 2818">
    <p class='ocr_par' dir='ltr' id='par_1_31' title="bbox 393 2746 1975 2818">
     <span class='ocr_line' id='line_1_31' title="bbox 393 2746 1975 2818; baseline 0.005 -20"><span class='ocrx_word' id='word_1_199' title='bbox 393 2746 593 2810; x_wconf 85' lang='lat' dir='ltr'><strong>tantia,</strong></span> <span class='ocrx_word' id='word_1_200' title='bbox 627 2756 683 2802; x_wconf 87' lang='lat' dir='ltr'><strong>et</strong></span> <span class='ocrx_word' id='word_1_201' title='bbox 720 2748 870 2817; x_wconf 83' lang='lat' dir='ltr'><strong>leges</strong></span> <span class='ocrx_word' id='word_1_202' title='bbox 906 2749 1222 2818; x_wconf 71' lang='lat' dir='ltr'><strong>adiuvantia</strong></span> <span class='ocrx_word' id='word_1_203' title='bbox 1252 2759 1307 2805; x_wconf 94' lang='lat' dir='ltr'><strong>et</strong></span> <span class='ocrx_word' id='word_1_204' title='bbox 1354 2765 1595 2807; x_wconf 88' lang='lat' dir='ltr'><strong>canones</strong></span> <span class='ocrx_word' id='word_1_205' title='bbox 1637 2753 1975 2816; x_wconf 86' lang='lat' dir='ltr'><strong>roborantia,</strong></span> 
     </span>
    </p>
   </div>
   <div class='ocr_carea' id='block_1_32' title="bbox 383 2840 1977 2913">
    <p class='ocr_par' dir='ltr' id='par_1_32' title="bbox 383 2840 1977 2913">
     <span class='ocr_line' id='line_1_32' title="bbox 383 2840 1977 2913; baseline 0.006 -21"><span class='ocrx_word' id='word_1_206' title='bbox 383 2854 679 2910; x_wconf 78' lang='lat' dir='ltr'><strong>suppressa</strong></span> <span class='ocrx_word' id='word_1_207' title='bbox 710 2840 917 2910; x_wconf 79' lang='lat' dir='ltr'><strong>iacent,</strong></span> <span class='ocrx_word' id='word_1_208' title='bbox 941 2843 1201 2913; x_wconf 81' lang='lat' dir='ltr'><strong>omnique</strong></span> <span class='ocrx_word' id='word_1_209' title='bbox 1229 2846 1394 2901; x_wconf 88' lang='lat' dir='ltr'><strong>modo</strong></span> <span class='ocrx_word' id='word_1_210' title='bbox 1416 2847 1655 2901; x_wconf 81' lang='lat' dir='ltr'><strong>societas</strong></span> <span class='ocrx_word' id='word_1_211' title='bbox 1683 2847 1977 2902; x_wconf 86' lang='lat' dir='ltr'><strong>meditatur</strong></span> 
     </span>
    </p>
   </div>
   <div class='ocr_carea' id='block_1_33' title="bbox 393 2931 1972 3006">
    <p class='ocr_par' dir='ltr' id='par_1_33' title="bbox 393 2931 1972 3006">
     <span class='ocr_line' id='line_1_33' title="bbox 393 2931 1972 3006; baseline 0.006 -23"><span class='ocrx_word' id='word_1_212' title='bbox 393 2944 498 2985; x_wconf 88' lang='lat' dir='ltr'><strong>non</strong></span> <span class='ocrx_word' id='word_1_213' title='bbox 543 2931 612 2986; x_wconf 87' lang='lat' dir='ltr'><strong>de</strong></span> <span class='ocrx_word' id='word_1_214' title='bbox 639 2945 726 2994; x_wconf 75' lang='lat' dir='ltr'><strong>eo.</strong></span> <span class='ocrx_word' id='word_1_215' title='bbox 761 2941 822 2986; x_wconf 94' lang='lat' dir='ltr'><strong>ut</strong></span> <span class='ocrx_word' id='word_1_216' title='bbox 860 2935 1169 3003; x_wconf 87' lang='lat' dir='ltr'><strong>respublica</strong></span> <span class='ocrx_word' id='word_1_217' title='bbox 1211 2936 1360 2990; x_wconf 86' lang='lat' dir='ltr'><strong>salva</strong></span> <span class='ocrx_word' id='word_1_218' title='bbox 1408 2938 1501 2999; x_wconf 84' lang='lat' dir='ltr'><strong>sit.</strong></span> <span class='ocrx_word' id='word_1_219' title='bbox 1537 2939 1634 2993; x_wconf 88' lang='lat' dir='ltr'><strong>sed</strong></span> <span class='ocrx_word' id='word_1_220' title='bbox 1666 2946 1726 2992; x_wconf 89' lang='lat' dir='ltr'><strong>ut</strong></span> <span class='ocrx_word' id='word_1_221' title='bbox 1768 2937 1972 3006; x_wconf 81' lang='lat' dir='ltr'><strong>justus,</strong></span> 
     </span>
    </p>
   </div>
   <div class='ocr_carea' id='block_1_34' title="bbox 391 3027 2051 3119">
    <p class='ocr_par' dir='ltr' id='par_1_34' title="bbox 391 3027 2051 3119">
     <span class='ocr_line' id='line_1_34' title="bbox 391 3027 2051 3119; baseline 0.007 -44"><span class='ocrx_word' id='word_1_222' title='bbox 391 3031 586 3093; x_wconf 85' lang='lat' dir='ltr'><strong>utpote</strong></span> <span class='ocrx_word' id='word_1_223' title='bbox 617 3027 984 3094; x_wconf 83' lang='lat' dir='ltr'><strong>importunus,</strong></span> <span class='ocrx_word' id='word_1_224' title='bbox 1018 3028 1070 3079; x_wconf 94' lang='lat' dir='ltr'><strong>in</strong></span> <span class='ocrx_word' id='word_1_225' title='bbox 1099 3027 1332 3081; x_wconf 83' lang='lat' dir='ltr'><strong>vinculis</strong></span> <span class='ocrx_word' id='word_1_226' title='bbox 1359 3027 1564 3095; x_wconf 87' lang='lat' dir='ltr'><strong>doleat,</strong></span> <span class='ocrx_word' id='word_1_227' title='bbox 1595 3037 1650 3083; x_wconf 90' lang='lat' dir='ltr'><strong>et</strong></span> <span class='ocrx_word' id='word_1_228' title='bbox 1672 3039 1976 3098; x_wconf 62' lang='lat' dir='ltr'><strong>praceptor</strong></span> <span class='ocrx_word' id='word_1_229' title='bbox 2003 3053 2051 3119; x_wconf 65' lang='grc' dir='ltr'>ο</span> 
     </span>
    </p>
   </div>
   <div class='ocr_carea' id='block_1_35' title="bbox 390 3118 1978 3194">
    <p class='ocr_par' dir='ltr' id='par_1_35' title="bbox 390 3118 1978 3194">
     <span class='ocr_line' id='line_1_35' title="bbox 390 3118 1978 3194; baseline 0.008 -27"><span class='ocrx_word' id='word_1_230' title='bbox 390 3118 588 3187; x_wconf 83' lang='lat' dir='ltr'><strong>quibus</strong></span> <span class='ocrx_word' id='word_1_231' title='bbox 634 3118 772 3173; x_wconf 89' lang='lat' dir='ltr'><strong>bene</strong></span> <span class='ocrx_word' id='word_1_232' title='bbox 821 3120 1102 3174; x_wconf 86' lang='lat' dir='ltr'><strong>institutus</strong></span> <span class='ocrx_word' id='word_1_233' title='bbox 1156 3131 1260 3186; x_wconf 71' lang='grc' dir='ltr'>εει,</span> <span class='ocrx_word' id='word_1_234' title='bbox 1297 3131 1352 3176; x_wconf 91' lang='lat' dir='ltr'><strong>et</strong></span> <span class='ocrx_word' id='word_1_235' title='bbox 1406 3123 1473 3174; x_wconf 90' lang='lat' dir='ltr'><strong>ad</strong></span> <span class='ocrx_word' id='word_1_236' title='bbox 1513 3137 1634 3192; x_wconf 71' lang='lat' dir='ltr'><strong>qua:</strong></span> <span class='ocrx_word' id='word_1_237' title='bbox 1677 3125 1978 3194; x_wconf 86' lang='lat' dir='ltr'><strong>profitenda</strong></span> 
     </span>
    </p>
   </div>
   <div class='ocr_carea' id='block_1_36' title="bbox 395 3209 1986 3285">
    <p class='ocr_par' dir='ltr' id='par_1_36' title="bbox 395 3209 1986 3285">
     <span class='ocr_line' id='line_1_36' title="bbox 395 3209 1986 3285; baseline 0.005 -21"><span class='ocrx_word' id='word_1_238' title='bbox 395 3209 534 3264; x_wconf 83' lang='lat' dir='ltr'><strong>alios</strong></span> <span class='ocrx_word' id='word_1_239' title='bbox 561 3211 856 3267; x_wconf 88' lang='lat' dir='ltr'><strong>instituere</strong></span> <span class='ocrx_word' id='word_1_240' title='bbox 885 3212 1106 3284; x_wconf 76' lang='lat' dir='ltr'><strong>sategit,</strong></span> <span class='ocrx_word' id='word_1_241' title='bbox 1131 3213 1185 3268; x_wconf 92' lang='lat' dir='ltr'><strong>in</strong></span> <span class='ocrx_word' id='word_1_242' title='bbox 1234 3226 1559 3285; x_wconf 88' lang='lat' dir='ltr'><strong>perpetuum</strong></span> <span class='ocrx_word' id='word_1_243' title='bbox 1604 3217 1894 3281; x_wconf 86' lang='lat' dir='ltr'><strong>valcdicat,</strong></span> <span class='ocrx_word' id='word_1_244' title='bbox 1930 3226 1986 3272; x_wconf 90' lang='lat' dir='ltr'><strong>ct</strong></span> 
     </span>
    </p>
   </div>
   <div class='ocr_carea' id='block_1_37' title="bbox 396 3303 1988 3375">
    <p class='ocr_par' dir='ltr' id='par_1_37' title="bbox 396 3303 1988 3375">
     <span class='ocr_line' id='line_1_37' title="bbox 396 3303 1988 3375; baseline 0.003 -17"><span class='ocrx_word' id='word_1_245' title='bbox 396 3313 551 3373; x_wconf 87' lang='lat' dir='ltr'><strong>pater</strong></span> <span class='ocrx_word' id='word_1_246' title='bbox 583 3303 789 3375; x_wconf 87' lang='lat' dir='ltr'><strong>Spiritu</strong></span> <span class='ocrx_word' id='word_1_247' title='bbox 822 3304 1009 3360; x_wconf 83' lang='lat' dir='ltr'><strong>divino</strong></span> <span class='ocrx_word' id='word_1_248' title='bbox 1043 3306 1343 3361; x_wconf 80' lang='lat' dir='ltr'><strong>instructus</strong></span> <span class='ocrx_word' id='word_1_249' title='bbox 1377 3320 1480 3361; x_wconf 91' lang='lat' dir='ltr'><strong>non</strong></span> <span class='ocrx_word' id='word_1_250' title='bbox 1515 3323 1543 3361; x_wconf 89' lang='lat' dir='ltr'><strong>a</strong></span> <span class='ocrx_word' id='word_1_251' title='bbox 1578 3307 1688 3364; x_wconf 90' lang='lat' dir='ltr'><strong>filio</strong></span> <span class='ocrx_word' id='word_1_252' title='bbox 1712 3309 1988 3363; x_wconf 85' lang='lat' dir='ltr'><strong>distraha-</strong></span> 
     </span>
    </p>
   </div>
   <div class='ocr_carea' id='block_1_38' title="bbox 398 3395 1986 3467">
    <p class='ocr_par' dir='ltr' id='par_1_38' title="bbox 398 3395 1986 3467">
     <span class='ocr_line' id='line_1_38' title="bbox 398 3395 1986 3467; baseline -0.001 -15"><span class='ocrx_word' id='word_1_253' title='bbox 398 3405 488 3452; x_wconf 87' lang='lat' dir='ltr'><strong>tur</strong></span> <span class='ocrx_word' id='word_1_254' title='bbox 518 3396 650 3467; x_wconf 88' lang='lat' dir='ltr'><strong>(hoc</strong></span> <span class='ocrx_word' id='word_1_255' title='bbox 687 3397 832 3450; x_wconf 88' lang='lat' dir='ltr'><strong>enim</strong></span> <span class='ocrx_word' id='word_1_256' title='bbox 864 3395 1044 3450; x_wconf 90' lang='lat' dir='ltr'><strong>minus</strong></span> <span class='ocrx_word' id='word_1_257' title='bbox 1078 3395 1219 3452; x_wconf 78' lang='lat' dir='ltr'><strong>foret</strong></span> <span class='ocrx_word' id='word_1_258' title='bbox 1245 3396 1492 3467; x_wconf 89' lang='lat' dir='ltr'><strong>malum),</strong></span> <span class='ocrx_word' id='word_1_259' title='bbox 1521 3399 1616 3452; x_wconf 76' lang='lat' dir='ltr'><strong>sed</strong></span> <span class='ocrx_word' id='word_1_260' title='bbox 1655 3413 1752 3467; x_wconf 90' lang='lat' dir='ltr'><strong>per</strong></span> <span class='ocrx_word' id='word_1_261' title='bbox 1785 3398 1986 3451; x_wconf 88' lang='lat' dir='ltr'><strong>malum</strong></span> 
     </span>
    </p>
   </div>
   <div class='ocr_carea' id='block_1_39' title="bbox 395 3477 1990 3559">
    <p class='ocr_par' dir='ltr' id='par_1_39' title="bbox 395 3477 1990 3559">
     <span class='ocr_line' id='line_1_39' title="bbox 395 3477 1990 3559; baseline 0.001 -15"><span class='ocrx_word' id='word_1_262' title='bbox 395 3490 698 3544; x_wconf 72' lang='lat' dir='ltr'><strong>dmmonem</strong></span> <span class='ocrx_word' id='word_1_263' title='bbox 741 3488 916 3544; x_wconf 79' lang='lat' dir='ltr'><strong>servis</strong></span> <span class='ocrx_word' id='word_1_264' title='bbox 961 3489 1241 3544; x_wconf 88' lang='lat' dir='ltr'><strong>inutilibus</strong></span> <span class='ocrx_word' id='word_1_265' title='bbox 1271 3477 1650 3550; x_wconf 84' lang='lat' dir='ltr'><strong>accenseatur,</strong></span> <span class='ocrx_word' id='word_1_266' title='bbox 1678 3499 1734 3546; x_wconf 86' lang='lat' dir='ltr'><strong>et</strong></span> <span class='ocrx_word' id='word_1_267' title='bbox 1773 3490 1990 3559; x_wconf 88' lang='lat' dir='ltr'><strong>episco-</strong></span> 
     </span>
    </p>
   </div>
   <div class='ocr_carea' id='block_1_40' title="bbox 399 3581 1986 3652">
    <p class='ocr_par' dir='ltr' id='par_1_40' title="bbox 399 3581 1986 3652">
     <span class='ocr_line' id='line_1_40' title="bbox 399 3581 1986 3652; baseline 0.002 -17"><span class='ocrx_word' id='word_1_268' title='bbox 399 3595 502 3650; x_wconf 86' lang='lat' dir='ltr'><strong>pus</strong></span> <span class='ocrx_word' id='word_1_269' title='bbox 541 3581 778 3651; x_wconf 85' lang='lat' dir='ltr'><strong>dcuique</strong></span> <span class='ocrx_word' id='word_1_270' title='bbox 808 3581 1087 3650; x_wconf 89' lang='lat' dir='ltr'><strong>indignum</strong></span> <span class='ocrx_word' id='word_1_271' title='bbox 1127 3581 1255 3650; x_wconf 88' lang='lat' dir='ltr'><strong>quid</strong></span> <span class='ocrx_word' id='word_1_272' title='bbox 1287 3581 1698 3651; x_wconf 86' lang='lat' dir='ltr'><strong>infaustumque</strong></span> <span class='ocrx_word' id='word_1_273' title='bbox 1723 3581 1986 3652; x_wconf 88' lang='lat' dir='ltr'><strong>patiatur.</strong></span> 
     </span>
    </p>
   </div>
   <div class='ocr_carea' id='block_1_41' title="bbox 475 3672 1991 3745">
    <p class='ocr_par' dir='ltr' id='par_1_41' title="bbox 475 3672 1991 3745">
     <span class='ocr_line' id='line_1_41' title="bbox 475 3672 1991 3745; baseline 0.001 -18"><span class='ocrx_word' id='word_1_274' title='bbox 475 3674 570 3730; x_wconf 87' lang='lat'><strong>50.</strong></span> <span class='ocrx_word' id='word_1_275' title='bbox 598 3672 717 3728; x_wconf 87' lang='lat' dir='ltr'><strong>Non</strong></span> <span class='ocrx_word' id='word_1_276' title='bbox 758 3674 926 3745; x_wconf 80' lang='lat' dir='ltr'><strong>igitur</strong></span> <span class='ocrx_word' id='word_1_277' title='bbox 973 3688 1183 3729; x_wconf 89' lang='lat' dir='ltr'><strong>morem</strong></span> <span class='ocrx_word' id='word_1_278' title='bbox 1223 3679 1487 3744; x_wconf 77' lang='lat' dir='ltr'><strong>gerimus,</strong></span> <span class='ocrx_word' id='word_1_279' title='bbox 1527 3689 1702 3745; x_wconf 91' lang='lat' dir='ltr'><strong>neque</strong></span> <span class='ocrx_word' id='word_1_280' title='bbox 1732 3675 1991 3731; x_wconf 85' lang='lat' dir='ltr'><strong>obedien-</strong></span> 
     </span>
    </p>
   </div>
   <div class='ocr_carea' id='block_1_42' title="bbox 407 3766 1992 3838">
    <p class='ocr_par' dir='ltr' id='par_1_42' title="bbox 407 3766 1992 3838">
     <span class='ocr_line' id='line_1_42' title="bbox 407 3766 1992 3838; baseline 0 -16"><span class='ocrx_word' id='word_1_281' title='bbox 407 3767 542 3822; x_wconf 86' lang='lat' dir='ltr'><strong>tiam</strong></span> <span class='ocrx_word' id='word_1_282' title='bbox 571 3766 916 3836; x_wconf 82' lang='lat' dir='ltr'><strong>spiritualem</strong></span> <span class='ocrx_word' id='word_1_283' title='bbox 965 3779 1274 3834; x_wconf 80' lang='lat' dir='ltr'><strong>servamus,</strong></span> <span class='ocrx_word' id='word_1_284' title='bbox 1307 3781 1484 3836; x_wconf 88' lang='lat' dir='ltr'><strong>neque</strong></span> <span class='ocrx_word' id='word_1_285' title='bbox 1531 3767 1777 3836; x_wconf 86' lang='lat' dir='ltr'><strong>patribus</strong></span> <span class='ocrx_word' id='word_1_286' title='bbox 1827 3783 1992 3838; x_wconf 90' lang='lat' dir='ltr'><strong>pare-</strong></span> 
     </span>
    </p>
   </div>
   <div class='ocr_carea' id='block_1_43' title="bbox 405 3858 1992 3931">
    <p class='ocr_par' dir='ltr' id='par_1_43' title="bbox 405 3858 1992 3931">
     <span class='ocr_line' id='line_1_43' title="bbox 405 3858 1992 3931; baseline 0.001 -17"><span class='ocrx_word' id='word_1_287' title='bbox 405 3874 549 3923; x_wconf 83' lang='lat' dir='ltr'><strong>mus,</strong></span> <span class='ocrx_word' id='word_1_288' title='bbox 571 3874 713 3930; x_wconf 85' lang='lat' dir='ltr'><strong>quos</strong></span> <span class='ocrx_word' id='word_1_289' title='bbox 736 3869 962 3916; x_wconf 81' lang='lat' dir='ltr'><strong>sanctus</strong></span> <span class='ocrx_word' id='word_1_290' title='bbox 995 3858 1235 3931; x_wconf 86' lang='lat' dir='ltr'><strong>Spiritus</strong></span> <span class='ocrx_word' id='word_1_291' title='bbox 1265 3860 1382 3927; x_wconf 87' lang='lat' dir='ltr'><strong>dat,</strong></span> <span class='ocrx_word' id='word_1_292' title='bbox 1411 3873 1589 3930; x_wconf 88' lang='lat' dir='ltr'><strong>neque</strong></span> <span class='ocrx_word' id='word_1_293' title='bbox 1636 3861 1992 3930; x_wconf 82' lang='lat' dir='ltr'><strong>praeceptoris</strong></span> 
     </span>
    </p>
   </div>
   <div class='ocr_carea' id='block_1_44' title="bbox 406 3952 1995 4024">
    <p class='ocr_par' dir='ltr' id='par_1_44' title="bbox 406 3952 1995 4024">
     <span class='ocr_line' id='line_1_44' title="bbox 406 3952 1995 4024; baseline 0.001 -17"><span class='ocrx_word' id='word_1_294' title='bbox 406 3963 526 4008; x_wconf 87' lang='lat' dir='ltr'><strong>arte</strong></span> <span class='ocrx_word' id='word_1_295' title='bbox 560 3953 888 4024; x_wconf 85' lang='lat' dir='ltr'><strong>indigemus.</strong></span> <span class='ocrx_word' id='word_1_296' title='bbox 939 3952 1284 4023; x_wconf 84' lang='lat' dir='ltr'><strong>Quapropter</strong></span> <span class='ocrx_word' id='word_1_297' title='bbox 1330 3952 1494 4008; x_wconf 87' lang='lat' dir='ltr'><strong>etiam</strong></span> <span class='ocrx_word' id='word_1_298' title='bbox 1535 3963 1860 4022; x_wconf 72' lang='lat' dir='ltr'><strong>prmsentem</strong></span> <span class='ocrx_word' id='word_1_299' title='bbox 1905 3968 1995 4008; x_wconf 88' lang='lat' dir='ltr'><strong>re-</strong></span> 
     </span>
    </p>
   </div>
   <div class='ocr_carea' id='block_1_45' title="bbox 409 4044 1997 4115">
    <p class='ocr_par' dir='ltr' id='par_1_45' title="bbox 409 4044 1997 4115">
     <span class='ocr_line' id='line_1_45' title="bbox 409 4044 1997 4115; baseline -0.002 -13"><span class='ocrx_word' id='word_1_300' title='bbox 409 4045 678 4115; x_wconf 73' lang='lat' dir='ltr'><strong>spuimus,</strong></span> <span class='ocrx_word' id='word_1_301' title='bbox 709 4054 765 4101; x_wconf 88' lang='lat' dir='ltr'><strong>et</strong></span> <span class='ocrx_word' id='word_1_302' title='bbox 788 4060 908 4100; x_wconf 88' lang='lat' dir='ltr'><strong>eam</strong></span> <span class='ocrx_word' id='word_1_303' title='bbox 935 4061 1096 4114; x_wconf 86' lang='lat' dir='ltr'><strong>quam</strong></span> <span class='ocrx_word' id='word_1_304' title='bbox 1116 4059 1230 4100; x_wconf 89' lang='lat' dir='ltr'><strong>non</strong></span> <span class='ocrx_word' id='word_1_305' title='bbox 1253 4044 1544 4109; x_wconf 81' lang='lat' dir='ltr'><strong>habemus,</strong></span> <span class='ocrx_word' id='word_1_306' title='bbox 1576 4059 1682 4099; x_wconf 93' lang='lat' dir='ltr'><strong>non</strong></span> <span class='ocrx_word' id='word_1_307' title='bbox 1715 4045 1997 4099; x_wconf 86' lang='lat' dir='ltr'><strong>desidera-</strong></span> 
     </span>
    </p>
   </div>
   <div class='ocr_carea' id='block_1_46' title="bbox 409 4136 1994 4204">
    <p class='ocr_par' dir='ltr' id='par_1_46' title="bbox 409 4136 1994 4204">
     <span class='ocr_line' id='line_1_46' title="bbox 409 4136 1994 4204; baseline 0 -14"><span class='ocrx_word' id='word_1_308' title='bbox 409 4153 568 4197; x_wconf 83' lang='lat' dir='ltr'><strong>mus:</strong></span> <span class='ocrx_word' id='word_1_309' title='bbox 599 4138 744 4204; x_wconf 89' lang='lat' dir='ltr'><strong>quod</strong></span> <span class='ocrx_word' id='word_1_310' title='bbox 772 4137 922 4191; x_wconf 86' lang='lat' dir='ltr'><strong>omni</strong></span> <span class='ocrx_word' id='word_1_311' title='bbox 957 4137 1059 4190; x_wconf 83' lang='lat' dir='ltr'><strong>arti</strong></span> <span class='ocrx_word' id='word_1_312' title='bbox 1099 4137 1300 4191; x_wconf 83' lang='lat' dir='ltr'><strong>accidit</strong></span> <span class='ocrx_word' id='word_1_313' title='bbox 1331 4137 1386 4190; x_wconf 91' lang='lat' dir='ltr'><strong>in</strong></span> <span class='ocrx_word' id='word_1_314' title='bbox 1433 4136 1773 4201; x_wconf 89' lang='lat' dir='ltr'><strong>hominibus,</strong></span> <span class='ocrx_word' id='word_1_315' title='bbox 1804 4137 1896 4204; x_wconf 90' lang='lat' dir='ltr'><strong>qui</strong></span> <span class='ocrx_word' id='word_1_316' title='bbox 1931 4152 1994 4192; x_wconf 87' lang='lat' dir='ltr'><strong>ea</strong></span> 
     </span>
    </p>
   </div>
   <div class='ocr_carea' id='block_1_47' title="bbox 409 4226 1997 4295">
    <p class='ocr_par' dir='ltr' id='par_1_47' title="bbox 409 4226 1997 4295">
     <span class='ocr_line' id='line_1_47' title="bbox 409 4226 1997 4295; baseline 0.001 -15"><span class='ocrx_word' id='word_1_317' title='bbox 409 4241 519 4282; x_wconf 92' lang='lat' dir='ltr'><strong>non</strong></span> <span class='ocrx_word' id='word_1_318' title='bbox 559 4242 696 4295; x_wconf 80' lang='lat' dir='ltr'><strong>opus</strong></span> <span class='ocrx_word' id='word_1_319' title='bbox 741 4226 966 4281; x_wconf 85' lang='lat' dir='ltr'><strong>habent.</strong></span> <span class='ocrx_word' id='word_1_320' title='bbox 1020 4226 1205 4282; x_wconf 82' lang='lat' dir='ltr'><strong>Rebus</strong></span> <span class='ocrx_word' id='word_1_321' title='bbox 1237 4237 1420 4282; x_wconf 89' lang='lat' dir='ltr'><strong>autem</strong></span> <span class='ocrx_word' id='word_1_322' title='bbox 1475 4237 1586 4281; x_wconf 83' lang='lat' dir='ltr'><strong>tam</strong></span> <span class='ocrx_word' id='word_1_323' title='bbox 1641 4229 1840 4284; x_wconf 87' lang='lat' dir='ltr'><strong>misere</strong></span> <span class='ocrx_word' id='word_1_324' title='bbox 1875 4243 1997 4283; x_wconf 74' lang='lat' dir='ltr'><strong>sese</strong></span> 
     </span>
    </p>
   </div>
   <div class='ocr_carea' id='block_1_48' title="bbox 412 4318 1993 4390">
    <p class='ocr_par' dir='ltr' id='par_1_48' title="bbox 412 4318 1993 4390">
     <span class='ocr_line' id='line_1_48' title="bbox 412 4318 1993 4390; baseline 0.002 -18"><span class='ocrx_word' id='word_1_325' title='bbox 412 4318 744 4373; x_wconf 82' lang='lat' dir='ltr'><strong>habentibus</strong></span> <span class='ocrx_word' id='word_1_326' title='bbox 776 4321 1096 4374; x_wconf 85' lang='lat' dir='ltr'><strong>necessario</strong></span> <span class='ocrx_word' id='word_1_327' title='bbox 1119 4319 1482 4388; x_wconf 86' lang='lat' dir='ltr'><strong>consequitur</strong></span> <span class='ocrx_word' id='word_1_328' title='bbox 1512 4330 1569 4372; x_wconf 90' lang='lat' dir='ltr'><strong>ut</strong></span> <span class='ocrx_word' id='word_1_329' title='bbox 1608 4323 1675 4374; x_wconf 86' lang='lat' dir='ltr'><strong>ad</strong></span> <span class='ocrx_word' id='word_1_330' title='bbox 1710 4322 1993 4390; x_wconf 83' lang='lat' dir='ltr'><strong>antiquam</strong></span> 
     </span>
    </p>
   </div>
   <div class='ocr_carea' id='block_1_49' title="bbox 2066 429 3657 502">
    <p class='ocr_par' dir='ltr' id='par_1_49' title="bbox 2066 429 3657 502">
     <span class='ocr_line' id='line_1_49' title="bbox 2066 429 3657 502; baseline -0.001 -17"><span class='ocrx_word' id='word_1_331' title='bbox 2066 431 2360 502; x_wconf 80' lang='grc' dir='ltr'>ζητοῦντες</span> <span class='ocrx_word' id='word_1_332' title='bbox 2397 437 2539 487; x_wconf 69' lang='grc' dir='ltr'>κατὰ</span> <span class='ocrx_word' id='word_1_333' title='bbox 2585 432 2828 500; x_wconf 78' lang='grc' dir='ltr'>σπουδὴν</span> <span class='ocrx_word' id='word_1_334' title='bbox 2865 431 3069 500; x_wconf 78' lang='grc' dir='ltr'>πολλὴν</span> <span class='ocrx_word' id='word_1_335' title='bbox 3101 429 3522 500; x_wconf 75' lang='grc' dir='ltr'>ὲξευρίσκομεν,</span> <span class='ocrx_word' id='word_1_336' title='bbox 3560 433 3657 485; x_wconf 78' lang='grc' dir='ltr'>καὶ</span> 
     </span>
    </p>
   </div>
   <div class='ocr_carea' id='block_1_50' title="bbox 2068 524 3660 596">
    <p class='ocr_par' dir='ltr' id='par_1_50' title="bbox 2068 524 3660 596">
     <span class='ocr_line' id='line_1_50' title="bbox 2068 524 3660 596; baseline 0.003 -20"><span class='ocrx_word' id='word_1_337' title='bbox 2068 525 2567 594; x_wconf 82' lang='grc' dir='ltr'>προσρυῖσκόμενοι</span> <span class='ocrx_word' id='word_1_338' title='bbox 2601 525 2799 596; x_wconf 76' lang='grc' dir='ltr'>ἔχομεν</span> <span class='ocrx_word' id='word_1_339' title='bbox 2828 524 3073 593; x_wconf 79' lang='grc' dir='ltr'>φιλητῶς</span> <span class='ocrx_word' id='word_1_340' title='bbox 3095 524 3305 577; x_wconf 80' lang='grc' dir='ltr'>ἐκεῖθεν</span> <span class='ocrx_word' id='word_1_341' title='bbox 3326 525 3388 576; x_wconf 72' lang='grc' dir='ltr'>τὸ</span> <span class='ocrx_word' id='word_1_342' title='bbox 3420 527 3660 595; x_wconf 79' lang='grc' dir='ltr'>πεττοθη·</span> 
     </span>
    </p>
   </div>
   <div class='ocr_carea' id='block_1_51' title="bbox 2073 611 3655 688">
    <p class='ocr_par' dir='ltr' id='par_1_51' title="bbox 2073 611 3655 688">
     <span class='ocr_line' id='line_1_51' title="bbox 2073 611 3655 688; baseline 0 -18"><span class='ocrx_word' id='word_1_343' title='bbox 2073 617 2254 686; x_wconf 79' lang='grc' dir='ltr'>μένον,</span> <span class='ocrx_word' id='word_1_344' title='bbox 2318 619 2786 688; x_wconf 76' lang='grc' dir='ltr'>καταϐαλλόμενοι</span> <span class='ocrx_word' id='word_1_345' title='bbox 2819 617 2966 670; x_wconf 80' lang='grc' dir='ltr'>ἔστιν</span> <span class='ocrx_word' id='word_1_346' title='bbox 2999 611 3059 671; x_wconf 75' lang='grc' dir='ltr'><strong>οὗ</strong></span> <span class='ocrx_word' id='word_1_347' title='bbox 3095 620 3190 670; x_wconf 84' lang='grc' dir='ltr'><strong>καί</strong></span> <span class='ocrx_word' id='word_1_348' title='bbox 3236 633 3291 670; x_wconf 79' lang='grc' dir='ltr'><strong>τι</strong></span> <span class='ocrx_word' id='word_1_349' title='bbox 3329 619 3655 687; x_wconf 76' lang='grc' dir='ltr'>ύπέρτιμον,</span> 
     </span>
    </p>
   </div>
   <div class='ocr_carea' id='block_1_52' title="bbox 2071 709 3660 780">
    <p class='ocr_par' dir='ltr' id='par_1_52' title="bbox 2071 709 3660 780">
     <span class='ocr_line' id='line_1_52' title="bbox 2071 709 3660 780; baseline -0.001 -18"><span class='ocrx_word' id='word_1_350' title='bbox 2071 709 2160 763; x_wconf 79' lang='grc' dir='ltr'>ἵνα</span> <span class='ocrx_word' id='word_1_351' title='bbox 2191 709 2288 780; x_wconf 76' lang='grc' dir='ltr'><strong>τὴν</strong></span> <span class='ocrx_word' id='word_1_352' title='bbox 2333 711 2527 779; x_wconf 87' lang='grc' dir='ltr'>δούλην</span> <span class='ocrx_word' id='word_1_353' title='bbox 2573 709 2751 780; x_wconf 80' lang='grc' dir='ltr'>σάρκα</span> <span class='ocrx_word' id='word_1_354' title='bbox 2803 711 2887 772; x_wconf 81' lang='grc' dir='ltr'><strong>είς</strong></span> <span class='ocrx_word' id='word_1_355' title='bbox 2915 709 3200 780; x_wconf 78' lang='grc' dir='ltr'>ὡραϊσμὸν</span> <span class='ocrx_word' id='word_1_356' title='bbox 3255 711 3370 772; x_wconf 80' lang='grc' dir='ltr'>τοῖς</span> <span class='ocrx_word' id='word_1_357' title='bbox 3403 709 3660 778; x_wconf 80' lang='grc' dir='ltr'><strong>βλέπουσι</strong></span> 
     </span>
    </p>
   </div>
   <div class='ocr_carea' id='block_1_53' title="bbox 2075 796 3667 872">
    <p class='ocr_par' dir='ltr' id='par_1_53' title="bbox 2075 796 3667 872">
     <span class='ocr_line' id='line_1_53' title="bbox 2075 796 3667 872; baseline -0.001 -18"><span class='ocrx_word' id='word_1_358' title='bbox 2075 801 2560 872; x_wconf 81' lang='grc' dir='ltr'>παραστησώμεοα</span> <span class='ocrx_word' id='word_1_359' title='bbox 2581 801 2670 855; x_wconf 72' lang='grc' dir='ltr'>διὰ</span> <span class='ocrx_word' id='word_1_360' title='bbox 2685 801 3079 870; x_wconf 78' lang='grc' dir='ltr'><strong>καλλωπισμοῦ</strong></span> <span class='ocrx_word' id='word_1_361' title='bbox 3107 817 3273 867; x_wconf 88' lang='grc' dir='ltr'>τινος,</span> <span class='ocrx_word' id='word_1_362' title='bbox 3299 796 3360 854; x_wconf 82' lang='grc' dir='ltr'>οὗ</span> <span class='ocrx_word' id='word_1_363' title='bbox 3390 801 3457 853; x_wconf 85' lang='grc' dir='ltr'><strong>τά</strong></span> <span class='ocrx_word' id='word_1_364' title='bbox 3491 801 3667 853; x_wconf 75' lang='grc' dir='ltr'>πλείω</span> 
     </span>
    </p>
   </div>
   <div class='ocr_carea' id='block_1_54' title="bbox 2076 892 3667 964">
    <p class='ocr_par' dir='ltr' id='par_1_54' title="bbox 2076 892 3667 964">
     <span class='ocr_line' id='line_1_54' title="bbox 2076 892 3667 964; baseline -0.001 -18"><span class='ocrx_word' id='word_1_365' title='bbox 2076 894 2200 947; x_wconf 73' lang='grc' dir='ltr'>οὐδὲ</span> <span class='ocrx_word' id='word_1_366' title='bbox 2249 897 2328 957; x_wconf 79' lang='grc' dir='ltr'><strong>είς</strong></span> <span class='ocrx_word' id='word_1_367' title='bbox 2357 894 2482 963; x_wconf 62' lang='grc' dir='ltr'><strong>ὅφιν</strong></span> <span class='ocrx_word' id='word_1_368' title='bbox 2525 897 2661 964; x_wconf 75' lang='grc' dir='ltr'>ἡμῖν</span> <span class='ocrx_word' id='word_1_369' title='bbox 2711 892 2972 963; x_wconf 74' lang='grc' dir='ltr'>ἔρχεσθαι</span> <span class='ocrx_word' id='word_1_370' title='bbox 3022 894 3285 958; x_wconf 87' lang='grc' dir='ltr'>δύναται;</span> <span class='ocrx_word' id='word_1_371' title='bbox 3341 893 3454 961; x_wconf 77' lang='grc' dir='ltr'><strong>Τὴν</strong></span> <span class='ocrx_word' id='word_1_372' title='bbox 3482 893 3539 946; x_wconf 82' lang='grc' dir='ltr'>δὲ</span> <span class='ocrx_word' id='word_1_373' title='bbox 3570 894 3667 945; x_wconf 72' lang='grc' dir='ltr'>δέοι</span> 
     </span>
    </p>
   </div>
   <div class='ocr_carea' id='block_1_55' title="bbox 2079 985 3672 1056">
    <p class='ocr_par' dir='ltr' id='par_1_55' title="bbox 2079 985 3672 1056">
     <span class='ocr_line' id='line_1_55' title="bbox 2079 985 3672 1056; baseline 0.001 -18"><span class='ocrx_word' id='word_1_374' title='bbox 2079 1002 2310 1038; x_wconf 82' lang='grc' dir='ltr'>σποιναν</span> <span class='ocrx_word' id='word_1_375' title='bbox 2348 985 2526 1056; x_wconf 80' lang='grc' dir='ltr'>ψυχὴν</span> <span class='ocrx_word' id='word_1_376' title='bbox 2554 987 2810 1056; x_wconf 77' lang='grc' dir='ltr'><strong>ἀφιέντες</strong></span> <span class='ocrx_word' id='word_1_377' title='bbox 2849 985 3156 1054; x_wconf 78' lang='grc' dir='ltr'>ρυποῦσθαι</span> <span class='ocrx_word' id='word_1_378' title='bbox 3178 987 3272 1038; x_wconf 70' lang='grc' dir='ltr'>καὶ</span> <span class='ocrx_word' id='word_1_379' title='bbox 3304 987 3496 1040; x_wconf 83' lang='grc' dir='ltr'><strong>σκότον</strong></span> <span class='ocrx_word' id='word_1_380' title='bbox 3521 985 3672 1039; x_wconf 81' lang='grc' dir='ltr'>οὕτω</span> 
     </span>
    </p>
   </div>
   <div class='ocr_carea' id='block_1_56' title="bbox 2079 1077 3672 1149">
    <p class='ocr_par' dir='ltr' id='par_1_56' title="bbox 2079 1077 3672 1149">
     <span class='ocr_line' id='line_1_56' title="bbox 2079 1077 3672 1149; baseline 0 -19"><span class='ocrx_word' id='word_1_381' title='bbox 2079 1077 2582 1145; x_wconf 76' lang='grc' dir='ltr'>περιδιδύσκεσθαι,</span> <span class='ocrx_word' id='word_1_382' title='bbox 2647 1078 2724 1140; x_wconf 84' lang='grc' dir='ltr'><strong>ὡς</strong></span> <span class='ocrx_word' id='word_1_383' title='bbox 2756 1079 2823 1131; x_wconf 75' lang='grc' dir='ltr'>ἂν</span> <span class='ocrx_word' id='word_1_384' title='bbox 2852 1077 2880 1129; x_wconf 89' lang='grc'>6</span> <span class='ocrx_word' id='word_1_385' title='bbox 2922 1077 3153 1149; x_wconf 70' lang='grc' dir='ltr'>ζοφερος</span> <span class='ocrx_word' id='word_1_386' title='bbox 3212 1078 3425 1146; x_wconf 80' lang='grc' dir='ltr'>δαίμων</span> <span class='ocrx_word' id='word_1_387' title='bbox 3459 1079 3672 1149; x_wconf 74' lang='grc' dir='ltr'>φιλοίη,</span> 
     </span>
    </p>
   </div>
   <div class='ocr_carea' id='block_1_57' title="bbox 2078 1167 3676 1242">
    <p class='ocr_par' dir='ltr' id='par_1_57' title="bbox 2078 1167 3676 1242">
     <span class='ocr_line' id='line_1_57' title="bbox 2078 1167 3676 1242; baseline 0.003 -22"><span class='ocrx_word' id='word_1_388' title='bbox 2078 1167 2206 1221; x_wconf 76' lang='grc' dir='ltr'>οὒτε</span> <span class='ocrx_word' id='word_1_389' title='bbox 2247 1168 2545 1239; x_wconf 81' lang='grc' dir='ltr'>ζητοῦμεν,</span> <span class='ocrx_word' id='word_1_390' title='bbox 2575 1169 2695 1232; x_wconf 85' lang='grc' dir='ltr'>πῶς</span> <span class='ocrx_word' id='word_1_391' title='bbox 2741 1169 2862 1238; x_wconf 81' lang='grc' dir='ltr'><strong>εινῆ</strong></span> <span class='ocrx_word' id='word_1_392' title='bbox 2895 1171 3060 1240; x_wconf 76' lang='grc' dir='ltr'>ἡμεῖς</span> <span class='ocrx_word' id='word_1_393' title='bbox 3087 1170 3245 1225; x_wconf 72' lang='grc' dir='ltr'>αὐτοὶ</span> <span class='ocrx_word' id='word_1_394' title='bbox 3270 1170 3676 1242; x_wconf 82' lang='grc' dir='ltr'>ὲξωραῒσωμεν</span> 
     </span>
    </p>
   </div>
   <div class='ocr_carea' id='block_1_58' title="bbox 2080 1260 3679 1334">
    <p class='ocr_par' dir='ltr' id='par_1_58' title="bbox 2080 1260 3679 1334">
     <span class='ocr_line' id='line_1_58' title="bbox 2080 1260 3679 1334; baseline 0.001 -21"><span class='ocrx_word' id='word_1_395' title='bbox 2080 1261 2155 1324; x_wconf 84' lang='grc' dir='ltr'>ὡς</span> <span class='ocrx_word' id='word_1_396' title='bbox 2179 1262 2258 1324; x_wconf 79' lang='grc' dir='ltr'>εἰς</span> <span class='ocrx_word' id='word_1_397' title='bbox 2295 1261 2520 1332; x_wconf 84' lang='grc' dir='ltr'>νύμφην</span> <span class='ocrx_word' id='word_1_398' title='bbox 2554 1260 2713 1327; x_wconf 84' lang='grc' dir='ltr'>Θεοῦ,</span> <span class='ocrx_word' id='word_1_399' title='bbox 2742 1261 2864 1331; x_wconf 77' lang='grc' dir='ltr'>ἢδι’</span> <span class='ocrx_word' id='word_1_400' title='bbox 2895 1262 3085 1331; x_wconf 83' lang='grc' dir='ltr'>ἐτέρου</span> <span class='ocrx_word' id='word_1_401' title='bbox 3121 1264 3679 1334; x_wconf 68' lang='grc' dir='ltr'>νυμφοστολήοωμεν</span> 
     </span>
    </p>
   </div>
   <div class='ocr_carea' id='block_1_59' title="bbox 2081 1353 3683 1427">
    <p class='ocr_par' dir='ltr' id='par_1_59' title="bbox 2081 1353 3683 1427">
     <span class='ocr_line' id='line_1_59' title="bbox 2081 1353 3683 1427; baseline 0.001 -20"><span class='ocrx_word' id='word_1_402' title='bbox 2081 1354 2472 1427; x_wconf 74' lang='grc' dir='ltr'>ἐπιστήμονος,</span> <span class='ocrx_word' id='word_1_403' title='bbox 2503 1353 2638 1408; x_wconf 86' lang='grc' dir='ltr'><strong>ἀλλά</strong></span> <span class='ocrx_word' id='word_1_404' title='bbox 2678 1353 2776 1407; x_wconf 71' lang='grc' dir='ltr'>καὶ</span> <span class='ocrx_word' id='word_1_405' title='bbox 2806 1354 2858 1406; x_wconf 78' lang='grc' dir='ltr'><strong>εἴ</strong></span> <span class='ocrx_word' id='word_1_406' title='bbox 2887 1371 2969 1418; x_wconf 70' lang='grc' dir='ltr'><strong>τις</strong></span> <span class='ocrx_word' id='word_1_407' title='bbox 3048 1355 3342 1426; x_wconf 74' lang='grc' dir='ltr'><strong>ἐπιφανείη</strong></span> <span class='ocrx_word' id='word_1_408' title='bbox 3395 1357 3683 1424; x_wconf 77' lang='grc' dir='ltr'>ἐπαγγελ-</span> 
     </span>
    </p>
   </div>
   <div class='ocr_carea' id='block_1_60' title="bbox 2079 1449 3679 1521">
    <p class='ocr_par' dir='ltr' id='par_1_60' title="bbox 2079 1449 3679 1521">
     <span class='ocr_line' id='line_1_60' title="bbox 2079 1449 3679 1521; baseline 0.003 -19"><span class='ocrx_word' id='word_1_409' title='bbox 2079 1449 2310 1519; x_wconf 85' lang='grc' dir='ltr'>λόμενος</span> <span class='ocrx_word' id='word_1_410' title='bbox 2339 1451 2436 1504; x_wconf 77' lang='grc' dir='ltr'>καὶ</span> <span class='ocrx_word' id='word_1_411' title='bbox 2467 1451 2914 1521; x_wconf 74' lang='grc' dir='ltr'>προκαλούμενος</span> <span class='ocrx_word' id='word_1_412' title='bbox 2953 1453 3033 1512; x_wconf 85' lang='grc' dir='ltr'><strong>είς</strong></span> <span class='ocrx_word' id='word_1_413' title='bbox 3065 1451 3279 1520; x_wconf 81' lang='grc' dir='ltr'>θεοειδῆ</span> <span class='ocrx_word' id='word_1_414' title='bbox 3314 1453 3406 1504; x_wconf 73' lang='grc' dir='ltr'>καὶ</span> <span class='ocrx_word' id='word_1_415' title='bbox 3432 1453 3679 1520; x_wconf 81' lang='grc' dir='ltr'>θεοφεγ-</span> 
     </span>
    </p>
   </div>
   <div class='ocr_carea' id='block_1_61' title="bbox 2083 1541 3680 1616">
    <p class='ocr_par' dir='ltr' id='par_1_61' title="bbox 2083 1541 3680 1616">
     <span class='ocr_line' id='line_1_61' title="bbox 2083 1541 3680 1616; baseline 0.002 -21"><span class='ocrx_word' id='word_1_416' title='bbox 2083 1542 2156 1611; x_wconf 79' lang='grc' dir='ltr'>γῆ</span> <span class='ocrx_word' id='word_1_417' title='bbox 2191 1541 2493 1610; x_wconf 73' lang='grc' dir='ltr'>μόρφωσιν,</span> <span class='ocrx_word' id='word_1_418' title='bbox 2531 1543 2630 1596; x_wconf 68' lang='grc' dir='ltr'>εἴτ’</span> <span class='ocrx_word' id='word_1_419' title='bbox 2661 1541 2752 1596; x_wconf 85' lang='grc' dir='ltr'>οὖν</span> <span class='ocrx_word' id='word_1_420' title='bbox 2781 1543 3233 1616; x_wconf 69' lang='grc' dir='ltr'>μεταμόρφωσιν,</span> <span class='ocrx_word' id='word_1_421' title='bbox 3287 1545 3349 1598; x_wconf 81' lang='grc' dir='ltr'><strong>οὐ</strong></span> <span class='ocrx_word' id='word_1_422' title='bbox 3378 1545 3680 1615; x_wconf 78' lang='grc' dir='ltr'>προπηλα-</span> 
     </span>
    </p>
   </div>
   <div class='ocr_carea' id='block_1_62' title="bbox 2081 1638 3684 1713">
    <p class='ocr_par' dir='ltr' id='par_1_62' title="bbox 2081 1638 3684 1713">
     <span class='ocr_line' id='line_1_62' title="bbox 2081 1638 3684 1713; baseline 0.001 -22"><span class='ocrx_word' id='word_1_423' title='bbox 2081 1638 2851 1710; x_wconf 77' lang='grc' dir='ltr'>κίζομεν,ἥόστρακίζομεν,</span> <span class='ocrx_word' id='word_1_424' title='bbox 2887 1638 3024 1692; x_wconf 73' lang='grc' dir='ltr'>ἀλλὰ</span> <span class='ocrx_word' id='word_1_425' title='bbox 3080 1638 3177 1691; x_wconf 77' lang='grc' dir='ltr'>καὶ</span> <span class='ocrx_word' id='word_1_426' title='bbox 3238 1639 3490 1713; x_wconf 63' lang='grc' dir='ltr'>ξιφήρεις</span> <span class='ocrx_word' id='word_1_427' title='bbox 3549 1641 3684 1693; x_wconf 73' lang='grc' dir='ltr'>ἐπι-ο</span> 
     </span>
    </p>
   </div>
   <div class='ocr_carea' id='block_1_63' title="bbox 2079 1728 3680 1806">
    <p class='ocr_par' dir='ltr' id='par_1_63' title="bbox 2079 1728 3680 1806">
     <span class='ocr_line' id='line_1_63' title="bbox 2079 1728 3680 1806; baseline 0.003 -22"><span class='ocrx_word' id='word_1_428' title='bbox 2079 1733 2389 1802; x_wconf 75' lang='grc' dir='ltr'>τρέχοντες,</span> <span class='ocrx_word' id='word_1_429' title='bbox 2417 1731 2698 1803; x_wconf 82' lang='grc' dir='ltr'>ἀχρειοῦν,</span> <span class='ocrx_word' id='word_1_430' title='bbox 2733 1735 2893 1804; x_wconf 80' lang='grc' dir='ltr'>εἴπερ</span> <span class='ocrx_word' id='word_1_431' title='bbox 2942 1728 3056 1787; x_wconf 72' lang='grc' dir='ltr'>οἷόν</span> <span class='ocrx_word' id='word_1_432' title='bbox 3113 1753 3170 1788; x_wconf 85' lang='grc' dir='ltr'><strong>τε</strong></span> <span class='ocrx_word' id='word_1_433' title='bbox 3194 1730 3282 1806; x_wconf 78' lang='grc' dir='ltr'>ἦν,</span> <span class='ocrx_word' id='word_1_434' title='bbox 3313 1737 3620 1805; x_wconf 74' lang='grc' dir='ltr'><strong>γλιχόμεθα</strong></span> <span class='ocrx_word' id='word_1_435' title='bbox 3658 1754 3680 1800; x_wconf 87' lang='lat'><strong>;</strong></span> 
     </span>
    </p>
   </div>
   <div class='ocr_carea' id='block_1_64' title="bbox 2082 1822 3686 1896">
    <p class='ocr_par' dir='ltr' id='par_1_64' title="bbox 2082 1822 3686 1896">
     <span class='ocr_line' id='line_1_64' title="bbox 2082 1822 3686 1896; baseline 0.003 -23"><span class='ocrx_word' id='word_1_436' title='bbox 2082 1823 2194 1876; x_wconf 61' lang='grc' dir='ltr'><strong>Κα)⁵</strong></span> <span class='ocrx_word' id='word_1_437' title='bbox 2246 1822 2442 1876; x_wconf 78' lang='grc' dir='ltr'>ἅπασα</span> <span class='ocrx_word' id='word_1_438' title='bbox 2489 1822 2592 1890; x_wconf 74' lang='grc' dir='ltr'><strong>μὲν</strong></span> <span class='ocrx_word' id='word_1_439' title='bbox 2643 1822 2806 1893; x_wconf 81' lang='grc' dir='ltr'><strong>τέχνη</strong></span> <span class='ocrx_word' id='word_1_440' title='bbox 2863 1823 3153 1892; x_wconf 81' lang='grc' dir='ltr'>στέργεται</span> <span class='ocrx_word' id='word_1_441' title='bbox 3210 1826 3341 1895; x_wconf 81' lang='grc' dir='ltr'>παρ’</span> <span class='ocrx_word' id='word_1_442' title='bbox 3371 1827 3506 1896; x_wconf 72' lang='grc' dir='ltr'>ἡμῖν</span> <span class='ocrx_word' id='word_1_443' title='bbox 3575 1828 3686 1878; x_wconf 70' lang='grc' dir='ltr'><strong>καὶ</strong></span> 
     </span>
    </p>
   </div>
   <div class='ocr_carea' id='block_1_65' title="bbox 2079 1914 3684 1988">
    <p class='ocr_par' dir='ltr' id='par_1_65' title="bbox 2079 1914 3684 1988">
     <span class='ocr_line' id='line_1_65' title="bbox 2079 1914 3684 1988; baseline 0.003 -22"><span class='ocrx_word' id='word_1_444' title='bbox 2079 1914 2417 1984; x_wconf 69' lang='grc' dir='ltr'>ἐγκρίνεται,</span> <span class='ocrx_word' id='word_1_445' title='bbox 2451 1915 2548 1968; x_wconf 72' lang='grc' dir='ltr'>καὶ</span> <span class='ocrx_word' id='word_1_446' title='bbox 2575 1917 2636 1969; x_wconf 87' lang='grc' dir='ltr'><strong>ού</strong></span> <span class='ocrx_word' id='word_1_447' title='bbox 2667 1915 3023 1986; x_wconf 83' lang='grc' dir='ltr'>διακρίνομεν</span> <span class='ocrx_word' id='word_1_448' title='bbox 3069 1916 3350 1986; x_wconf 82' lang='grc' dir='ltr'>οὐδεμίαν·</span> <span class='ocrx_word' id='word_1_449' title='bbox 3378 1921 3408 1988; x_wconf 77' lang='grc' dir='ltr'><strong>ἡ</strong></span> <span class='ocrx_word' id='word_1_450' title='bbox 3439 1918 3496 1971; x_wconf 82' lang='grc' dir='ltr'>δὲ</span> <span class='ocrx_word' id='word_1_451' title='bbox 3525 1919 3684 1971; x_wconf 73' lang='grc' dir='ltr'>κατὰ</span> 
     </span>
    </p>
   </div>
   <div class='ocr_carea' id='block_1_66' title="bbox 2078 2006 3686 2079">
    <p class='ocr_par' dir='ltr' id='par_1_66' title="bbox 2078 2006 3686 2079">
     <span class='ocr_line' id='line_1_66' title="bbox 2078 2006 3686 2079; baseline 0.002 -21"><span class='ocrx_word' id='word_1_452' title='bbox 2078 2006 2427 2060; x_wconf 78' lang='grc' dir='ltr'>διδασκαλίαν</span> <span class='ocrx_word' id='word_1_453' title='bbox 2486 2007 2632 2077; x_wconf 74' lang='grc' dir='ltr'>ψυχῇ</span> <span class='ocrx_word' id='word_1_454' title='bbox 2687 2007 3008 2077; x_wconf 84' lang='grc' dir='ltr'>πρέπουσαν</span> <span class='ocrx_word' id='word_1_455' title='bbox 3068 2009 3431 2079; x_wconf 78' lang='grc' dir='ltr'>ἀποκρίνεται</span> <span class='ocrx_word' id='word_1_456' title='bbox 3485 2009 3686 2079; x_wconf 79' lang='grc' dir='ltr'>βαλλο-</span> 
     </span>
    </p>
   </div>
   <div class='ocr_carea' id='block_1_67' title="bbox 2083 2098 3682 2172">
    <p class='ocr_par' dir='ltr' id='par_1_67' title="bbox 2083 2098 3682 2172">
     <span class='ocr_line' id='line_1_67' title="bbox 2083 2098 3682 2172; baseline 0.003 -21"><span class='ocrx_word' id='word_1_457' title='bbox 2083 2099 2220 2168; x_wconf 81' lang='grc' dir='ltr'>μένη</span> <span class='ocrx_word' id='word_1_458' title='bbox 2249 2098 2470 2169; x_wconf 83' lang='grc' dir='ltr'>μακρὰν</span> <span class='ocrx_word' id='word_1_459' title='bbox 2521 2098 2579 2165; x_wconf 79' lang='grc' dir='ltr'><strong>ἐξ</strong></span> <span class='ocrx_word' id='word_1_460' title='bbox 2615 2099 2797 2168; x_wconf 84' lang='grc' dir='ltr'>ἡμῶν,</span> <span class='ocrx_word' id='word_1_461' title='bbox 2855 2101 2946 2163; x_wconf 80' lang='grc' dir='ltr'><strong>είς</strong></span> <span class='ocrx_word' id='word_1_462' title='bbox 2962 2101 3085 2170; x_wconf 64' lang='grc' dir='ltr'>οὐχ).</span> <span class='ocrx_word' id='word_1_463' title='bbox 3115 2100 3360 2171; x_wconf 81' lang='grc' dir='ltr'>κόρακας</span> <span class='ocrx_word' id='word_1_464' title='bbox 3395 2101 3428 2171; x_wconf 87' lang='grc' dir='ltr'><strong>ῆ</strong></span> <span class='ocrx_word' id='word_1_465' title='bbox 3462 2103 3682 2172; x_wconf 77' lang='grc' dir='ltr'>πέτρας</span> 
     </span>
    </p>
   </div>
   <div class='ocr_carea' id='block_1_68' title="bbox 2077 2193 3682 2267">
    <p class='ocr_par' dir='ltr' id='par_1_68' title="bbox 2077 2193 3682 2267">
     <span class='ocr_line' id='line_1_68' title="bbox 2077 2193 3682 2267; baseline 0.001 -21"><span class='ocrx_word' id='word_1_466' title='bbox 2077 2193 2500 2263; x_wconf 81' lang='grc' dir='ltr'>ἀποκρήμνους,</span> <span class='ocrx_word' id='word_1_467' title='bbox 2550 2193 2676 2247; x_wconf 87' lang='grc' dir='ltr'>ὃθεν</span> <span class='ocrx_word' id='word_1_468' title='bbox 2730 2194 3115 2262; x_wconf 79' lang='grc' dir='ltr'>ἐπανασωθείη</span> <span class='ocrx_word' id='word_1_469' title='bbox 3171 2195 3238 2248; x_wconf 84' lang='grc' dir='ltr'>ἂν</span> <span class='ocrx_word' id='word_1_470' title='bbox 3297 2195 3429 2250; x_wconf 78' lang='grc' dir='ltr'>ἴσως</span> <span class='ocrx_word' id='word_1_471' title='bbox 3491 2197 3682 2267; x_wconf 80' lang='grc' dir='ltr'>χρόνῳ</span> 
     </span>
    </p>
   </div>
   <div class='ocr_carea' id='block_1_69' title="bbox 2079 2285 3682 2360">
    <p class='ocr_par' dir='ltr' id='par_1_69' title="bbox 2079 2285 3682 2360">
     <span class='ocr_line' id='line_1_69' title="bbox 2079 2285 3682 2360; baseline 0.004 -22"><span class='ocrx_word' id='word_1_472' title='bbox 2079 2287 2236 2351; x_wconf 80' lang='grc' dir='ltr'>ποτὲ,</span> <span class='ocrx_word' id='word_1_473' title='bbox 2267 2287 2403 2340; x_wconf 89' lang='grc' dir='ltr'><strong>ἀλλά</strong></span> <span class='ocrx_word' id='word_1_474' title='bbox 2432 2287 2491 2350; x_wconf 79' lang='grc' dir='ltr'>ἐς</span> <span class='ocrx_word' id='word_1_475' title='bbox 2538 2285 2700 2357; x_wconf 83' lang='grc' dir='ltr'>βυθὸν</span> <span class='ocrx_word' id='word_1_476' title='bbox 2729 2287 2900 2358; x_wconf 81' lang='grc' dir='ltr'>λήθης</span> <span class='ocrx_word' id='word_1_477' title='bbox 2947 2287 3222 2360; x_wconf 76' lang='grc' dir='ltr'>ἀφιεμένη</span> <span class='ocrx_word' id='word_1_478' title='bbox 3287 2286 3682 2358; x_wconf 73' lang='grc' dir='ltr'>βαπτίζεσθαι,</span> 
     </span>
    </p>
   </div>
   <div class='ocr_carea' id='block_1_70' title="bbox 2079 2379 2770 2452">
    <p class='ocr_par' dir='ltr' id='par_1_70' title="bbox 2079 2379 2770 2452">
     <span class='ocr_line' id='line_1_70' title="bbox 2079 2379 2770 2452; baseline 0.004 -21"><span class='ocrx_word' id='word_1_479' title='bbox 2079 2379 2154 2444; x_wconf 87' lang='grc' dir='ltr'>ὼς</span> <span class='ocrx_word' id='word_1_480' title='bbox 2193 2379 2269 2452; x_wconf 66' lang='grc' dir='ltr'>μὴ</span> <span class='ocrx_word' id='word_1_481' title='bbox 2300 2379 2448 2450; x_wconf 78' lang='grc' dir='ltr'>ἔχειν</span> <span class='ocrx_word' id='word_1_482' title='bbox 2480 2380 2770 2450; x_wconf 68' lang='grc' dir='ltr'><strong>ἐκιριινσινρ</strong></span> 
     </span>
    </p>
   </div>
   <div class='ocr_carea' id='block_1_71' title="bbox 2152 2560 3687 2633">
    <p class='ocr_par' dir='ltr' id='par_1_71' title="bbox 2152 2560 3687 2633">
     <span class='ocr_line' id='line_1_71' title="bbox 2152 2560 3687 2633; baseline 0.002 -18"><span class='ocrx_word' id='word_1_483' title='bbox 2152 2560 2260 2632; x_wconf 75' lang='grc' dir='ltr'>μθ¹.</span> <span class='ocrx_word' id='word_1_484' title='bbox 2301 2562 2474 2632; x_wconf 78' lang='grc' dir='ltr'>Βουλὴ</span> <span class='ocrx_word' id='word_1_485' title='bbox 2507 2562 2564 2616; x_wconf 75' lang='grc' dir='ltr'>δὲ</span> <span class='ocrx_word' id='word_1_486' title='bbox 2595 2561 2786 2616; x_wconf 74' lang='grc' dir='ltr'>ἅπασα</span> <span class='ocrx_word' id='word_1_487' title='bbox 2823 2561 2918 2614; x_wconf 74' lang='grc' dir='ltr'>καὶ</span> <span class='ocrx_word' id='word_1_488' title='bbox 2971 2561 3251 2633; x_wconf 75' lang='grc' dir='ltr'>συμϐουλὴ</span> <span class='ocrx_word' id='word_1_489' title='bbox 3288 2562 3381 2616; x_wconf 75' lang='grc' dir='ltr'><strong>καὶ</strong></span> <span class='ocrx_word' id='word_1_490' title='bbox 3406 2564 3687 2618; x_wconf 84' lang='grc' dir='ltr'>διδασκα-</span> 
     </span>
    </p>
   </div>
   <div class='ocr_carea' id='block_1_72' title="bbox 2079 2656 3689 2728">
    <p class='ocr_par' dir='ltr' id='par_1_72' title="bbox 2079 2656 3689 2728">
     <span class='ocr_line' id='line_1_72' title="bbox 2079 2656 3689 2728; baseline 0.001 -17"><span class='ocrx_word' id='word_1_491' title='bbox 2079 2660 2204 2726; x_wconf 81' lang='grc' dir='ltr'>λικὴ</span> <span class='ocrx_word' id='word_1_492' title='bbox 2233 2659 2494 2728; x_wconf 74' lang='grc' dir='ltr'>ἁρμονία,</span> <span class='ocrx_word' id='word_1_493' title='bbox 2553 2658 2861 2710; x_wconf 76' lang='grc' dir='ltr'>συνιστῶσα</span> <span class='ocrx_word' id='word_1_494' title='bbox 2906 2657 3021 2726; x_wconf 89' lang='grc' dir='ltr'>βίον</span> <span class='ocrx_word' id='word_1_495' title='bbox 3081 2656 3282 2725; x_wconf 72' lang='grc' dir='ltr'>ὀρθὸν,</span> <span class='ocrx_word' id='word_1_496' title='bbox 3347 2660 3440 2710; x_wconf 74' lang='grc' dir='ltr'><strong>καὶ</strong></span> <span class='ocrx_word' id='word_1_497' title='bbox 3486 2662 3689 2728; x_wconf 73' lang='grc' dir='ltr'>νόμοις</span> 
     </span>
    </p>
   </div>
   <div class='ocr_carea' id='block_1_73' title="bbox 2079 2749 3689 2821">
    <p class='ocr_par' dir='ltr' id='par_1_73' title="bbox 2079 2749 3689 2821">
     <span class='ocr_line' id='line_1_73' title="bbox 2079 2749 3689 2821; baseline -0.001 -17"><span class='ocrx_word' id='word_1_498' title='bbox 2079 2751 2452 2821; x_wconf 70' lang='grc' dir='ltr'>ἐπικουροῦσα</span> <span class='ocrx_word' id='word_1_499' title='bbox 2501 2751 2598 2803; x_wconf 75' lang='grc' dir='ltr'>καὶ</span> <span class='ocrx_word' id='word_1_500' title='bbox 2629 2749 3149 2820; x_wconf 75' lang='grc' dir='ltr'>συλλαμϐανομένη,</span> <span class='ocrx_word' id='word_1_501' title='bbox 3208 2751 3398 2803; x_wconf 77' lang='grc' dir='ltr'>κανόσι</span> <span class='ocrx_word' id='word_1_502' title='bbox 3463 2762 3689 2820; x_wconf 78' lang='grc' dir='ltr'>κατηρ-</span> 
     </span>
    </p>
   </div>
   <div class='ocr_carea' id='block_1_74' title="bbox 2078 2842 3688 2915">
    <p class='ocr_par' dir='ltr' id='par_1_74' title="bbox 2078 2842 3688 2915">
     <span class='ocr_line' id='line_1_74' title="bbox 2078 2842 3688 2915; baseline 0 -19"><span class='ocrx_word' id='word_1_503' title='bbox 2078 2862 2296 2915; x_wconf 80' lang='grc' dir='ltr'><strong>γηνται⁸</strong></span> <span class='ocrx_word' id='word_1_504' title='bbox 2331 2845 2760 2914; x_wconf 78' lang='grc' dir='ltr'>ἀντιπράττεται</span> <span class='ocrx_word' id='word_1_505' title='bbox 2795 2845 2851 2896; x_wconf 82' lang='grc' dir='ltr'><strong>δὲ</strong></span> <span class='ocrx_word' id='word_1_506' title='bbox 2879 2845 2986 2896; x_wconf 81' lang='grc' dir='ltr'><strong>πᾶν</strong></span> <span class='ocrx_word' id='word_1_507' title='bbox 3013 2842 3305 2896; x_wconf 74' lang='grc' dir='ltr'>ἐπίϐουλον</span> <span class='ocrx_word' id='word_1_508' title='bbox 3358 2845 3452 2897; x_wconf 72' lang='grc' dir='ltr'><strong>καὶ</strong></span> <span class='ocrx_word' id='word_1_509' title='bbox 3496 2847 3528 2913; x_wconf 80' lang='grc' dir='ltr'>ἡ</span> <span class='ocrx_word' id='word_1_510' title='bbox 3574 2844 3688 2897; x_wconf 78' lang='grc' dir='ltr'>σύ-</span> 
     </span>
    </p>
   </div>
   <div class='ocr_carea' id='block_1_75' title="bbox 2086 2934 3689 3005">
    <p class='ocr_par' dir='ltr' id='par_1_75' title="bbox 2086 2934 3689 3005">
     <span class='ocr_line' id='line_1_75' title="bbox 2086 2934 3689 3005; baseline 0.001 -17"><span class='ocrx_word' id='word_1_511' title='bbox 2086 2935 2266 3002; x_wconf 79' lang='grc' dir='ltr'>ναξις,</span> <span class='ocrx_word' id='word_1_512' title='bbox 2296 2934 2440 3005; x_wconf 72' lang='grc' dir='ltr'>οὐχὶ,</span> <span class='ocrx_word' id='word_1_513' title='bbox 2468 2935 2588 2998; x_wconf 77' lang='grc' dir='ltr'>πῶς</span> <span class='ocrx_word' id='word_1_514' title='bbox 2622 2935 2690 2988; x_wconf 83' lang='grc' dir='ltr'><strong>ἂν</strong></span> <span class='ocrx_word' id='word_1_515' title='bbox 2718 2934 2780 2988; x_wconf 78' lang='grc' dir='ltr'>τὸ</span> <span class='ocrx_word' id='word_1_516' title='bbox 2807 2935 2988 2988; x_wconf 79' lang='grc' dir='ltr'>κοινὸν</span> <span class='ocrx_word' id='word_1_517' title='bbox 3013 2934 3232 3005; x_wconf 79' lang='grc' dir='ltr'>σωθείη,</span> <span class='ocrx_word' id='word_1_518' title='bbox 3277 2935 3413 2988; x_wconf 85' lang='grc' dir='ltr'><strong>ἀλλά</strong></span> <span class='ocrx_word' id='word_1_519' title='bbox 3459 2937 3576 2999; x_wconf 84' lang='grc' dir='ltr'>πῶς</span> <span class='ocrx_word' id='word_1_520' title='bbox 3607 2938 3689 2989; x_wconf 78' lang='grc' dir='ltr'><strong>ἂν</strong></span> 
     </span>
    </p>
   </div>
   <div class='ocr_carea' id='block_1_76' title="bbox 2086 3027 3685 3099">
    <p class='ocr_par' dir='ltr' id='par_1_76' title="bbox 2086 3027 3685 3099">
     <span class='ocr_line' id='line_1_76' title="bbox 2086 3027 3685 3099; baseline -0.003 -17"><span class='ocrx_word' id='word_1_521' title='bbox 2086 3031 2112 3082; x_wconf 85' lang='grc' dir='ltr'>ὁ</span> <span class='ocrx_word' id='word_1_522' title='bbox 2141 3030 2349 3087; x_wconf 85' lang='grc' dir='ltr'>δίκαιος</span> <span class='ocrx_word' id='word_1_523' title='bbox 2386 3028 2508 3098; x_wconf 79' lang='grc' dir='ltr'>μὲν,</span> <span class='ocrx_word' id='word_1_524' title='bbox 2541 3027 2882 3098; x_wconf 77' lang='grc' dir='ltr'>δύσχρηστος</span> <span class='ocrx_word' id='word_1_525' title='bbox 2909 3027 2984 3092; x_wconf 82' lang='grc' dir='ltr'><strong>δὲ,</strong></span> <span class='ocrx_word' id='word_1_526' title='bbox 3014 3028 3423 3099; x_wconf 78' lang='grc' dir='ltr'>καταπονηθείη</span> <span class='ocrx_word' id='word_1_527' title='bbox 3450 3028 3685 3096; x_wconf 78' lang='grc' dir='ltr'>δεσμῷ,</span> 
     </span>
    </p>
   </div>
   <div class='ocr_carea' id='block_1_77' title="bbox 2089 3119 3690 3189">
    <p class='ocr_par' dir='ltr' id='par_1_77' title="bbox 2089 3119 3690 3189">
     <span class='ocr_line' id='line_1_77' title="bbox 2089 3119 3690 3189; baseline -0.002 -15"><span class='ocrx_word' id='word_1_528' title='bbox 2089 3122 2233 3174; x_wconf 77' lang='grc' dir='ltr'>καὶὸ</span> <span class='ocrx_word' id='word_1_529' title='bbox 2263 3119 2588 3181; x_wconf 72' lang='grc' dir='ltr'>διδάσκαλος</span> <span class='ocrx_word' id='word_1_530' title='bbox 2653 3119 2983 3189; x_wconf 78' lang='grc' dir='ltr'>μεταμάθοι.</span> <span class='ocrx_word' id='word_1_531' title='bbox 3053 3120 3088 3175; x_wconf 84' lang='grc' dir='ltr'><strong>ἀ</strong></span> <span class='ocrx_word' id='word_1_532' title='bbox 3122 3119 3230 3174; x_wconf 75' lang='grc' dir='ltr'>καὶ</span> <span class='ocrx_word' id='word_1_533' title='bbox 3281 3121 3444 3182; x_wconf 81' lang='grc' dir='ltr'>αὐτὸς</span> <span class='ocrx_word' id='word_1_534' title='bbox 3494 3119 3690 3182; x_wconf 77' lang='grc' dir='ltr'>καλῶς</span> 
     </span>
    </p>
   </div>
   <div class='ocr_carea' id='block_1_78' title="bbox 2084 3211 3692 3284">
    <p class='ocr_par' dir='ltr' id='par_1_78' title="bbox 2084 3211 3692 3284">
     <span class='ocr_line' id='line_1_78' title="bbox 2084 3211 3692 3284; baseline -0.003 -16"><span class='ocrx_word' id='word_1_535' title='bbox 2084 3214 2413 3275; x_wconf 82' lang='grc' dir='ltr'>δεδίδακται,</span> <span class='ocrx_word' id='word_1_536' title='bbox 2445 3215 2540 3267; x_wconf 61' lang='grc' dir='ltr'><strong>καλ⁸</strong></span> <span class='ocrx_word' id='word_1_537' title='bbox 2563 3213 2790 3284; x_wconf 71' lang='grc' dir='ltr'>ἑτέρους</span> <span class='ocrx_word' id='word_1_538' title='bbox 2823 3214 3028 3283; x_wconf 81' lang='grc' dir='ltr'>ὁμοίως</span> <span class='ocrx_word' id='word_1_539' title='bbox 3062 3213 3340 3267; x_wconf 77' lang='grc' dir='ltr'>διδάσκειν</span> <span class='ocrx_word' id='word_1_540' title='bbox 3373 3211 3692 3283; x_wconf 74' lang='grc' dir='ltr'>προϐέϐλη-</span> 
     </span>
    </p>
   </div>
   <div class='ocr_carea' id='block_1_79' title="bbox 2084 3306 3689 3378">
    <p class='ocr_par' dir='ltr' id='par_1_79' title="bbox 2084 3306 3689 3378">
     <span class='ocr_line' id='line_1_79' title="bbox 2084 3306 3689 3378; baseline 0 -18"><span class='ocrx_word' id='word_1_541' title='bbox 2084 3325 2197 3371; x_wconf 86' lang='grc' dir='ltr'>ται,</span> <span class='ocrx_word' id='word_1_542' title='bbox 2230 3308 2326 3360; x_wconf 72' lang='grc' dir='ltr'>καὶ</span> <span class='ocrx_word' id='word_1_543' title='bbox 2351 3309 2379 3360; x_wconf 84' lang='grc' dir='ltr'><strong>ὁ</strong></span> <span class='ocrx_word' id='word_1_544' title='bbox 2407 3306 2546 3360; x_wconf 85' lang='grc' dir='ltr'><strong>κατά</strong></span> <span class='ocrx_word' id='word_1_545' title='bbox 2580 3306 2727 3360; x_wconf 76' lang='grc' dir='ltr'>θεῖον</span> <span class='ocrx_word' id='word_1_546' title='bbox 2775 3306 2996 3375; x_wconf 82' lang='grc' dir='ltr'>πνεῦμα</span> <span class='ocrx_word' id='word_1_547' title='bbox 3023 3307 3206 3378; x_wconf 82' lang='grc' dir='ltr'>πατὴρ</span> <span class='ocrx_word' id='word_1_548' title='bbox 3259 3308 3319 3361; x_wconf 83' lang='grc' dir='ltr'><strong>ού</strong></span> <span class='ocrx_word' id='word_1_549' title='bbox 3371 3308 3510 3377; x_wconf 70' lang='grc' dir='ltr'>πρὸς</span> <span class='ocrx_word' id='word_1_550' title='bbox 3561 3307 3689 3360; x_wconf 78' lang='grc' dir='ltr'>υίὺν</span> 
     </span>
    </p>
   </div>
   <div class='ocr_carea' id='block_1_80' title="bbox 2088 3399 3691 3472">
    <p class='ocr_par' dir='ltr' id='par_1_80' title="bbox 2088 3399 3691 3472">
     <span class='ocr_line' id='line_1_80' title="bbox 2088 3399 3691 3472; baseline 0 -18"><span class='ocrx_word' id='word_1_551' title='bbox 2088 3399 2430 3472; x_wconf 76' lang='grc' dir='ltr'>ἐκστραφείη</span> <span class='ocrx_word' id='word_1_552' title='bbox 2469 3399 2645 3468; x_wconf 76' lang='grc' dir='ltr'>(οὖπω</span> <span class='ocrx_word' id='word_1_553' title='bbox 2685 3399 2793 3468; x_wconf 80' lang='grc' dir='ltr'>γὰρ</span> <span class='ocrx_word' id='word_1_554' title='bbox 2830 3399 2989 3454; x_wconf 77' lang='grc' dir='ltr'>τοῦτο</span> <span class='ocrx_word' id='word_1_555' title='bbox 3014 3402 3156 3470; x_wconf 79' lang='grc' dir='ltr'>μέγα</span> <span class='ocrx_word' id='word_1_556' title='bbox 3190 3402 3408 3468; x_wconf 69' lang='grc' dir='ltr'>κακὸν),</span> <span class='ocrx_word' id='word_1_557' title='bbox 3447 3400 3566 3453; x_wconf 81' lang='grc' dir='ltr'>ἀλλ’</span> <span class='ocrx_word' id='word_1_558' title='bbox 3597 3403 3691 3463; x_wconf 83' lang='grc' dir='ltr'><strong>είς</strong></span> 
     </span>
    </p>
   </div>
   <div class='ocr_carea' id='block_1_81' title="bbox 2087 3491 3686 3563">
    <p class='ocr_par' dir='ltr' id='par_1_81' title="bbox 2087 3491 3686 3563">
     <span class='ocr_line' id='line_1_81' title="bbox 2087 3491 3686 3563; baseline 0.001 -19"><span class='ocrx_word' id='word_1_559' title='bbox 2087 3493 2274 3546; x_wconf 80' lang='grc' dir='ltr'>δοῦλον</span> <span class='ocrx_word' id='word_1_560' title='bbox 2296 3494 2515 3562; x_wconf 82' lang='grc' dir='ltr'>ἀχρεῖον</span> <span class='ocrx_word' id='word_1_561' title='bbox 2556 3492 2876 3562; x_wconf 77' lang='grc' dir='ltr'>έγγραιρείη</span> <span class='ocrx_word' id='word_1_562' title='bbox 2908 3492 2999 3545; x_wconf 75' lang='grc' dir='ltr'>διὰ</span> <span class='ocrx_word' id='word_1_563' title='bbox 3042 3491 3284 3562; x_wconf 82' lang='grc' dir='ltr'>πονηροῦ</span> <span class='ocrx_word' id='word_1_564' title='bbox 3331 3492 3686 3563; x_wconf 84' lang='grc' dir='ltr'>πνεύματος,</span> 
     </span>
    </p>
   </div>
   <div class='ocr_carea' id='block_1_82' title="bbox 2091 3581 3552 3655">
    <p class='ocr_par' dir='ltr' id='par_1_82' title="bbox 2091 3581 3552 3655">
     <span class='ocr_line' id='line_1_82' title="bbox 2091 3581 3552 3655; baseline 0.001 -19"><span class='ocrx_word' id='word_1_565' title='bbox 2091 3585 2186 3636; x_wconf 69' lang='grc' dir='ltr'><strong>καὶ</strong></span> <span class='ocrx_word' id='word_1_566' title='bbox 2207 3588 2234 3637; x_wconf 79' lang='grc'>6</span> <span class='ocrx_word' id='word_1_567' title='bbox 2264 3584 2568 3645; x_wconf 73' lang='grc' dir='ltr'>ἐπίσκοπος</span> <span class='ocrx_word' id='word_1_568' title='bbox 2599 3581 2846 3636; x_wconf 79' lang='grc' dir='ltr'>ἄσκοπόν</span> <span class='ocrx_word' id='word_1_569' title='bbox 2876 3599 2932 3636; x_wconf 85' lang='grc' dir='ltr'><strong>τι</strong></span> <span class='ocrx_word' id='word_1_570' title='bbox 2961 3583 3110 3655; x_wconf 80' lang='grc' dir='ltr'>πάθῃ</span> <span class='ocrx_word' id='word_1_571' title='bbox 3144 3586 3238 3637; x_wconf 74' lang='grc' dir='ltr'><strong>καὶ</strong></span> <span class='ocrx_word' id='word_1_572' title='bbox 3271 3585 3552 3639; x_wconf 83' lang='grc' dir='ltr'>ἀπαίσιον.</span> 
     </span>
    </p>
   </div>
   <div class='ocr_carea' id='block_1_83' title="bbox 2164 3675 3703 3747">
    <p class='ocr_par' dir='ltr' id='par_1_83' title="bbox 2164 3675 3703 3747">
     <span class='ocr_line' id='line_1_83' title="bbox 2164 3675 3703 3747; baseline 0.002 -18"><span class='ocrx_word' id='word_1_573' title='bbox 2164 3676 2230 3730; x_wconf 87' lang='grc' dir='ltr'><strong>ν’.</strong></span> <span class='ocrx_word' id='word_1_574' title='bbox 2263 3677 2376 3730; x_wconf 87' lang='grc' dir='ltr'>Ούκ</span> <span class='ocrx_word' id='word_1_575' title='bbox 2405 3675 2516 3746; x_wconf 85' lang='grc' dir='ltr'>ἄρα</span> <span class='ocrx_word' id='word_1_576' title='bbox 2545 3675 2925 3741; x_wconf 77' lang='grc' dir='ltr'>ὑπακούομεν,</span> <span class='ocrx_word' id='word_1_577' title='bbox 2991 3676 3115 3730; x_wconf 67' lang='grc' dir='ltr'>οὑδὲ</span> <span class='ocrx_word' id='word_1_578' title='bbox 3151 3677 3432 3747; x_wconf 75' lang='grc' dir='ltr'>ὑποταγὴν</span> <span class='ocrx_word' id='word_1_579' title='bbox 3479 3676 3703 3747; x_wconf 82' lang='grc' dir='ltr'>τηροῦ-</span> 
     </span>
    </p>
   </div>
   <div class='ocr_carea' id='block_1_84' title="bbox 2099 3767 3700 3838">
    <p class='ocr_par' dir='ltr' id='par_1_84' title="bbox 2099 3767 3700 3838">
     <span class='ocr_line' id='line_1_84' title="bbox 2099 3767 3700 3838; baseline 0.001 -18"><span class='ocrx_word' id='word_1_580' title='bbox 2099 3785 2197 3838; x_wconf 84' lang='grc' dir='ltr'><strong>μεν</strong></span> <span class='ocrx_word' id='word_1_581' title='bbox 2225 3767 2628 3837; x_wconf 76' lang='grc' dir='ltr'>πνευματικὴν,</span> <span class='ocrx_word' id='word_1_582' title='bbox 2665 3767 2786 3821; x_wconf 81' lang='grc' dir='ltr'>οὐδὲ</span> <span class='ocrx_word' id='word_1_583' title='bbox 2813 3767 2919 3821; x_wconf 69' lang='grc' dir='ltr'>ὑπὸ</span> <span class='ocrx_word' id='word_1_584' title='bbox 2942 3769 3218 3838; x_wconf 70' lang='grc' dir='ltr'>πατράσιν</span> <span class='ocrx_word' id='word_1_585' title='bbox 3248 3769 3438 3838; x_wconf 75' lang='grc' dir='ltr'>ἐσμέν,</span> <span class='ocrx_word' id='word_1_586' title='bbox 3495 3769 3592 3832; x_wconf 80' lang='grc' dir='ltr'><strong>οὓς</strong></span> <span class='ocrx_word' id='word_1_587' title='bbox 3629 3772 3700 3822; x_wconf 68' lang='grc' dir='ltr'>τὸ</span> 
     </span>
    </p>
   </div>
   <div class='ocr_carea' id='block_1_85' title="bbox 2097 3859 3699 3932">
    <p class='ocr_par' dir='ltr' id='par_1_85' title="bbox 2097 3859 3699 3932">
     <span class='ocr_line' id='line_1_85' title="bbox 2097 3859 3699 3932; baseline -0.002 -16"><span class='ocrx_word' id='word_1_588' title='bbox 2097 3862 2253 3929; x_wconf 75' lang='grc' dir='ltr'>ἅγιον</span> <span class='ocrx_word' id='word_1_589' title='bbox 2280 3859 2504 3930; x_wconf 83' lang='grc' dir='ltr'>Πνεῦμα</span> <span class='ocrx_word' id='word_1_590' title='bbox 2531 3860 2771 3928; x_wconf 83' lang='grc' dir='ltr'>δίδωσιν,</span> <span class='ocrx_word' id='word_1_591' title='bbox 2815 3860 2937 3914; x_wconf 78' lang='grc' dir='ltr'>οὐδὲ</span> <span class='ocrx_word' id='word_1_592' title='bbox 2967 3861 3248 3932; x_wconf 72' lang='grc' dir='ltr'>χρῄζομεν</span> <span class='ocrx_word' id='word_1_593' title='bbox 3277 3863 3472 3931; x_wconf 84' lang='grc' dir='ltr'>τέχνης</span> <span class='ocrx_word' id='word_1_594' title='bbox 3499 3861 3699 3914; x_wconf 79' lang='grc' dir='ltr'>διδασ-</span> 
     </span>
    </p>
   </div>
   <div class='ocr_carea' id='block_1_86' title="bbox 2097 3948 3696 4021">
    <p class='ocr_par' dir='ltr' id='par_1_86' title="bbox 2097 3948 3696 4021">
     <span class='ocr_line' id='line_1_86' title="bbox 2097 3948 3696 4021; baseline -0.002 -15"><span class='ocrx_word' id='word_1_595' title='bbox 2097 3951 2359 4021; x_wconf 80' lang='grc' dir='ltr'>καλικῆς.</span> <span class='ocrx_word' id='word_1_596' title='bbox 2398 3952 2490 4003; x_wconf 81' lang='grc' dir='ltr'>Διδ</span> <span class='ocrx_word' id='word_1_597' title='bbox 2529 3951 2625 4004; x_wconf 69' lang='grc' dir='ltr'>καὶ</span> <span class='ocrx_word' id='word_1_598' title='bbox 2669 3950 2955 4020; x_wconf 81' lang='grc' dir='ltr'>παροῦσαν</span> <span class='ocrx_word' id='word_1_599' title='bbox 2982 3951 3082 4020; x_wconf 80' lang='grc' dir='ltr'><strong>μὲν</strong></span> <span class='ocrx_word' id='word_1_600' title='bbox 3109 3948 3445 4018; x_wconf 81' lang='grc' dir='ltr'>ἐξωθοῦμεν,</span> <span class='ocrx_word' id='word_1_601' title='bbox 3491 3949 3566 4020; x_wconf 83' lang='grc' dir='ltr'>μὴ</span> <span class='ocrx_word' id='word_1_602' title='bbox 3593 3950 3696 4003; x_wconf 60' lang='grc' dir='ltr'><strong>οὒκ</strong></span> 
     </span>
    </p>
   </div>
   <div class='ocr_carea' id='block_1_87' title="bbox 2101 4040 3703 4113">
    <p class='ocr_par' dir='ltr' id='par_1_87' title="bbox 2101 4040 3703 4113">
     <span class='ocr_line' id='line_1_87' title="bbox 2101 4040 3703 4113; baseline -0.002 -15"><span class='ocrx_word' id='word_1_603' title='bbox 2101 4063 2200 4099; x_wconf 84' lang='grc' dir='ltr'><strong>σαν</strong></span> <span class='ocrx_word' id='word_1_604' title='bbox 2232 4045 2289 4099; x_wconf 79' lang='grc' dir='ltr'><strong>δὲ</strong></span> <span class='ocrx_word' id='word_1_605' title='bbox 2321 4044 2384 4097; x_wconf 84' lang='grc' dir='ltr'><strong>ού</strong></span> <span class='ocrx_word' id='word_1_606' title='bbox 2407 4043 2708 4113; x_wconf 73' lang='grc' dir='ltr'>ποθοῦμενο</span> <span class='ocrx_word' id='word_1_607' title='bbox 2737 4042 2765 4096; x_wconf 83' lang='grc' dir='ltr'><strong>δ</strong></span> <span class='ocrx_word' id='word_1_608' title='bbox 2787 4041 2852 4112; x_wconf 84' lang='grc' dir='ltr'>δὴ</span> <span class='ocrx_word' id='word_1_609' title='bbox 2884 4040 3088 4111; x_wconf 80' lang='grc' dir='ltr'>πάσχει</span> <span class='ocrx_word' id='word_1_610' title='bbox 3119 4042 3310 4096; x_wconf 73' lang='grc' dir='ltr'>ἅπασα</span> <span class='ocrx_word' id='word_1_611' title='bbox 3335 4042 3503 4111; x_wconf 78' lang='grc' dir='ltr'>τέχνη</span> <span class='ocrx_word' id='word_1_612' title='bbox 3535 4043 3703 4112; x_wconf 59' lang='lat' dir='ltr'><strong>rupi</strong></span> 
     </span>
    </p>
   </div>
   <div class='ocr_carea' id='block_1_88' title="bbox 2101 4135 3706 4210">
    <p class='ocr_par' dir='ltr' id='par_1_88' title="bbox 2101 4135 3706 4210">
     <span class='ocr_line' id='line_1_88' title="bbox 2101 4135 3706 4210; baseline -0.002 -17"><span class='ocrx_word' id='word_1_613' title='bbox 2101 4138 2434 4210; x_wconf 82' lang='grc' dir='ltr'>ἀνθρώποις,</span> <span class='ocrx_word' id='word_1_614' title='bbox 2471 4138 2522 4190; x_wconf 82' lang='grc' dir='ltr'>οἶ</span> <span class='ocrx_word' id='word_1_615' title='bbox 2559 4137 2729 4206; x_wconf 79' lang='grc' dir='ltr'>μηδὲν</span> <span class='ocrx_word' id='word_1_616' title='bbox 2767 4135 2938 4206; x_wconf 80' lang='grc' dir='ltr'>αὐτῆς</span> <span class='ocrx_word' id='word_1_617' title='bbox 2975 4135 3361 4204; x_wconf 88' lang='grc' dir='ltr'>προσδέονται.</span> <span class='ocrx_word' id='word_1_618' title='bbox 3401 4135 3496 4188; x_wconf 76' lang='grc' dir='ltr'>Διά</span> <span class='ocrx_word' id='word_1_619' title='bbox 3520 4135 3706 4190; x_wconf 79' lang='grc' dir='ltr'>ταῦτί</span> 
     </span>
    </p>
   </div>
   <div class='ocr_carea' id='block_1_89' title="bbox 2102 4228 3708 4301">
    <p class='ocr_par' dir='ltr' id='par_1_89' title="bbox 2102 4228 3708 4301">
     <span class='ocr_line' id='line_1_89' title="bbox 2102 4228 3708 4301; baseline -0.003 -16"><span class='ocrx_word' id='word_1_620' title='bbox 2102 4231 2235 4294; x_wconf 82' lang='grc' dir='ltr'>γοῦν</span> <span class='ocrx_word' id='word_1_621' title='bbox 2267 4235 2294 4285; x_wconf 83' lang='grc' dir='ltr'><strong>ὁ</strong></span> <span class='ocrx_word' id='word_1_622' title='bbox 2327 4234 2427 4301; x_wconf 80' lang='grc' dir='ltr'>τῆς</span> <span class='ocrx_word' id='word_1_623' title='bbox 2464 4230 2680 4299; x_wconf 77' lang='grc' dir='ltr'>φαύλης</span> <span class='ocrx_word' id='word_1_624' title='bbox 2729 4229 2937 4298; x_wconf 79' lang='grc' dir='ltr'>ταύτης</span> <span class='ocrx_word' id='word_1_625' title='bbox 2966 4228 3295 4291; x_wconf 80' lang='grc' dir='ltr'>ἀκολουθίας</span> <span class='ocrx_word' id='word_1_626' title='bbox 3323 4229 3514 4298; x_wconf 73' lang='grc' dir='ltr'>είρμδς</span> <span class='ocrx_word' id='word_1_627' title='bbox 3551 4233 3708 4300; x_wconf 57' lang='grc' dir='ltr'>παρκ</span> 
     </span>
    </p>
   </div>
   <div class='ocr_carea' id='block_1_90' title="bbox 2107 4321 3709 4396">
    <p class='ocr_par' dir='ltr' id='par_1_90' title="bbox 2107 4321 3709 4396">
     <span class='ocr_line' id='line_1_90' title="bbox 2107 4321 3709 4396; baseline -0.002 -18"><span class='ocrx_word' id='word_1_628' title='bbox 2107 4326 2358 4396; x_wconf 77' lang='grc' dir='ltr'>ρησιάζει</span> <span class='ocrx_word' id='word_1_629' title='bbox 2390 4326 2488 4378; x_wconf 74' lang='grc' dir='ltr'><strong>καὶ</strong></span> <span class='ocrx_word' id='word_1_630' title='bbox 2513 4325 2612 4376; x_wconf 76' lang='grc' dir='ltr'><strong>νῦν</strong></span> <span class='ocrx_word' id='word_1_631' title='bbox 2633 4325 2724 4374; x_wconf 77' lang='grc' dir='ltr'>τὸν</span> <span class='ocrx_word' id='word_1_632' title='bbox 2759 4321 3068 4390; x_wconf 78' lang='grc' dir='ltr'>παλαιγενῆ</span> <span class='ocrx_word' id='word_1_633' title='bbox 3125 4321 3369 4392; x_wconf 81' lang='grc' dir='ltr'>θηριώδη</span> <span class='ocrx_word' id='word_1_634' title='bbox 3401 4321 3520 4392; x_wconf 80' lang='grc' dir='ltr'>βίον</span> <span class='ocrx_word' id='word_1_635' title='bbox 3549 4324 3709 4375; x_wconf 79' lang='grc' dir='ltr'><strong>ἐκεί-</strong></span> 
     </span>
    </p>
   </div>
   <div class='ocr_carea' id='block_1_91' title="bbox 411 4394 1981 4482">
    <p class='ocr_par' dir='ltr' id='par_1_91' title="bbox 411 4410 1981 4482">
     <span class='ocr_line' id='line_1_91' title="bbox 411 4410 1981 4482; baseline -0.001 -14"><span class='ocrx_word' id='word_1_636' title='bbox 411 4411 556 4468; x_wconf 88' lang='lat' dir='ltr'><strong>illam</strong></span> <span class='ocrx_word' id='word_1_637' title='bbox 579 4410 746 4467; x_wconf 87' lang='lat' dir='ltr'><strong>vitam</strong></span> <span class='ocrx_word' id='word_1_638' title='bbox 767 4411 997 4466; x_wconf 78' lang='lat' dir='ltr'><strong>ferinam</strong></span> <span class='ocrx_word' id='word_1_639' title='bbox 1020 4413 1395 4482; x_wconf 87' lang='lat' dir='ltr'><strong>adspiremus,</strong></span> <span class='ocrx_word' id='word_1_640' title='bbox 1423 4411 1550 4468; x_wconf 88' lang='lat' dir='ltr'><strong>licet</strong></span> <span class='ocrx_word' id='word_1_641' title='bbox 1568 4413 1874 4468; x_wconf 85' lang='lat' dir='ltr'><strong>clanculum</strong></span> <span class='ocrx_word' id='word_1_642' title='bbox 1898 4412 1981 4467; x_wconf 61' lang='lat' dir='ltr'><strong>hoc</strong></span> 
     </span>
    </p>
   </div>
   <div class='ocr_carea' id='block_1_92' title="bbox 2095 4394 3712 4482">
    <p class='ocr_par' dir='ltr' id='par_1_92' title="bbox 2107 4411 3712 4482">
     <span class='ocr_line' id='line_1_92' title="bbox 2107 4411 3712 4482; baseline -0.002 -14"><span class='ocrx_word' id='word_1_643' title='bbox 2107 4433 2194 4469; x_wconf 90' lang='grc' dir='ltr'><strong>νον</strong></span> <span class='ocrx_word' id='word_1_644' title='bbox 2222 4415 2473 4478; x_wconf 78' lang='grc' dir='ltr'>ὑπούλως</span> <span class='ocrx_word' id='word_1_645' title='bbox 2495 4417 2590 4469; x_wconf 64' lang='grc' dir='ltr'><strong>καὶ</strong></span> <span class='ocrx_word' id='word_1_646' title='bbox 2615 4413 2690 4475; x_wconf 83' lang='grc' dir='ltr'>ὡς</span> <span class='ocrx_word' id='word_1_647' title='bbox 2713 4413 2811 4466; x_wconf 71' lang='grc' dir='ltr'><strong>οὐκ</strong></span> <span class='ocrx_word' id='word_1_648' title='bbox 2845 4411 2912 4465; x_wconf 76' lang='grc' dir='ltr'>ἂν</span> <span class='ocrx_word' id='word_1_649' title='bbox 2937 4411 3179 4465; x_wconf 83' lang='grc' dir='ltr'>αἴσθοιτό</span> <span class='ocrx_word' id='word_1_650' title='bbox 3211 4428 3292 4474; x_wconf 88' lang='grc' dir='ltr'><strong>τις</strong></span> <span class='ocrx_word' id='word_1_651' title='bbox 3309 4413 3382 4482; x_wconf 77' lang='grc' dir='ltr'>μὴ</span> <span class='ocrx_word' id='word_1_652' title='bbox 3410 4412 3712 4464; x_wconf 72' lang='grc' dir='ltr'>κατακύπο</span> 
     </span>
    </p>
   </div>
   <div class='ocr_carea' id='block_1_93' title="bbox 411 4503 1992 4575">
    <p class='ocr_par' dir='ltr' id='par_1_93' title="bbox 411 4503 1992 4575">
     <span class='ocr_line' id='line_1_93' title="bbox 411 4503 1992 4575; baseline 0.001 -17"><span class='ocrx_word' id='word_1_653' title='bbox 411 4503 504 4558; x_wconf 86' lang='lat' dir='ltr'><strong>flat</strong></span> <span class='ocrx_word' id='word_1_654' title='bbox 523 4511 578 4560; x_wconf 88' lang='lat' dir='ltr'><strong>et</strong></span> <span class='ocrx_word' id='word_1_655' title='bbox 607 4505 673 4560; x_wconf 90' lang='lat' dir='ltr'><strong>ab</strong></span> <span class='ocrx_word' id='word_1_656' title='bbox 696 4503 762 4558; x_wconf 88' lang='lat' dir='ltr'><strong>iis</strong></span> <span class='ocrx_word' id='word_1_657' title='bbox 791 4503 880 4575; x_wconf 86' lang='lat' dir='ltr'><strong>qui</strong></span> <span class='ocrx_word' id='word_1_658' title='bbox 906 4504 1319 4575; x_wconf 86' lang='lat' dir='ltr'><strong>perspicacitatc</strong></span> <span class='ocrx_word' id='word_1_659' title='bbox 1340 4512 1550 4568; x_wconf 85' lang='lat' dir='ltr'><strong>carent,</strong></span> <span class='ocrx_word' id='word_1_660' title='bbox 1591 4503 1678 4558; x_wconf 82' lang='lat' dir='ltr'><strong>vix</strong></span> <span class='ocrx_word' id='word_1_661' title='bbox 1700 4503 1992 4560; x_wconf 84' lang='lat' dir='ltr'><strong>sentiatur.</strong></span> 
     </span>
    </p>
   </div>
   <div class='ocr_carea' id='block_1_94' title="bbox 483 4597 1992 4667">
    <p class='ocr_par' dir='ltr' id='par_1_94' title="bbox 483 4597 1992 4667">
     <span class='ocr_line' id='line_1_94' title="bbox 483 4597 1992 4667; baseline -0.001 -14"><span class='ocrx_word' id='word_1_662' title='bbox 483 4598 572 4654; x_wconf 79' lang='lat'><strong>5|.</strong></span> <span class='ocrx_word' id='word_1_663' title='bbox 604 4597 726 4653; x_wconf 73' lang='lat' dir='ltr'><strong>Mali</strong></span> <span class='ocrx_word' id='word_1_664' title='bbox 755 4607 937 4653; x_wconf 87' lang='lat' dir='ltr'><strong>autem</strong></span> <span class='ocrx_word' id='word_1_665' title='bbox 975 4598 1092 4653; x_wconf 72' lang='lat' dir='ltr'><strong>lucc</strong></span> <span class='ocrx_word' id='word_1_666' title='bbox 1122 4607 1205 4652; x_wconf 84' lang='lat' dir='ltr'><strong>est</strong></span> <span class='ocrx_word' id='word_1_667' title='bbox 1243 4612 1406 4652; x_wconf 82' lang='lat' dir='ltr'><strong>causa</strong></span> <span class='ocrx_word' id='word_1_668' title='bbox 1437 4615 1451 4652; x_wconf 90' lang='lat'><strong>:</strong></span> <span class='ocrx_word' id='word_1_669' title='bbox 1493 4606 1638 4652; x_wconf 88' lang='lat' dir='ltr'><strong>artes</strong></span> <span class='ocrx_word' id='word_1_670' title='bbox 1666 4607 1785 4667; x_wconf 92' lang='lat' dir='ltr'><strong>post</strong></span> <span class='ocrx_word' id='word_1_671' title='bbox 1817 4598 1992 4652; x_wconf 87' lang='lat' dir='ltr'><strong>homi-</strong></span> 
     </span>
    </p>
   </div>
   <div class='ocr_carea' id='block_1_95' title="bbox 415 4691 1994 4762">
    <p class='ocr_par' dir='ltr' id='par_1_95' title="bbox 415 4691 1994 4762">
     <span class='ocr_line' id='line_1_95' title="bbox 415 4691 1994 4762; baseline 0 -16"><span class='ocrx_word' id='word_1_672' title='bbox 415 4708 542 4747; x_wconf 91' lang='lat' dir='ltr'><strong>num</strong></span> <span class='ocrx_word' id='word_1_673' title='bbox 574 4693 997 4748; x_wconf 86' lang='lat' dir='ltr'><strong>civilisatiouem</strong></span> <span class='ocrx_word' id='word_1_674' title='bbox 1051 4694 1300 4747; x_wconf 83' lang='lat' dir='ltr'><strong>inventas</strong></span> <span class='ocrx_word' id='word_1_675' title='bbox 1331 4692 1644 4747; x_wconf 87' lang='lat' dir='ltr'><strong>necessario</strong></span> <span class='ocrx_word' id='word_1_676' title='bbox 1692 4691 1994 4762; x_wconf 88' lang='lat' dir='ltr'><strong>diligimus,</strong></span> 
     </span>
    </p>
   </div>
   <div class='ocr_carea' id='block_1_96' title="bbox 411 4785 1998 4855">
    <p class='ocr_par' dir='ltr' id='par_1_96' title="bbox 411 4785 1998 4855">
     <span class='ocr_line' id='line_1_96' title="bbox 411 4785 1998 4855; baseline 0.001 -17"><span class='ocrx_word' id='word_1_677' title='bbox 411 4787 668 4855; x_wconf 88' lang='lat' dir='ltr'><strong>quoniam</strong></span> <span class='ocrx_word' id='word_1_678' title='bbox 703 4787 822 4841; x_wconf 87' lang='lat' dir='ltr'><strong>sine</strong></span> <span class='ocrx_word' id='word_1_679' title='bbox 858 4786 965 4840; x_wconf 87' lang='lat' dir='ltr'><strong>illis</strong></span> <span class='ocrx_word' id='word_1_680' title='bbox 1015 4785 1084 4840; x_wconf 91' lang='lat' dir='ltr'><strong>de</strong></span> <span class='ocrx_word' id='word_1_681' title='bbox 1123 4785 1230 4838; x_wconf 86' lang='lat' dir='ltr'><strong>vita</strong></span> <span class='ocrx_word' id='word_1_682' title='bbox 1287 4785 1753 4852; x_wconf 85' lang='lat' dir='ltr'><strong>pcriclilaremur;</strong></span> <span class='ocrx_word' id='word_1_683' title='bbox 1812 4785 1998 4854; x_wconf 85' lang='lat' dir='ltr'><strong>probis</strong></span> 
     </span>
    </p>
   </div>
   <div class='ocr_carea' id='block_1_97' title="bbox 413 4876 1997 4947">
    <p class='ocr_par' dir='ltr' id='par_1_97' title="bbox 413 4876 1997 4947">
     <span class='ocr_line' id='line_1_97' title="bbox 413 4876 1997 4947; baseline -0.001 -15"><span class='ocrx_word' id='word_1_684' title='bbox 413 4887 595 4932; x_wconf 87' lang='lat' dir='ltr'><strong>autem</strong></span> <span class='ocrx_word' id='word_1_685' title='bbox 649 4877 898 4934; x_wconf 88' lang='lat' dir='ltr'><strong>consiliis</strong></span> <span class='ocrx_word' id='word_1_686' title='bbox 948 4891 1014 4932; x_wconf 90' lang='lat' dir='ltr'><strong>ac</strong></span> <span class='ocrx_word' id='word_1_687' title='bbox 1068 4878 1228 4932; x_wconf 83' lang='lat' dir='ltr'><strong>bouis</strong></span> <span class='ocrx_word' id='word_1_688' title='bbox 1281 4876 1489 4947; x_wconf 72' lang='lat' dir='ltr'><strong>legibus</strong></span> <span class='ocrx_word' id='word_1_689' title='bbox 1548 4892 1756 4932; x_wconf 88' lang='lat' dir='ltr'><strong>morem</strong></span> <span class='ocrx_word' id='word_1_690' title='bbox 1809 4891 1997 4946; x_wconf 86' lang='lat' dir='ltr'><strong>gerere</strong></span> 
     </span>
    </p>
   </div>
   <div class='ocr_carea' id='block_1_98' title="bbox 417 4969 1995 5041">
    <p class='ocr_par' dir='ltr' id='par_1_98' title="bbox 417 4969 1995 5041">
     <span class='ocr_line' id='line_1_98' title="bbox 417 4969 1995 5041; baseline -0.002 -15"><span class='ocrx_word' id='word_1_691' title='bbox 417 4971 690 5034; x_wconf 86' lang='lat' dir='ltr'><strong>nolumus,</strong></span> <span class='ocrx_word' id='word_1_692' title='bbox 729 4971 839 5025; x_wconf 87' lang='lat' dir='ltr'><strong>imo</strong></span> <span class='ocrx_word' id='word_1_693' title='bbox 861 4980 1121 5041; x_wconf 84' lang='lat' dir='ltr'><strong>tauquam</strong></span> <span class='ocrx_word' id='word_1_694' title='bbox 1151 4969 1385 5036; x_wconf 82' lang='lat' dir='ltr'><strong>inutilia,</strong></span> <span class='ocrx_word' id='word_1_695' title='bbox 1410 4970 1496 5025; x_wconf 87' lang='lat' dir='ltr'><strong>vel</strong></span> <span class='ocrx_word' id='word_1_696' title='bbox 1529 4971 1690 5026; x_wconf 83' lang='lat' dir='ltr'><strong>etiam</strong></span> <span class='ocrx_word' id='word_1_697' title='bbox 1719 4970 1995 5040; x_wconf 73' lang='lat' dir='ltr'><strong>superﬂua</strong></span> 
     </span>
    </p>
   </div>
   <div class='ocr_carea' id='block_1_99' title="bbox 419 5061 1994 5136">
    <p class='ocr_par' dir='ltr' id='par_1_99' title="bbox 419 5061 1994 5136">
     <span class='ocr_line' id='line_1_99' title="bbox 419 5061 1994 5136; baseline -0.002 -18"><span class='ocrx_word' id='word_1_698' title='bbox 419 5061 791 5136; x_wconf 78' lang='lat' dir='ltr'><strong>dedignamur.</strong></span> <span class='ocrx_word' id='word_1_699' title='bbox 841 5061 983 5128; x_wconf 90' lang='lat' dir='ltr'><strong>Quin</strong></span> <span class='ocrx_word' id='word_1_700' title='bbox 1027 5076 1094 5117; x_wconf 90' lang='lat' dir='ltr'><strong>eo</strong></span> <span class='ocrx_word' id='word_1_701' title='bbox 1145 5061 1388 5115; x_wconf 68' lang='lat' dir='ltr'><strong>audaciae</strong></span> <span class='ocrx_word' id='word_1_702' title='bbox 1431 5063 1799 5131; x_wconf 89' lang='lat' dir='ltr'><strong>procedimus,</strong></span> <span class='ocrx_word' id='word_1_703' title='bbox 1839 5071 1994 5117; x_wconf 88' lang='lat' dir='ltr'><strong>utea</strong></span> 
     </span>
    </p>
   </div>
   <div class='ocr_carea' id='block_1_100' title="bbox 423 5153 1995 5223">
    <p class='ocr_par' dir='ltr' id='par_1_100' title="bbox 423 5153 1995 5223">
     <span class='ocr_line' id='line_1_100' title="bbox 423 5153 1995 5223; baseline -0.003 -13"><span class='ocrx_word' id='word_1_704' title='bbox 423 5157 496 5210; x_wconf 89' lang='lat' dir='ltr'><strong>nil</strong></span> <span class='ocrx_word' id='word_1_705' title='bbox 534 5155 605 5210; x_wconf 86' lang='lat' dir='ltr'><strong>ad</strong></span> <span class='ocrx_word' id='word_1_706' title='bbox 634 5153 834 5208; x_wconf 82' lang='lat' dir='ltr'><strong>victum</strong></span> <span class='ocrx_word' id='word_1_707' title='bbox 870 5153 1054 5209; x_wconf 84' lang='lat' dir='ltr'><strong>valere</strong></span> <span class='ocrx_word' id='word_1_708' title='bbox 1088 5167 1392 5223; x_wconf 87' lang='lat' dir='ltr'><strong>nugemur;</strong></span> <span class='ocrx_word' id='word_1_709' title='bbox 1425 5155 1772 5223; x_wconf 84' lang='lat' dir='ltr'><strong>proverbium</strong></span> <span class='ocrx_word' id='word_1_710' title='bbox 1814 5165 1995 5207; x_wconf 87' lang='lat' dir='ltr'><strong>autem</strong></span> 
     </span>
    </p>
   </div>
   <div class='ocr_carea' id='block_1_101' title="bbox 419 5245 2000 5318">
    <p class='ocr_par' dir='ltr' id='par_1_101' title="bbox 419 5245 2000 5318">
     <span class='ocr_line' id='line_1_101' title="bbox 419 5245 2000 5318; baseline -0.002 -17"><span class='ocrx_word' id='word_1_711' title='bbox 419 5249 563 5318; x_wconf 81' lang='lat' dir='ltr'><strong>quod</strong></span> <span class='ocrx_word' id='word_1_712' title='bbox 587 5246 770 5318; x_wconf 82' lang='lat' dir='ltr'><strong>potius</strong></span> <span class='ocrx_word' id='word_1_713' title='bbox 803 5245 1109 5315; x_wconf 86' lang='lat' dir='ltr'><strong>portionem</strong></span> <span class='ocrx_word' id='word_1_714' title='bbox 1143 5260 1303 5314; x_wconf 90' lang='lat' dir='ltr'><strong>quam</strong></span> <span class='ocrx_word' id='word_1_715' title='bbox 1335 5247 1686 5313; x_wconf 85' lang='lat' dir='ltr'><strong>suspendium</strong></span> <span class='ocrx_word' id='word_1_716' title='bbox 1719 5261 2000 5301; x_wconf 84' lang='lat' dir='ltr'><strong>commen-</strong></span> 
     </span>
    </p>
   </div>
   <div class='ocr_carea' id='block_1_102' title="bbox 419 5337 1995 5409">
    <p class='ocr_par' dir='ltr' id='par_1_102' title="bbox 419 5337 1995 5409">
     <span class='ocr_line' id='line_1_102' title="bbox 419 5337 1995 5409; baseline -0.003 -14"><span class='ocrx_word' id='word_1_717' title='bbox 419 5337 1185 5409; x_wconf 53' lang='lat' dir='ltr'><strong>dzigintcncrtentes,aliena</strong></span> <span class='ocrx_word' id='word_1_718' title='bbox 1211 5354 1309 5408; x_wconf 90' lang='lat' dir='ltr'><strong>pro</strong></span> <span class='ocrx_word' id='word_1_719' title='bbox 1334 5340 1474 5394; x_wconf 90' lang='lat' dir='ltr'><strong>bono</strong></span> <span class='ocrx_word' id='word_1_720' title='bbox 1499 5339 1777 5401; x_wconf 82' lang='lat' dir='ltr'><strong>habemus,</strong></span> <span class='ocrx_word' id='word_1_721' title='bbox 1803 5354 1995 5406; x_wconf 75' lang='lat' dir='ltr'><strong>panem</strong></span> 
     </span>
    </p>
   </div>
   <div class='ocr_carea' id='block_1_103' title="bbox 422 5429 2000 5505">
    <p class='ocr_par' dir='ltr' id='par_1_103' title="bbox 422 5429 2000 5505">
     <span class='ocr_line' id='line_1_103' title="bbox 422 5429 2000 5505; baseline -0.004 -19"><span class='ocrx_word' id='word_1_722' title='bbox 422 5436 769 5505; x_wconf 87' lang='lat' dir='ltr'><strong>peregrinum</strong></span> <span class='ocrx_word' id='word_1_723' title='bbox 818 5441 1076 5501; x_wconf 86' lang='lat' dir='ltr'><strong>tanquam</strong></span> <span class='ocrx_word' id='word_1_724' title='bbox 1129 5429 1423 5500; x_wconf 78' lang='lat' dir='ltr'><strong>expetibile</strong></span> <span class='ocrx_word' id='word_1_725' title='bbox 1465 5430 1596 5498; x_wconf 90' lang='lat' dir='ltr'><strong>quid</strong></span> <span class='ocrx_word' id='word_1_726' title='bbox 1641 5432 2000 5493; x_wconf 66' lang='lat' dir='ltr'><strong>assumamus,</strong></span> 
     </span>
    </p>
   </div>
   <div class='ocr_carea' id='block_1_104' title="bbox 422 5521 2004 5598">
    <p class='ocr_par' dir='ltr' id='par_1_104' title="bbox 422 5521 2004 5598">
     <span class='ocr_line' id='line_1_104' title="bbox 422 5521 2004 5598; baseline 0.001 -24"><span class='ocrx_word' id='word_1_727' title='bbox 422 5526 604 5580; x_wconf 78' lang='lat' dir='ltr'><strong>viuum</strong></span> <span class='ocrx_word' id='word_1_728' title='bbox 647 5536 860 5598; x_wconf 80' lang='lat' dir='ltr'><strong>raptum</strong></span> <span class='ocrx_word' id='word_1_729' title='bbox 914 5523 1316 5588; x_wconf 80' lang='lat' dir='ltr'><strong>dulcissimum,</strong></span> <span class='ocrx_word' id='word_1_730' title='bbox 1351 5536 1549 5592; x_wconf 89' lang='lat' dir='ltr'><strong>aquam</strong></span> <span class='ocrx_word' id='word_1_731' title='bbox 1607 5537 1639 5575; x_wconf 85' lang='lat' dir='ltr'><strong>e</strong></span> <span class='ocrx_word' id='word_1_732' title='bbox 1693 5521 1838 5575; x_wconf 85' lang='lat' dir='ltr'><strong>furto</strong></span> <span class='ocrx_word' id='word_1_733' title='bbox 1878 5539 2004 5592; x_wconf 80' lang='lat' dir='ltr'><strong>pro-</strong></span> 
     </span>
    </p>
   </div>
   <div class='ocr_carea' id='block_1_105' title="bbox 425 5612 2002 5681">
    <p class='ocr_par' dir='ltr' id='par_1_105' title="bbox 425 5612 2002 5681">
     <span class='ocr_line' id='line_1_105' title="bbox 425 5612 2002 5681; baseline 0.001 -16"><span class='ocrx_word' id='word_1_734' title='bbox 425 5614 730 5670; x_wconf 76' lang='lat' dir='ltr'><strong>venientem</strong></span> <span class='ocrx_word' id='word_1_735' title='bbox 783 5615 1190 5679; x_wconf 78' lang='lat' dir='ltr'><strong>suavissimam,</strong></span> <span class='ocrx_word' id='word_1_736' title='bbox 1241 5622 1421 5668; x_wconf 80' lang='lat' dir='ltr'><strong>vestes</strong></span> <span class='ocrx_word' id='word_1_737' title='bbox 1476 5613 1664 5677; x_wconf 86' lang='lat' dir='ltr'><strong>rapina</strong></span> <span class='ocrx_word' id='word_1_738' title='bbox 1703 5612 2002 5681; x_wconf 80' lang='lat' dir='ltr'><strong>acquisitas</strong></span> 
     </span>
    </p>
   </div>
   <div class='ocr_carea' id='block_1_106' title="bbox 427 5703 2004 5778">
    <p class='ocr_par' dir='ltr' id='par_1_106' title="bbox 427 5703 2004 5778">
     <span class='ocr_line' id='line_1_106' title="bbox 427 5703 2004 5778; baseline 0.001 -20"><span class='ocrx_word' id='word_1_739' title='bbox 427 5704 594 5758; x_wconf 81' lang='lat' dir='ltr'><strong>veluti</strong></span> <span class='ocrx_word' id='word_1_740' title='bbox 626 5704 760 5761; x_wconf 79' lang='lat' dir='ltr'><strong>lucis</strong></span> <span class='ocrx_word' id='word_1_741' title='bbox 785 5719 987 5776; x_wconf 87' lang='lat' dir='ltr'><strong>ortum,</strong></span> <span class='ocrx_word' id='word_1_742' title='bbox 1013 5705 1245 5778; x_wconf 70' lang='lat' dir='ltr'><strong>proximi</strong></span> <span class='ocrx_word' id='word_1_743' title='bbox 1269 5707 1486 5762; x_wconf 83' lang='lat' dir='ltr'><strong>domum</strong></span> <span class='ocrx_word' id='word_1_744' title='bbox 1511 5703 1666 5772; x_wconf 89' lang='lat' dir='ltr'><strong>quasi</strong></span> <span class='ocrx_word' id='word_1_745' title='bbox 1693 5703 2004 5771; x_wconf 80' lang='lat' dir='ltr'><strong>paradisum</strong></span> 
     </span>
    </p>
   </div>
   <div class='ocr_carea' id='block_1_107' title="bbox 2107 4506 2851 4577">
    <p class='ocr_par' dir='ltr' id='par_1_107' title="bbox 2107 4506 2851 4577">
     <span class='ocr_line' id='line_1_107' title="bbox 2107 4506 2851 4577; baseline 0.003 -17"><span class='ocrx_word' id='word_1_746' title='bbox 2107 4526 2213 4562; x_wconf 85' lang='grc' dir='ltr'><strong>των</strong></span> <span class='ocrx_word' id='word_1_747' title='bbox 2249 4511 2327 4572; x_wconf 83' lang='grc' dir='ltr'><strong>είς</strong></span> <span class='ocrx_word' id='word_1_748' title='bbox 2371 4507 2535 4577; x_wconf 80' lang='grc' dir='ltr'>βάθος</span> <span class='ocrx_word' id='word_1_749' title='bbox 2570 4506 2662 4559; x_wconf 75' lang='grc' dir='ltr'>τοῦ</span> <span class='ocrx_word' id='word_1_750' title='bbox 2689 4507 2851 4562; x_wconf 87' lang='grc' dir='ltr'>νοεῖν.</span> 
     </span>
    </p>
   </div>
   <div class='ocr_carea' id='block_1_108' title="bbox 2182 4593 3704 4666">
    <p class='ocr_par' dir='ltr' id='par_1_108' title="bbox 2182 4593 3704 4666">
     <span class='ocr_line' id='line_1_108' title="bbox 2182 4593 3704 4666; baseline -0.002 -15"><span class='ocrx_word' id='word_1_751' title='bbox 2182 4599 2284 4654; x_wconf 87' lang='grc' dir='ltr'>να’.</span> <span class='ocrx_word' id='word_1_752' title='bbox 2332 4599 2444 4654; x_wconf 74' lang='grc' dir='ltr'>Καὶ</span> <span class='ocrx_word' id='word_1_753' title='bbox 2470 4602 2498 4654; x_wconf 78' lang='grc' dir='ltr'>ὁ</span> <span class='ocrx_word' id='word_1_754' title='bbox 2545 4600 2703 4666; x_wconf 66' lang='grc' dir='ltr'>λόγος</span> <span class='ocrx_word' id='word_1_755' title='bbox 2738 4597 2835 4650; x_wconf 83' lang='grc' dir='ltr'>τοῦ</span> <span class='ocrx_word' id='word_1_756' title='bbox 2879 4597 3085 4657; x_wconf 79' lang='grc' dir='ltr'>πάθους</span> <span class='ocrx_word' id='word_1_757' title='bbox 3122 4593 3368 4658; x_wconf 75' lang='grc' dir='ltr'>τοιοῦτός</span> <span class='ocrx_word' id='word_1_758' title='bbox 3397 4613 3483 4658; x_wconf 85' lang='grc' dir='ltr'><strong>τις</strong></span> <span class='ocrx_word' id='word_1_759' title='bbox 3522 4612 3537 4628; x_wconf 77' lang='grc'><strong><em>⁸</em></strong></span> <span class='ocrx_word' id='word_1_760' title='bbox 3600 4598 3704 4660; x_wconf 72' lang='grc' dir='ltr'><strong>τὰς</strong></span> 
     </span>
    </p>
   </div>
   <div class='ocr_carea' id='block_1_109' title="bbox 2115 4684 3706 4761">
    <p class='ocr_par' dir='ltr' id='par_1_109' title="bbox 2115 4684 3706 4761">
     <span class='ocr_line' id='line_1_109' title="bbox 2115 4684 3706 4761; baseline -0.002 -19"><span class='ocrx_word' id='word_1_761' title='bbox 2115 4691 2212 4761; x_wconf 76' lang='grc' dir='ltr'>μὲν</span> <span class='ocrx_word' id='word_1_762' title='bbox 2257 4688 2456 4760; x_wconf 82' lang='grc' dir='ltr'>τέχνας</span> <span class='ocrx_word' id='word_1_763' title='bbox 2500 4688 2602 4750; x_wconf 85' lang='grc' dir='ltr'><strong>τάς</strong></span> <span class='ocrx_word' id='word_1_764' title='bbox 2643 4685 2872 4757; x_wconf 81' lang='grc' dir='ltr'>ὕστερον</span> <span class='ocrx_word' id='word_1_765' title='bbox 2907 4684 3220 4756; x_wconf 77' lang='grc' dir='ltr'>εὑρημένας</span> <span class='ocrx_word' id='word_1_766' title='bbox 3252 4685 3390 4754; x_wconf 85' lang='grc' dir='ltr'>μετὰ</span> <span class='ocrx_word' id='word_1_767' title='bbox 3429 4685 3530 4752; x_wconf 75' lang='grc' dir='ltr'>τὴν</span> <span class='ocrx_word' id='word_1_768' title='bbox 3576 4689 3706 4739; x_wconf 73' lang='grc' dir='ltr'>κατ’</span> 
     </span>
    </p>
   </div>
   <div class='ocr_carea' id='block_1_110' title="bbox 2109 4774 3705 4852">
    <p class='ocr_par' dir='ltr' id='par_1_110' title="bbox 2109 4774 3705 4852">
     <span class='ocr_line' id='line_1_110' title="bbox 2109 4774 3705 4852; baseline -0.003 -16"><span class='ocrx_word' id='word_1_769' title='bbox 2109 4781 2434 4852; x_wconf 77' lang='grc' dir='ltr'>ἀνθρώπους</span> <span class='ocrx_word' id='word_1_770' title='bbox 2474 4779 2838 4850; x_wconf 77' lang='grc' dir='ltr'>ἐξημέρωσιν,</span> <span class='ocrx_word' id='word_1_771' title='bbox 2895 4777 3200 4848; x_wconf 82' lang='grc' dir='ltr'>στέργομεν</span> <span class='ocrx_word' id='word_1_772' title='bbox 3231 4778 3572 4844; x_wconf 79' lang='grc' dir='ltr'>ἀναγκαίως,</span> <span class='ocrx_word' id='word_1_773' title='bbox 3613 4774 3705 4832; x_wconf 71' lang='grc' dir='ltr'>οἷα</span> 
     </span>
    </p>
   </div>
   <div class='ocr_carea' id='block_1_111' title="bbox 2113 4870 3704 4945">
    <p class='ocr_par' dir='ltr' id='par_1_111' title="bbox 2113 4870 3704 4945">
     <span class='ocr_line' id='line_1_111' title="bbox 2113 4870 3704 4945; baseline -0.003 -20"><span class='ocrx_word' id='word_1_774' title='bbox 2113 4875 2186 4945; x_wconf 83' lang='grc' dir='ltr'>μὴ</span> <span class='ocrx_word' id='word_1_775' title='bbox 2212 4874 2328 4939; x_wconf 73' lang='grc' dir='ltr'>ἐξὸν</span> <span class='ocrx_word' id='word_1_776' title='bbox 2357 4871 2438 4935; x_wconf 84' lang='grc' dir='ltr'>ὃν,</span> <span class='ocrx_word' id='word_1_777' title='bbox 2471 4871 2570 4943; x_wconf 78' lang='grc' dir='ltr'><strong>ζῇν</strong></span> <span class='ocrx_word' id='word_1_778' title='bbox 2600 4872 2825 4924; x_wconf 76' lang='grc' dir='ltr'>ἐκείνων</span> <span class='ocrx_word' id='word_1_779' title='bbox 2846 4870 2992 4940; x_wconf 82' lang='grc' dir='ltr'>δίχα·</span> <span class='ocrx_word' id='word_1_780' title='bbox 3047 4871 3317 4939; x_wconf 82' lang='grc' dir='ltr'>χρησταῖς</span> <span class='ocrx_word' id='word_1_781' title='bbox 3371 4871 3428 4922; x_wconf 77' lang='grc' dir='ltr'><strong>δὲ</strong></span> <span class='ocrx_word' id='word_1_782' title='bbox 3453 4871 3704 4938; x_wconf 77' lang='grc' dir='ltr'>συμὸου-</span> 
     </span>
    </p>
   </div>
   <div class='ocr_carea' id='block_1_112' title="bbox 2109 4959 3703 5030">
    <p class='ocr_par' dir='ltr' id='par_1_112' title="bbox 2109 4959 3703 5030">
     <span class='ocr_line' id='line_1_112' title="bbox 2109 4959 3703 5030; baseline -0.003 -13"><span class='ocrx_word' id='word_1_783' title='bbox 2109 4966 2252 5028; x_wconf 85' lang='grc' dir='ltr'>λίαις</span> <span class='ocrx_word' id='word_1_784' title='bbox 2311 4964 2403 5016; x_wconf 82' lang='grc' dir='ltr'>καὶ</span> <span class='ocrx_word' id='word_1_785' title='bbox 2459 4964 2711 5030; x_wconf 80' lang='grc' dir='ltr'>εύνὸμως</span> <span class='ocrx_word' id='word_1_786' title='bbox 2768 4961 3020 5030; x_wconf 77' lang='grc' dir='ltr'>ἐννόμοις</span> <span class='ocrx_word' id='word_1_787' title='bbox 3069 4959 3336 5030; x_wconf 82' lang='grc' dir='ltr'>δκνοῦμεν</span> <span class='ocrx_word' id='word_1_788' title='bbox 3385 4961 3703 5024; x_wconf 85' lang='grc' dir='ltr'>πείθεσθαι,</span> 
     </span>
    </p>
   </div>
   <div class='ocr_carea' id='block_1_113' title="bbox 2113 5053 3706 5128">
    <p class='ocr_par' dir='ltr' id='par_1_113' title="bbox 2113 5053 3706 5128">
     <span class='ocr_line' id='line_1_113' title="bbox 2113 5053 3706 5128; baseline -0.004 -18"><span class='ocrx_word' id='word_1_789' title='bbox 2113 5058 2442 5128; x_wconf 80' lang='grc' dir='ltr'>περιέργους</span> <span class='ocrx_word' id='word_1_790' title='bbox 2473 5053 2670 5118; x_wconf 74' lang='grc' dir='ltr'>αὐτὰς,</span> <span class='ocrx_word' id='word_1_791' title='bbox 2705 5053 2820 5104; x_wconf 78' lang='grc' dir='ltr'>εἴτε</span> <span class='ocrx_word' id='word_1_792' title='bbox 2855 5053 2948 5105; x_wconf 74' lang='grc' dir='ltr'><strong>καὶ</strong></span> <span class='ocrx_word' id='word_1_793' title='bbox 2989 5053 3309 5122; x_wconf 83' lang='grc' dir='ltr'>παρέργους</span> <span class='ocrx_word' id='word_1_794' title='bbox 3345 5053 3706 5120; x_wconf 73' lang='grc' dir='ltr'><strong>γνωματευό⁴</strong></span> 
     </span>
    </p>
   </div>
   <div class='ocr_carea' id='block_1_114' title="bbox 2117 5146 3705 5222">
    <p class='ocr_par' dir='ltr' id='par_1_114' title="bbox 2117 5146 3705 5222">
     <span class='ocr_line' id='line_1_114' title="bbox 2117 5146 3705 5222; baseline -0.004 -17"><span class='ocrx_word' id='word_1_795' title='bbox 2117 5169 2286 5222; x_wconf 89' lang='grc' dir='ltr'>μενοι.</span> <span class='ocrx_word' id='word_1_796' title='bbox 2315 5150 2424 5203; x_wconf 87' lang='grc' dir='ltr'>Καί</span> <span class='ocrx_word' id='word_1_797' title='bbox 2455 5167 2556 5202; x_wconf 87' lang='grc' dir='ltr'><strong>που</strong></span> <span class='ocrx_word' id='word_1_798' title='bbox 2595 5147 2856 5217; x_wconf 84' lang='grc' dir='ltr'>ἐθέλομεν</span> <span class='ocrx_word' id='word_1_799' title='bbox 2897 5146 3194 5200; x_wconf 68' lang='grc' dir='ltr'>ὑπολαλείν</span> <span class='ocrx_word' id='word_1_800' title='bbox 3248 5147 3341 5199; x_wconf 80' lang='grc' dir='ltr'>καὶ</span> <span class='ocrx_word' id='word_1_801' title='bbox 3397 5149 3584 5210; x_wconf 70' lang='grc' dir='ltr'>αὐτοὶ,</span> <span class='ocrx_word' id='word_1_802' title='bbox 3627 5150 3705 5208; x_wconf 79' lang='grc' dir='ltr'><strong>ὡς</strong></span> 
     </span>
    </p>
   </div>
   <div class='ocr_carea' id='block_1_115' title="bbox 2112 5240 3704 5310">
    <p class='ocr_par' dir='ltr' id='par_1_115' title="bbox 2112 5240 3704 5310">
     <span class='ocr_line' id='line_1_115' title="bbox 2112 5240 3704 5310; baseline -0.011 -11"><span class='ocrx_word' id='word_1_803' title='bbox 2112 5245 2266 5299; x_wconf 63' lang='grc' dir='ltr'>οὐδέν</span> <span class='ocrx_word' id='word_1_804' title='bbox 2291 5261 2342 5296; x_wconf 89' lang='grc' dir='ltr'><strong>τι</strong></span> <span class='ocrx_word' id='word_1_805' title='bbox 2397 5244 2561 5296; x_wconf 69' lang='grc' dir='ltr'>αὐταὶ</span> <span class='ocrx_word' id='word_1_806' title='bbox 2621 5241 2759 5310; x_wconf 75' lang='grc' dir='ltr'>πρὸς</span> <span class='ocrx_word' id='word_1_807' title='bbox 2807 5240 3062 5308; x_wconf 71' lang='grc' dir='ltr'>τᾶλφιται</span> <span class='ocrx_word' id='word_1_808' title='bbox 3129 5244 3224 5293; x_wconf 77' lang='grc' dir='ltr'>καὶ</span> <span class='ocrx_word' id='word_1_809' title='bbox 3258 5241 3386 5307; x_wconf 70' lang='grc' dir='ltr'>πνὶξ</span> <span class='ocrx_word' id='word_1_810' title='bbox 3441 5241 3502 5293; x_wconf 75' lang='grc' dir='ltr'>οὺ</span> <span class='ocrx_word' id='word_1_811' title='bbox 3545 5243 3704 5310; x_wconf 67' lang='grc' dir='ltr'>μερὶς</span> 
     </span>
    </p>
   </div>
   <div class='ocr_carea' id='block_1_116' title="bbox 2115 5327 3705 5404">
    <p class='ocr_par' dir='ltr' id='par_1_116' title="bbox 2115 5327 3705 5404">
     <span class='ocr_line' id='line_1_116' title="bbox 2115 5327 3705 5404; baseline -0.002 -17"><span class='ocrx_word' id='word_1_812' title='bbox 2115 5335 2473 5404; x_wconf 74' lang='grc' dir='ltr'>ἀναστρόφως</span> <span class='ocrx_word' id='word_1_813' title='bbox 2515 5331 3038 5402; x_wconf 79' lang='grc' dir='ltr'>παροιμιαζόμενοι,</span> <span class='ocrx_word' id='word_1_814' title='bbox 3077 5331 3240 5384; x_wconf 69' lang='grc' dir='ltr'>καλὸν</span> <span class='ocrx_word' id='word_1_815' title='bbox 3265 5327 3410 5383; x_wconf 75' lang='grc' dir='ltr'>εἶναι</span> <span class='ocrx_word' id='word_1_816' title='bbox 3452 5331 3520 5383; x_wconf 78' lang='grc' dir='ltr'><strong>τὰ</strong></span> <span class='ocrx_word' id='word_1_817' title='bbox 3552 5332 3705 5384; x_wconf 77' lang='grc' dir='ltr'>αλλό-</span> 
     </span>
    </p>
   </div>
   <div class='ocr_carea' id='block_1_117' title="bbox 2116 5422 3703 5495">
    <p class='ocr_par' dir='ltr' id='par_1_117' title="bbox 2116 5422 3703 5495">
     <span class='ocr_line' id='line_1_117' title="bbox 2116 5422 3703 5495; baseline 0.001 -18"><span class='ocrx_word' id='word_1_818' title='bbox 2116 5444 2241 5495; x_wconf 80' lang='grc' dir='ltr'>τρια</span> <span class='ocrx_word' id='word_1_819' title='bbox 2274 5423 2762 5494; x_wconf 81' lang='grc' dir='ltr'>γνωμολογοῦμεν,</span> <span class='ocrx_word' id='word_1_820' title='bbox 2800 5422 3004 5476; x_wconf 74' lang='grc' dir='ltr'>καὶτὸν</span> <span class='ocrx_word' id='word_1_821' title='bbox 3039 5425 3192 5490; x_wconf 76' lang='grc' dir='ltr'>ιξένον</span> <span class='ocrx_word' id='word_1_822' title='bbox 3241 5422 3409 5492; x_wconf 82' lang='grc' dir='ltr'>ἄρτον</span> <span class='ocrx_word' id='word_1_823' title='bbox 3456 5426 3703 5493; x_wconf 79' lang='grc' dir='ltr'>ἀποφαι-</span> 
     </span>
    </p>
   </div>
   <div class='ocr_carea' id='block_1_118' title="bbox 2118 5510 3706 5584">
    <p class='ocr_par' dir='ltr' id='par_1_118' title="bbox 2118 5510 3706 5584">
     <span class='ocr_line' id='line_1_118' title="bbox 2118 5510 3706 5584; baseline -0.001 -16"><span class='ocrx_word' id='word_1_824' title='bbox 2118 5515 2320 5584; x_wconf 80' lang='grc' dir='ltr'>νόμεθα</span> <span class='ocrx_word' id='word_1_825' title='bbox 2341 5515 2619 5583; x_wconf 81' lang='grc' dir='ltr'>νόστιμον,</span> <span class='ocrx_word' id='word_1_826' title='bbox 2660 5516 2756 5567; x_wconf 64' lang='grc' dir='ltr'><strong>καὶ</strong></span> <span class='ocrx_word' id='word_1_827' title='bbox 2788 5515 2879 5566; x_wconf 74' lang='grc' dir='ltr'>τὸν</span> <span class='ocrx_word' id='word_1_828' title='bbox 2950 5513 3344 5583; x_wconf 79' lang='grc' dir='ltr'>ἁρπαγιμαῖον</span> <span class='ocrx_word' id='word_1_829' title='bbox 3385 5510 3532 5568; x_wconf 76' lang='grc' dir='ltr'>οἶνον</span> <span class='ocrx_word' id='word_1_830' title='bbox 3572 5516 3706 5580; x_wconf 73' lang='grc' dir='ltr'>γλυο</span> 
     </span>
    </p>
   </div>
   <div class='ocr_carea' id='block_1_119' title="bbox 2124 5605 3708 5676">
    <p class='ocr_par' dir='ltr' id='par_1_119' title="bbox 2124 5605 3708 5676">
     <span class='ocr_line' id='line_1_119' title="bbox 2124 5605 3708 5676; baseline 0.002 -19"><span class='ocrx_word' id='word_1_831' title='bbox 2124 5609 2376 5672; x_wconf 73' lang='grc' dir='ltr'>κύτατον,</span> <span class='ocrx_word' id='word_1_832' title='bbox 2409 5609 2504 5660; x_wconf 82' lang='grc' dir='ltr'>καὶ</span> <span class='ocrx_word' id='word_1_833' title='bbox 2534 5606 2595 5659; x_wconf 77' lang='grc' dir='ltr'>τὸ</span> <span class='ocrx_word' id='word_1_834' title='bbox 2622 5606 2722 5676; x_wconf 80' lang='grc' dir='ltr'>τῆς</span> <span class='ocrx_word' id='word_1_835' title='bbox 2753 5606 2960 5675; x_wconf 79' lang='grc' dir='ltr'>κλοπῆς</span> <span class='ocrx_word' id='word_1_836' title='bbox 2983 5605 3130 5673; x_wconf 72' lang='grc' dir='ltr'>ὕδωρ</span> <span class='ocrx_word' id='word_1_837' title='bbox 3163 5605 3455 5675; x_wconf 68' lang='grc' dir='ltr'>ἡδύτατον,</span> <span class='ocrx_word' id='word_1_838' title='bbox 3489 5607 3582 5657; x_wconf 79' lang='grc' dir='ltr'><strong>καὶ</strong></span> <span class='ocrx_word' id='word_1_839' title='bbox 3605 5606 3708 5675; x_wconf 76' lang='grc' dir='ltr'>τὴν</span> 
     </span>
    </p>
   </div>
   <div class='ocr_carea' id='block_1_120' title="bbox 2122 5698 3704 5769">
    <p class='ocr_par' dir='ltr' id='par_1_120' title="bbox 2122 5698 3704 5769">
     <span class='ocr_line' id='line_1_120' title="bbox 2122 5698 3704 5769; baseline -0.003 -13"><span class='ocrx_word' id='word_1_840' title='bbox 2122 5701 2180 5766; x_wconf 76' lang='grc' dir='ltr'><strong>ἐξ</strong></span> <span class='ocrx_word' id='word_1_841' title='bbox 2218 5701 2474 5769; x_wconf 78' lang='grc' dir='ltr'>ἁρπαγῆς</span> <span class='ocrx_word' id='word_1_842' title='bbox 2505 5701 2716 5756; x_wconf 83' lang='grc' dir='ltr'>ἔνδυσιν</span> <span class='ocrx_word' id='word_1_843' title='bbox 2743 5701 2921 5767; x_wconf 68' lang='grc' dir='ltr'>φωτὸς</span> <span class='ocrx_word' id='word_1_844' title='bbox 2954 5698 3248 5768; x_wconf 72' lang='grc' dir='ltr'>ἀναϐολὴν,</span> <span class='ocrx_word' id='word_1_845' title='bbox 3290 5699 3384 5754; x_wconf 68' lang='grc' dir='ltr'>καὶ</span> <span class='ocrx_word' id='word_1_846' title='bbox 3436 5698 3704 5769; x_wconf 72' lang='grc' dir='ltr'>παράδει·</span> 
     </span>
    </p>
   </div>
  </div>
