3950 6208
347 282 456 345 335

347 491 568 546 inhaeret
591 501 882 560 tantusque
902 491 1047 546 zelus
1063 491 1277 544 divinus
1296 505 1382 544 me
1397 491 1526 556 urit,
1543 499 1601 543 ut
1618 490 1671 544 in
1687 489 1828 541 votis
1845 503 1932 540 ar-

347 580 686 636 dentissimis
709 582 960 647 habeam,
985 591 1043 636 ut
1066 583 1133 635 ah
1151 582 1254 635 hoc
1272 582 1456 636 statim
1478 581 1564 635 die
1585 579 1794 635 zizauia
1814 594 1933 648 per-

351 679 555 721 mutata
580 670 630 722 in
653 685 845 737 purum
871 669 1202 723 frumentum
1223 681 1566 728 excrescunt.
1600 683 1667 722 ue
1691 680 1930 736 unquam

353 775 380 812 a
406 759 648 813 daemone
687 761 1020 826 cribrentur,
1047 770 1102 815 et
1129 770 1186 815 ut
1224 761 1413 828 spinae,
1450 761 1522 813 uti
1570 757 1682 812 Deo
1718 765 1930 828 gratum

349 860 453 916 est,
472 851 799 906 extollantur
827 853 1023 922 partim
1047 853 1100 907 in
1131 853 1346 918 cedros,
1373 853 1705 924 eyparissos,
1739 850 1924 919 pinus.

291 979 296 982 ι
353 957 490 1009 quas
553 941 646 995 Dei
700 942 897 997 domus
963 945 1220 1014 expetit,
1275 943 1472 1014 partim
1532 943 1811 1011 erigantur
1872 940 1922 992 in

354 1035 487 1087 alias
522 1035 743 1090 arbores
775 1042 998 1091 edentes
1033 1037 1215 1106 fruges
1249 1053 1382 1105 quas
1421 1035 1565 1090 Deus
1597 1035 1792 1102 diligit.

1062 283 1487 346 EUSTATUII
1522 280 2294 343 TilESSALONlCENSlS
2336 278 2896 341 METROPOLITE

347 397 562 453 redibit.
585 397 895 467 Tantopere
912 407 1094 454 autem
1114 399 1440 453 desiderium
1469 397 1615 452 istud
1641 397 1790 450 cordi
1813 411 1931 449 meo

2057 397 2171 464 ίγῆ
2222 393 2406 464 ὲκείνη
2449 395 2710 463 εὐφορίαν
2769 394 3138 460 ἀποκατέστη.
3211 391 3301 452 Ἐς

3489 276 3596 339 336

3347 390 3601 445 τοσοῦτον

2030 486 2087 540 δέ
2129 504 2219 556 μοι
2239 486 2308 538 τὰ
2329 487 2427 554 τῆς
2457 486 2714 550 τοιαύτης
2747 487 2987 554 ἐφέσεως
3012 485 3291 552 ἐντέτηκε,
3324 484 3420 537 καὶ
3457 485 3482 536 ό
3509 484 3600 537 τοῦ

2029 577 2164 632 Θεοῦ
2195 578 2355 644 ζῆλος
2387 578 2673 632 ὐπεκκαίει
2708 595 2798 645 με,
2823 575 2964 628 ὥστε
2997 575 3066 629 δι’
3099 576 3265 646 εὐχῆς
3299 571 3440 628 εἷναί
3492 596 3600 647 μοι,

2034 669 2358 732 αὐτομάτως
2387 670 2495 722 ἀπδ
2556 670 2655 737 τῆς
2698 669 2940 736 σήμερον
3001 667 3097 720 καὶ
3137 671 3207 719 τά
3268 668 3484 732 ζιζάνια
3526 669 3604 726 είς

2034 761 2274 831 καθαρὸν
2298 765 2444 814 σῖτον
2494 760 2837 829 ἀναθηλῆσαι
2895 759 3362 829 μεταμειφθέντα,
3419 761 3495 820 ὡς
3532 763 3605 830 μὴ

2033 851 2099 905 ἂν
2136 853 2212 921 τῷ
2238 853 2453 922 δαίμονι
2490 851 2797 920 σινιαθῆναί
2825 867 2954 904 ποτε
2985 851 3080 904 τοῦ
3123 851 3338 916 λοιποῦ,
3382 854 3472 905 καὶ
3510 854 3608 914 τὰς

2032 945 2273 1007 ἀκάνθας
2303 946 2359 998 δὲ
2386 945 2651 1014 ἀναϐῆναι
2683 944 2968 1012 θεοφιλῶς,
2994 947 3090 1006 τὰς
3121 945 3220 1013 μὲν
3255 945 3607 1014 παρυψωοεῖ-

2027 1053 2123 1096 σας
2147 1039 2224 1098 εἰς
2260 1037 2482 1105 κέδρους
2499 1039 2593 1090 καὶ
2627 1037 3004 1108 κυπαρίσσους
3021 1039 3115 1090 καὶ
3131 1037 3361 1098 πεύκας.
3379 1034 3454 1090 ὧν
3473 1039 3500 1088 ό
3516 1036 3608 1088 τοῦ

351 1125 486 1177 Θεοῦ
505 1121 648 1188 οἶκος
674 1127 903 1194 ἐφίεται,
926 1128 1020 1192 τὰς
1038 1129 1093 1182 δὲ
1111 1127 1530 1198 άναδραμούσας
1555 1125 1632 1190 είς
1665 1126 1881 1191 ἑτεροῖα
1901 1120 2096 1195 δένδρα
2112 1128 2332 1198 εὐαυξῆ,
2353 1129 2811 1199 καρποφοροῦντα
2836 1129 3065 1196 τροφὴν,
3096 1130 3363 1199 manu;
3389 1130 3417 1178 δ
3450 1129 3607 1189 Θεὸς.

429 1219 516 1271 55.
555 1221 610 1272 Si
637 1231 814 1272 autem
844 1222 956 1274 haec
985 1221 1191 1285 dicens,
1216 1237 1248 1276 ο
1277 1222 1496 1286 fratres,
1529 1230 1580 1275 et
1618 1219 1919 1273 amicorum

353 1311 576 1365 vulnera
608 1313 930 1377 ostendens,
977 1315 1158 1381 gravis
1214 1329 1278 1367 ac
1329 1329 1554 1370 severus
1587 1313 1772 1366 videor
1821 1309 1925 1364 illis

361 1403 451 1471 qui
523 1403 659 1457 forte
729 1405 937 1472 pudore
1007 1404 1413 1470 suffunduntur,
1465 1403 1926 1474 quemadmodum

357 1495 498 1562 quis,
564 1496 654 1560 qui
717 1510 842 1547 cum
888 1497 1168 1564 speciosus
1211 1511 1315 1550 non
1372 1495 1465 1562 sit,
1515 1507 1697 1550 tamen
1757 1492 1927 1546 videri

362 1584 486 1637 talis
521 1585 672 1650 velit,
711 1586 988 1639 invehitur
1020 1589 1070 1640 in
1108 1602 1233 1640 eum
1265 1588 1356 1655 qui
1409 1587 1508 1655 ipsi
1554 1585 1772 1649 dixerit,
1813 1585 1924 1635 for-

363 1690 505 1728 mam
539 1675 845 1744 speciosam
879 1693 1040 1746 quam
1083 1678 1183 1746 sibi
1227 1678 1496 1742 attribuit,
1529 1691 1651 1732 esse
1695 1675 1928 1729 ementi~

2102 1227 2194 1273 νε⁹.
2231 1222 2293 1274 Ei
2322 1221 2376 1274 δὲ
2414 1222 2587 1274 ταῦτα
2619 1221 2826 1288 λέγων,
2854 1222 2948 1274 καὶ
2977 1221 3136 1288 γοῦν,
3170 1215 3215 1274 ὦ
3257 1221 3474 1287 ἀδελφοὶ
3513 1222 3613 1272 καὶ

2033 1312 2400 1380 παραδεικνύς
2425 1313 2611 1380 φιλικά
2635 1313 2949 1382 τραύματα,
2978 1313 3148 1382 βαρὺς
3167 1312 3309 1365 δοκῶ
3330 1315 3440 1375 τοῖς
3476 1311 3613 1374 ἴσως

2035 1403 2447 1472 αἰσχυνομένοις
2469 1444 2482 1464 ,
2521 1403 2664 1456 καθὰ
2695 1405 2790 1456 καὶ
2819 1403 2874 1455 εῐ
2902 1420 2984 1466 τις
3019 1403 3095 1472 μὴ
3125 1402 3201 1454 ὢν
3229 1403 3445 1472 ὡραῖος.
3485 1403 3615 1455 ἐθέ-

2034 1492 2140 1544 λων
2167 1491 2223 1545 δέ
2239 1492 2480 1555 τοιοῦτος
2501 1493 2696 1556 δοκεῖν,
2718 1494 3097 1546 κατατείνεται
3113 1493 3208 1545 τοῦ
3233 1493 3620 1546 ἀναδιδάσκον-

2035 1601 2125 1646 τος
2171 1585 2411 1645 ἐκεῖνον,
2447 1583 2524 1647 ὡς
2551 1583 2802 1654 ψεύδεται
2838 1585 2935 1654 τὴν
2972 1584 3297 1652 εὐμορφίαν,
3331 1585 3395 1654 ην
3435 1584 3622 1654 ἐαυτῷ

2037 1675 2331 1744 ἐπιγράφει
2383 1705 2451 1718 ——
2496 1675 2612 1729 ἀλλ’
2650 1673 2764 1742 ἐγὼ
2807 1675 3136 1743 πληροφορῶ
3189 1675 3283 1727 καὶ
3327 1674 3450 1744 ἄρτι
3488 1677 3622 1736 τοὺς

360 1777 495 1832 tam,
543 1781 596 1822 at
628 1784 728 1837 ego
763 1770 1099 1824 auditoribus
1127 1785 1447 1837 persuasum
1477 1784 1600 1825 esse
1633 1771 1811 1836 cupio,
1843 1781 1928 1820 me

2057 1764 2348 1828 ικούοντας,
2397 1765 2480 1817 ὅτι
2525 1764 2847 1817 κολακεύειν
2897 1764 3076 1825 ὀκνῶ,
3112 1765 3209 1817 καὶ
3261 1764 3361 1816 οὐκ
3400 1765 3508 1832 ἔχω
3553 1764 3623 1818 εὖ

364 1859 571 1912 adulari
605 1860 819 1914 nescire
849 1871 942 1916 aut
969 1863 1150 1915 omnia
1178 1862 1660 1915 indiscriminatim
1683 1857 1932 1910 laudibus

366 1948 563 2002 etTerre
594 1958 758 2018 atque
802 1949 880 2003 sic
925 1950 1101 2020 palam
1137 1952 1381 2005 mentiri.
1421 1951 1577 2006 Unus
1611 1950 1756 2003 enim
1791 1947 1932 2000 Deus

367 2042 590 2095 omnino
625 2058 686 2097 ac
721 2057 937 2114 semper
959 2053 1013 2098 et
1053 2045 1249 2112 ubique
1273 2044 1524 2098 laudibus
1551 2042 1929 2102 celebrandus,

362 2133 718 2209 iustissimus,
765 2135 1024 2203 Optimus,
1072 2134 1472 2195 sanctissimus,
1530 2133 1583 2186 in
1629 2147 1736 2201 quo
1787 2129 1931 2183 nulla

367 2225 503 2278 inest
541 2226 825 2295 injustitia,
862 2239 890 2281 a
929 2242 1035 2296 quo
1073 2227 1222 2283 fraus
1261 2237 1316 2282 et
1368 2225 1572 2280 malitia
1603 2235 1936 2292 quzecnnque

366 2316 579 2370 exsulat
629 2337 644 2373 :
699 2319 862 2374 homo
910 2329 1112 2382 autem,
1152 2320 1460 2388 quicunque
1495 2317 1710 2370 demum
1759 2315 1830 2368 sit
1883 2320 1937 2366 et

369 2418 847 2480 quantumcunque
901 2410 1142 2480 attigerit
1187 2420 1447 2472 aetatem,
1506 2408 1705 2461 lruslra
1759 2403 1939 2457 studet

369 2506 423 2552 t'l
471 2500 724 2569 opinatur
785 2511 839 2557 et
901 2503 1110 2558 laborat
1158 2513 1216 2556 ut
1259 2502 1314 2554 in
1356 2501 1611 2554 omnibus
1664 2497 1821 2552 laude
1869 2495 1940 2548 sit

367 2591 580 2659 dignus.
615 2591 873 2658 Quamvis
909 2595 1052 2648 enim
1100 2594 1327 2664 plurima
1374 2593 1561 2647 fecerit
1615 2592 1668 2644 in
1717 2590 1939 2648 mundo.

373 2695 476 2735 non
517 2691 700 2738 tamen
741 2688 823 2746 eof
854 2687 1151 2753 perveniet,
1189 2695 1246 2738 ut
1275 2685 1452 2738 omnis
1496 2684 1666 2752 culpre
1696 2697 1759 2736 ac
1799 2681 1936 2734 vitu-

375 2773 512 2841 perii
544 2789 741 2843 expers
778 2779 847 2831 sit
882 2778 932 2831 in
967 2779 1071 2844 via,
1107 2781 1200 2832 sed
1242 2779 1414 2832 solum
1442 2779 1511 2831 ob
1530 2794 1615 2841 ca,
1651 2793 1770 2846 qua:
1804 2776 1939 2829 bene

375 2867 585 2936 peragit
618 2875 673 2922 et
720 2879 991 2939 quatenus
1034 2887 1256 2942 scopum
1310 2871 1648 2939 propositum
1696 2867 1936 2937 attingit,

367 2957 491 3027 jure
523 2960 825 3031 meritoque
859 2963 1132 3016 laudatur.

442 3050 531 3105 56.
565 3053 739 3123 Atque
787 3055 902 3108 haec
946 3065 1028 3108 est
1074 3069 1252 3108 arente
1302 3055 1409 3121 lex,
1463 3069 1568 3124 qua
1617 3053 1830 3108 athleta:
1883 3069 1945 3106 ac

371 3143 588 3210 pugiles
640 3145 708 3198 ad
761 3145 1130 3200 fortitudinem
1186 3147 1630 3210 exstimulantur,
1679 3158 1734 3201 ut
1789 3148 1948 3202 modo

376 3235 648 3299 laudibus,
702 3237 1205 3303 acclamationibus,
1265 3239 1727 3302 fclicitationilius,
1782 3244 1944 3295 modo

375 3326 614 3396 praemiis
660 3328 1016 3384 adornentur.
1087 3329 1193 3384 Sed
1250 3331 1316 3386 ab
1374 3333 1441 3386 iis
1495 3333 1583 3401 qui
1639 3335 1943 3388 animarum

375 3431 563 3471 curam
611 3429 828 3489 gerunt,
881 3421 1150 3476 interdum
1205 3438 1269 3478 ne
1302 3423 1390 3478 illc
1434 3425 1649 3495 quidem
1679 3425 1771 3495 qui
1813 3426 1950 3478 lieno

374 3509 611 3565 luctatus
643 3519 747 3573 est.
775 3511 1039 3567 laudatur.
1073 3513 1315 3570 Metuunt
1368 3516 1642 3580 nimirum,
1676 3531 1743 3571 ne
1781 3516 1945 3571 disri-

377 3603 485 3670 puli
519 3612 924 3674 sectatoresque
957 3607 1170 3661 virtutis
1215 3622 1310 3676 per
1353 3622 1634 3664 assensum
1675 3622 1738 3663 ac
1767 3619 1951 3679 gratu-

377 3694 632 3752 lationem
687 3699 753 3751 ad
813 3698 1009 3753 fastum
1063 3715 1364 3770 vanamque
1410 3700 1721 3770 superbiam
1783 3701 1953 3767 prori-

379 3789 616 3858 piantur,
669 3789 896 3859 ideoque
951 3792 1252 3861 vituperant
1305 3803 1630 3866 pugnatores
1679 3801 1952 3858 strenuos,

380 3897 518 3952 quos
563 3891 742 3939 tamen
782 3885 1047 3955 ejusmodi
1103 3893 1500 3957 pratceptorum
1559 3885 1829 3956 vituperia
1883 3883 1950 3937 aut

383 3977 573 4034 melius
613 3977 839 4035 incitant
869 3988 921 4033 et
949 3978 1094 4037 velut
1132 3979 1336 4034 stimuli
1363 3979 1580 4036 virtutis
1620 3980 1772 4034 fiunt.

458 4158 545 4210 57.
587 4156 676 4210 Sic
711 4165 891 4209 autem
933 4158 1022 4223 qni
1069 4157 1120 4209 in
1159 4167 1404 4226 tempore
1454 4158 1707 4213 virtutem
1739 4157 1954 4212 aemula-

387 4259 493 4312 tur,
523 4247 682 4301 laude
707 4247 902 4317 dignus
933 4249 1058 4302 erit.
1084 4248 1185 4304 Ubi
1225 4265 1372 4311 vero,
1398 4264 1508 4319 pra:
1547 4249 1714 4304 nimio
1740 4249 1956 4316 ardore,

386 4337 524 4389 ultra
561 4350 783 4404 scopum
817 4347 1124 4407 proreptus.
1159 4347 1249 4392 aut
1279 4337 1446 4392 nimia
1469 4337 1686 4410 pigritia
1716 4349 1957 4395 retentus

2042 1856 2223 1923 λέγειν
2261 1856 2478 1910 ἅπαντα
2528 1858 2606 1918 είς
2656 1857 2988 1926 ἀδιάκριτον,
3038 1857 3133 1910 καὶ
3167 1855 3313 1908 οὕτω
3361 1857 3624 1926 φανερῶς

2043 1948 2356 2018 ψεύδεσθαι.
2403 1946 2494 2012 Εἷς
2525 1951 2634 2021 γὰρ
2667 1952 2761 2003 καὶ⁵
2797 1951 2957 2018 μόνος
2989 1949 3277 2020 εὐλογητὸς
3309 1950 3484 2020 πάντη
3520 1951 3626 2003 καὶ

2049 2041 2266 2100 πάντως
2310 2042 2402 2094 καὶ
2443 2042 2673 2094 πάντοτε
2721 2043 2748 2093 ό
2775 2042 2925 2104 Θεὸς,
2959 2042 3018 2104 ὃς
3049 2042 3147 2094 οὐκ
3179 2039 3286 2094 οἶδε
3343 2043 3626 2112 ἁμαρτίαν

2051 2136 2244 2195 ποιεῖν,
2274 2134 2304 2185 ό
2332 2133 2693 2195 δικαιότατος,
2717 2134 2746 2185 ό
2781 2134 3116 2200 πανάγαοος,
3151 2135 3179 2186 ό
3201 2133 3522 2202 άγιὼτατος,
3559 2136 3628 2185 ἐν

2047 2220 2091 2292 ᾧ
2127 2228 2225 2278 οὐκ
2260 2226 2406 2279 ἐστιν
2452 2225 2655 2286 ἀδικία,
2703 2219 2762 2278 οὐ
2791 2227 2899 2287 πᾶς
2928 2225 3075 2287 δόλος
3111 2225 3206 2276 καὶ
3258 2225 3429 2277 κακὸν
3469 2225 3629 2277 ἅπαν

2049 2315 2346 2387 ἐξώρισται
2367 2333 2379 2348 ο
2427 2315 2713 2384 ἄνθρωπος
2741 2315 2795 2367 δέ
2818 2355 2834 2379 ,
2865 2315 3044 2377 ὁποῖος
3074 2312 3142 2366 ἂν
3168 2315 3373 2376 ἐκεῖνος
3406 2315 3500 2367 καὶ
3532 2316 3632 2383 εἴη

2052 2411 2148 2462 καὶ
2188 2408 2382 2469 ὁπόσος
2413 2407 2503 2460 τὸν
2529 2407 2629 2477 τῆς
2658 2407 2799 2477 ζωῆς
2835 2408 3060 2477 χρόνον,
3099 2407 3276 2476 μάτην
3308 2408 3402 2459 καὶ
3446 2406 3632 2460 ἐθέλει

2054 2501 2148 2552 καὶ
2174 2499 2344 2552 οἴεται
2369 2499 2456 2551 καὶ
2485 2499 2957 2566 πραγματεύεται,
2985 2498 3170 2581 ἁπλῶς
3199 2497 3370 2561 οῦτως
3398 2498 3636 2567 εὐλογηο

2055 2591 2147 2652 τὸς
2187 2586 2322 2643 εῖναι
2355 2590 2548 2642 διόλου.
2584 2589 2758 2642 Πολλά
2795 2591 2903 2658 γὰρ
2937 2589 3177 2658 ἐνεργῶν
3211 2589 3350 2642 κατὰ
3383 2589 3633 2658 κόσμονἸ

2053 2682 2154 2733 οὐκ
2184 2681 2248 2734 ἂν
2288 2679 2553 2751 ἐξανύσῃ,
2589 2681 2676 2733 διὰ
2715 2681 2930 2735 πάντων
2958 2682 3215 2752 ἔρχεσθαι
3239 2681 3636 2750 ἀλογοπράγη-

2052 2789 2143 2832 τος
2173 2772 2265 2824 καὶ
2289 2771 2586 2840 ἀμώμητος
2619 2773 2676 2824 ἐν
2697 2772 2802 2843 ὁδῷ
2824 2787 2838 2802 ·
2869 2772 3076 2843 διόπερ,
3104 2775 3189 2842 ἐφ’
3215 2769 3296 2836 οἷς
3318 2773 3416 2843 μὲν
3439 2773 3637 2825 aucto-

2055 2865 2141 2929 χεῖ
2199 2862 2294 2914 καὶ
2347 2862 2521 2932 ὀρθῶς
2577 2863 2760 2933 βάλλει
2814 2864 2957 2916 κατὰ
3028 2863 3267 2927 σκοποῦ,
3319 2862 3638 2932 εὐλογεῖται

2057 2971 2297 3013 παντως.

2127 3043 2242 3108 νς’.
2278 3045 2388 3098 Καὶ
2426 3044 2540 3098 ἔστι
2579 3043 2735 3097 τοῦτο
2769 3045 3088 3109 ἁλειπτικδς
3120 3047 3305 3116 νόμος,
3341 3048 3407 3101 δι’
3433 3042 3496 3102 οὗ
3529 3051 3642 3103 καὶ

2051 3139 2100 3190 οί
2130 3137 2481 3197 seomon
2511 3137 2605 3189 καὶ
2638 3138 2686 3188 οἱ
2721 3136 3098 3206 ἀριστεύοντες
3128 3138 3520 3207 προσαύξονται
3545 3142 3641 3204 εἰς

2054 3229 2411 3298 κραταῖωσιν,
2440 3229 2488 3279 οί
2520 3229 2618 3296 μὲν
2651 3228 2896 3291 ἐπαίνοις
2924 3231 3018 3281 καὶ
3043 3228 3315 3297 εὐλογίαις
3331 3231 3422 3282 καὶ
3451 3231 3644 3295 ἐγκω-

2060 3322 2223 3390 μίοις,
2248 3323 2297 3375 οί
2323 3322 2377 3374 δὲ
2403 3323 2494 3374 καλ.
2520 3320 2711 3391 δώροις
2745 3321 3189 3389 ὑπαλειφόμενον..
3221 3322 3329 3375 Καὶ
3349 3322 3454 3392 μὴν
3476 3323 3643 3375 ἔστιν

2056 3413 2143 3465 ὅτε
2173 3413 2292 3465 οὐδὲ
2327 3414 2354 3466 ό
2382 3412 2740 3482 ἀγαθουργῶν
2779 3413 3086 3477 εὐλογεῖται
3124 3413 3272 3482 παρά
3304 3429 3368 3480 γε
3396 3415 3507 3475 τοῖς
3544 3414 3641 3465 ol-

2059 3501 2352 3570 κονομοῦσι
2389 3502 2453 3554 τά
2481 3501 2709 3572 ψυχικά.
2745 3502 2808 3554 Ol
2839 3501 2893 3554 δὲ
2923 3501 3174 3564 δεδιότες,
3211 3502 3285 3573 μὴ
3312 3504 3422 3564 τοῖς
3447 3502 3642 3571 μαθη-

2059 3595 2375 3664 τευομένοις
2397 3597 2487 3648 καὶ
2511 3594 2892 3664 άλειφομένοις
2911 3577 2988 3657 είς
3016 3594 3214 3664 ἀρετὴν
3241 3597 3271 3664 ἡ
3292 3595 3511 3662 εὐλογία
3532 3597 3644 3648 καὶ

2061 3687 2424 3759 χρηστολογία
2445 3688 2527 3750 είς
2543 3687 2713 3756 τῦφον
2735 3686 3140 3756 ἀποτελευτήσῃ
3165 3685 3425 3752 καὶδόξαν
3439 3683 3643 3754 κενὴν,

2060 3778 2406 3850 δυσφημοῦοι
2435 3779 2563 3841 τούς
2604 3777 2842 3848 ἀγαθοὺς
2887 3779 3116 3850 μύστας,
3143 3772 3225 3840 οἷς
3252 3777 3346 3830 καὶ
3386 3776 3642 3843 γίνονται

2059 3869 2109 3920 oi
2138 3867 2369 3920 τοιοῦτοι
2393 3865 2761 3920 διδασκαλικοὶ
2785 3866 3078 3936 ὀνειδισμοὶ
3099 3865 3378 3936 ἐρεθισμοὶ
3401 3865 3536 3934 πρὸς
3561 3866 3644 3919 τὰ

2064 3959 2372 4030 κρείττονα,
2398 3958 2494 4012 καὶ
2521 3957 2594 4022 ὠς
2623 3951 2708 4010 οἶα
2735 3957 2996 4027 μάστιγες
3023 3959 3103 4021 εἰς
3133 3957 3398 4028 ἐργασίαν
3416 3955 3646 4028 άγαϋὴν

2065 4052 2517 4120 ἐπισπέρχουσαι.
2619 4111 2622 4114 ,

2136 4143 2234 4209 νζ.
2287 4141 2426 4196 Ἀλλ’
2463 4141 2604 4195 οὐτω
2635 4141 2734 4211 μὲν
2767 4136 3068 4207 εὐλογεῖταί
3095 4157 3178 4202 τις
3207 4139 3264 4192 ἐν
3287 4137 3462 4208 καιρῷ
3490 4139 3611 4202 ἀγα
3632 4168 3645 4180 ε

2066 4233 2383 4305 θοπραγῶν.
2407 4235 2534 4287 Ὅτε
2556 4232 2611 4286 δέ
2638 4231 2793 4302 πουῆ
2820 4228 3165 4300 ὑπερϐαλὼν,
3189 4229 3264 4292 ὡς
3285 4229 3650 4299 διεκδραμεῖν

2065 4327 2158 4380 τὸν
2191 4327 2427 4390 σκοπὸν,
2465 4325 2498 4396 ἢ
2528 4322 2774 4393 ἐλλείψας
2809 4323 3046 4392 ἁμάρτοι
3066 4361 3082 4386 ,
3107 4321 3227 4374 τότε
3258 4321 3314 4374 δέ
3345 4321 3648 4390 εὐλογητὸς

391 4429 721 4498 peccaverit,
779 4441 909 4484 tunc
971 4446 1156 4484 revera
1212 4431 1356 4485 nulla
1407 4431 1598 4500 dignus
1645 4433 1945 4486 censebit":

2068 4419 2167 4491 μὲν
2195 4420 2293 4472 οὐκ
2329 4418 2394 4472 ἂν
2427 4416 2575 4470 ἔσται
2608 4414 2742 4485 πρὸς
2791 4413 2960 4485 αὐτὴν
3000 4413 3285 4482 ἀλήθειαν,
3319 4412 3542 4467 ἀκούσει
3582 4415 3651 4468 δέ

393 4519 572 4587 laude,
618 4521 712 4575 sed
745 4521 925 4590 potius
967 4523 1130 4578 verba
1185 4523 1366 4577 audiet
1412 4538 1551 4593 quae,
1605 4533 1661 4576 ut
1710 4540 1812 4577 non
1849 4525 1958 4578 sint

393 4614 555 4668 nimis
602 4614 746 4669 acria
798 4624 851 4670 et
904 4615 1265 4680 amarulcnta,
1319 4624 1498 4670 tamen
1550 4616 1740 4686 judicii
1778 4618 1954 4680 melle,

393 4706 468 4758 uti
505 4707 681 4769 decet,
721 4716 1077 4776 attemperata
1106 4718 1256 4772 sunt,
1307 4708 1349 4760 si
1393 4709 1644 4761 nimirum
1683 4717 1959 4776 peccatum

391 4795 498 4850 tale
529 4795 600 4849 sit
631 4805 690 4851 ut
723 4813 850 4863 non,
883 4796 1319 4867 supplantatinne
1366 4798 1588 4863 diaboli,
1626 4799 1776 4868 lapso
1823 4799 1962 4854 inte-

376 4887 552 4940 ‘ritum
596 4901 658 4940 ac
697 4898 927 4942 mortem
959 4889 1336 4946 comminatur.
1377 4889 1603 4955 Quando
1642 4899 1822 4944 autem
1857 4907 1962 4944 non

397 4979 762 5042 mediocriter,
809 4990 866 5033 ut
917 4982 989 5034 ita
1025 4980 1223 5044 dicam,
1280 4983 1373 5036 sed
1423 4982 1725 5050 capitaliter
1777 4998 1965 5050 pecca-

397 5071 533 5126 verit
570 5081 623 5125 et
673 5075 1035 5142 transgressio
1085 5075 1167 5128 vix
1219 5075 1421 5129 remitti
1473 5090 1632 5142 posse
1684 5075 1964 5140 videatur,

396 5179 523 5219 tunc
565 5173 818 5234 peccator
870 5165 1157 5236 vitnpcriis
1201 5177 1250 5222 et
1290 5167 1750 5236 increpationibus
1801 5168 1968 5222 casti-

378 5251 638 5324 ‘gabitur,
673 5264 748 5318 et,
799 5256 842 5309 si
896 5259 1054 5312 modo
1086 5268 1322 5312 mentem
1378 5274 1563 5313 sanam
1604 5259 1817 5319 habeat,
1855 5259 1971 5311 vnl-

401 5349 543 5402 neris
559 5347 894 5403 curationem
921 5363 1016 5418 per
1035 5351 1428 5404 correctionem
1448 5352 1591 5405 velut
1615 5366 1709 5420 per
1730 5365 1968 5403 amaram

403 5439 636 5494 radicem
676 5439 926 5495 lubenter
967 5442 1235 5496 admittet.
1281 5442 1336 5497 Si
1387 5442 1531 5495 enim
1571 5456 1673 5494 non
1727 5442 1796 5494 ita
1849 5456 1972 5493 scn-

403 5532 556 5594 serit,
590 5533 684 5586 sed
725 5534 901 5601 potius
928 5531 1271 5601 spiritualem
1311 5533 1635 5586 medicinam
1669 5547 1808 5600 argre
1838 5530 1975 5584 ferre

408 5626 567 5688 atque
593 5625 828 5680 aversari
856 5624 1128 5689 videatur,
1183 5623 1322 5678 male
1351 5624 1552 5688 audiet,
1585 5624 1657 5676 nil
1688 5637 1976 5686 commune

412 5708 615 5762 habens
651 5725 770 5765 cum
802 5714 1120 5772 hominibus
1151 5716 1308 5771 laude
1346 5714 1547 5782 dignis,
1579 5723 1632 5770 et
1665 5722 1785 5780 post
1814 5714 1976 5769 multa

2063 4511 2226 4565 ποθεν
2256 4510 2464 4575 λαλιὰς,
2498 4510 2546 4562 εί
2575 4512 2670 4564 καὶ
2699 4508 2773 4579 μὴ
2801 4507 2939 4560 πάνυ
2974 4524 3026 4559 τι
3063 4508 3259 4577 πικρὰς
3290 4507 3382 4558 καὶ
3411 4506 3487 4569 ὡς
3525 4501 3650 4561 οἷον

2061 4602 2434 4672 ἀψινθιώδεις,
2467 4601 2600 4654 ἀλλὰ
2634 4599 2764 4667 γοῦν
2793 4598 3052 4659 ἐπιεικῶς
3083 4598 3426 4668 κεκραμένας
3459 4598 3651 4666 μέλιτι

2063 4696 2408 4766 διακρίσεως,
2441 4695 2529 4748 ὅτε
2568 4692 2767 4763 δηλαδὴ
2796 4691 2856 4745 τδ
2884 4691 3218 4760 πρόσκομμα
3247 4691 3308 4743 ού
3339 4707 3468 4742 συντ
3481 4689 3652 4760 ριϐὴν

2065 4788 2280 4842 ἀπειλεῖ
2307 4787 2384 4855 τῷ
2410 4784 2794 4847 καταπεσόντι,
2823 4782 2898 4845 ὡς
2937 4783 3013 4844 εἰς
3047 4780 3276 4834 Θάνατον
3298 4822 3312 4844 ,
3352 4780 3652 4850 σκελισμῷ

2064 4877 2316 4948 δαίμονος
2335 4892 2348 4906 '
2383 4875 2480 4938 ὡς,
2513 4876 2564 4927 εῖ
2589 4891 2649 4941 γε
2675 4875 2735 4926 οὐ
2769 4871 2984 4942 μέτρια,
3013 4873 3088 4934 ὡς
3114 4871 3285 4933 οὕτως
3314 4871 3510 4935 εἰπεῖν,
3546 4890 3655 4924 x1-

2067 4969 2433 5040 κοπραγήσει,
2453 4966 2588 5020 ἀλλά
2618 4965 2920 5034 κατάκρας,
2954 4964 3046 5017 καὶ
3075 4964 3323 5032 φανεῖται
3346 4964 3656 5034 ἀπαραμύς-

2069 5062 2228 5132 οητος
2250 5063 2284 5130 ἠ
2314 5057 2640 5128 ὐπερδασία,
2664 5056 2966 5126 τηνικαῦτα
2989 5055 3084 5108 καὶ
3105 5055 3379 5124 σκώψεται
3403 5054 3430 5104 ὁ
3454 5056 3657 5107 ἐπταιο

2071 5160 2204 5220 κὼς,
2231 5154 2324 5208 καὶ
2348 5151 2756 5221 ἐπιτιμήσεται,
2782 5150 2876 5201 καὶ
2901 5147 3199 5217 Θεραπείαν
3219 5146 3532 5216 τραύματος
3559 5146 3659 5198 διὰ

2076 5249 2446 5320 παραινέσεως
2477 5248 2636 5300 όποῖα
2653 5244 2745 5297 καὶ
2776 5243 2976 5313 πικρᾶς
2999 5258 3142 5303 τινος
3175 5240 3332 5312 ῥίζης
3351 5237 3658 5306 δεξάμενος

2077 5341 2275 5410 ἱλαρῶς
2306 5339 2662 5409 προσήσεται,
2700 5334 2858 5401 εἴπερ
2889 5333 3078 5402 φρονεῖ
3109 5328 3360 5389 ἐντελῶς.
3389 5327 3482 5396 Μὴ
3516 5343 3659 5396 φροο

2077 5433 2180 5484 νῶν
2207 5432 2315 5500 γὰρ
2335 5430 2527 5494 οῦτως,
2553 5427 2686 5480 ἀλλὰ
2706 5427 2946 5493 ἐκφήνας
2965 5421 3382 5490 δυσανασχετεῖν
3403 5419 3497 5472 καὶ
3514 5420 3662 5471 ἀπο-

2079 5527 2140 5579 δυ
2152 5525 2365 5578 τπετεῖν
2390 5522 2525 5592 πρὸς
2548 5521 2644 5592 τὴν
2670 5520 2811 5575 κατὰ
2836 5517 3051 5585 πνεῦμα
3077 5514 3345 5584 ἰατρείαν,
3379 5511 3560 5571 κακῶς
3590 5529 3660 5564 τε

2081 5616 2376 5672 ἀκούσεται
2415 5613 2748 5675 άπεναντίας
2789 5613 2900 5672 τοῖς
2942 5608 3253 5676 εὐλογητοῐς
3304 5602 3612 5673 ἀνθρώποις
3639 5643 3661 5668 ,

2084 5708 2177 5763 καὶ
2212 5706 2349 5777 μετὰ
2384 5704 2554 5758 πολλὰ
2591 5704 2658 5758 τά
2696 5705 2752 5757 ἐν
2791 5702 2968 5774 μέσῳ,
3009 5700 3103 5752 καὶ
3137 5697 3254 5751 οὐδὲ
3300 5695 3447 5765 αὐτῷ
3483 5693 3614 5765 φίλα
3642 5733 3664 5760 ,
