3950 6208
395 377 505 440 339

1119 372 1545 434 EUSTATHII
1579 362 2344 429 'IIIESSALONICENSIS
2376 355 2952 420 METROPULITE
3015 399 3018 402 .

2165 235 2197 245 ν

3564 352 3669 414 3'0

393 495 699 555 μι-οηιονει,
737 485 815 540 ιω
846 500 940 555 ρει·
976 485 1125 540 νει-οε
1157 484 1224 538 ιιι)
1257 485 1374 553 ipso
1405 482 1470 536 ad
1507 480 1813 536 docendum
1847 479 1974 532 des.
2006 480 2052 536 Α
2082 471 2269 543 τρύνει
2289 469 2591 541 ἐπιμελῶς.
2615 469 2710 522 καὶ
2730 466 3075 520 συνδιδάσκει
3101 467 3192 516 καὶ
3217 463 3534 532 συνωφελεί.
3565 465 3670 518 Καὶ

396 580 619 642 tinatos,
675 576 804 632 dum
854 578 970 645 ipse
1017 575 1071 630 in
1125 574 1358 630 excelsis
1397 579 1648 628 versatur
1685 568 1974 624 invisibilis

394 671 564 738 (lctus
614 686 848 740 namque
880 670 1112 724 mundus
1163 669 1274 723 Deo
1310 666 1502 736 plenus
1546 666 1674 733 est),
1724 664 1976 718 meliores

394 760 532 814 tiunt
560 759 653 828 qui
688 762 757 815 ad
797 759 1053 816 virtutem
1085 757 1408 814 sectandam
1437 755 1551 824 apti
1576 764 1724 811 sunt.

469 940 556 996 61.
587 941 725 1006 Quid
779 949 961 994 autem
993 941 1119 995 dico
1167 939 1332 1004 apti?
1373 937 1584 992 Etenim
1633 951 1666 989 e
1704 935 1976 1004 lapidibus

397 1047 616 1103 quoque
647 1048 784 1102 quos
811 1033 1071 1102 colligunt
1113 1031 1209 1102 qui
1255 1040 1442 1085 sancta
1492 1028 1708 1083 metalla
1743 1027 1974 1091 fodiunt,

398 1138 702 1193 exsurgunt
750 1127 934 1180 divina
980 1125 1210 1191 semina,
1262 1125 1313 1178 id
1365 1131 1452 1179 est
1496 1122 1666 1177 divini
1704 1121 1974 1177 homines.

397 1217 509 1272 Res
535 1217 835 1292 autemjlla
878 1216 1136 1285 praeclara
1163 1216 1327 1272 etiam
1368 1216 1424 1272 in
1468 1229 1567 1269 nos
1597 1214 1862 1269 redundat
1888 1212 1978 1281 qui

398 1325 544 1364 nunc
575 1309 829 1364 vivimus.
860 1307 995 1363 Nam
1028 1309 1196 1363 divini
1220 1307 1372 1363 verbi
1398 1317 1636 1370 torrens,
1673 1305 1978 1360 doctrinam

399 1399 541 1466 dico,
575 1399 837 1456 divinitus
864 1401 1190 1464 scaturieus,
1218 1398 1385 1453 veluti
1423 1399 1476 1453 in
1506 1396 1771 1467 quosdam
1802 1397 1979 1460 sinus,

2087 568 2232 620 οὓτω
2259 566 2350 619 διὰ
2372 565 2479 618 τῶν
2503 562 2597 616 ὑπ’
2619 560 2786 614 αὑτοῦ
2812 557 3272 628 προϐαλλομένων
3305 559 3386 620 εἰς
3417 556 3671 610 διδασκα-

2083 660 2227 721 λίαν,
2266 659 2324 710 ὲν
2354 656 2431 726 τῷ
2453 659 2545 709 καὶ
2575 654 2737 707 αὐτὸν
2765 652 2974 707 ἀνωθεν
3011 651 3230 719 ἀοράτῳ
3261 653 3519 718 παρεῖναι
3554 648 3669 719 (τοῦ

2084 750 2221 804 Θεοῦ
2242 750 2352 818 γὰρ
2381 748 2526 810 ἅπας
2554 749 2582 800 ό
2605 747 2810 814 κόσμος
2837 742 3052 813 γέμει),
3073 742 3340 812 βελτίονες
3371 743 3419 795 οἱ
3449 742 3670 812 εὐφυεῖς

2085 843 2153 896 τὰ
2185 845 2266 904 εἰς
2298 840 2499 910 ἀρετὴν
2526 840 2787 906 γίνονται.
3317 869 3322 872 -

2157 934 2256 998 51’.
2289 934 2354 986 Τί
2384 933 2440 986 δὲ
2471 932 2614 1000 λέγω
2641 932 2687 983 οἱ
2719 931 2941 998 εὐφυεῖς
2966 947 2982 994 ;
3011 930 3144 983 ὅπου
3179 945 3242 997 γε
3269 930 3362 982 καὶ
3393 932 3457 983 ὲκ
3477 929 3662 997 λίθων,

2087 1027 2177 1088 οὒς
2205 1026 2562 1092 ἁναλέγονται
2584 1026 2632 1078 οἱ
2665 1025 2838 1092 ἀγίως
2871 1022 3318 1094 μεταλλεύοντες,
3349 1024 3673 1078 ἀνίστανται

2091 1123 2387 1193 σπέρματα
2419 1123 2561 1185 θεῖα,
2587 1119 2687 1173 εἴτ’
2717 1119 2811 1174 οῦν
2833 1118 2970 1172 Θεοῦ
2993 1120 3292 1189 ἄνθρωποι.
3327 1120 3401 1172 Τὸ
3430 1119 3488 1172 δὲ
3506 1121 3674 1173 καλὸν

2089 1213 2268 1267 ὶκεῖνο
2305 1213 2536 1282 καθήκει
2569 1211 2668 1264 καὶ
2714 1215 2796 1275 είς
2824 1213 2975 1281 ἡμᾶς
3013 1211 3232 1275 αὐτοὺς,
3268 1211 3395 1273 τοὺς
3444 1211 3544 1278 τῆς
3571 1211 3675 1264 νῦν

2089 1305 2324 1376 ἡμέρας.
2353 1305 2424 1358 Τὸ
2455 1307 2562 1375 γὰρ
2586 1304 2680 1357 τοῦ
2711 1303 2899 1358 ὲνθέου
2926 1303 3087 1370 λόγου
3119 1303 3321 1372 ῥεῦμα,
3345 1302 3678 1356 τὸδιδασκα-

2089 1394 2260 1460 λικὶν,
2282 1394 2619 1466 πλημμῦρον
2657 1394 2846 1448 θεόθεν
2871 1393 2948 1457 ὡς
2974 1395 3056 1456 εἰς
3089 1393 3324 1457 κόλπους
3360 1393 3537 1458 τινας,
3573 1394 3678 1456 τὰς

403 1490 662 1546 nimirum
689 1491 742 1544 in
770 1490 983 1545 animas
1013 1491 1306 1558 proborum
1340 1499 1734 1559 praeceptorum
1776 1489 1980 1542 immit-

2100 1489 2201 1542 τῶν
2252 1489 2430 1560 ὀρθῶν
2474 1487 2816 1542 διδασκάλων
2863 1485 3065 1556 ψυχὰς,
3121 1485 3215 1538 καὶ
3260 1484 3418 1548 αὖθις
3461 1484 3678 1538 ἐκεῖθεν

400 1579 556 1644 titur,
606 1581 837 1650 indeque
869 1581 1146 1644 proﬂuens
1184 1580 1348 1635 etiam
1389 1583 1460 1636 ad
1505 1594 1606 1636 nos
1640 1579 1898 1650 pertingit
1929 1587 1984 1632 et

2100 1582 2361 1652 προρρέον
2401 1581 2497 1634 καὶ
2537 1583 2616 1644 είς
2645 1581 2817 1650 ἡμᾶς,
2872 1578 2967 1632 καὶ
2999 1578 3077 1639 ὡς
3121 1577 3490 1646 παραδείσους
3535 1577 3677 1631 Θεοῦ

398 1682 659 1740 tanquam
690 1672 973 1741 paradisus
1016 1674 1229 1730 divinos
1276 1674 1470 1743 irrigat
1499 1672 1573 1728 ad
1614 1672 1981 1727 omnimodam

2100 1673 2309 1744 ἀρδεύει
2340 1673 2432 1726 ἐπὶ
2465 1673 2696 1742 παντοίᾳ
2724 1671 3097 1742 καρποφορίᾳ,
3138 1670 3207 1724 δι’
3241 1666 3310 1743 ἧς
3337 1671 3514 1741 ψυχαὶ
3545 1671 3681 1740 τρέ-

399 1764 740 1825 fertilitatem
774 1781 884 1836 qua
909 1765 1106 1823 anima:
1137 1767 1480 1833 nutriuntur,
1512 1775 1568 1822 et
1599 1765 1764 1822 veluti
1800 1765 1982 1820 sulcos

2100 1782 2307 1834 φονται,
2342 1767 2437 1819 καὶ
2465 1765 2542 1828 ὡς
2571 1765 2818 1828 αῦλακας
2855 1764 3115 1833 μεθύσκει
3145 1764 3238 1817 ἐπὶ
3267 1763 3477 1834 βλάστῃ
3509 1769 3685 1834 ψυχν-

401 1858 631 1914 inundat
675 1860 743 1914 ad
789 1859 1193 1916 incrementum
1241 1860 1576 1928 animarum,
1624 1869 1680 1916 et
1729 1867 1986 1928 tanquam

2100 1860 2299 1930 τρόφῳ,
2327 1860 2422 1912 καὶ
2445 1859 2520 1922 ὡς
2557 1859 2883 1930 ἀνθρώπους
2911 1859 2968 1910 δὲ
2999 1857 3379 1929 ῥυπουμένους
3412 1858 3519 1910 ίλύῖ
3551 1860 3685 1928 βιω-

401 1948 657 2014 ltomipes
688 1949 812 2005 vita:
837 1951 1094 2007 sordibus
1133 1952 1557 2008 commaculatos
1595 1953 1660 2007 ad
1691 1951 1986 2021 puritatem

2100 1954 2219 2022 τικῇ
2255 1951 2513 2006 ἀπολούει
2544 1953 2604 2015 ἐς
2638 1951 3011 2022 καθαρότητα.
3044 1952 3154 2004 Καὶ
3189 1951 3290 2004 οὐκ
3320 1952 3468 2005 ἐστιν
3496 1952 3683 2016 ἄλλως

406 2040 638 2103 lavando
687 2042 962 2112 perducit.
1009 2041 1195 2113 Neque
1245 2057 1372 2100 vero
1412 2043 1572 2098 aliter
1603 2041 1751 2098 salus
1802 2053 1988 2099 nostra

406 2133 690 2203 obtingere
720 2143 922 2204 potest,
968 2135 1072 2190 nisi
1114 2135 1218 2194 hoc
1252 2137 1371 2192 solo
1415 2135 1597 2204 modo,
1645 2136 1992 2205 quantumvis

408 2224 464 2292 in
499 2225 621 2280 aliis
648 2226 922 2283 methodis
957 2227 1306 2286 inveniendis
1344 2228 1594 2284 homines
1630 2227 1956 2282 allaborent.

478 2315 570 2372 62.
610 2316 933 2386 Quicunque
974 2318 1140 2388 igitur
1179 2319 1284 2374 hoc
1313 2318 1511 2374 bonum
1546 2317 1687 2388 quod
1730 2333 1895 2372 unum
1927 2333 1992 2374 ac

409 2410 586 2466 solum
621 2409 677 2466 iu
733 2418 845 2467 toto
883 2414 1086 2468 mundo
1112 2412 1404 2483 reperitur,
1453 2419 1836 2475 contemnunt,
1871 2426 1991 2478 pcr-

409 2515 634 2560 suasum
682 2503 788 2559 sibi
827 2503 1090 2571 habeant,
1137 2519 1195 2559 se
1252 2505 1308 2560 in
1368 2503 1607 2560 tenebris
1651 2501 1990 2558 densissimis

407 2597 758 2654 cmentientes
803 2598 1084 2662 oberrare,
1114 2597 1240 2667 quia
1296 2611 1472 2666 neque
1518 2595 1778 2651 doctrinae
1808 2596 1987 2649 lumen

405 2701 521 2756 prae
546 2701 605 2743 se
635 2687 816 2743 ferunt
845 2704 954 2759 quo
1001 2691 1056 2744 in
1103 2689 1263 2760 hujus
1291 2690 1414 2744 vitae
1439 2688 1672 2760 caligine
1699 2689 1986 2751 ducantur,

405 2793 584 2850 neque
613 2779 717 2833 alia
750 2781 963 2842 ratione
989 2782 1302 2851 diriguntur
1329 2798 1346 2848 ;
1383 2782 1493 2836 imo
1521 2795 1621 2851 pro
1647 2781 1855 2834 lumine
1884 2781 1989 2835 isto

407 2873 569 2930 hilari
607 2875 920 2930 incendium
970 2876 1142 2933 irruet
1191 2875 1246 2932 in
1306 2885 1470 2943 caput
1517 2889 1733 2940 eorum,
1784 2885 1838 2927 et
1890 2889 1989 2942 pro

407 2965 575 3029 latice
624 2965 1006 3037 refrigerante,
1052 2967 1291 3039 desuper
1345 2965 1606 3036 irrigante
1649 2975 1702 3020 et
1734 2967 1787 3020 in
1823 2965 1988 3021 vitam

406 3069 669 3122 aeternam
694 3059 942 3126 saliente,
974 3058 1229 3114 ﬂuctibus
1258 3058 1416 3113 malis
1446 3059 1847 3129 Opprimentur,
1881 3074 1986 3113 non

2094 2047 2160 2098 τά
2192 2046 2248 2098 ὲν
2281 2046 2413 2114 ἡμῖν
2453 2046 2696 2114 σωτήρια
2727 2044 3239 2115 καταπράττεσθαι,
3278 2044 3311 2114 ἢ
3357 2043 3546 2097 τοῦτον
3580 2046 3686 2098 καὶ

2096 2136 2254 2206 μόνον
2277 2138 2368 2190 τὸν
2392 2138 2616 2208 τρόπον,
2644 2137 2748 2191 κᾶν
2777 2139 2824 2190 εί
2847 2137 2941 2190 καὶ
2969 2137 3141 2190 πολλά
3170 2136 3335 2206 κάμοι
3355 2153 3440 2200 τις
3466 2137 3684 2206 διερει-

2092 2229 2355 2299 νὼμενος,
2395 2229 2596 2302 μυρίαν
2630 2229 2880 2299 ἑτεροίαν
2911 2230 3158 2299 μέθοδον.

2164 2321 2262 2387 ξεν.
2298 2323 2362 2375 Oi
2409 2324 2591 2376 τοίνυν
2629 2322 2792 2376 καλὸν
2826 2321 2988 2375 τοῦτο
3019 2321 3076 2375 ἓν
3109 2322 3204 2375 καὶ
3254 2322 3415 2392 μόνον
3448 2323 3584 2376 αὐτὸ
3618 2325 3682 2377 ὲν

2091 2413 2197 2484 ὅλῳ
2229 2413 2308 2481 τῷ
2342 2414 2534 2484 κόσμῳ
2577 2413 3148 2483 ἀποπροσποιούμενοι
3186 2413 3685 2486 πληροφορείσθω.

2095 2523 2194 2559 σαν
2216 2544 2232 2570 ,
2263 2506 2345 2558 ὃτι
2374 2523 2434 2557 τε
2466 2506 2524 2559 ὲν
2553 2507 2731 2576 σκότῳ
2759 2506 3065 2577 ψηλαφητῷ
3099 2507 3291 2577 τυφλοὶ
3322 2507 3640 2563 πλανῶνται
3662 2552 3679 2573 ,

2090 2598 2152 2650 τὸ
2184 2596 2565 2651 διδασκαλικὸν
2597 2598 2712 2662 φῶς
2741 2596 2866 2650 οὔτε
2899 2599 3156 2670 φέροντες
3189 2600 3297 2670 πρὸ
3327 2599 3529 2670 χειρῶν
3548 2641 3565 2666 ,
3598 2600 3685 2663 ὡς

2094 2689 2152 2741 ἐν
2183 2691 2247 2758 τῇ
2277 2688 2421 2742 κατά
2453 2688 2569 2758 βίον
2596 2689 2916 2758 ὁδηγεῖσθαι
2946 2693 3122 2756 νυκτὶ,
3161 2689 3287 2745 οὔτε
3317 2690 3542 2746 ἄλλοθεν
3580 2709 3683 2761 χο-

2095 2781 2450 2852 ρηγούμενοι,
2475 2783 2571 2834 καὶ¹
2592 2784 2676 2836 ὄτι
2702 2784 2823 2838 ἀντὶ
2851 2784 3030 2852 φωτὸς
3051 2784 3296 2838 τοιούτου
3325 2782 3510 2854 ἱλαροῦ
3542 2783 3684 2852 φλὸξ

2092 2875 2194 2943 τῆς
2224 2875 2406 2931 αὐτῶν
2435 2877 2924 2946 καταρῤαγήσεται
2957 2877 3224 2947 κεφαλῆς,
3257 2877 3349 2930 καὶ
3382 2877 3504 2930 ἀντὶ
3542 2877 3687 2931 dva-

2092 2968 2354 3038 ψύχοντος
2385 2967 2596 3033 ὓδατος,
2623 2967 2834 3023 ἄνωθεν
2863 2968 2966 3039 μὲν
2995 2969 3470 3038 ἐπομὸρουμένου,
3496 2969 3687 3022 κάτω-

2092 3064 2183 3115 θεν
2211 3061 2268 3115 δὲ
2297 3061 2596 3131 ἁλλομένου
2630 3062 2711 3124 εἰς
2741 3061 2960 3116 αἰώνιον
2991 3060 3171 3130 ζωὴν,
3206 3061 3358 3115 ὕδασι
3396 3063 3684 3116 κατακλυ-

407 3151 583 3208 solum
628 3150 856 3217 amaris,
899 3148 996 3205 sed
1040 3150 1228 3216 etiam,
1276 3165 1400 3220 qua:
1444 3152 1660 3220 gravior
1692 3165 1848 3220 pmna
1880 3161 1985 3216 est,

2100 3157 2383 3226 σθήσονται
2400 3157 2677 3226 πονηροῖς,
2697 3157 2758 3208 ού
2779 3156 2940 3224 μόνον
2961 3155 3139 3218 ἄλλως
3166 3157 3402 3226 πικροῖς,
3422 3156 3559 3210 ἀλλά
3581 3158 3688 3210 καὶ

405 3243 558 3298 omni
590 3243 774 3316 vigore
801 3257 867 3298 ac
912 3241 1212 3308 fertilitate,
1247 3252 1304 3298 ut
1348 3244 1420 3298 ita
1451 3243 1652 3310 dicam,
1690 3244 1986 3299 destitutis.

404 3337 500 3398 Sic
526 3347 710 3392 autem
752 3334 1062 3390 communis
1089 3337 1331 3390 omnium
1378 3335 1539 3393 Pater
1587 3351 1780 3405 magna
1829 3335 1991 3390 orba-

404 3428 556 3493 bitur
584 3426 880 3484 liberorum
912 3427 1067 3496 copia
1115 3442 1279 3498 quam
1331 3428 1566 3499 impetus
1621 3426 1992 3482 daeuiouiacus

407 3523 777 3582 absorbuerit.

479 3615 570 3672 65.
611 3617 744 3671 Cum
786 3619 926 3674 enim
957 3618 1098 3672 inter
1137 3632 1330 3672 omnes
1357 3624 1596 3682 constet,
1627 3613 1990 3670 calamitatem

407 3725 531 3765 esse
559 3710 873 3778 exitiosam,
924 3712 970 3765 si
1004 3711 1254 3766 homines
1289 3724 1386 3779 pro
1437 3707 1615 3763 lubitu
1653 3705 1993 3776 arbitrioque

405 3817 532 3870 suo,
567 3802 700 3858 nulli
746 3802 993 3873 subjecto
1039 3801 1284 3868 domino,
1331 3800 1583 3856 viverent
1631 3799 1800 3870 (quod
1848 3797 1991 3853 idem

408 3902 494 3947 est
521 3903 684 3962 atque
714 3894 948 3962 propriae
983 3893 1245 3948 voluntati
1279 3891 1556 3946 addictum
1587 3905 1708 3946 esse
1738 3899 1794 3944 et
1825 3889 1992 3944 nimia

409 4000 533 4038 cum
571 3984 764 4040 llducia
793 3986 953 4053 genio
996 3986 1342 4054 indulgere):
1399 3984 1492 4037 tali
1537 3982 1868 4048 calamitate,
1908 3991 1994 4036 ut-

409 4087 536 4144 pote
568 4076 771 4132 nemini
802 4075 1058 4142 subjecti,
1109 4074 1362 4130 laborant
1403 4075 1585 4143 populi
1636 4073 1711 4128 illi
1751 4077 1840 4144 qui
1885 4089 1993 4128 non

409 4167 616 4227 habent
641 4168 806 4220 duces
839 4165 948 4220 Deo
997 4180 1258 4234 supremo
1291 4167 1416 4220 duci
1444 4166 1780 4221 submissos.
1835 4165 1994 4221 Tales

411 4258 556 4312 enim
582 4258 807 4324 populos
841 4259 1074 4312 mundus
1100 4257 1426 4326 circumagit
1445 4272 1543 4312 ceu
1562 4258 1819 4312 animalia
1844 4273 1995 4326 qua:-

410 4354 533 4406 dam
559 4351 832 4420 capitibus
857 4351 1120 4405 carentia.
1156 4350 1338 4416 Quare
1367 4365 1463 4406 eos
1486 4351 1798 4419 perjocum,
1820 4352 1897 4404 nti
1939 4352 1993 4403 in

409 4444 584 4498 veteri
605 4443 892 4514 proverbio
923 4454 1030 4507 est.
1059 4443 1374 4512 ἀκεφάλους
1407 4443 1503 4496 καί¹
1534 4444 1842 4513 ἀναύχενας
1875 4442 1992 4512 (qui

2094 3249 2474 3317 ἁτενουμὲνοις
2495 3291 2510 3314 ,
2536 3248 2637 3301 εἶτ’
2671 3244 2769 3300 οῦν
2798 3246 3123 3302 ἀτεκνοῦσιν
3153 3247 3246 3300 ἐπὶ
3276 3247 3483 3318 ζημίαν
3501 3289 3516 3312 ,
3549 3252 3602 3301 εί
3626 3267 3688 3303 τι

2092 3342 2199 3413 χρὴ
2228 3341 2371 3395 οὕτω
2399 3342 2605 3410 φράσαι
2628 3381 2642 3402 ,
2673 3338 2979 3394 τοῦοκοινοῦ
3014 3340 3231 3394 πάντων
3265 3341 3476 3412 Πατρὸς
3512 3341 3687 3410 ἀφαι-

2096 3435 2360 3505 ρουμένου
2427 3432 2628 3500 πολλὴν
2691 3431 2903 3501 πληθὺν
2969 3433 3209 3498 τέκνων,
3270 3433 3340 3504 ῆν
3399 3435 3688 3505 παρέσυρε

2092 3529 2403 3598 κατάρρους
2427 3527 2721 3596 δαιμόνιος.

2165 3617 2263 3685 ξγ’.
2291 3618 2769 3688 ,Ὀμολογουμένου
2799 3619 2908 3690 γὰρ
2930 3621 3042 3682 τοῖς
3065 3620 3124 3672 ὲν
3151 3618 3230 3690 τῷ
3258 3619 3448 3690 κόσμῳ
3471 3620 3688 3675 ἅπασιν

2093 3711 2425 3780 ἀνθρώποις,
2451 3709 2620 3763 κακὸν
2645 3705 2791 3764 εἶναι
2819 3711 3201 3781 ὀλεθρευτικδν
3222 3712 3284 3765 τὸ
3311 3712 3688 3778 αὐτεξουσίως

2095 3804 2190 3858 καὶ
2231 3803 2544 3866 ἀδεσπότως
2583 3803 2824 3874 ἄναρχον
2867 3803 3137 3872 (τοιοῦτον
3174 3803 3230 3856 δὲ
3275 3803 3335 3858 τδ
3379 3804 3689 3873 αὐτόνομον

2095 3895 2190 3949 καὶ
2215 3893 2564 3965 ἰδιόρῤυθμον
2593 3894 2691 3946 καὶ
2719 3895 3104 3962 πεισματικδν,
3136 3895 3249 3946 εἴτε
3272 3893 3685 3965 πεισμονικὺν’,

2094 3987 2202 4040 ὑπὸ
2218 3985 2476 4056 τοιαύτην
2503 3987 2712 4038 κεῖνται
2739 3985 3050 4054 φαυλότητα
3075 3983 3169 4038 καὶ
3193 3985 3390 4038 κακίαν
3410 3987 3687 4053 ἀναρχίας

2094 4081 2190 4133 καὶ
2214 4078 2360 4144 λαοὶ,
2387 4078 2505 4132 ὅσοι
2537 4079 2613 4146 μὴ
2650 4076 2836 4146 ἔχουσι
2866 4077 3208 4148 καθηγητὰς,
3240 4071 3314 4131 ὧν
3349 4077 3682 4147 ὑπερανέχει

2093 4175 2122 4226 ό
2165 4172 2422 4240 μέγιστος
2462 4170 2785 4244 ἡγούμενος,
2836 4171 2864 4221 ὁ
2896 4169 3029 4232 Θεός
3058 4185 3074 4201 ο
3126 4169 3222 4222 καὶ
3263 4171 3514 4239 περιάγει
3545 4172 3684 4234 τοὺς

2093 4262 2370 4325 τοιούτους
2402 4263 2612 4324 λαοῦςό
2645 4265 2850 4332 κόσμος
2883 4255 2970 4314 οἷα
3014 4260 3108 4314 καί
3151 4277 3272 4314 τινα
3305 4260 3441 4325 ζῶα,
3467 4254 3548 4322 οἷς
3575 4263 3686 4314 οὐκ

2095 4353 2398 4408 ἐπίκεινται
2441 4354 2697 4422 κεφαλαί.
2734 4341 2824 4406 Διδ
2859 4352 3023 4406 καλὸν
3067 4353 3188 4423 μὲν,
3231 4353 3327 4405 καὶ
3368 4352 3685 4419 ἀκεφάλους

2097 4447 2190 4502 καὶ
2231 4446 2536 4514 ἁναύχενας
2577 4447 2702 4509 τοὺς
2749 4445 3050 4509 τοιούτους,
3091 4445 3237 4497 κατά
3272 4462 3396 4498 τινα
3440 4445 3686 4498 παλαιὰν

412 4545 516 4591 nec
531 4542 692 4603 caput
709 4547 810 4590 nec
826 4532 1024 4594 collum
1044 4532 1266 4598 habent)
1295 4532 1420 4602 jure
1438 4532 1832 4597 nontinaveris,
1894 4547 1988 4587 seu

2101 4538 2446 4606 λογοποιίαν,
2481 4537 2846 4606 άποσκῶψα.ι’,
2882 4535 3100 4590 κάλλιον
3127 4535 3184 4589 δὲ
3214 4537 3328 4601 καὶ,
3361 4535 3436 4599 ὡς
3464 4537 3543 4597 εἰς
3575 4538 3686 4604 φύς

414 4626 595 4696 potius
613 4627 888 4684 vermibus
902 4627 1266 4682 iuarticulatis
1283 4627 1646 4693 accensueris,
1668 4627 1988 4682 exsistentes

2103 4645 2188 4686 σιν
2217 4628 2604 4698 ἀδιαρθρὼτων
2638 4628 2939 4698 σκωλήκων
2968 4625 3240 4690 ἀποτάεαι
3264 4627 3484 4690 αὐτοὺς,
3517 4627 3684 4691 δντας

415 4721 657 4788 quidem,
685 4722 827 4792 quod
850 4724 915 4778 ad
944 4722 1064 4776 vita:
1090 4721 1358 4776 rationem
1384 4721 1600 4785 attinet,
1625 4721 1718 4774 sed
1747 4729 1988 4789 putantes

2103 4723 2224 4791 μὶν,
2262 4723 2439 4776 ὁποῖοι
2477 4720 2548 4774 τὰ
2587 4722 2643 4783 ὲς
2693 4721 2809 4789 βίον
2859 4720 3236 4788 ἑκφαίνονται,
3288 4718 3580 4781 δοκοῦντας
3625 4720 3678 4773 δὲ

415 4829 538 4870 sese
571 4828 828 4884 praestare
858 4815 1006 4875 omni
1060 4813 1262 4869 homini
1303 4813 1396 4880 qui
1427 4811 1540 4869 Deo
1580 4813 1995 4883 appropinquat,

415 4918 472 4960 et
502 4909 568 4962 ad
622 4909 695 4963 ita
746 4911 1092 4966 sentiendum
1145 4908 1247 4962 sibi
1304 4906 1538 4966 invicem
1575 4905 1995 4976 persuadentes,

419 4999 676 5056 Iiduciam
711 4999 764 5056 in
797 5002 958 5058 rebus
992 5001 1192 5068 quibus
1223 5013 1334 5057 non
1382 4997 1694 5068 Oportebat,
1721 4996 1996 5058 collocan-

421 5104 524 5150 tes.
560 5091 636 5144 De
666 5092 764 5153 hac
795 5091 992 5148 liducia
1028 5091 1383 5162 quantumvis
1421 5091 1620 5160 sapius
1655 5089 1817 5146 verba
1869 5089 1992 5152 ieci,

417 5199 566 5246 nunc
613 5199 860 5253 quoque,
919 5193 1186 5252 quantum
1237 5183 1370 5248 satis
1427 5195 1534 5247 est,
1591 5181 1994 5238 recordationis

415 5276 587 5343 gratia
629 5272 875 5345 proferre
913 5275 1064 5330 libet.

487 5369 578 5424 64.
612 5368 833 5425 Fiducia
885 5379 942 5423 et
969 5368 1316 5438 conﬁdentia,
1363 5384 1454 5427 res
1487 5369 1540 5423 in
1579 5379 1821 5437 tempore
1851 5366 1996 5421 desi-

418 5459 700 5526 derabilis,
734 5476 1122 5530 nonnunquam
1149 5472 1330 5516 autem
1356 5459 1634 5539 fugienda,
1666 5459 1741 5513 uti
1767 5458 1994 5520 scimus,

419 5549 737 5622 plerumque
768 5571 834 5610 ex
867 5571 972 5609 una
1007 5555 1190 5611 radice
1229 5569 1296 5610 ac
1325 5553 1498 5616 fonte,
1527 5567 1624 5606 seu
1667 5561 1726 5604 ut
1758 5549 1992 5617 simpli—

421 5640 540 5694 t-ius
581 5643 788 5711 loquar,
813 5663 880 5702 ex
919 5664 1024 5704 uno
1054 5647 1325 5718 principio
1353 5644 1680 5714 procedunt,
1723 5656 1753 5696 e
1775 5641 1994 5710 subjec-

421 5729 567 5788 lione
607 5731 881 5790 nimirum.
915 5737 1047 5790 Cum
1104 5749 1282 5794 autem
1317 5734 1586 5804 bipertitae
1629 5733 1738 5786 sint
1799 5729 1991 5800 (altera

417 5821 562 5887 tum
615 5822 760 5888 enim
817 5839 1057 5901 apparet,
1107 5827 1407 5897 secundum
1455 5842 1618 5905 quant
1665 5824 1845 5904 quoad
1911 5838 1997 5892 res

2099 4815 2461 4885 ὑπερανέχειν
2492 4812 2780 4884 ἀνθρώπου
2816 4811 3018 4874 παντὸς
3037 4851 3054 4876 ,
3077 4811 3390 4878 ἐγγίζοντος
3422 4811 3503 4880 τῷ
3533 4813 3677 4880 Θεῷ,

2101 4907 2196 4960 καὶ
2217 4922 2282 4957 συ
2291 4905 2620 4975 μπείθοντας
2644 4902 2905 4974 ἀλλήλους
2934 4904 3014 4967 εἰς
3039 4903 3100 4956 τὸ
3126 4901 3272 4956 οῦτω
3305 4905 3551 4973 φρονεῖν,
3584 4905 3680 4954 καὶ

2101 4999 2310 5065 πεῖσμα
2357 4996 2746 5064 φυλάττοντας,
2787 4994 2874 5063 ἐφ’
2921 4988 3004 5056 οἷς
3051 4994 3154 5048 οὐκ
3201 4994 3393 5064 ἐχρῆν.
3436 4993 3570 5059 Περὶ
3619 4989 3681 5046 οῦ

2100 5089 2402 5158 πείσματος
2427 5087 2597 5142 πολλά
2615 5089 2707 5140 καί⁵
2727 5087 2987 5148 πολλάκις
3009 5085 3180 5142 εἰπὼν
3202 5084 3375 5138 ἐθέλω
3399 5084 3683 5139 κάνῖαδθα

2103 5188 2337 5252 μετρίως
2359 5177 2802 5248 ἐπισημήνασθαι
2830 5194 2880 5230 τι
2910 5171 3045 5248 πρὸς
3061 5176 3392 5247 ἀνάμνησιν.

2172 5353 2266 5419 ξδ’.
2300 5355 2373 5407 Τὸ
2398 5355 2605 5422 πεῖσμα
2637 5353 2731 5405 καὶ
2762 5355 2794 5423 ἡ
2825 5352 3118 5424 πεισμονὴ,
3139 5352 3200 5404 τὸ
3221 5352 3315 5406 καὶ
3343 5352 3601 5406 εὐκταῖον
3623 5354 3678 5405 ὲν

2099 5444 2276 5516 καιρῷ
2305 5445 2516 5516 χρῆμα,
2557 5445 2649 5498 καὶ
2683 5443 2857 5507 ἄλλως
2897 5445 2951 5496 δὲ
2994 5443 3277 5510 φευκτέον,
3308 5442 3384 5506 ὡς
3419 5441 3678 5512 οἴδαμεν,

2099 5537 2444 5610 ἑξειδρμηνται
2472 5539 2545 5601 ὡς
2567 5536 2798 5590 ἐπιπολὺ
2827 5539 2929 5591 ὅσα
2954 5538 3045 5589 καὶ
3064 5534 3222 5606 ῥίζης
3251 5535 3396 5598 τινὸς
3418 5535 3451 5604 ἦ
3471 5535 3676 5604 πηγῆς.

2102 5631 2286 5695 ἁπλῶς
2330 5632 2384 5684 δὲ
2430 5633 2638 5696 εἰπεῖν,
2684 5630 2864 5700 ἀρχῆς
2908 5630 3196 5700 ἀμφότερα
3225 5627 3324 5698 τῆς
3373 5628 3678 5702 ὑποταγῆς3

2103 5727 2292 5792 Διττῇς
2322 5724 2378 5776 δὲ
2405 5723 2570 5794 οὔσης
2597 5723 2770 5790 αὐτῆς
2807 5725 2859 5793 (ἡ
2897 5723 2994 5794 μὲν
3023 5724 3131 5792 γάρ
3162 5723 3344 5789 ἀγαθὴ
3371 5721 3682 5790 διεκφαίνε-

2103 5837 2220 5891 ται,
2282 5817 2399 5872 καθ’
2458 5820 2522 5890 ἣν
2575 5817 2777 5891 δηλαδὴ
2845 5816 3153 5887 θεοφιλέων
3215 5813 3535 5884 ἀνθρώποις
3587 5811 3678 5877 ἐπὶ
