3950 6208
329 353 434 422 3i!

937 362 1036 425 DE
1072 362 1555 425 OBEDIENTIA
1592 361 2139 430 MAGISTRATUI
2182 368 2668 433 CIIRISTIANO
2703 368 3012 434 DEBITA.

3500 372 3609 437 332

324 467 623 539 πράγμασι
651 469 878 535 πάντως
900 470 1198 544 ὠφελίμοις
1220 473 1645 543 ὑππασσόμεθα
1662 491 1677 507 ·
1703 476 1737 545 ἡ
1769 473 1827 528 δὲ
1848 475 1895 529 ot‘

2018 479 2248 534 omnino
2300 480 2462 536 utiles
2516 480 2649 536 viris
2702 479 2814 537 Deo
2842 480 3083 551 acceptis
3115 493 3214 534 nos
3245 479 3605 550 subiicimus;

321 565 574 635 τοιαύτη,
606 562 960 636 θεωρουμένη
991 564 1155 637 αὑτὴ,
1182 566 1273 620 ὅτε
1296 569 1580 637 φορτικοῖς
1602 565 1914 638 ἀνθρώποις

321 660 647 730 ὑπείκομεν,
676 659 780 713 οὑκ
809 656 1184 722 εὐπαιδεύτοις
1212 657 1545 728 τυπούμενοι
1575 658 1714 729 πρὸς
1741 658 1917 713 τοιοῦ-

317 770 414 806 τον
456 751 665 823 φαῦλον
698 752 1111 823 παράδειγμα),
1146 749 1346 820 διπλῆν
1381 747 1523 804 εἶναι
1572 751 1789 821 ἀνάγκη
1821 752 1914 803 καὶ

319 846 422 917 τὴν
449 847 510 913 ἐξ
538 847 743 917 ἀμφοῖν
766 844 969 902 πειθώ.

385 1024 486 1090 ξε⁸ο
517 1022 893 1093 [πεπεισμένοι
942 1020 1044 1091 μὲν
1091 1021 1202 1091 γὰρ
1253 1021 1479 1090 ἀγαθοῖς
1530 1020 1909 1088 διδασκάλοις,

314 1112 527 1183 ἀγαθὸν
563 1115 773 1181 πείσμα
802 1113 1088 1184 πάσχομεν
1110 1129 1129 1146 ν
1162 1114 1237 1183 μὴ
1260 1112 1529 1177 τοιούτοις
1569 1113 1628 1166 δὲ
1658 1113 1913 1168 ὑπείκον-

311 1222 432 1268 τες,
460 1205 727 1275 πείσματι
750 1203 937 1275 ἀζήλφ
958 1204 1038 1275 τῷ
1067 1203 1301 1271 ικείθεν,
1333 1204 1457 1258 ὅποι
1481 1203 1561 1274 μὴ
1588 1204 1788 1273 πρέπει
1816 1206 1914 1258 ἀν-

311 1296 584 1365 θρώποις,
603 1295 924 1365 ὲκνεύομεν.
943 1294 1158 1350 Ούκοῦν
1179 1295 1462 1365 ὑποταγῆς
1483 1294 1912 1366 προηγουμένης

310 1390 413 1443 ἐπὶ
439 1388 764 1461 ὑστεροῦντὶ
794 1390 1081 1461 πείσματι,
1113 1390 1210 1445 καὶ
1240 1389 1658 1458 δευτερεύοντος
1685 1388 1910 1453 πάντως

2020 566 2191 623 altera
2253 582 2433 625 autem
2488 587 2595 628 non
2628 573 2752 627 talis
2806 581 2913 635 est,
2960 572 3054 627 sed
3090 572 3237 626 ineo
3268 573 3608 641 conspicitur

2019 661 2171 729 quod
2201 661 2397 718 vilibus
2440 664 2752 719 ltotninibns
2803 666 3111 727 obedimus.
3163 660 3218 719 et
3248 664 3315 719 ad
3344 665 3453 719 tale
3492 682 3606 720 ινα-

2020 752 2131 808 ium
2165 756 2476 825 exemplum
2512 757 2654 811 male
2695 757 2952 826 efﬁngere
3001 773 3104 814 nos
3152 758 3486 825 studettttts),
3541 760 3606 811 ad

2019 847 2274 917 bipartita
2311 850 2620 904 necessario
2658 849 2820 904 etiam
2868 851 3153 920 persuasio
3184 852 3289 907 erit
3317 864 3381 905 ex
3416 853 3605 905 amba-

2019 940 2120 993 bus
2147 939 2447 1009 proﬂuens.

2086 1029 2180 1086 65.
2212 1030 2271 1084 Si
2319 1031 2464 1084 enim
2498 1030 2655 1086 b0nis
2706 1029 3137 1099 praeceptoribus
3189 1046 3466 1100 paremus,
3510 1034 3606 1083 tm.

2018 1136 2143 1176 nam
2196 1121 2445 1185 fiduciam
2479 1123 2881 1188 nanciscimur;
2943 1124 3023 1178 sin
3071 1138 3204 1178 vero
3249 1139 3358 1179 non
3410 1125 3608 1177 talibus

2016 1212 2320 1278 obedinttts,
2374 1212 2707 1268 conﬁdentia
2768 1214 2910 1267 mala
2968 1214 3098 1270 illuc
3133 1230 3245 1286 quo
3301 1230 3407 1269 non
3444 1216 3604 1269 decet

2021 1301 2298 1364 homines,
2329 1302 2688 1359 declinamus.
2749 1301 2886 1357 Cum
2915 1303 3081 1369 igitur
3109 1306 3419 1360 obedientia
3470 1321 3606 1375 prat-

2015 1393 2192 1458 cedztt,
2228 1395 2427 1449 ﬁducia
2463 1404 2646 1449 autem
2682 1400 3071 1467 subsequatur,
3109 1409 3318 1454 etcum
3374 1400 3602 1454 omnino

308 1485 380 1538 τά
428 1501 499 1554 γε
528 1486 611 1548 είς
654 1482 939 1553 ὑποταγὴν
975 1482 1072 1537 τοῦ
1108 1481 1502 1550 ὑπακούοντος,
1538 1481 1598 1544 δς
1640 1482 1742 1552 μὲν
1788 1482 1895 1551 Θεᾷ

2012 1479 2314 1533 secundum
2352 1481 2530 1535 locum
2556 1481 2797 1538 obtineat
2831 1485 2925 1554 qui
2973 1501 3183 1542 morem
3215 1488 3357 1557 gerit
3414 1505 3428 1542 :
3473 1503 3604 1558 pro»

310 1577 673 1647 προσανέχων
696 1575 944 1630 πείθεται
974 1574 1287 1645 διδασκάλῳ
1301 1575 1494 1646 ἒνθέῳ,
1524 1575 1620 1628 καὶ
1642 1574 1741 1638 τὰς
1769 1575 1895 1627 ἐκεῖ

2014 1569 2160 1625 fecto
2187 1573 2232 1626 si
2265 1573 2372 1629 Deo
2419 1573 2706 1643 obediens,
2744 1577 2941 1633 fiducia
2975 1577 3029 1632 itt
3076 1588 3414 1648 praeceptore
3467 1580 3606 1633 divi.

308 1671 404 1724 θεν
422 1668 812 1739 εἰσδεχόμενος
832 1667 1119 1735 ὑποθήκας
1145 1668 1293 1720 ποιεῖ
1314 1666 1384 1720 τὰ
1408 1667 1747 1737 καθήκοντα,
1771 1665 1895 1718 Θεοί

2013 1666 2161 1719 nitus
2209 1664 2481 1734 inspirato
2527 1670 2794 1725 collocata
2855 1671 3081 1740 ejusque
3132 1671 3381 1726 doctrina
3442 1673 3495 1725 in
3546 1688 3607 1725 se

305 1761 603 1830 ἄνθρωπος
633 1760 866 1822 ἐκεῖνος,
902 1759 996 1812 καὶ
1024 1758 1288 1829 σταθερὸς
1316 1758 1483 1822 αύτδς
1509 1760 1569 1811 ἐν
1589 1760 1784 1829 ἀρετῇ,
1812 1757 1895 1812 καῖ

2015 1768 2232 1824 recepta
2265 1757 2319 1812 id
2349 1759 2493 1828 quod
2542 1761 2699 1816 decet
2733 1761 2892 1825 facit,
2937 1764 3030 1817 Dei
3063 1762 3228 1817 homo
3250 1764 3378 1825 erit,
3414 1764 3606 1819 firmus

307 1852 540 1924 βέϐαιος
568 1853 626 1904 ιν
651 1851 860 1916 καλοῖς,
890 1852 984 1905 καὶ
1019 1852 1268 1921 ἀσφαλὴς
1295 1850 1397 1922 τὴν
1436 1850 1780 1921 ἀγαθότητα,
1815 1852 1895 1903 καἸ

2018 1848 2069 1903 in
2098 1849 2323 1915 virtute,
2359 1860 2630 1908 constans
2668 1853 2727 1908 in
2752 1854 2931 1919 bonis,
2965 1855 3323 1911 inconcussus
3369 1857 3422 1910 in
3468 1873 3604 1923 :pro-

307 1944 626 2016 ἀστεμφής,
660 1945 736 2006 ὡς
780 1947 877 1998 καὶ
907 1943 1253 1998 ἐπαινεῖσθαι
1274 1986 1289 2011 ,
1325 1944 1419 1998 καὶ
1451 1944 1646 2009 στῦλος
1673 1943 1906 2017 ὀρθότη-

303 2053 403 2098 τος
441 2034 767 2107 ἀστραϐὴς,
802 2035 901 2088 καὶ
939 2034 1194 2105 θεμέλιος
1239 2035 1513 2106 ἀρραγὴς,
1551 2035 1601 2090 εἱ
1637 2035 1732 2089 καί
1774 2052 1903 2088 ποτε

304 2130 691 2193 κατασείεται,
733 2129 828 2182 καὶ
875 2126 1219 2199 παραδείσου
1261 2127 1480 2200 δένδρον
1527 2126 1768 2199 εὑριξον,
1810 2128 1907 2182 καλ⁸

301 2216 422 2275 οἷον
445 2220 522 2292 μὴ
537 2220 977 2275 διατινὰσσεσθαι
995 2220 1071 2283 ὡς
1094 2222 1177 2283 εἰς
1200 2220 1407 2274 πτῶσιν
1421 2220 1721 2290 δαιμονίοις
1744 2220 1905 2273 πνεύ-

304 2327 477 2381 μασι,
508 2312 603 2364 καὶ
637 2310 773 2364 Θεοῦ
802 2306 950 2373 οἶκος
978 2312 1339 2374 ἁκατάλυτος.
1373 2313 1485 2365 Καὶ
1518 2311 1577 2363 τδ
1608 2313 1819 2380 πεῖσμα
1845 2309 1905 2363 τδ

302 2405 459 2458 κατὰ
483 2401 726 2457 τοιοῦτον
750 2402 1037 2473 ἄνθρωπον
1053 2404 1152 2473 οὐχ
1173 2402 1363 2465 ἁπλῶς
1392 2404 1450 2455 ὲν
1481 2404 1693 2473 ἐπαίνῳ
1716 2403 1907 2470 κείμε-

300 2517 395 2553 νον
435 2497 806 2568 θαυμάζεται,
824 2496 963 2551 ἀλλὰ
987 2496 1079 2550 xz‘.
1111 2497 1231 2568 Θεῴ
1264 2496 1421 2566 φίλον
1449 2500 1547 2552 καὶ
1581 2496 1740 2565 ἅγιον
1764 2511 1906 2564 γνω-

300 2593 640 2664 ματεύεται.

368 2687 492 2752 Eg“.
522 2683 663 2739 Είδὲ
699 2690 784 2749 τις
810 2683 915 2738 ὑπδ
957 2681 1269 2753 διδασκάλῳ
1319 2680 1395 2753 μὴ
1425 2681 1570 2736 οὕτω
1614 2698 1901 2755 προηγου-

298 2778 464 2848 μένῳ
492 2778 575 2838 εἰς
604 2774 737 2828 εὐθὺ
770 2775 1059 2835 τάσσεται,
1096 2773 1233 2827 ἀλλὰ
1259 2774 1448 2843 κύκλῳ
1477 2774 1897 2845 περιπατοῦντι,

294 2870 395 2924 καὶ
424 2868 531 2939 τὴν
551 2866 824 2938 εὐθύτητα
850 2864 1223 2938 στρεϐλοῦντι,
1244 2864 1304 2929 δς
1328 2865 1428 2919 οὐκ
1458 2866 1524 2920 ἂν
1556 2864 1642 2935 εἴη
1665 2866 1899 2936 ἄμωμος

294 2964 353 3015 ὲν
386 2962 502 3034 όδιῖι
530 2962 809 3031 κυριακῇ,
842 2959 1142 3013 κάντεῦθεν
1169 2957 1267 3012 ἀπ’
1287 2957 1541 3021 ἐναντίας
1564 2956 1645 3029 τῷ
1686 2961 1897 3031 πρωτι.

295 3073 416 3129 στῳ
441 3054 541 3108 καλ⁸
560 3054 656 3110 ἐπὶ
676 3053 867 3126 θρόνου
890 3051 1049 3123 δόξης
1072 3052 1381 3123 ὑπερτάτου
1408 3052 1705 3124 καθημένῳ
1736 3055 1898 3124 φερό-

295 3166 495 3218 μενος,
558 3148 657 3218 τῆς
713 3145 1166 3217 διεστραμμένης
1222 3143 1446 3209 πειθοῦς
1502 3147 1743 3213 γίνεταιο
1801 3147 1897 3201 καὶ

290 3239 484 3311 λαχὼν
512 3239 727 3293 ἐκεῖθεν
750 3240 927 3308 ἀρχᾶς
956 3239 1019 3290 οὐ
1048 3232 1382 3306 θεοφιλείας,
1404 3235 1525 3290 οὑδὲ
1553 3239 1896 3308 φρονήσεως,

288 3338 351 3389 τὺ
381 3337 500 3390 πᾶν
551 3335 609 3388 δὲ
648 3337 1045 3408 συνῃρημένως
1075 3333 1268 3399 φάναι,
1320 3332 1421 3385 οὐκ
1449 3332 1724 3404 ἐναρέτως
1757 3333 1898 3403 πρὸς

288 3426 595 3498 ἀλήθειαν,
638 3426 733 3480 καὶ
766 3426 965 3488 πείσας
1010 3424 1228 3489 ἑαυτὸν,
1273 3423 1352 3486 είς
1376 3423 1530 3487 τέλος
1556 3423 1657 3478 οὐκ
1691 3425 1896 3494 ἀγαθὸν

289 3520 613 3583 ἐνίσταται,
676 3516 772 3570 καὶ
825 3514 1078 3583 ἀγωνιῶν
1125 3512 1451 3579 ἀντιϐαίνει,
1502 3516 1810 3585 κοινότερον
1838 3514 1896 3570 δὲ

287 3612 536 3681 φράσαι,
581 3607 720 3680 πρὸς
780 3605 1050 3662 ίδιωτείαν
1083 3605 1153 3658 δι’
1180 3605 1503 3676 εὐμάθειαν,
1535 3607 1637 3676 τὴν
1670 3607 1732 3662 ἐν
1778 3609 1896 3671 τοῖς

286 3698 543 3761 πολλοῖς,
604 3694 981 3767 πεισματῐζρι,
1036 3693 1112 3756 ὡς
1147 3694 1243 3746 καὶ
1279 3692 1421 3748 κατὰ
1454 3695 1657 3765 κράτος
1711 3692 1892 3766 νικᾷν,

289 3790 388 3846 καὶ
426 3788 690 3857 συνιστᾷν
716 3787 745 3840 δ
779 3785 1036 3857 βούλεται
1062 3801 1079 3817 ’
1131 3786 1233 3839 οὐκ
1275 3783 1449 3853 ἔστιν,
1479 3784 1591 3839 οὐδ’
1625 3786 1692 3840 ἂν
1717 3788 1895 3840 εἰπεῖν

286 3881 555 3952 τολμήσῃ
580 3895 668 3944 τις
696 3880 836 3951 ὀρθὰ
857 3880 1074 3948 φρονῶν
1110 3879 1202 3932 καὶ
1222 3877 1387 3948 λόγου
1424 3878 1678 3951 μέτοχος,
1705 3880 1897 3949 ὲναρέ.

284 3996 402 4043 τως
441 3975 755 4030 διακεῖσθαι
788 3976 881 4027 τὸν
910 3952 1059 4028 οὕτω
1088 3974 1466 4045 πεισμονικόν.
1499 3975 1575 4028 Οὑ
1610 3975 1720 4047 γὰρ
1743 3975 1891 4030 δέδο-

284 4089 408 4136 ται,
445 4068 659 4140 φαύλης
690 4067 868 4139 ἀρχῆς
895 4068 1101 4137 ἀγαθὸν
1125 4064 1266 4121 εἶναι
1292 4068 1695 4139 συμπέρασμα.

360 4163 467 4230 ξς.
500 4165 565 4217 El
598 4162 656 4216 δὲ
683 4161 779 4215 καί
800 4179 884 4226 τις
917 4166 975 4217 ὲν
1012 4162 1246 4233 διαλόγῳ
1275 4161 1547 4232 τὰρψευδῆ
1584 4161 1891 4233 προτείνων

287 4258 716 4333 παρασυνάγειν
765 4256 1027 4326 ἀλήθειαν
1061 4258 1340 4327 φαίνεται,
1368 4252 1507 4309 ἀλλὰ
1528 4256 1590 4309 τὸ
1637 4255 1894 4327 ἐφαμαρ-

285 4367 405 4415 τως
427 4348 849 4419 προηγούμενον
888 4349 989 4401 οὐκ
1013 4343 1133 4402 οἶδα
1168 4347 1289 4412 πῶς
1335 4347 1402 4403 ἂν
1424 4347 1541 4420 ἔχοι
1567 4349 1894 4406 ἀποϐαίνειν

289 4442 598 4512 σωτήριον.
634 4438 807 4508 Δῆλον
822 4439 901 4507 δὲ,
923 4437 999 4504 ὡς
1023 4441 1103 4504 εἰς
1124 4441 1319 4493 ταυτὸν
1338 4439 1465 4511 ἥκει
1489 4440 1686 4507 κακοῦ,
1710 4441 1889 4513 φαύλῃ

286 4551 350 4589 τε
379 4535 533 4605 ἀρχῇ
568 4531 883 4603 πεισθῆναι,
918 4531 1016 4585 καὶ
1044 4530 1168 4585 κατ’
1200 4531 1420 4601 ἐκείνην
1471 4531 1883 4604 στρεϐλωθῆναι
1916 4548 1962 4605 ο

284 4628 373 4690 είς
408 4626 480 4680 τὰ
516 4625 646 4695 ἑξῆς
682 4624 826 4694 λόγῳ
865 4622 1170 4693 ὑποταγῆς,
1196 4624 1291 4676 καὶ
1330 4621 1547 4676 οἴκοθεν
1578 4625 1888 4693 παρεκνεῦ-

287 4736 388 4773 σαι
410 4721 512 4789 τῆς
532 4715 723 4788 ὀρθῆς,
764 4717 897 4769 ὅπου
926 4716 976 4769 οί
1010 4714 1286 4786 ἀλιτήριοι
1313 4715 1407 4768 καὶ
1445 4718 1589 4770 κατά
1616 4715 1719 4785 τῆς
1751 4716 1884 4786 ἁρε-

283 4813 396 4879 τῆς
415 4808 809 4881 αἱρετίζοντες,
844 4807 895 4860 οἳ
929 4808 1024 4861 καὶ
1045 4807 1204 4859 αὐτοὶ
1245 4804 1560 4877 δαιμονίαις
1587 4806 1882 4878 προθέσεσι

284 4901 726 4964 καθυπείκοντες
755 4899 1039 4953 πείθονται
1069 4899 1150 4963 εἰς
1176 4898 1366 4952 κακόν.
1421 4898 1545 4952 Ὅτι
1576 4900 1633 4953 δὲ
1671 4900 1753 4964 είς
1779 4916 1885 4971 γα·-

286 4996 465 5067 λήνην
495 4994 768 5066 σωτήριον
809 4992 1140 5064 καθορμίζει
1179 4992 1305 5053 τοὺς
1324 4996 1382 5047 ὲν
1413 4991 1516 5064 βίῳ
1556 4993 1887 5059 σαλεύοντας

283 5087 350 5141 τὸ
381 5086 633 5154 θεοφιλὲς
660 5088 869 5154 πεῖσμα
890 5086 1015 5149 τοὺς
1050 5083 1184 5138 αὐτὸ
1218 5076 1468 5156 ἔχοντας,
1500 5086 1594 5139 καὶ
1624 5087 1656 5156 ἠ
1687 5084 1880 5158 πρώτη

282 5179 520 5253 λεκτικὴ
552 5178 702 5242 θέσις
733 5177 901 5233 αὑτοῦ
943 5177 1228 5231 δείκνυσι·
1281 5178 1565 5243 πείσματα
1596 5179 1705 5249 γὰρ
1742 5179 1883 5232 είθί-

286 5273 468 5342 σμεθσ.
487 5272 672 5339 λέγειν
696 5271 919 5338 σπάρτα
940 5270 1194 5337 ναυτικὰ,
1227 5263 1309 5334 οἷς
1349 5269 1554 5342 δηλαδὴ
1579 5270 1713 5333 ναῦς
1737 5272 1880 5325 ἐλλι-

286 5364 613 5434 μενισθεῖσα
670 5361 944 5427 πείθεται,
999 5362 1075 5432 μὴ
1125 5344 1402 5433 ἀφιεμένη
1430 5361 1878 5430 διασαλεύεσθαι,

285 5460 386 5511 καὶ
422 5457 504 5520 είς
533 5455 785 5509 κίνδυνον
815 5453 1131 5520 κλύζεσθαι·
1162 5455 1253 5509 ὅτε
1283 5455 1380 5509 καὶ
1431 5455 1585 5526 μένει
1611 5456 1788 5512 ἐκεῖνο
1816 5456 1878 5508 τὸ

284 5551 501 5619 σκάφος
530 5550 745 5621 ἧρτμον
777 5549 870 5602 ἐπὶ
908 5550 977 5619 τῇ
1002 5547 1250 5620 σωτηρίᾳ
1286 5547 1486 5602 ἑαυτοῦ
1515 5565 1575 5601 τε
1630 5548 1728 5602 καὶ
1766 5549 1877 5603 τῶν

281 5644 551 5714 ιμπλέειν
581 5643 880 5712 λαχόντων.
912 5639 1182 5696 Ἐνταῦθα
1205 5641 1271 5711 δὴ
1299 5640 1636 5706 πεποιθότως
1662 5641 1874 5695 πυνθά-

283 5751 471 5803 νομαι,
500 5734 632 5788 πότε
660 5732 1053 5802 φιλοκινδύνως
1097 5730 1489 5797 αὑθαδιάζεται
1526 5732 1656 5796 ναῦς
1686 5732 1872 5786 τοιαύο

285 5842 378 5891 τη,
412 5827 505 5881 καὶ
556 5825 871 5898 ἀπορῤῇξαι
923 5824 1018 5879 τοῦ
1046 5825 1268 5901 λιμένος
1311 5824 1513 5897 ἑαυτὴν
1550 5825 1869 5895 φιλονεικεῖ,

2017 1939 2189 1995 bitate
2207 1950 2263 1996 et
2312 1943 2642 2009 inﬂexibilis,
2691 1953 2749 1997 ιιι
2785 1944 3000 1999 laudent
3035 1956 3310 2001 mereatur
3348 1948 3603 2003 columna

2016 2033 2356 2091 rectitudinis
2433 2050 2539 2090 non
2626 2036 2935 2099 incurvata,
3007 2036 3420 2095 fundamentum
3497 2055 3601 2091 non

2013 2127 2408 2193 evertendam,
2469 2130 2721 2200 quamvis
2777 2145 3173 2200 nonnunquam
3228 2132 3600 2197 concutiatur,

2014 2221 2177 2275 arbor
2231 2221 2471 2291 paradisi
2535 2224 2748 2279 radices
2798 2225 2852 2279 in
2912 2221 3247 2294 profundum
3278 2240 3465 2295 agens,
3527 2227 3598 2277 ita

2014 2319 2073 2361 ut
2107 2318 2341 2379 nequeat
2374 2325 2405 2363 a
2432 2311 2593 2367 malis
2616 2312 2958 2370 daemonibus
2984 2314 3039 2368 in
3072 2315 3287 2369 ruinam
3320 2315 3510 2385 dejici,
3546 2326 3601 2369 et

2010 2400 2208 2457 domus
2237 2400 2331 2457 Dei
2359 2402 2739 2462 inevertibilis.
2772 2405 2949 2462 Porro
2979 2409 3171 2463 fiducia
3208 2407 3471 2476 ejusmodi
3500 2410 3598 2462 viri

2011 2509 2118 2548 non
2150 2495 2322 2549 solum
2372 2495 2533 2551 laude
2591 2508 2644 2552 et
2678 2499 3044 2555 admiratione
3124 2511 3206 2555 est
3240 2499 3425 2572 digna,
3505 2503 3600 2555 sed

2009 2589 2172 2643 etiam
2212 2589 2319 2645 Deo
2352 2598 2574 2659 accepta
2614 2598 2668 2645 et
2698 2602 2887 2646 sancta
2918 2592 3284 2648 existimatur.

2081 2680 2172 2739 66.
2215 2680 2273 2737 Si
2298 2682 2422 2752 quis
2454 2693 2633 2739 autem
2669 2698 2774 2738 non
2798 2688 2839 2739 ἰι
2875 2685 2965 2739 tali
3010 2696 3343 2755 prmccptore
3367 2687 3418 2741 in
3450 2696 3600 2741 reeto

2008 2774 2327 2840 collocatur,
2362 2776 2459 2831 sed
2483 2777 2537 2830 in
2571 2778 2704 2831 orbe
2739 2775 2980 2830 instabiii
3022 2786 3185 2845 atque
3212 2778 3597 2833 rectitudinem

2007 2875 2377 2935 pervertente.
2416 2867 2490 2922 ita
2524 2878 2580 2921 ιιι
2612 2884 2719 2922 non
2752 2868 2823 2923 sit
2852 2865 3353 2938 irrepreltensibiiis
3397 2868 3451 2923 iu
3513 2872 3597 2921 via

2008 2958 2244 3025 Domini,
2275 2975 2373 3015 seu
2422 2961 2603 3029 potius
2640 2960 2708 3016 ab
2752 2975 2819 3014 eo
2860 2962 2953 3029 qui
3018 2961 3070 3015 itt
3154 2976 3375 3016 summo
3414 2963 3600 3029 gloria:

2006 3049 2213 3107 throno
2230 3052 2406 3119 sedet,
2435 3062 2717 3107 ονρι-ιτιιιιι·
2735 3062 2786 3107 et
2815 3065 3066 3121 perversa
3089 3052 3283 3109 ﬁducia
3302 3054 3598 3112 innitatur:

2007 3144 2074 3209 is,
2105 3145 2365 3214 quoniam
2394 3159 2574 3216 neque
2604 3144 2696 3200 Dei
2742 3160 2931 3201 amore
2975 3160 3153 3216 neque
3177 3146 3462 3215 prudentia
3490 3148 3596 3202 im-

2003 3238 2209 3305 buitttr,
2242 3248 2322 3306 et,
2345 3249 2405 3293 ut
2437 3239 2676 3295 breviter
2710 3240 2914 3306 dicant,
2954 3240 3151 3295 fiducia
3208 3256 3330 3311 qnte
3381 3242 3597 3297 virtutis

2001 3345 2066 3386 ac
2092 3332 2338 3386 veritatis
2360 3331 2573 3386 fructus
2632 3341 2738 3399 est,
2791 3332 3095 3388 destitutus
3158 3332 3226 3387 ad
3272 3332 3431 3388 linem
3487 3349 3593 3388 non

1999 3423 2201 3479 bonum
2235 3424 2409 3478 tendit
2439 3434 2494 3478 et
2521 3439 2718 3493 magno
2743 3440 2868 3480 cunt
2914 3426 3116 3495 impetu
3155 3441 3254 3496 per
3288 3426 3592 3481 doctrinam

1998 3510 2333 3565 tttultitudiui
2378 3512 2652 3582 propriam
2706 3515 2770 3568 ad
2819 3514 3183 3585 ignorantiam
3250 3516 3597 3587 progreditur

1998 3612 2054 3658 et
2086 3617 2302 3659 omnem
2327 3604 2510 3659 funem
2568 3615 2766 3671 movet,
2810 3616 2869 3661 ut
2916 3607 3088 3677 ipsius
3123 3607 3589 3677 voluptati'satis-

2000 3692 2190 3759 faciat,
2221 3696 2287 3760 is,
2336 3695 2581 3765 inquam,
2632 3697 2722 3751 tali
2773 3697 2966 3752 fiducia
3039 3696 3211 3753 fretus
3289 3713 3318 3753 a
3376 3700 3593 3753 nemine

1998 3798 2146 3841 recte
2168 3790 2437 3844 sentiente
2461 3799 2552 3843 aut
2586 3793 2721 3845 bene
2763 3791 3033 3845 instructo
3086 3791 3273 3844 virtuti
3326 3794 3588 3847 conveni-

1996 3888 2155 3932 enter
2202 3879 2501 3948 dispositus
2551 3895 2673 3935 esse
2706 3881 2940 3936 dicetur.
2980 3881 3021 3935 E
3059 3881 3203 3936 malo
3254 3882 3399 3937 enim
3427 3884 3584 3953 prin-

1994 3971 2139 4041 cipio
2185 3972 2363 4028 bonus
2386 3972 2508 4027 finis
2569 3986 2865 4045 exsurgere
2921 3973 3130 4043 nequit.

2066 4152 2155 4209 67.
2190 4153 2417 4210 Etiamsi
2448 4168 2580 4209 vero
2612 4153 2732 4224 quis
2777 4153 2831 4208 in
2894 4154 3313 4209 conversatione
3362 4155 3586 4209 menda-

1995 4245 2138 4301 cium
2169 4245 2457 4317 proferens
2489 4249 2774 4303 veritatem
2834 4245 3301 4302 subiutroducere
3343 4248 3581 4311 videtur,

1993 4335 2124 4391 illud
2160 4316 2515 4411 tantemqttod
2544 4352 2800 4408 perverse
2850 4336 3159 4401 disseritur,
3210 4337 3394 4391 nescio
3449 4352 3587 4404 quo-

1994 4427 2157 4485 modo
2182 4422 2237 4484 in
2276 4430 2511 4486 salutent
2563 4432 2758 4484 cedere
2814 4429 3007 4498 possit.
3057 4426 3346 4483 Manifesto
3401 4440 3583 4482 autem

1993 4522 2060 4578 ad
2098 4523 2242 4577 idem
2273 4521 2476 4576 malum
2513 4520 2675 4584 redit,
2727 4523 2821 4574 aut
2851 4519 3121 4589 principio
3187 4533 3451 4588 perverso
3507 4520 3588 4570 in-

1993 4613 2089 4669 niti
2117 4615 2276 4685 eique
2303 4630 2511 4669 morem
2536 4612 2777 4683 gerendo
2803 4613 2909 4667 huc
2936 4623 3103 4682 atque
3168 4610 3298 4666 illuc
3366 4613 3583 4682 agitari,

1994 4718 2090 4760 aut
2130 4708 2196 4761 ab
2223 4709 2378 4762 initio
2406 4708 2473 4762 de
2506 4715 2657 4762 recto
2710 4709 2932 4762 tramite
2970 4705 3285 4773 deﬂectere,
3343 4707 3435 4759 ubi
3491 4708 3588 4761 lto-

1996 4800 2171 4855 mines
2201 4816 2432 4869 nequam
2499 4801 2792 4870 virtutique
2850 4800 3199 4855 obluctantes
3251 4798 3586 4868 ingrediun-

1998 4898 2105 4955 tur,
2138 4891 2228 4962 qui
2274 4901 2329 4945 et
2350 4892 2473 4963 ipsi,
2523 4892 2971 4963 inspirationibus
3014 4892 3339 4947 obedientes
3371 4892 3580 4947 dmino-

1998 4983 2169 5038 niacis
2199 4985 2266 5037 ad
2298 4983 2623 5054 pravitatem
2646 4981 2943 5037 declinant.
3005 4982 3161 5049 Quod
3206 4992 3387 5037 au'em
3447 4984 3584 5036 fidu-

1995 5077 2077 5132 cia
2110 5075 2368 5148 (πεῖσμα)
2413 5077 2465 5130 itt
2510 5077 2623 5132 Deo
2655 5078 2919 5132 collocata
2948 5075 3068 5131 ilios
3095 5075 3188 5146 qtti
3237 5092 3297 5131 ea
3320 5076 3578 5145 gaudent,

1995 5170 2215 5239 quando
2258 5169 2381 5223 vitae
2439 5169 2857 5238 tempestatibus
2915 5170 3221 5235 turbantur,
3250 5169 3302 5222 in
3368 5176 3579 5236 pottutn

1991 5261 2342 5332 tranquillum
2382 5269 2435 5317 et
2461 5262 2760 5317 salutarem
2795 5263 3119 5327 introducit,
3152 5260 3409 5331 primaria
3482 5274 3576 5309 vo-

1991 5356 2170 5412 cabuli
2225 5356 2553 5427 significatio
2616 5356 2892 5421 ostendit;
2948 5355 3202 5409 fiduciam
3248 5351 3578 5421 (πεέσρατα)

1990 5452 2134 5506 enim
2174 5451 2448 5521 appellare
2497 5450 2739 5507 solemus
2786 5449 3046 5505 rudentes
3093 5448 3341 5502 nauticos
3380 5447 3582 5513 quilsm

1991 5545 2145 5597 navis
2177 5545 2228 5597 in
2262 5555 2419 5614 portu
2458 5544 2755 5599 constituta
2804 5542 3074 5597 retinetur
3118 5536 3412 5607 quominus
3445 5538 3582 5589 lim-.-

1993 5636 2135 5692 tibus
2175 5637 2411 5708 agitetur
2445 5646 2537 5692 aut
2587 5636 2696 5691 ullo
2760 5635 2920 5689 modo
2978 5631 3340 5703 periclitetur,
3383 5629 3456 5684 ita
3523 5644 3579 5682 nt

1988 5732 2263 5801 navigium
2303 5732 2433 5786 illud
2489 5729 2882 5799 tranquillitate
2963 5725 3180 5780 fruatur
3232 5740 3339 5778 non
3398 5726 3578 5778 minus

1987 5825 2054 5891 ad
2082 5839 2233 5879 suam
2268 5824 2439 5894 ipsius
2463 5825 2692 5881 salutem
2726 5838 2885 5894 quant
2932 5837 3119 5881 corum
3187 5822 3275 5893 qui
3314 5823 3450 5877 forte
3482 5822 3581 5873 dco
