3950 6208
368 354 476 415 $43

1080 355 1506 416 EUSTA'l‘llll
1547 350 2306 412 TllESSALONlCENSlS
2350 351 2918 410 ΜΕΤιιΟωιΓικΕ

3523 354 3620 414 3ζ4

365 469 663 522 \ehuntur.
689 463 808 521 .Iani
846 479 995 531 vero,
1021 479 1140 519 eum
1192 481 1387 532 magna
1410 465 1604 518 ﬁducia
1651 463 1944 530 interrogo,

2054 461 2180 525 πότε
2213 461 2266 514 δὲ
2313 462 2374 512 τὸ
2431 461 2692 528 ἁπόγαιον
2747 461 2925 512 ἐκεῖνο
2978 463 3186 530 πεῖσμα
3221 463 3615 529 μεταπείθεται

367 542 788 624 utunéjusmodi
829 559 983 612 navis
1032 557 1359 627 sibimetipsi
1400 558 1614 621 relicta,
1700 572 1732 612 c
1784 566 1946 624 portu

365 664 463 705 sua
512 659 706 719 sponte
746 650 900 703 exire
967 649 1161 718 possit.
1253 665 1322 702 au
1370 649 1573 702 rudens
1625 648 1717 702 ille
1791 657 1948 702 terra:

367 741 559 794 πωπω
581 755 772 795 navem
821 740 924 795 sibi
956 741 1328 804 commissam,
1379 740 1672 809 quominus
1721 739 1944 807 abrepta

380 831 672 885 discrimen
717 828 884 884 ullum
930 831 1116 886 subire
1153 840 1247 883 aut
1289 829 1538 884 violentis
1587 829 1760 882 ventis
1809 827 1947 882 tradi

364 926 557 995 possit,
611 941 718 980 non
753 925 1060 996 prohibeat,
1114 926 1220 980 nisi
1259 933 1352 978 aut
1419 923 1703 992 putredine
1781 933 2068 994 corruptus
2154 927 2224 980 sit
2287 925 2432 980 funis
2497 926 2603 991 ille,

366 1018 528 1072 facile
574 1019 965 1086 disrnmpatur.

442 1107 533 1162 68.
575 1106 913 1174 Quapropter
944 1108 998 1159 in
1045 1105 1351 1162 hominibus
1389 1105 1582 1160 fiducia
1631 1118 1827 1160 revera
1859 1111 1945 1157 est

365 1211 457 1253 res
506 1199 669 1262 bona,
728 1198 960 1267 ideoque
1014 1198 1220 1253 sanctis
1267 1198 1599 1269 martyribus
1657 1196 1891 1267 appetita
1925 1235 1942 1262 ,

364 1287 500 1344 Viris
525 1287 924 1343 venerabilibus
946 1288 1164 1354 dilecta,
1191 1289 1556 1359 omnibusque
1577 1288 1801 1342 omnino
1828 1285 1940 1341 Deo

365 1377 745 1433 obedientibus
791 1375 1063 1444 all‘ectata,
1131 1387 1316 1446 utpote
1359 1393 1429 1432 ex
1469 1393 1574 1446 qua
1616 1376 1796 1431 omnis
1829 1375 1943 1430 vir-

369 1479 460 1524 tus
516 1477 572 1524 et
622 1485 715 1524 ars
771 1479 823 1523 et
867 1469 1094 1525 scientia
1152 1478 1208 1523 et
1257 1469 1571 1534 reipublicae
1631 1464 1947 1523 constitutio

364 1561 663 1626 exoritur;
703 1577 860 1628 quam
918 1561 1122 1615 utinam
1169 1560 1313 1615 Deus
1367 1560 1622 1616 omnibus
1671 1557 1944 1613 Christia-

368 1653 458 1708 uis
516 1654 778 1708 concedat
823 1652 878 1707 in
935 1652 1126 1722 eisque
1171 1661 1482 1716 conservet,
1516 1651 1591 1705 ita
1622 1659 1682 1704 ut
1727 1661 1944 1717 semper

368 1745 512 1802 adsit
567 1744 650 1800 eis
722 1759 786 1797 ac
855 1751 1130 1798 remaneat
1190 1752 1246 1797 et
1315 1752 1558 1812 tempore
1626 1750 1936 1810 opportuno

2052 553 2241 616 ἁπλῶς
2276 551 2421 606 οὕτω
2466 552 2723 622 ῥαγῆναι,
2759 553 2854 605 καὶ⁹
2888 553 2948 604 τὸ
2996 555 3434 621 πεπιστευμένον
3477 556 3621 625 αὐτῷ
3662 563 3669 570 ’

2050 644 2232 698 πλοῖον
2269 646 2490 714 ἀφεῖναι
2532 644 2700 714 βάψαι
2757 647 2836 707 εἰς
2863 645 3130 709 κίνδυνον,
3179 648 3469 716 ἢεάνὲμοις
3497 650 3623 714 ἐξω·-

2051 751 2205 798 σταις
2245 735 2498 790 ἐκδοῦναι
2521 737 2862 807 παράφορον,
2891 741 2939 790 εἰ
2965 739 3039 809 μὴ
3071 741 3178 806 ἄρα
3207 740 3241 810 ἢ
3273 742 3626 810 κατασέσηπε

2049 829 2110 882 τὸ
2134 830 2366 899 σχοινίον
2397 832 2594 893 ἐκεῖνο,
2633 829 2664 898 ἦ
2700 831 2877 893 ἄλλως
2923 831 3254 886 εὖανάλυτον
3285 832 3623 885 κέκλωσται.

2689 935 2784 980 aut
2867 929 3006 983 male
3062 928 3360 990 confectus.
3420 933 3490 982 ita
3571 939 3627 982 ut

2125 1104 2230 1177 ξη’.
2259 1107 2470 1161 Οὐκοῦν
2502 1108 2560 1160 ὲν
2607 1107 2920 1179 ἀνθρώποις
2948 1110 3160 1178 πεῖσμα
3180 1109 3240 1163 τὸ
3272 1109 3372 1178 μέν
3407 1128 3460 1163 τι
3489 1111 3627 1176 ἀγα-

2045 1201 2139 1254 θδν
2168 1198 2406 1268 άληθῶς,
2457 1201 2556 1254 καὶ
2602 1199 2671 1253 δι’
2702 1201 2834 1254 αὐτὸ
2863 1199 3106 1271 ζηλωτὸν
3145 1202 3325 1271 ἁγίοις
3358 1203 3623 1274 μάρτυσι,

2043 1290 2140 1343 καὶ
2173 1290 2430 1360 ἀνδράσιν
2464 1290 2632 1354 ὁσίοις
2657 1291 2967 1362 ἀγαπητὸν,
2998 1292 3094 1346 καὶ
3123 1293 3261 1355 ὅλως
3303 1294 3477 1348 ἀπασι
3507 1298 3624 1358 τοῖς

2047 1380 2511 1450 ὑποτεταγμένοις
2535 1380 2614 1448 τῷ
2665 1381 2786 1452 Θεῷ
2819 1381 3066 1454 φιλητὸν,
3109 1382 3177 1437 δι’
3202 1377 3265 1438 οὗ
3295 1385 3466 1455 ἀρετὴ
3493 1387 3618 1456 πρό-

2048 1488 2197 1524 πασα
2221 1472 2314 1526 καὶ
2335 1471 2500 1542 τέχνη
2520 1473 2616 1525 καὶ
2630 1475 2912 1544 ἐπιστήμη
2937 1475 3032 1528 καὶ
3055 1473 3318 1536 σύστασις
3343 1477 3626 1540 πολιτείας

2044 1564 2219 1635 ὀρθῆς
2245 1580 2261 1595 ·
2324 1565 2420 1618 καὶ
2451 1564 2620 1637 διδοίη
2653 1566 2682 1618 6
2715 1565 2846 1629 Θεὸς
2888 1566 3019 1621 αὐτὸ
3049 1567 3394 1637 Χριστιανοῖς
3424 1568 3626 1636 ἅπασι,

2044 1656 2142 1710 καὶ
2195 1657 2680 1727 παραφυλάττοιτο
2726 1658 2786 1710 τὸ
2824 1657 3066 1711 τοιοῦτον
3116 1658 3278 1711 καλὸν
3328 1660 3386 1712 ὲν
3412 1660 3624 1723 αὐτοῖς.

2045 1747 2190 1802 ὥστε
2218 1749 2561 1818 ⁴παραμένειν
2592 1750 2688 1803 καὶ
2731 1748 3214 1819 παρακατέχεσθαι
3259 1751 3354 1802 καὶ
3383 1753 3628 1822 ἐνεργεῖ-

366 1836 637 1890 efﬁcacem
666 1849 729 1889 se
757 1843 992 1904 praestet,
1025 1843 1084 1888 ut
1111 1841 1369 1904 tanquam
1411 1841 1629 1888 sanctas
1652 1832 1939 1888 columnas

2053 1840 2176 1893 σθαι
2197 1840 2278 1901 εις
2311 1839 2548 1910 καίριον,
2582 1839 2656 1904 ὡς
2688 1839 2939 1894 ἐντεῦθεν
2963 1840 3286 1908 ἀνδριάντας
3319 1821 3497 1909 ί;ροὺς
3527 1844 3628 1894 καὶ

371 1941 425 1978 τι
469 1935 728 1990 augustas
770 1935 977 1979 statuas
1005 1939 1276 1994 navesque
1306 1923 1399 1978 Dei
1450 1924 1624 1994 erigat
1656 1923 1778 1992 ejus
1825 1938 1943 1978 ser-

370 2018 569 2070 vitur-es
603 2019 672 2069 ad
705 2016 936 2071 salutem
970 2030 1333 2071 communem.
1368 2015 1518 2072 Talis
1559 2023 1649 2070 est
1681 2014 1768 2068 illa
1804 2013 1944 2067 [idu-

370 2109 454 2163 eia
485 2107 541 2164 in
570 2108 682 2164 Deo
713 2107 975 2178 reposita,
995 2107 1113 2162 sine
1143 2124 1247 2180 qua
1283 2108 1426 2162 nulla
1455 2116 1539 2163 est
1558 2107 1705 2162 salus
1727 2123 1744 2173 ;
1767 2121 1872 2176 qua
1898 2105 1944 2160 si

369 2200 622 2256 homines
683 2208 913 2266 carent,
978 2215 1078 2254 cur
1165 2201 1380 2254 tandem
1451 2198 1736 2268 paradisus
1794 2199 1948 2269 plan-

370 2299 517 2347 tatus
562 2299 668 2357 est,
704 2305 825 2344 cum
867 2289 1046 2344 nullos
1087 2289 1373 2346 habiturus
1418 2290 1489 2344 sit
1545 2288 1793 2344 incolas?
1851 2288 1949 2344 Est

362 2388 546 2434 autem
576 2395 737 2450 porro
765 2380 871 2435 alia
901 2379 1117 2447 ﬁducia,
1150 2379 1486 2449 imprudens,
1533 2377 1940 2441 irrationabilis,

363 2469 565 2539 lignea,
622 2485 823 2534 saxea,
869 2469 1052 2536 bruta,
1107 2471 1447 2542 impetuosa,
1509 2468 1896 2524 inexcusabilis
1928 2507 1944 2534 ,

363 2559 631 2626 informis,
681 2562 990 2630 obduraus,
1014 2563 1336 2626 inhumana,
1385 2575 1712 2631 provocans,
1745 2574 1936 2630 rapax,

362 2650 716 2716 daemoniaci,
753 2653 964 2716 insana,
995 2667 1158 2721 quam
1206 2653 1358 2720 pacis
1397 2651 1659 2706 Dominus
1705 2667 1734 2704 a
1786 2649 1944 2705 nobis

365 2751 422 2795 et
469 2743 537 2796 ab
571 2742 821 2798 omnibus
859 2743 1200 2810 hominibus,
1251 2743 1520 2812 imprimis
1573 2751 1754 2800 autem
1785 2740 1946 2797 Cbri-

363 2833 560 2890 stianis
603 2833 793 2904 procul
837 2836 1096 2889 avertat!

436 3033 526 3089 69.
560 3030 829 3088 Exaudias
869 3045 988 3097 nos,
1013 3046 1046 3086 ο
1079 3029 1220 3086 Deus
1243 3030 1516 3096 Salvator,
1539 3031 1790 3101 princeps
1809 3046 1946 3103 prae-

367 3135 672 3197 ceptorum,
703 3140 913 3180 summe
945 3125 1084 3179 inter
1111 3137 1444 3189 meonomos,
1485 3125 1652 3179 totius
1677 3131 1942 3178 terrarum

367 3218 523 3273 orbis
569 3217 849 3287 magister,
898 3218 1005 3272 dux
1049 3231 1330 3272 sacrorum
1376 3217 1650 3282 ordinum,
1698 3217 1948 3287 princeps

365 3311 699 3380 principum,
748 3308 972 3362 Domine
1023 3307 1392 3375 dominorum,
1445 3320 1608 3377 caput
1647 3311 1952 3378 gubernan-

364 3400 521 3464 tium,
550 3399 638 3468 qui
669 3406 892 3468 prOptcr
944 3413 1042 3453 nos
1092 3413 1122 3454 e
1159 3398 1296 3454 coelo
1351 3399 1416 3452 ad
1464 3414 1565 3454 nos
1605 3399 1948 3466 descendisti,

363 3493 608 3546 utetiam
647 3491 1009 3563 corporaliter
1043 3490 1401 3560 principatum
1441 3500 1591 3545 tuum
1627 3491 1946 3546 ostenderes

366 3580 770 3651 ignorantibus,
803 3582 893 3649 qui
933 3581 1240 3649 praecepisti
1297 3596 1363 3634 ac
1402 3579 1705 3650 sulijecisti,
1740 3589 1794 3634 et
1821 3579 1948 3634 doc-

364 3671 513 3724 trina
562 3681 651 3724 tua
699 3669 893 3725 salutis
940 3669 1286 3725 fundamenta
1325 3670 1547 3739 posuisti
1585 3688 1600 3725 :
1644 3670 1727 3724 fac
1761 3679 1817 3724 ut
1849 3685 1947 3725 nos

365 3761 715 3829 obedientes,
756 3761 1012 3831 morigeri
1044 3760 1184 3814 etde
1214 3760 1400 3815 ciliciis
1441 3763 1639 3816 IIOslriS
1673 3763 1808 3816 bene
1859 3762 1947 3816 iu-

365 3855 568 3920 stituti,
603 3855 852 3925 quamvis
900 3868 1044 3918 sero,
1095 3853 1342 3922 discipuli
1382 3853 1598 3907 virtutis
1637 3854 1850 3917 tiamus,
1891 3863 1947 3908 et

366 3948 406 4002 ii
427 3947 696 4016 imprimis
723 3948 816 4017 qui
841 3946 1009 4001 cultui
1039 3958 1131 4002 tuo
1162 3946 1408 4014 proxime
1432 3961 1553 3999 sese
1573 3945 1945 4012 addixerunt;

371 4038 458 4089 fac
491 4047 549 4090 ut
584 4051 705 4101 nos,
737 4037 1036 4090 secundum
1085 4045 1332 4088 sanctum
1388 4032 1759 4098 Psalmistam,
1813 4035 1950 4087 irre-

378 4127 630 4196 preliensi
665 4127 721 4178 in
769 4125 853 4177 via
889 4134 975 4176 tua
1025 4123 1381 4176 ambulemus.
1431 4124 1729 4178 Ambulans
1777 4124 1943 4188 enim,

367 4217 576 4283 inquit,
614 4215 666 4268 in
701 4214 786 4266 via
829 4213 1314 4281 irreprelicnsibili,
1355 4214 1444 4266 hic
1480 4214 1612 4267 mihi
1653 4215 1944 4278 serviebat,

369 4325 477 4361 non
529 4321 665 4361 sane
694 4304 875 4358 fnrorc
917 4306 1156 4372 percitus
1206 4317 1299 4358 aut
1365 4307 1568 4372 impetu
1620 4306 1944 4361 irresistibili

366 4403 426 4454 iu
490 4399 748 4470 perniciei
805 4399 1068 4468 gurgitem
1137 4409 1258 4449 sese
1307 4395 1686 4464 praecipitans.
1745 4396 1944 4450 Precor

2053 1931 2251 2000 στήλας
2279 1931 2443 2000 ἁγίας
2463 1932 2556 1984 καὶ
2578 1931 2740 1994 ναοὺς
2761 1926 2872 1984 οἷον
2896 1931 3030 1984 Θεοῦ
3056 1933 3280 2001 άνιττᾷν
3301 1932 3428 1994 τοὺς
3449 1931 3626 1987 αὐτοῦ

2050 2022 2388 2094 θεράποντας
2438 2025 2532 2076 ἐπὶ
2587 2022 2752 2092 κοινῷ
2791 2025 3152 2092 συμφέροντι.
3210 2025 3322 2079 Καὶ
3375 2025 3626 2079 τοιοῦτον

2015 2123 2020 2128 ‘
2051 2112 2152 2183 μὲν
2182 2115 2358 2166 ἐκεῖνο
2383 2115 2618 2182 πεῖσμα,
2648 2112 2710 2166 τὸ
2747 2113 2889 2166 κατὰ
2921 2107 3156 2177 Θεὸν,οὒ
3186 2116 3356 2183 χωρὶς
3382 2116 3482 2168 οὐκ
3504 2113 3628 2167 ἐστι

2050 2202 2343 2268 σώζεσθαι,
2371 2196 2434 2256 οὗ
2473 2201 2549 2273 μὴ
2579 2201 2735 2272 παρὰ
2762 2205 2878 2264 τοῖς
2910 2201 3225 2271 ἀνθρώποις
3255 2202 3429 2266 ὄντος,
3451 2204 3505 2254 τί
3529 2204 3630 2272 δή-

2049 2312 2181 2350 ποτε
2218 2295 2558 2365 πεφύτευται
2610 2294 2938 2364 παράδεισος
2961 2335 2978 2361 ,
3032 2295 3285 2365 ἀοίκητος
3320 2295 3577 2365 ἐσόμενος
3605 2313 3625 2364 ;

2048 2388 2252 2442 Λοιπὸν
2277 2385 2336 2440 δὲ
2368 2386 2556 2456 ἕτερον
2609 2387 2838 2455 πεῖσμα,
2866 2385 2927 2436 τὸ
2978 2384 3314 2455 ἀδιάκριτον,
3345 2385 3406 2438 τὸ
3434 2387 3626 2454 ἀλόγι-

2050 2496 2196 2545 στον,
2225 2479 2286 2532 τὸ
2311 2478 2544 2543 ξύλινον,
2570 2477 2632 2530 τὸ
2663 2478 2728 2530 tu
2759 2477 2999 2547 πετρῶν,
3028 2477 3089 2529 τὸ
3117 2476 3400 2548 θηριῶδες,
3429 2478 3490 2530 τὸ
3519 2478 3622 2531 θυ-

2053 2571 2250 2642 μῶδες,
2271 2571 2332 2622 τὸ
2357 2567 2792 2638 ἀναπολόγητον,
2814 2568 2874 2621 τὸ
2895 2567 3320 2638 ἀνειδοποίητον,
3347 2570 3407 2621 τὸ
3431 2572 3623 2640 ἀγριο-

2049 2660 2223 2724 ποιδν,
2249 2660 2310 2714 τὸ
2333 2659 2726 2728 ἀπάνθρωπον,
2757 2659 2818 2713 τὸ
2842 2659 3103 2730 μάχιμον,
3135 2659 3194 2711 τὸ
3218 2659 3529 2730 λῃστρικὸν,
3557 2659 3627 2711 τὸ

2046 2751 2351 2824 δαιμόνιον,
2402 2751 2462 2805 τὸ
2527 2751 2696 2822 μηδὲν
2748 2751 2921 2819 ὑγιὲς,
2970 2750 3107 2820 ὅπερ
3140 2751 3418 2819 ἀπαγάγοι
3450 2752 3477 2802 ό
3513 2751 3626 2818 τῆς

2048 2844 2275 2915 εἰρήνης
2339 2841 2549 2914 Κύριος
2605 2843 2700 2896 καὶ
2754 2841 2912 2912 ἡμῶν
2959 2842 3052 2894 καὶ
3082 2841 3281 2904 παντὸς
3330 2839 3627 2910 ἀνθρώπου

2047 2938 2290 3006 ὲτεροίου
2317 2951 2378 2988 τε
2405 2933 2501 2988 καὶ
2524 2932 2761 3002 μάλιστα
2795 2931 3157 3000 Χριστιανοῦι

2120 3027 2220 3093 ἔθ’.
2248 3025 2378 3096 Εῖης
2417 3025 2706 3078 ἐπακούων
2726 3023 2907 3094 ἡμῶν,
2931 3023 3114 3092 Σῶτερ
3148 3021 3299 3086 Θεὸς,
3352 3025 3379 3075 ὀ
3411 3019 3627 3090 πρώτι-

2054 3138 2177 3184 στος
2197 3117 2580 3190 ὲνηγούμενος,
2607 3117 2636 3170 6
2661 3119 2919 3186 μέγιστος
2951 3117 3010 3169 ὲν
3032 3117 3358 3186 οἰκονόμοις,
3390 3119 3416 3166 6
3439 3118 3630 3166 οἰκου-

2053 3213 2270 3283 μενικδς
2299 3211 2646 3277 διδάσκαλος,
2679 3213 2708 3264 6
2742 3212 2836 3264 ἐπὶ
2857 3211 2963 3264 τῶν
2995 3211 3155 3282 ἱερῶν
3201 3208 3628 3268 καταστάσεων,

2049 3305 2212 3357 ὁτῶν
2267 3304 2548 3374 ἀρχόντων
2600 3302 2806 3374 ἄρχων,
2845 3303 2874 3354 6
2914 3303 3023 3356 τῶν
3079 3299 3282 3372 κυρίων
3331 3299 3555 3370 Κύριος.
3594 3301 3629 3352 ὁ

2050 3393 2254 3457 ὕπατος
2275 3395 2334 3448 ἐν
2363 3398 2474 3458 τοῖς
2505 3394 2926 3458 ὑποτάσσουσιν,
2947 3394 2977 3446 6
3013 3391 3284 3445 κατελθὼν
3327 3391 3628 3462 οὐρανόθεν

2048 3485 2115 3540 δι’
2146 3486 2295 3556 ἡμᾶς
2349 3485 2435 3554 ἐφ’
2465 3485 2634 3556 ἡμᾶς,
2685 3484 2775 3538 ἵνα
2804 3483 2898 3537 καὶ
2949 3483 3277 3554 σωματικῶς
3332 3480 3628 3557 ὑποδείξῃς

2051 3576 2150 3647 τὴν
2178 3578 2508 3647 ὴγεμονείαν
2546 3593 2640 3629 σου
2669 3577 2784 3638 τοῖς
2807 3575 3082 3643 ἀγνοοῦσι,
3106 3573 3201 3628 καὶ
3222 3570 3502 3637 ἐπιτάξας,
3521 3574 3628 3626 καὶ

2054 3671 2353 3732 ὑποτάξας,
2405 3668 2502 3723 καὶ
2530 3668 2654 3729 δοὺς
2685 3668 2858 3737 ἀρχάς
2905 3667 2999 3718 ἐπὶ
3029 3664 3273 3736 σωτηρία
3306 3663 3629 3716 διδασκαλι-

2051 3759 2186 3826 κῶς,
2219 3759 2315 3813 καλ⁵
2346 3756 2734 3824 ὑπακουσθεὶς,
2775 3757 2871 3812 καὶ
2923 3757 3136 3818 πείσας,
3168 3756 3262 3808 καλ⁵
3285 3755 3352 3808 τὰ
3383 3754 3631 3822 ποιητέα

2055 3851 2550 3920 ἐγκελευσάμενος,
2581 3850 2916 3922 ἀποτελέσῃς
2945 3846 3192 3918 μαθητάς
3217 3844 3502 3916 ὀψιμαθεῖς
3519 3845 3628 3899 τοῦ

2053 3939 2244 4004 καλοῦ,
2277 3941 2373 3993 καλ⁵
2395 3939 2474 3994 ἔτι
2511 3939 2715 4009 μᾶλλον
2763 3942 2891 4000 τοὺς
2921 3936 3210 4006 ἐγγυτάτω
3235 3935 3626 4004 λειτουργοῦν-

2051 4034 2150 4096 τάς
2182 4050 2289 4098 σοι,
2328 4032 2377 4085 οἳ
2424 4033 2560 4086 κατὰ
2620 4032 2710 4085 τὸν
2769 4031 2936 4096 άγίως
2967 4027 3239 4098 ψάλλοντα
3290 4026 3627 4097 πορεύεσθαι

2050 4127 2274 4196 ἄμωμοι
2302 4127 2358 4179 ὲν
2379 4124 2482 4195 ὁδῷ
2513 4127 2580 4195 τῇ
2610 4124 2749 4178 κατὰ
2781 4123 2838 4175 σὲ
2865 4120 3273 4191 άπαιτούμεθα.
3311 4120 3625 4190 Πορευόμε-

2049 4236 2139 4283 νος
2173 4219 2307 4289 γὰρ,
2337 4221 2530 4289 φησιν,
2567 4218 2622 4269 ὲν
2647 4217 2750 4284 ὁδῷ
2780 4214 3017 4286 ἀμώμῳ,
3038 4209 3194 4276 οὗτός
3225 4231 3318 4281 μοι
3346 4212 3595 4281 ἐλειτουρ

2045 4330 2153 4380 γει,
2187 4314 2247 4366 οὐ
2303 4312 2410 4384 μὴν
2462 4311 2812 4382 παροιστρῶν
2846 4310 2940 4364 καὶ
2987 4309 3128 4362 κατὰ
3154 4309 3434 4379 φάραγγος
3464 4311 3623 4361 ἀπω-

2045 4403 2196 4466 λείας
2232 4405 2442 4474 τρέχων
2465 4401 2792 4464 ἀκάθεκτος.
2829 4400 3090 4471 Εὗξάμην
3114 4399 3170 4452 δὲ
3221 4401 3412 4464 οὕτως,
3435 4392 3482 4453 ὦ
3505 4401 3631 4468 φιλ-

299 4481 323 4549 ’.
369 4503 551 4548 autem
605 4493 707 4564 lioc
754 4492 931 4552 modo,
985 4507 1017 4542 υ
1073 4487 1299 4542 Domine
1359 4487 1631 4539 hominum
1688 4487 1944 4542 amantis-

2053 4494 2303 4566 άνθρωπε
2323 4495 2521 4564 Κύριε,
2545 4493 2613 4546 δι’
2636 4493 2768 4546 αὐτὸ
2792 4493 2857 4564 δὴ
2887 4491 3046 4546 τοῦτο
3075 4494 3168 4545 καὶ
3198 4494 3382 4563 μόνον,
3404 4493 3484 4546 ὅτι
3511 4495 3626 4546 πᾶν

366 4588 526 4651 sitne,
573 4587 641 4640 ob
713 4584 766 4639 id
811 4583 1010 4647 solum,
1075 4581 1198 4651 quia
1255 4594 1416 4633 omne
1468 4581 1663 4632 bonum
1718 4579 1948 4649 desuper

369 4679 528 4734 nobis
581 4693 676 4745 per
733 4687 784 4730 te
848 4676 1069 4740 aeriuit,
1140 4688 1245 4728 non
1311 4688 1490 4726 autem
1551 4673 1672 4741 quia
1733 4671 1949 4724 dilliazilc

367 4785 592 4831 prorsus
653 4767 765 4822 fere
837 4767 1175 4836 impossibile
1236 4767 1350 4830 sit,
1404 4775 1464 4819 ut
1541 4765 1734 4816 malam
1788 4762 1945 4816 istaui

367 4863 617 4916 tiduciznn
647 4863 983 4928 :ibﬁeiaiuu's,
1011 4860 1290 4915 deleamus
1323 4869 1376 4913 et
1405 4859 1469 4911 ad
1490 4856 1712 4910 uiliiluui
1742 4857 1951 4926 rediga-

367 4968 507 5008 tuus.
543 4952 878 5022 Simulatque
910 4953 1053 5008 enim
1087 4953 1380 5014 roluilutts,
1409 4948 1498 5018 qui
1526 4949 1618 5002 tibi
1643 4947 1945 5012 obedimus,

365 5048 526 5100 itiam
558 5045 887 5114 perfecimus
916 5063 931 5112 ;
974 5055 1029 5099 et
1060 5043 1384 5112 simulatque
1409 5043 1462 5096 in
1490 5042 1725 5094 animam
1785 5040 1942 5093 indu-

370 5148 574 5208 }.imus,
634 5143 700 5195 ad
737 5143 898 5198 linem
953 5144 1295 5212 pertigimus,
1343 5142 1446 5205 vel,
1479 5148 1535 5192 ut
1581 5136 1946 5209 praegnantius

369 5242 510 5291 idem
568 5239 836 5296 dicamus.
890 5236 1237 5305 simulatque,
1287 5251 1449 5288 curas
1512 5243 1727 5290 nostras
1789 5230 1840 5281 in
1896 5237 1946 5281 te

369 5330 694 5396 rejicieutcs,
745 5330 1009 5382 adversus
1057 5330 1160 5382 lioc
1232 5329 1435 5382 malum
1497 5333 1707 5381 ucsmet
1767 5322 1948 5374 acciu-

367 5436 568 5486 Lnius,
623 5422 902 5477 victoriam
948 5421 1361 5490 reportavintus.

443 5513 525 5567 70.
557 5513 849 5570 Victoriam
886 5526 1064 5568 autem
1093 5512 1492 5580 reportabimus
1524 5511 1626 5562 lioc
1657 5507 1846 5560 modo:
1885 5506 1948 5558 Si

370 5602 493 5665 uuis
528 5604 630 5654 sibi
676 5604 832 5659 facile
865 5606 1194 5674 persuaserit
1223 5614 1278 5656 et
1309 5601 1474 5653 nimia
1506 5600 1700 5652 ﬁducia
1753 5599 1946 5650 ductus

367 5691 434 5741 nd
471 5706 661 5744 manus
700 5712 818 5746 cum
851 5696 1011 5750 {croci
1045 5697 1205 5765 pugili
1239 5693 1601 5752 conserendas
1625 5703 1678 5745 et
1713 5705 1941 5759 pugnaui

367 5798 490 5838 cuin
521 5784 826 5840 adiersario
850 5790 1132 5842 iucundam
1155 5787 1504 5858 proccswrit,
1536 5794 1590 5839 ut
1616 5784 1761 5840 brevi
1794 5794 1932 5859 ρυδιο

2051 4586 2255 4654 ἀγαθὸν
2279 4585 2488 4638 ἄνωθεν
2517 4585 2649 4653 ἡμῖν
2670 4581 2759 4636 διὰ
2784 4585 2878 4636 σοῦ
2909 4583 3235 4650 ἐπιγίνεται,
3263 4584 3322 4633 οὐ
3354 4584 3461 4652 μὴν
3484 4582 3624 4634 δ.ὁτι

2051 4676 2191 4727 πάνυ
2230 4674 2489 4744 δυσχερὲς
2537 4674 2635 4728 καὶ
2668 4673 2929 4727 ἀδυνάτου
2986 4674 3175 4740 ἔγγὺς,
3201 4672 3509 4742 ἀπ-ιρῤἧξχι
3560 4675 3626 4726 τὸ

2049 4763 2254 4833 φαῦλον
2279 4765 2490 4834 πεῖσμα
2524 4765 2619 4816 καὶ
2643 4762 2895 4816 διαλῦσαι
2918 4764 3012 4816 καὶ
3033 4761 3298 4816 ἀναλῦσαι
3332 4765 3408 4824 ῶς
3445 4764 3525 4825 είς
3562 4769 3625 4815 τᾶ

2053 4854 2238 4926 μηδέν.
2270 4854 2424 4925 "Atia
2453 4854 2560 4924 γὰρ
2591 4854 2972 4924 ἐϐουλήθημεν
2997 4856 3047 4906 οί
3067 4855 3164 4923 τῆς
3196 4855 3289 4923 σῆέ
3315 4855 3622 4925 ὖπθταῖῆςν

2051 4947 2144 4998 κα)⁵
2171 4945 2474 5015 ὴνύσαμεν,
2511 4945 2629 5014 ἅμα
2691 4947 3115 5016 ὲνενοησάμεθα,
3148 4947 3242 4999 καὶ
3282 4947 3623 4999 άπετελέσαυ

2051 5055 2181 5107 μεν·
2213 5037 2302 5092 ἵνα
2321 5039 2378 5091 δὲ
2409 5038 2713 5108 μεγαλείως
2748 5039 3071 5108 φράσωμεν,
3106 5039 3224 5108 ἄμα
3261 5038 3623 5108 ὡπλίσθημεν

2050 5129 2190 5184 κατὰ
2223 5131 2396 5184 κακοῦ
2429 5130 2634 5184 τοιοῦδε
2678 5131 2730 5183 oi
2759 5130 2860 5199 τὴν
2889 5133 2946 5184 ὲν
2982 5132 3111 5199 ἡμῖν
3141 5133 3411 5200 μέριμναν
3439 5133 3533 5184 ἐπὶ
3565 5132 3625 5182 σε

2050 5223 2209 5292 μόνον
2241 5224 2684 5297 ὲπιρῤίπτοντες,
2725 5223 2819 5276 καὶ
2859 5223 3262 5294 νενικήκαμεν.⁸

2117 5495 2179 5542 ο⁸.
2216 5489 2324 5541 Καὶ
2347 5489 2380 5557 ἠ
2411 5488 2637 5556 μέἽοεος
2656 5489 2754 5560 τῆς
2781 5489 2939 5559 νίκης
2969 5491 3146 5546 τοιάδε
3170 5508 3277 5555 τις·
3307 5490 3621 5549 ’Υποτεθεί-

2050 5579 2161 5632 οδω
2187 5597 2272 5642 τις
2297 5581 2492 5644 πείσας
2519 5583 2712 5634 ἑαυτὸν
2739 5583 3001 5652 εὐχερῶς,
3036 5587 3128 5636 καὶ
3158 5588 3367 5655 κραγῦν
3412 5591 3623 5655 πεῖσμα

2049 5670 2384 5738 συμπλέξας,
2404 5673 2750 5724 ἐπανατείναι
2779 5675 2971 5742 χεῖρας
2999 5675 3322 5745 παλαμναίῳ
3344 5679 3624 5745 πυγμάχῳ

2051 5764 2140 5815 καὶ
2172 5761 2269 5834 οἵῳ
2303 5764 2764 5836 καταπολεμῆσαι
2795 5766 2884 5818 τὸν
2917 5767 3334 5837 ἀνθιστάμενον,
3362 5768 3498 5821 ἀλλὰ
3537 5786 3596 5836 μι
