3950 6208
248 300 366 364 3ίῦ

871 301 969 361 DE
1010 301 1478 367 OBEDIENTIA
1522 306 2060 370 MAGISTRATUI
2105 309 2580 370 CHRISTIANO
2616 309 2914 370 DEBl'l‘A.

3405 311 3524 398 34s-

244 416 386 485 xp’w
417 415 512 466 καὶ
546 400 736 484 ἕτερος
767 415 929 468 αὐτὸν
965 418 1136 485 ἀνῆκε
1172 417 1364 483 θυμὸς,
1411 418 1646 484 ἀφέσθαι
1690 423 1808 489 ταχί

1933 422 2200 474 sententia
2257 421 2563 487 immutata,
2621 426 2690 477 ab
2741 423 2836 476 illo
2881 423 3180 477 certamine
3210 426 3518 489 recesserit,

240 507 347 573 τῆς
373 506 584 576 τόλμης
608 506 850 576 ἐκείνης,
890 506 963 575 μὴ
995 509 1109 561 καὶ.
1132 509 1489 579 άποθραυσθῇ
1513 510 1611 576 τῆς
1651 528 1825 580 κεφα-

239 596 363 665 λῆς,
400 597 500 649 καί
529 613 631 649 που
665 598 763 650 καὶ
794 598 1036 668 σποδηθῇ
1069 598 1212 651 κατὰ
1237 600 1330 650 τὸν
1372 599 1544 662 οὕτως
1573 601 1820 666 εἰπόντα,

239 690 338 741 καὶ
365 688 631 758 ὲπιτριὸᾔ
659 689 944 758 φλώμενος
987 691 1082 743 καὶ
1118 691 1447 758 πνιγόμενος
1473 707 1486 719 ·
1539 691 1636 743 καὶ
1677 692 1823 758 λογιο

240 780 382 846 σμὺν
405 778 595 834 τοῦτον
617 781 874 852 δεύτερον
919 784 1142 836 συνετὸν
1172 782 1340 851 μωρῷ
1369 783 1563 850 ἐκείνῳ
1617 785 1821 855 πρώτῳ

237 873 600 941 ἁντιστήσας,
629 873 724 925 καὶ
757 873 924 942 ἄμφω
952 872 1323 935 ταλαντεύσας
1351 875 1416 926 ἐκ
1441 875 1820 944 παραθέσεως,

237 963 334 1015 καὶ
367 963 549 1032 ῥοπὴν
577 964 830 1034 εὑρηκὼς
865 966 921 1016 ὲν
943 963 1020 1033 τῷ
1041 963 1479 1034 δευτερεύσαντι,
1505 965 1618 1034 ἔχει
1641 966 1821 1033 λέγειν

237 1053 476 1118 ἀστείως
525 1053 662 1124 πρὸς
714 1055 806 1108 τὸν
833 1055 1182 1124 κατάρξαντα
1235 1056 1361 1110 νοῦν
1411 1059 1588 1110 έκεῖνο
1620 1059 1682 1110 τὸ
1708 1077 1816 1110 πα-

235 1147 388 1200 λαιόν
409 1162 423 1178 ·
456 1147 535 1210 ὡς
563 1149 626 1201 ού
655 1147 891 1214 πείσεις,
922 1148 1032 1202 οὐδ’
1065 1149 1132 1217 ἢν
1183 1149 1382 1220 πείσῃς
1403 1165 1416 1180 ·
1463 1151 1689 1216 ἔπεισας
1721 1152 1820 1220 μὲν

235 1239 365 1308 γὰρ,
394 1234 442 1292 ὦ
493 1239 653 1306 θυμὲ,
688 1242 877 1311 χεῖρας
901 1243 1158 1304 ἀντήρεις
1199 1242 1458 1313 ἀνασχεῖν
1492 1245 1634 1296 κατὰ
1666 1245 1820 1314 ισχυ-

239 1333 465 1401 ροτέρου
502 1333 645 1402 ἥπερ
677 1332 822 1400 ἐγώ·
853 1332 912 1385 ού
944 1333 1140 1404 πείσῃς
1169 1333 1225 1386 δὲ
1257 1335 1408 1402 ὅμως
1441 1335 1521 1398 είς
1548 1335 1724 1399 τέλος,
1773 1337 1822 1388 εί

235 1424 330 1477 καὶ
355 1424 725 1493 παρέπεισας.
754 1423 1102 1492 Εὑλαϐοῦμαι
1133 1425 1241 1495 γὰρ
1267 1425 1615 1492 ἱλυσπᾶσθαι,
1645 1427 1823 1497 ριφεὶς

234 1518 313 1577 εἰς
342 1516 472 1584 γῆν,
518 1516 615 1568 καί
645 1515 788 1568 οὕτω
833 1514 933 1585 τὴν
963 1514 1123 1586 ἓρψιν
1166 1517 1504 1583 ἀλλάξασθαι
1533 1517 1632 1589 τῆς
1675 1518 1824 1588 βαδί-

234 1625 395 1669 σεως.

299 1699 405 1755 οα’.
439 1702 613 1755 Πάλιν
645 1702 906 1772 λογισμὸς
932 1703 1290 1774 παρέπλαγξέ
1325 1720 1471 1768 τινα,
1503 1704 1664 1756 ὁποῖα
1689 1703 1822 1756 πολ-

1933 522 2186 565 ηιθιιιτιιιε
2216 527 2281 566 ne
2312 514 2490 580 capite
2525 529 2784 582 percusso
2820 515 2888 566 ad
2921 513 3178 578 nihilum,
3229 514 3306 568 uti
3343 515 3519 578 aiunt.

1931 604 2206 668 redactus,
2239 606 2529 669 contritus,
2563 604 2860 660 stiﬂ’iicatus
2891 614 3116 676 pereat;
3157 615 3213 660 et
3243 605 3289 660 si
3324 605 3522 660 deinde

1927 692 2096 760 priori
2131 693 2220 746 illo
2271 693 2546 761 insipienti
2593 695 2823 748 consilio
2877 697 3093 765 abjecto
3131 697 3278 750 aliud
3313 697 3514 765 ceperit

1928 784 2248 852 sapientius,
2279 797 2336 838 et
2361 796 2586 854 utroque
2615 787 2915 843 deliberate
2946 799 3000 842 et
3030 797 3369 855 comparato,
3405 804 3523 841 mo-

1931 889 2168 932 mentum
2201 879 2464 934 inclinare
2493 881 2559 934 ad
2578 881 2873 936 secundum
2909 883 3265 947 intellexerit,
3295 893 3425 937 tunc
3448 884 3515 936 ad

1932 980 2168 1024 mentem
2199 984 2304 1038 qua
2338 971 2577 1036 priorem
2614 981 2959 1040 suggesserat
2993 973 3316 1024 sententiam
3370 981 3518 1024 recte
3611 995 3614 998 ο

1929 1061 2126 1130 poterit
2152 1061 2363 1116 dicere:
2399 1062 2630 1116 Suasisti
2660 1063 2904 1130 quidem,
2927 1071 2984 1115 at
3005 1061 3512 1129 nonpersuadehis;

1928 1152 2142 1206 voluisti
2177 1153 2345 1218 enim,
2377 1163 2438 1208 ut
2460 1167 2651 1208 contra
2684 1154 2966 1209 fortiorem
2995 1169 3188 1223 pugna:
3215 1153 3512 1206 discrimen

1926 1242 2206 1308 subirem,
2239 1259 2418 1313 neque
2449 1255 2651 1311 tamen,
2697 1243 2950 1313 quamvis
2976 1258 3062 1298 uie
3115 1243 3374 1297 seducere
3397 1250 3515 1296 stu-

1927 1334 2130 1398 dueris,
2169 1337 2294 1389 mihi
2321 1351 2558 1404 unquam
2592 1335 2970 1404 persuadebis.
3015 1331 3393 1388 Vereor'cnim
3421 1347 3512 1396 nc,

1926 1430 1995 1484 ad
2029 1441 2238 1486 terram
2281 1431 2490 1494 allisus,
2553 1429 2788 1499 rependo
2848 1428 3030 1497 potius
3060 1428 3162 1482 sim
3220 1427 3508 1494 obnoxius,

1927 1541 2089 1594 quam
2127 1535 2275 1580 recte
2311 1523 2613 1579 incedendo
2649 1524 2900 1578 idoneus.

1997 1699 2088 1753 71.
2125 1699 2362 1754 Rursum
2396 1699 2558 1765 ratio,
2592 1699 2667 1753 uti
2702 1700 2844 1754 haud
2892 1712 3021 1753 raro
3064 1697 3314 1752 accidere
3347 1695 3504 1759 solet,

229 1791 294 1844 λὶ
315 1794 468 1861 φιλεῖ
497 1795 593 1847 καὶ
627 1793 854 1848 τοιαῦτα
877 1795 1146 1863 γίνεσθαι,
1176 1797 1424 1862 γενναῖον
1453 1791 1614 1858 εἶναι,
1643 1796 1808 1848 παλα-

1922 1791 2158 1859 aliquem
2188 1791 2416 1853 induxit,
2449 1803 2506 1845 ut
2537 1805 2860 1860 generosum
2891 1804 3012 1845 sese
3040 1789 3299 1843 exhibeat
3325 1796 3378 1840 et
3400 1787 3505 1840 im-

233 1885 442 1952 μᾶσθαι
474 1885 874 1955 συμποδισμδν,
905 1886 960 1940 εἴ
985 1904 1072 1950 τις
1106 1888 1189 1951 είς
1215 1887 1563 1957 παλαίστραν
1591 1887 1816 1941 ἀντικα-

228 1977 467 2046 ταπαίη
500 1977 674 2047 αὐτῷ.
709 1980 820 2032 Καὶ
839 1979 1258 2050 ὲπανηγυρίσθη
1287 1979 1458 2048 ἀγὼν,
1485 1978 1581 2034 καὶ
1605 1979 1813 2050 ἐκηρύ-

227 2069 331 2138 χθη
366 2069 814 2141 παλαισμοσύνη,
846 2071 940 2124 καὶ
972 2071 1138 2135 αὐτὸς
1173 2072 1470 2142 παρεισέδυ
1503 2072 1562 2136 ἐς
1591 2073 1812 2142 μέσους,

227 2161 435 2213 ἐθέλων
469 2163 817 2234 συμπλοκὴν,
850 2165 944 2217 καὶ
977 2163 1194 2236 θαρρῶν
1246 2165 1676 2227 καταπαλαίειν,
1716 2163 1814 2218 καὶ

226 2254 326 2322 ἥδη
351 2251 412 2306 εὖ
445 2254 599 2323 μάλα
623 2255 938 2325 συμπείσας
963 2255 1156 2309 ἑαυτὸν
1177 2260 1259 2320 είς
1283 2254 1540 2326 τοιαύτην
1561 2255 1808 2327 ἄθλησιν.

235 2342 380 2395 Ἀλλ’
431 2345 661 2397 ἐπειδὰν
711 2346 1125 2416 ἀνταγωνιστὴν
1170 2346 1437 2416 θεάσηται
1466 2349 1728 2415 φανέντα,
1752 2347 1812 2400 ὃν

225 2433 301 2501 μὴ
338 2433 948 2504 ἑνθυμούμενος,άλλὰ
973 2437 1096 2490 τότε
1137 2438 1348 2492 κατίδοι
1389 2437 1812 2508 ὲξανακύψαντα

224 2527 322 2578 καὶ
378 2527 464 2590 εἰς
512 2527 809 2582 ἀντίπαλον
858 2531 1317 2600 προχωρήσαντα,
1373 2530 1434 2583 οὐ
1491 2529 1705 2594 πείσεις
1733 2529 1812 2601 τῷ

222 2614 417 2686 πρώην
437 2616 716 2686 λογισμῷ,
760 2618 890 2686 ἔφη,
923 2617 1027 2671 κᾶν
1059 2619 1276 2688 φθάσας
1305 2619 1534 2682 ἔπεισας
1559 2634 1574 2650 ⁸
1612 2620 1677 2672 οὐ
1700 2620 1810 2691 γὰρ

221 2706 493 2778 ἀνέξομαι
527 2709 715 2762 πεσὼν
748 2709 1163 2780 συντρίψεσθαι,
1221 2709 1314 2763 καὶ
1353 2709 1586 2763 καθόλου
1613 2711 1672 2762 ὲν
1695 2711 1811 2772 τοῖς

223 2798 493 2868 φρονοῦσι
545 2800 644 2854 καὶ
692 2799 930 2870 μαθοῦσι
978 2799 1354 2870 βουλεύεσθαι,
1387 2800 1484 2853 καὶ
1519 2795 1679 2862 αὖθις
1727 2801 1810 2862 είς

220 2893 347 2946 δέον
400 2892 927 2962 μεταϐουλεύεσθαι.
988 2893 1175 2946 Πείθει
1227 2895 1326 2964 μέν
1388 2910 1472 2956 τις
1525 2893 1722 2947 ἑαυτὸν
1750 2892 1808 2947 ὲν

220 2986 470 3050 πολλοῖς,
511 2987 608 3040 καὶ
646 2987 727 3051 εἴς
751 3003 803 3039 τι
832 2986 1032 3056 ψεκτὸν
1064 2988 1160 3040 καὶ
1188 2985 1559 3051 κατατίθεται,
1585 2984 1680 3040 καί
1703 3001 1807 3037 που

217 3080 560 3148 ἐρεθίζεται,
610 3079 708 3132 καὶ⁵
763 3079 845 3142 είς
903 3079 1064 3149 ἔργον
1118 3078 1347 3149 ἐξορμᾷ.
1394 3077 1712 3144 Μεταγνοὺς
1744 3075 1802 3128 δὲ

217 3173 455 3241 ἀφίησιν
485 3173 689 3234 ἐκεῖνο,
721 3172 802 3232 είς
825 3172 965 3240 ὅπερ
991 3169 1310 3230 κατένευσε,
1336 3167 1431 3220 καὶ
1453 3167 1640 3238 χαίρει
1662 3185 1804 3220 παυ-

218 3268 480 3332 οᾶμενος,
522 3263 617 3316 καὶ
640 3261 781 3329 λόγῳ
807 3262 1058 3331 τοιούτῳ,
1100 3261 1148 3312 εί
1183 3261 1278 3314 καὶ
1312 3259 1631 3322 πέπεισται,
1651 3259 1803 3328 ὅμως

216 3355 409 3408 οὐκέτι
436 3353 709 3417 πείθεται,
731 3355 918 3423 ὅμοιον
937 3353 1070 3406 ὡσεὶ
1090 3353 1186 3406 καὶ
1209 3349 1474 3420 ὁρμηθεὶς
1505 3351 1645 3404 κατὰ
1665 3367 1804 3422 κρη-

1920 1883 2227 1952 pedlmenta
2252 1884 2297 1937 si
2332 1896 2454 1952 quae
2483 1883 2537 1935 in
2573 1896 2740 1936 arena
2771 1888 3084 1945 occurrant,
3108 1878 3319 1934 fortiter
3347 1877 3502 1946 disji-

1916 1974 2046 2030 cial.
2075 1974 2393 2030 Certamiue
2446 1973 2614 2044 igitur
2647 1972 2876 2040 indicto,
2915 1983 2970 2026 et
3015 1987 3188 2041 pugna
3235 1971 3502 2040 prmconis

1915 2081 2049 2124 vom
2065 2069 2407 2134 annuntiata,
2429 2069 2521 2122 ille
2538 2068 2590 2121 in
2613 2068 2849 2122 medium
2872 2067 3235 2136 progreditur,
3255 2062 3501 2118 certandi

1916 2159 2126 2226 avidus,
2165 2160 2233 2216 de
2260 2160 2486 2216 victoria
2525 2169 2734 2225 certus,
2775 2160 2889 2214 suis
2912 2159 3120 2213 viribus
3148 2157 3202 2212 in
3235 2155 3500 2224 ejusmodi

1913 2267 2210 2322 congressu
2241 2255 2468 2309 nimium
2500 2263 2764 2324 quantum
2791 2252 3054 2308 conﬁsus.
3086 2253 3157 2305 At
3185 2249 3272 2304 ubi
3307 2251 3498 2304 adver-

1913 2342 2117 2396 sarium
2137 2356 2298 2410 quem
2323 2356 2429 2396 non
2451 2350 2756 2410 putaverat,
2781 2349 3130 2411 apparentem
3153 2349 3496 2394 etarrecmm

1913 2443 1968 2490 et
1997 2433 2138 2488 hosti
2157 2433 2373 2488 obviam
2397 2443 2618 2490 euntem
2650 2432 2936 2503 conspicit,
2967 2441 3093 2486 tunc
3117 2430 3340 2494 rationi,
3363 2429 3501 2485 dicit

1912 2524 2164 2594 quamvis
2208 2532 2366 2580 antea
2400 2525 2760 2594 persuaseris,
2791 2539 2899 2578 non
2931 2521 3161 2590 amplius
3190 2516 3500 2592 persuade-

1914 2616 2027 2681 bis;
2063 2615 2188 2671 nolo
2217 2616 2364 2670 enim
2407 2615 2547 2685 turpi
2575 2630 2707 2670 casu
2750 2615 2988 2680 conteri,
3020 2615 3116 2669 sed
3151 2614 3334 2682 potius
3369 2627 3492 2666 cum

1912 2706 2272 2775 prudentibus
2319 2705 2766 2777 sapientihusque
2798 2705 2935 2760 viris
2961 2705 3245 2760 consilium
3277 2705 3412 2760 inire
3439 2716 3496 2760 et

1912 2797 1978 2850 ad
2012 2796 2246 2853 olIicium
2271 2799 2494 2854 reverti.
2550 2797 2642 2852 Sic
2676 2796 2859 2852 multis
2896 2797 2952 2852 in
2983 2797 3148 2852 rebus
3198 2795 3360 2850 homo
3390 2796 3492 2850 sibi

1911 2893 2150 2950 conlisus
2182 2893 2265 2947 vel
2287 2892 2354 2947 ad
2373 2891 2575 2946 malum
2601 2892 2900 2961 propendet
2926 2898 2981 2944 et
3006 2888 3318 2946 stimulatur
3351 2890 3492 2943 adeo

1912 2993 1972 3038 ut
2002 2983 2070 3039 ad
2111 2998 2249 3055 opus
2299 2981 2716 3054 aggrediendum
2770 2991 2993 3052 paratus
3034 2981 3145 3046 sit;
3197 2980 3290 3036 sed
3319 2983 3493 3050 ρωιιί-

1913 3077 2082 3131 tentia
2119 3085 2404 3147 correptus
2454 3074 2666 3130 desistit
2693 3074 2761 3128 ab
2787 3073 2880 3127 illo
2906 3073 2958 3126 in
2990 3073 3133 3140 quod
3162 3080 3324 3126 antea
3365 3086 3493 3140 pro-

1905 3167 2060 3223 clivis
2073 3165 2370 3234 esstitit',et
2390 3167 2532 3237 quod
2550 3181 2654 3221 non
2673 3165 2979 3235 perrexcrit
2995 3165 3218 3234 gaudet,
3232 3171 3288 3218 et
3299 3178 3494 3233 quam-

1905 3261 1990 3314 vis
2041 3270 2200 3314 antea
2251 3261 2482 3315 cesserit
2527 3257 2796 3326 ejusmodi
2855 3258 3108 3321 consilio,
3155 3264 3336 3310 tamen
3382 3271 3491 3309 non

1905 3351 2139 3420 amplius
2165 3351 2329 3416 cedit,
2363 3349 2529 3406 veluti
2569 3350 2613 3405 si
2653 3350 2778 3420 quis
2811 3349 2881 3406 de
2916 3347 3220 3420 praecipitio
3252 3361 3372 3401 sese
3399 3349 3492 3400 dc-

219 3443 385 3514 μνοῦ,
418 3440 540 3497 εἶτα
583 3444 892 3514 μετάμελος
947 3440 1453 3511 ἐπαναστρέψεται,
1484 3441 1581 3494 καὶ
1614 3439 1803 3506 ἔννους

1916 3443 2169 3508 lecturus,
2191 3452 2377 3512 postea
2399 3452 2604 3496 mutata
2630 3454 2810 3496 mente
2832 3442 3126 3496 revertitur
3151 3447 3206 3495 et
3233 3437 3490 3508 insipien-

217 3542 284 3591 ἐκ
304 3537 664 3603 δυσλογίστου
693 3535 945 3603 γένηται.

288 3623 391 3695 οβ’.
424 3625 550 3696 Χρὴ
606 3625 787 3679 τοίνυν
843 3624 1019 3686 οὕτως
1065 3625 1162 3679 ἐπὶ
1208 3625 1432 3680 πάντων
1457 3625 1568 3680 τῶν
1596 3623 1803 3694 ὁμοίων

219 3717 496 3786 γίνεσθαι,
552 3713 630 3778 ὡς
661 3713 972 3776 ἀκολούθως
1010 3714 1106 3768 καὶ
1134 3715 1307 3785 ἡμᾶς,
1364 3713 1804 3782 ἀναλαὸομένους

221 3812 435 3879 πεῖσμα
464 3806 740 3872 ὁπωσοῦν,
775 3805 887 3858 εἴτε
911 3806 970 3872 ἐξ
1002 3805 1164 3876 ἡμῶν
1193 3806 1379 3858 αὐτῶν
1408 3801 1800 3866 ἀϐούλως,εττε

220 3903 361 3955 κατὰ
387 3899 746 3954 διδασκαλίαν
768 3897 1124 3962 κακόδουλον,
1166 3897 1385 3959 πάντως
1417 3895 1473 3949 δὲ
1503 3896 1612 3949 ἀπὸ
1639 3895 1802 3964 ἀρχε-

221 3995 392 4048 κάκου
422 3993 699 4062 δαίμονος,
725 3991 821 4045 καὶ
863 3991 1233 4061 ὡρμημένους
1287 3991 1344 4050 ὲς
1371 3987 1573 4057 πρᾶξιν
1601 3989 1803 4041 ἀποτε-

221 4083 500 4136 λευτῶσαν
550 4083 629 4144 εἰς
690 4077 1029 4149 φαυλότητα,
1080 4076 1459 4144 ἐνθυμεῖσθαι,
1520 4071 1659 4128 εἶναι
1683 4091 1804 4127 τινα

221 4173 376 4244 ἡμῶν
406 4173 720 4242 κρείττονα,
773 4169 869 4224 καὶ
900 4171 948 4222 εί
985 4169 1062 4239 μὴ
1089 4168 1402 4238 ἄνθρωπον,
1458 4166 1596 4220 ἀλλά
1623 4182 1686 4234 γε
1710 4164 1803 4218 τὸν

220 4268 370 4332 Θεὸν,
387 4267 452 4329 ὃς
479 4264 659 4328 διδοὺς
680 4264 748 4317 τὰ
769 4261 950 4331 ἀγαθὰ
981 4261 1337 4330 καταγίνεται
1357 4262 1458 4331 τῆς
1481 4260 1800 4329 κακότητος,

222 4360 416 4412 ὲαυτδν
451 4358 669 4417 πάντως
709 4354 938 4407 ἐκδικῶν
971 4353 1062 4407 διὰ
1089 4352 1191 4424 τῆς
1231 4352 1491 4422 τοιαύτης
1517 4349 1804 4418 ἐπεξελεύ-

1907 3532 2032 3587 tiam
2058 3533 2112 3587 in
2141 3533 2460 3602 sapientiam
2486 3541 2775 3602 permutat.

1973 3623 2064 3679 72.
2099 3623 2178 3679 lta
2210 3624 2374 3694 igitur
2400 3626 2452 3679 in
2481 3625 2628 3679 omni
2657 3641 2712 3679 re
2733 3623 2896 3678 simili
2931 3624 3048 3679 ﬁeri
3103 3623 3281 3677 decet.
3311 3620 3485 3675 Nimis

1906 3731 2022 3769 rum
2055 3716 2100 3770 si
2133 3716 2420 3771 consilium
2437 3716 2704 3784 cepimus,
2731 3716 2815 3768 vel
2843 3729 2910 3767 ex
2937 3715 3093 3768 nobis
3123 3713 3257 3782 ipsis
3286 3715 3486 3782 impru-

1905 3807 2175 3870 dentibus,
2209 3808 2296 3861 vel
2334 3814 2666 3874 praaceptum
2698 3805 2994 3868 malignum
3038 3811 3354 3873 sequentes,
3401 3805 3484 3858 vel

1904 3897 2136 3966 denique
2173 3897 2401 3951 daemoni
2435 3897 2699 3950 malorum
2733 3895 2964 3964 principi
3016 3897 3478 3964 obtemperantes,

1904 3995 1960 4041 et
1982 3989 2047 4042 ad
2072 4001 2211 4056 opus
2261 3987 2624 4056 improbitatis
2665 3987 2880 4041 macula
2937 4001 3214 4056 aspersum
3247 3986 3484 4054 accingi-

1903 4095 2048 4144 mur,
2081 4087 2191 4132 tum
2233 4087 2484 4148 reputare
2515 4078 2798 4144 debemus,
2820 4093 2942 4134 esse
2964 4078 3201 4146 aliquem
3232 4081 3480 4144 superio~

1904 4185 2043 4238 rem,
2086 4171 2186 4226 etsi
2220 4185 2326 4225 non
2364 4171 2636 4226 hominem
2693 4179 2750 4225 at
2802 4170 2993 4224 saltem
3040 4170 3231 4234 Deum,
3265 4169 3480 4236 qui.uti

1904 4263 2168 4318 bonorum
2217 4263 2363 4330 fons,
2424 4264 2766 4334 improbitati
2797 4263 3138 4330 adversatur,
3189 4263 3316 4319 etsi
3348 4265 3481 4334 quid

1904 4356 2170 4427 ejusmodi
2211 4357 2614 4423 admiserimus,
2647 4359 2856 4412 ulturus
2875 4368 2977 4413 est.
3007 4356 3125 4427 Ipse
3165 4359 3308 4412 enim
3336 4360 3479 4428 leges

224 4466 382 4514 σεως.
425 4448 670 4510 Ἐκεῖνος
692 4445 799 4516 γὰρ
827 4446 919 4498 καὶ
944 4443 1246 4516 νομοθέτης
1288 4443 1626 4512 ἀγαθότητος
1656 4443 1800 4496 άπά-

1916 4450 2134 4518 thimas
2167 4450 2321 4518 tulit;
2355 4451 2528 4520 ipsius
2560 4462 2644 4507 est
2673 4451 2906 4504 mundus
2934 4453 3244 4517 universus,
3303 4451 3478 4520 ipsius

223 4560 316 4613 σης
339 4558 354 4573 ο
388 4541 490 4594 καὶ
541 4536 708 4591 αὐτοῦ
748 4539 922 4603 ἔστιν,
974 4536 1170 4606 ὥσπερ
1209 4535 1238 4588 ό
1275 4535 1505 4605 κόσμος,
1531 4533 1675 4587 οὕτω
1705 4535 1800 4586 καὶ

220 4635 358 4696 ἅπας
386 4632 620 4700 κόσμιος
652 4629 980 4701 ἡγούμενος,
1011 4630 1107 4683 καὶ
1138 4628 1304 4684 αὐτοῦ
1330 4630 1450 4682 ἐστι
1479 4626 1800 4698 παράγγελ-

223 4741 316 4793 μα,
387 4721 684 4776 πείθεσθαι
724 4723 820 4776 καὶ
879 4721 1134 4775 ὑπείκειν
1174 4723 1288 4782 τοῖς
1335 4720 1689 4790 ἡγουμένοις,
1748 4717 1799 4771 οἳ

221 4815 434 4868 ἐκείνου
461 4811 604 4864 εἰσιν
633 4811 996 4880 είκονίσματα
1025 4810 1123 4863 καὶ
1151 4809 1470 4880 ἰνδάλματα.
1505 4807 1596 4860 Διὸ
1641 4808 1739 4862 καὶ
1763 4809 1796 4878 ἠ

222 4907 402 4960 αὐτῶν
431 4904 598 4975 ὕϐρις
628 4903 723 4957 καὶ
749 4902 924 4974 βλάϐη
947 4902 1043 4956 καὶ⁷
1076 4902 1110 4974 ἡ
1137 4901 1261 4956 κατ’
1286 4901 1464 4954 αὐτῶν
1489 4899 1674 4954 ἀδικία
1703 4898 1799 4951 καὶ

224 4996 522 5068 περιεργία
555 4996 652 5048 καὶ
677 4994 1085 5066 περιφρόνησις
1135 4997 1214 5055 είς
1241 4995 1451 5046 ἐκεῖνον
1484 4991 1801 5044 ἀναϐαίνειν

225 5083 668 5153 διαγινώσκεται,
717 5085 814 5138 τὸν
860 5084 1127 5156 μισοῦντα
1178 5083 1281 5156 μὲν
1306 5083 1400 5136 καὶ
1424 5082 1573 5137 ἆπαν
1607 5082 1796 5147 κακὸν,

226 5177 315 5246 οὐχ
339 5177 553 5246 ἣκιστα
573 5177 630 5228 δὲ
650 5175 752 5246 τὴν
781 5175 906 5229 κατ’
939 5175 1074 5229 αὐτὸ
1107 5176 1399 5245 ἐπιμονήν.

287 5274 385 5334 ογ.
419 5267 501 5322 Ού
549 5267 659 5337 γὰρ
703 5267 855 5319 ἔστιν
903 5267 1205 5332 ἀντειπεῖν,
1256 5267 1330 5338 μὴ
1375 5265 1646 5336 ἐπιμονήν
1677 5280 1801 5316 τινα.

229 5362 506 5430 χειρίστην
538 5359 634 5410 καί
664 5359 727 5410 τὸ
758 5360 968 5428 πεῖσμα
997 5355 1134 5410 εἶναι
1169 5359 1232 5410 τὸ
1264 5357 1469 5427 φαῦλον
1491 5397 1505 5420 ,
1545 5357 1642 5408 καὶ
1674 5355 1801 5408 ίδιό-

227 5463 356 5515 τητα
387 5447 600 5517 ζωῖκὴν
624 5445 1086 5510 δυσαπάλειπτον,
1106 5447 1376 5518 πολλαχοῦ
1398 5447 1454 5499 δὲ
1484 5448 1578 5498 καὶ
1603 5445 1801 5509 ἀνεξάο

230 5535 460 5593 λειπτον.
489 5538 637 5609 Πλὴν
671 5539 808 5593 ἀλλὰ
831 5543 890 5592 ὲν
917 5539 1231 5611 ἀνθρώποις
1261 5540 1509 5609 λογίμοις
1553 5539 1649 5592 καὶ
1675 5541 1799 5591 ὲπι-

232 5633 520 5698 σταμένοις
589 5630 979 5684 ὑποκλίνεσθαι
1043 5631 1188 5701 λόγῳ
1266 5632 1360 5685 καὶ
1418 5629 1800 5682 ὲπιπείθεσθαι

233 5724 322 5776 οικ
372 5726 493 5777 Ξστι
532 5725 614 5794 μὴ
647 5722 1166 5795 ἐξαλείφεσθαι-καὶ
1231 5724 1330 5793 τὴν
1392 5723 1649 5794 τοιαύτην
1696 5723 1798 5774 οὐκ

1901 4555 2090 4597 omnes
2121 4543 2304 4596 mundi
2331 4543 2642 4612 principes;
2685 4542 2799 4610 ipse
2833 4543 3112 4614 praecepit,
3161 4550 3220 4597 ut
3251 4542 3476 4597 obedia-

1900 4647 2024 4688 mus
2055 4642 2110 4688 et
2151 4648 2358 4689 morem
2395 4649 2653 4704 geramus
2695 4635 3071 4705 superioribus
3127 4635 3221 4704 qui
3271 4633 3476 4702 etiigies

1901 4723 2021 4792 ejus
2049 4731 2178 4780 sunt
2205 4739 2269 4780 ac
2300 4725 2613 4781 simulacra.
2676 4727 2815 4782 Hinc
2845 4735 3090 4797 apparet,
3125 4741 3316 4781 eorum
3341 4742 3475 4780 con-

1905 4817 2205 4884 tumeliam,
2221 4820 2599 4886 oﬂ‘ensionem,
2618 4819 2894 4888 injuriam,
2915 4826 3283 4888 contemptum
3301 4819 3479 4874 redire

1901 4917 1969 4971 ad
2022 4911 2198 4982 illum,
2257 4915 2348 4983 qui
2395 4921 2454 4969 et
2486 4927 2704 4969 onmem
2761 4911 3046 4980 malitiam,
3099 4922 3154 4967 et
3199 4911 3256 4966 in
3287 4911 3478 4982 primis

1901 5006 2366 5078 perseverantiam
2399 5007 2454 5061 in
2477 5004 2696 5061 ea.odio
2727 5003 2910 5060 habet.

1971 5262 2062 5316 75.
2093 5262 2238 5316 Inter
2286 5274 2477 5314 omnes
2511 5261 2656 5313 enim
2699 5267 2931 5324 constat,
2960 5259 3212 5314 ﬁduciam
3256 5269 3473 5325 perver-

1901 5373 2016 5410 sam
2046 5371 2168 5410 esse
2198 5353 2452 5424 pessimis
2485 5354 2791 5421 quibusque
2836 5351 3225 5408 accensendam
3246 5388 3264 5413 ,
3299 5347 3462 5416 siqui-

1903 5453 2022 5505 dem
2068 5447 2285 5503 aﬁectio
2311 5455 2395 5501 est
2432 5447 2624 5512 animi,
2649 5461 2769 5515 qua:
2797 5445 3018 5500 nonnisi
3051 5441 3356 5504 dilliculter,
3386 5442 3474 5496 iu-

1903 5542 2114 5595 terdum
2167 5550 2347 5594 autem
2383 5538 2534 5594 nullo
2567 5541 2735 5593 modo
2764 5537 3027 5608 supprimi
3062 5543 3260 5602 potest.
3301 5532 3474 5589 Cate-

1903 5647 2018 5683 rum
2055 5631 2303 5684 homines
2333 5628 2565 5682 solertea
2596 5627 2898 5694 rationique
2916 5625 3135 5678 obedire
3175 5633 3228 5677 ct
3251 5623 3472 5694 obsequ:

1903 5721 2135 5776 scientes
2163 5719 2314 5774 illam
2340 5719 2536 5774 malam
2561 5715 2901 5772 aﬂcctionem
2937 5714 3053 5770 sine
3085 5715 3250 5772 dubio
3275 5732 3474 5773 exuere
