3950 6208
465 361 570 424 347

1161 358 1588 422 EUSTATHII
1626 353 2381 424 THESSALONICENSIS
2408 351 2976 413 METROPOLITIE

3607 351 3714 417 3t8

469 460 696 524 possunt
727 467 742 505 :
790 466 963 521 neque
999 451 1143 506 enim
1179 467 1210 505 a
1244 462 1437 506 natura
1472 451 1554 505 eis
1601 452 1769 504 indita
1797 459 1907 514 est,
1945 450 2039 503 sed

2155 447 2358 517 ἀγαθὴν
2391 445 2654 516 ἰδιότητα,
2677 446 2760 499 ὅτι
2793 447 2928 515 μηδὲ
2971 445 3036 498 ὲκ
3081 442 3294 511 φύσεως
3325 443 3512 508 αύτοϊς
3545 445 3710 510 asa.

465 559 564 615 per
590 542 785 597 malam
815 542 1116 596 doctrinam
1145 548 1200 596 et
1219 541 1661 596 consuetudinem
1698 541 2032 594 incrementa

465 634 610 704 capit
644 645 698 688 et
741 633 1038 697 stabiliter,
1075 633 1161 687 vel
1199 633 1402 702 potius,
1456 644 1512 687 ut
1567 630 1907 686 manifestius
1954 630 2036 684 lo-

465 737 622 789 qnar,
659 735 752 788 per
786 719 1166 775 conﬁdentiam
1207 735 1518 789 perversam
1549 736 1670 790 qua:
1709 731 1762 775 ct
1794 721 1908 790 ipsa
1937 722 2036 774 duo

465 813 585 880 plex
621 822 724 866 est.
745 849 750 854 -
775 809 986 865 Etenim
1017 823 1111 865 aut
1144 827 1174 865 a
1211 813 1507 880 semetipso
1538 814 1660 882 quis
1701 813 1860 866 talem
1894 829 2034 865 Itan-

466 902 692 957 ciscitur
741 901 1144 966 conﬁdentiam,
1203 903 1326 955 dum
1377 902 1585 954 scilicet
1648 916 1842 967 magno
1907 915 2030 955 cum

465 991 652 1046 labore
690 1007 811 1047 sese
845 993 1022 1046 erudit
1070 993 1394 1061 instruitque
1435 1003 1489 1045 et
1520 993 1600 1048 sic
1648 992 1788 1046 male
1835 992 2034 1047 ﬁducia

465 1082 742 1149 impletur,
801 1091 895 1135 aut
953 1083 1168 1136 aliunde
1220 1083 1482 1151 principia
1541 1088 1728 1146 sumit,
1783 1081 2034 1152 malaque

466 1173 816 1239 persuasione
842 1174 1098 1227 seductus
1128 1174 1508 1228 consuetudini
1539 1191 1698 1243 quam
1728 1175 1890 1229 setnt-l
1915 1193 2029 1226 ant-

467 1265 656 1332 plexus
689 1273 795 1328 est,
836 1265 1185 1334 pertinaciter
1215 1264 1543 1319 inhaerescit.
1579 1265 1692 1319 Nisi
1733 1266 1877 1318 enim
1910 1267 2038 1332 quis

468 1358 640 1410 nimio
672 1357 763 1410 rei‘
783 1356 1017 1424 alicujus
1054 1371 1240 1410 amore
1284 1364 1550 1418 teneatur,
1585 1355 1673 1408 vix
1707 1355 1755 1408 ei
1807 1355 2035 1408 inhaere-

466 1448 565 1512 bit,
599 1447 693 1500 sed
725 1448 907 1516 potius
942 1445 1098 1500 facile
1142 1461 1207 1500 ea
1243 1446 1428 1499 relicta
1462 1446 1530 1499 ad
1558 1445 1717 1498 aliam
1748 1443 2031 1507 transibit.

464 1537 562 1592 llla
597 1540 757 1607 igitur
788 1539 952 1590 animi
985 1536 1201 1590 aﬁectio
1223 1553 1327 1591 non
1357 1539 1424 1590 ad
1453 1538 1726 1591 hominem
1760 1537 2031 1605 vulgarem

466 1631 725 1698 pertinet,
776 1631 868 1682 sed
905 1629 1198 1682 ascititium
1246 1629 1534 1682 manifesto
1558 1630 1684 1696 quid
1720 1638 1886 1683 estet
1940 1644 2034 1694 per

465 1722 773 1777 doctrinam
827 1722 1305 1790 snperinduclttm,
1362 1722 1628 1790 siquidem
1683 1721 1765 1775 vel
1813 1723 1881 1774 ab
1929 1721 2036 1773 alio

467 1814 723 1885 quopiam
757 1813 811 1866 in
843 1813 934 1865 illa
966 1813 1106 1866 mala
1135 1812 1418 1868 aﬁ‘ectione
1451 1814 1806 1868 cenﬁrmatus
1827 1824 1931 1877 est,
1960 1813 2041 1867 vel

466 1921 586 1958 eam
614 1919 712 1957 sua
739 1914 932 1972 sponte
961 1902 1200 1968 admisit,
1237 1903 1396 1970 eique
1431 1903 1824 1957 contumaciter
1849 1905 2039 1958 addic-

469 2007 558 2050 tus
606 1995 659 2048 in
715 1996 832 2050 dies
879 1993 1174 2050 ardentiori
1225 1997 1410 2049 studio
1460 1995 1724 2057 incubuit.
1768 2011 1872 2049 non
1909 1996 2032 2062 sine

2137 557 2289 594 νεται
2311 539 2373 592 τὸ
2402 539 2663 604 τοιοῦτον,
2705 538 2842 592 ἀλλὰ
2868 539 2956 593 διὰ
2980 539 3080 590 οὐκ
3115 535 3474 590 εύπαιδεύτου
3504 536 3715 590 συνεθι-

2141 632 2282 701 σμοῦ
2303 633 2398 685 καὶ
2424 631 2618 700 φύεται
2637 632 2731 685 καὶ
2749 631 3062 700 ἁδρύνεται,
3081 628 3416 699 σαφέστερον
3437 629 3492 682 δὲ
3515 630 3708 690 είπείν,

2137 724 2226 777 διὰ
2276 723 2488 794 φαύλης
2525 717 2766 786 πειθοῦς,
2835 721 3033 790 διπλῆς
3082 721 3176 772 καὶ
3215 718 3440 786 ταύτης.
3509 718 3580 769 Ἦ
3605 720 3712 786 γάρ

2136 814 2352 867 οἴκοθεν
2381 813 2628 866 πείθεται
2649 829 2758 875 τις,
2784 811 3060 882 μοχθηρὸν
3093 810 3256 870 αὐτὸς
3283 808 3474 860 ἑαυτὸν
3494 807 3712 872 διδάξας

2137 905 2234 958 καὶ
2255 904 2552 966 παιδεύσας
2578 903 2670 958 καὶ
2695 905 2900 972 στήσας
2932 899 3300 970 πεισματικδν
3327 898 3514 960 κακῶς
3550 893 3716 956 εἶναι.

2139 997 2172 1070 ἢ
2209 995 2479 1064 ἑτέρωθεν
2531 993 2863 1064 παραλαχὼν
2891 993 3088 1062 ἀρχάς,
3123 992 3217 1043 καὶ
3250 990 3595 1058 πειθανάγκῃ
3649 992 3718 1058 τῇ

2138 1087 2349 1140 ἐκεῖθεν
2407 1085 2833 1156 παρελκυσθείς,
2889 1084 2984 1137 καὶ
3028 1082 3170 1135 οὕτω
3208 1081 3490 1149 διαμείνας
3550 1080 3721 1139 κακὸς

2137 1179 2404 1248 ἐπιμονῆς
2438 1177 2601 1246 λόγῳ,
2633 1175 2895 1244 φιλτάτης
2923 1175 3090 1244 αὐτῷ.
3125 1173 3201 1228 Ού
3235 1176 3344 1243 γὰρ
3373 1175 3438 1227 ἄν
3484 1190 3595 1235 τις,
3645 1173 3720 1239 μὴ

2139 1268 2450 1338 ὑπερφιλῶν
2474 1269 2726 1338 πρᾶγμα.
2747 1269 3052 1335 παραμενεῖ
3072 1267 3127 1328 ὲς
3151 1265 3302 1318 αὑτό·
3327 1265 3461 1317 ἀλλὰ
3477 1263 3613 1332 ταχὺ
3635 1263 3724 1314 ἑκ-

2139 1359 2385 1428 πῆδήσας
2400 1358 2865 1428 ἀπαλλαγήσεται.
2880 1359 2954 1410 Οὐ
2971 1357 3148 1410 τοίνυν
3168 1357 3360 1410 ίδιότου
3378 1353 3476 1427 [αι.
3496 1351 3734 1422 ίδιότῆςῖ,

2141 1450 2432 1521 ἀνθρώπου
2469 1450 2530 1502 zz.
2563 1449 2804 1502 τοιοῦτον
2833 1449 3003 1511 πάθος
3044 1451 3214 1512 ἐστὶν,
3256 1448 3390 1500 ἀλλὰ
3427 1446 3725 1510 ἐπίκτητον

2140 1539 2281 1596 εἶναι
2320 1544 2412 1595 καὶ
2439 1542 2682 1596 διδακτὸν
2715 1543 3001 1610 ἔγνωσται,
3047 1541 3164 1610 ἤτοι
3217 1539 3529 1598 πεισθέντος
3576 1539 3724 1597 τινός

2141 1634 2308 1686 ποθεν
2330 1633 2546 1696 ἔξωθεν,
2571 1633 2602 1700 ῆ
2631 1631 2954 1700 αύτομαθῶς
2984 1628 3244 1690 παθόντος
3261 1629 3358 1697 τὴν
3383 1627 3604 1686 κακίαν,
3630 1625 3727 1676 καὶ

2148 1725 2402 1792 μένοντος
2453 1722 2720 1787 τοιούτου,
2778 1721 2871 1774 καὶ
2941 1718 3312 1787 ὲπαυξομένου
3354 1720 3728 1785 καὶστερεου-

2151 1817 2311 1884 μένου
2351 1816 2428 1879 εἰς
2459 1814 2704 1884 διηνεκὲς
2742 1811 2994 1880 δαιμονίᾳ
3024 1809 3425 1878 συναντιλήψει,
3461 1809 3555 1861 καὶ
3589 1809 3731 1860 κατά

2149 1905 2270 1968 ἔθος
2303 1909 2384 1968 εἰς
2411 1907 2670 1975 δευτέραν
2721 1902 2834 1959 οἷον
2890 1904 3052 1973 φύσιν
3099 1902 3439 1971 ἀποϐεϐηκὸς
3491 1917 3728 1969 γεγενη-

2141 1997 2303 2067 μένου
2340 2018 2405 2052 πε
2415 1999 2726 2068 ισματικοῦ.

468 2089 594 2145 mali
625 2091 764 2160 genii
805 2091 1029 2154 auxilio,
1057 2100 1112 2144 et
1144 2091 1243 2152 sic,
1283 2090 1530 2156 improba
1597 2091 1989 2146 consuetudine
2065 2092 2118 2147 in
2168 2094 2397 2147 alteram
2459 2094 2620 2148 Veluti
2678 2106 2922 2148 naturam
2988 2101 3344 2156 transeunte,
3397 2089 3730 2145 conﬁdentia

473 2187 615 2241 male
647 2185 860 2240 inﬂatus
892 2194 999 2240 est.

540 2276 632 2332 Ἠ.
690 2276 786 2332 Est
824 2288 1004 2331 autem
1044 2275 1238 2330 ﬁducia
1288 2278 1514 2332 omnino
1567 2278 1732 2332 animi
1781 2293 2036 2346 perseve-

2209 2281 2302 2336 ηδ’.
2340 2280 2448 2334 Καὶ
2481 2279 2597 2332 ἔστι
2625 2279 2684 2331 τδ
2713 2279 2920 2344 πεῖσμα
2941 2279 3002 2330 ἐν
3029 2275 3107 2346 τῷ
3134 2275 3364 2330 καθόλου
3397 2275 3566 2344 ἤθους
3597 2276 3725 2325 tm-

470 2371 650 2426 rantia
675 2386 704 2423 a
732 2369 873 2423 mala
901 2369 1228 2423 conﬁdentia
1259 2370 1524 2441 originem
1553 2380 1734 2430 nacta.
1758 2381 1813 2423 et
1846 2371 2048 2438 perdu-

469 2464 611 2520 ratio
643 2463 800 2518 ﬁrma
835 2471 890 2516 et
928 2472 1208 2525 constans,
1257 2462 1308 2515 id
1355 2472 1436 2515 est
1482 2461 1858 2516 immutabilis.
1916 2463 2054 2516 Pro-

471 2566 656 2627 pterea
705 2557 867 2609 homo
903 2555 986 2608 sic
1013 2553 1243 2608 aﬁectus
1270 2554 1393 2621 jure
1429 2554 1733 2623 meritoque
1761 2555 2054 2624 appellabi-

473 2656 563 2701 tur
591 2654 752 2700 tenax
799 2643 1056 2712 propositi
1091 2654 1148 2698 et
1185 2658 1541 2712 perseverans
1569 2653 1624 2697 et
1670 2645 2046 2711 inexorabilis,

473 2753 582 2793 non
636 2747 745 2791 tam
805 2737 1104 2793 secundum
1163 2747 1414 2791 naturam
1481 2736 1819 2806 simpliciter,
1883 2753 2044 2807 quam

471 2829 777 2896 secundum
812 2829 1086 2897 propriam
1119 2827 1454 2881 voluntatem
1505 2827 1777 2894 animique
1814 2841 2048 2894 propen-

472 2922 706 2984 sionem,
758 2920 916 2988 cujus
966 2929 1284 2988 potestatem
1326 2920 1442 2988 ipse
1491 2919 1674 2974 habet.
1730 2919 1844 2973 Etsi
1898 2919 2042 2973 enim

474 3022 682 3066 natura:
729 3009 937 3065 indoles
988 3009 1184 3062 mutari
1237 3010 1439 3076 nequit,
1471 3018 1708 3064 attamen
1759 3024 1877 3076 qua:
1923 3017 2048 3077 post

475 3110 728 3155 naturam
760 3107 905 3163 sunt,
950 3098 1330 3162 immutantur,
1356 3108 1413 3153 et
1450 3098 1718 3168 imprimis
1747 3097 1901 3151 dotes
1943 3098 2048 3150 hu-

475 3205 653 3243 mana:
695 3187 917 3257 proprie
956 3188 1115 3242 dicta:
1158 3188 1367 3242 facilius
1405 3188 1600 3240 mutari
1639 3198 1866 3255 queunt,
1908 3203 2047 3256 prae-

476 3269 806 3333 sertim'ubi
854 3277 920 3330 ad
959 3279 1211 3331 virtutem
1248 3287 1501 3346 vergunt,
1537 3291 1698 3345 quam
1762 3277 1903 3331 Dcus
1934 3278 2050 3344 ipse

475 3369 722 3437 adjuvat,
747 3368 814 3422 ah
844 3368 1192 3435 improbitate
1215 3383 1318 3424 nos
1341 3370 1638 3434 abducens,
1695 3367 1771 3422 uti
1797 3369 1957 3421 etiam
1993 3367 2047 3420 in

477 3460 671 3514 ﬁducia
707 3467 953 3526 apparet.

550 3550 638 3604 75.
677 3549 732 3604 Si
764 3551 908 3604 enim
947 3551 1048 3604 hoc
1073 3553 1218 3620 quod
1249 3553 1463 3607 videtur
1495 3563 1550 3608 et
1595 3552 1739 3621 quod
1769 3551 2043 3606 hominem

477 3643 544 3697 ad
572 3642 840 3712 agendum
873 3641 1100 3711 impellit
1128 3658 1192 3697 ac
1249 3645 1562 3712 persuadet,
1596 3655 1805 3697 natura:
1848 3643 2046 3695 huma-

479 3749 564 3788 na:
603 3733 938 3789 contrarium
993 3745 1080 3788 est
1118 3733 1371 3803 ﬂectique
1427 3736 1699 3800 nescium,
1731 3736 1838 3788 imo
1898 3734 2055 3787 nimi-

480 3842 569 3880 um
615 3836 880 3894 quantum
940 3826 1181 3881 indurat.
1239 3827 1386 3882 Talis
1440 3827 1669 3880 allectus
1698 3841 1807 3880 non
1837 3835 1920 3880 est
1951 3825 2055 3880 nisi

479 3934 694 3973 merum
746 3917 1034 3972 arbitrium
1085 3926 1139 3973 et
1163 3917 1386 3973 habitus
1439 3917 1736 3986 singularis
1772 3933 1894 3972 eum
1933 3917 2054 3986 qni.

478 4011 652 4064 veluti
693 4011 933 4078 sapiens,
981 4021 1136 4065 tanta
1195 4025 1320 4064 cum
1354 4011 1654 4078 pertinacia
1688 4011 1738 4064 in
1769 4009 1911 4063 malu
1940 4023 2060 4077 per-

477 4105 646 4170 sistit,
721 4103 1106 4160 ustentationis
1205 4105 1416 4157 macula
1493 4118 1814 4172 aspergens.
1887 4100 2059 4156 Porro

474 4192 750 4261 ejusmodi
779 4193 1005 4248 allectus
1033 4195 1090 4247 in
1115 4194 1510 4261 singularitatis
1541 4195 1806 4257 studium,
1840 4209 2056 4256 vanam,

480 4285 901 4338 ostentationem
945 4283 1368 4353 superbiamque
1390 4287 1700 4355 degenerat.
1757 4285 1875 4339 Jam
1930 4298 2058 4338 vero

489 4383 745 4443 reputare
797 4375 1082 4439 debemus,
1116 4375 1402 4429 Dominum
1459 4377 1550 4446 qui
1613 4377 1864 4445 superbis
1924 4375 2060 4430 resi-

487 4469 610 4529 stit,
637 4481 980 4535 nequaquam
1014 4466 1196 4521 favere
1225 4467 1318 4520 tali
1355 4467 1490 4522 velle
1515 4467 1856 4521 conﬁdentia:
1885 4483 1913 4519 a
1951 4480 2056 4534 qua

483 4557 700 4614 Lucifer
729 4571 959 4612 exorsus
987 4569 1092 4623 est,
1141 4565 1328 4627 utpote
1354 4559 1471 4628 qui,
1499 4557 1757 4624 superbia
1806 4573 1871 4610 ac
1902 4557 2055 4612 vani-

482 4663 594 4706 tate
649 4649 928 4715 seductus,
964 4665 1087 4703 cum
1131 4651 1236 4704 alia
1278 4667 1470 4722 magna
1497 4650 1736 4716 cﬁ'tcerc,
1767 4659 1876 4703 tum
1905 4649 2058 4703 thro-

481 4758 612 4798 num
652 4757 811 4797 suum
855 4740 910 4795 in
939 4741 1178 4798 nubibus
1211 4744 1478 4799 collocare
1522 4752 1575 4802 et
1609 4743 1691 4801 sic
1733 4743 1841 4798 Deo
1863 4741 2057 4798 similis

481 4835 596 4888 ﬁeri
638 4834 886 4903 jactavit.
961 4871 964 4874 ~

551 4926 639 4981 76.
680 4927 784 4992 Qui
831 4941 956 4980 cum
1023 4927 1118 4982 tali
1176 4926 1378 4982 ﬁducia
1435 4927 1788 4993 inniteretur,
1841 4935 2056 4982 veteres

480 5017 600 5088 ejus
657 5019 901 5082 asseclze,
978 5023 1288 5090 exemplum
1343 5019 1488 5074 illius
1545 5021 1744 5082 secuti,
1795 5018 1884 5071 vix
1948 5017 2054 5072 dici

2150 2373 2287 2444 μονὴ
2306 2373 2392 2426 διὰ
2426 2372 2857 2442 προῦπαρξέισης
2894 2369 3106 2440 φαύλης
3135 2367 3378 2431 πειθοῦς,
3410 2367 3501 2420 καὶ
3530 2368 3730 2418 ἔνατα-

2149 2489 2235 2534 σις
2272 2470 2465 2537 ἀτενὴς
2492 2469 2584 2521 καὶ
2613 2465 2980 2536 ἁμετάὸατος,
3001 2464 3200 2520 ταυτὸν
3225 2463 3269 2515 δ’
3295 2463 3496 2525 εἰπεῖν,
3521 2463 3732 2527 ἀμετά-

2149 2562 2304 2625 θετος
2327 2578 2342 2590 ·
2381 2561 2461 2613 διὸ
2491 2561 2585 2612 καὶ⁵
2629 2557 3053 2628 ἰσχυρογνώμων
3090 2555 3290 2624 λέγοιτ’
3317 2556 3381 2609 ἂν
3410 2553 3664 2622 ἀκριϐῶς
3707 2555 3732 2602 ὁ

2145 2653 2304 2707 τοῦτο
2335 2654 2560 2722 πάσχων
2588 2651 2900 2722 ἄνθρωπος,
2926 2649 3020 2703 καὶ
3038 2649 3304 2719 ὲνστάτης
3329 2645 3729 2715 ἀπαραίτητος,

2147 2745 2208 2798 οὐ
2241 2744 2424 2811 μέντοι
2460 2742 2611 2796 κατὰ.
2634 2742 2800 2809 φύσιν
2829 2740 3083 2808 ἀκράτως
3133 2741 3223 2792 καὶ
3252 2738 3587 2804 καταμόνας,
3652 2739 3729 2797 ὼς

2147 2835 2322 2897 οὕτως
2345 2836 2546 2898 εἰπεῖν,
2570 2833 2708 2886 ἀλλὰ
2741 2834 2880 2885 κατὰ
2904 2834 3104 2885 οἰκεῖον
3127 2831 3338 2899 θέλημα
3365 2828 3459 2882 καὶ
3482 2827 3731 2898 ψυχικὴν

2151 2926 2352 2993 ὁρμὴν,
2388 2920 2456 2995 ἧς
2500 2925 2661 2985 αὐτός
2701 2925 2816 2976 ἐστι
2855 2922 3066 2993 κύριος.
3127 2922 3191 2974 Ei
3228 2921 3331 2991 γάρ
3371 2919 3555 2971 καὶτὸ
3583 2917 3733 2970 κατᾶ

2153 3015 2318 3086 φύσιν
2367 3015 2700 3085 μεταθέσθαι
2725 3014 2826 3067 οὐκ
2882 3013 3055 3080 ἔστιν,
3108 3012 3245 3065 ἀλλὰ
3276 3011 3344 3072 τά
3370 3009 3511 3079 μετὰ
3541 3008 3736 3076 φύσιν,

2155 3109 2248 3160 καὶ
2271 3105 2508 3176 μάλιστά
2532 3122 2589 3156 τε
2616 3108 2683 3156 τὰ
2711 3105 2835 3156 κατ’
2877 3104 3168 3174 ἄνθρωπον
3200 3103 3329 3174 ῥᾷον
3368 3100 3594 3154 δύναται
3632 3117 3732 3168 με-

2155 3194 2494 3258 τατίθεσθαι,
2529 3194 2624 3246 καὶ
2667 3193 2968 3262 ὲπιμᾶλλον
3021 3193 3092 3246 τὰ
3116 3196 3196 3255 εἰς
3235 3192 3435 3262 ἀρετὴν
3466 3192 3732 3260 ῥέποντα,

2153 3283 2220 3360 ἧς
2252 3287 2390 3357 πρὸς
2448 3287 2742 3357 ἑξόρθωσιν
2775 3288 2939 3350 αὐτὸς
2989 3287 3018 3339 ὁ
3061 3287 3195 3347 Θεὸς
3239 3283 3729 3353 ἀντιλαμϐάνεται,

2153 3380 2385 3448 ἀπάγων
2409 3381 2555 3449 ἡμᾶς
2579 3380 2679 3448 τῆς
2711 3380 2791 3441 εἰς
2824 3379 2883 3432 τὸ
2911 3378 3152 3432 ἐναντίον
3175 3376 3428 3445 σπουδῆς,
3453 3374 3618 3426 ὁποία
3648 3390 3734 3436 τις

2154 3469 2250 3522 καὶ
2279 3471 2373 3524 ἐπὶ
2401 3470 2495 3522 τού
2524 3471 2828 3540 πείσματος
2857 3471 3132 3540 φαίνεται.

2228 3561 2321 3614 οε⁹.
2359 3561 2422 3614 Ei
2453 3561 2554 3630 μὲν
2583 3562 2694 3629 γὰρ
2723 3563 2781 3613 τὸ
2806 3561 2963 3626 δόξαν
2989 3561 3083 3614 καὶ
3121 3558 3470 3627 ύποκινῆσαν
3496 3558 3593 3609 καὶ
3625 3574 3733 3608 πα-

2163 3652 2428 3718 ραπείσαν
2471 3651 2552 3714 είς
2615 3650 2819 3719 πρᾶξιν
2866 3650 2958 3700 τὸν
3009 3647 3296 3717 ἄνθρωπον
3354 3645 3736 3714 ἁπάνθρωπόν

2160 3745 2303 3806 ἐστι,
2328 3742 2423 3794 καὶ
2449 3743 2528 3803 είς
2559 3740 2712 3794 οὐδὲν
2752 3739 3026 3809 μαλθακὸν
3068 3739 3364 3802 ἐνδίδωσιν,
3389 3738 3524 3791 ἀλλὰ
3562 3738 3736 3807 σκλη-

2166 3835 2385 3902 ρύνεται
2434 3833 2514 3893 είς
2571 3833 2694 3885 ὅσον
2752 3833 2844 3884 καὶ
2897 3832 3058 3884 ὅσον·
3111 3830 3378 3895 ίδιονομία
3424 3831 3651 3891 πάντως
3701 3830 3735 3898 ἡ

2163 3927 2389 3994 τοιαύτη
2418 3925 2564 3978 ἐστὶν
2588 3923 2766 3994 ὄρεξις
2795 3922 2889 3975 καὶ
2923 3922 3221 3991 αύτονομία
3251 3922 3346 3975 κοιλ⁵
3376 3921 3520 3981 θέσις
3547 3921 3737 3990 παράο

2165 4019 2315 4085 δοξος
2346 4019 2436 4070 ἐπὶ
2476 4014 2837 4086 φανητιασμῷ
2880 4011 2972 4065 τοῦ
3018 4011 3312 4082 τηροῦντος
3352 4010 3554 4079 ταύτην
3590 4014 3738 4080 ἀμε-

2163 4109 2457 4163 ταπείστου
2482 4108 2580 4176 τὴν
2626 4107 2823 4160 κακίαν
2857 4105 3044 4174 σοφοῦ.
3075 4105 3348 4159 Τάσσεται
3374 4105 3431 4156 δι
3461 4104 3522 4155 τὸ
3548 4104 3738 4155 τοιοῦ-

2163 4215 2256 4253 τον
2287 4199 2453 4260 πάθος
2487 4198 2578 4252 καὶ
2616 4199 2694 4260 εἰς
2743 4194 3068 4265 ἰδιοτροπίαν
3109 4196 3202 4246 καί
3241 4195 3400 4258 δόξαν
3435 4192 3624 4260 κενὴν,
3654 4188 3740 4258 οἷς

2166 4289 2260 4342 καὶ
2286 4289 2343 4340 τὸ
2372 4288 2716 4355 ὑπερήφανον
2741 4284 3219 4352 συναναφαίνεται.
3256 4284 3368 4338 Καὶ
3396 4283 3596 4336 αὐτίκα
3623 4284 3738 4352 χρὴ

2165 4380 2307 4432 νοεῖν
2341 4380 2511 4448 ἡμᾶς,
2552 4379 2635 4430 ὅτι
2677 4376 2917 4438 ἐναντίος
2950 4376 2978 4428 δ
3011 4378 3120 4440 τοῖς
3165 4374 3534 4444 ὑπερηφάνοις
3573 4374 3736 4425 ἀντι·

2163 4469 2500 4538 τασσόμενος
2531 4467 2716 4535 κύριος
2741 4467 2961 4537 ἔρχεται
2994 4466 3071 4536 τῷ
3097 4465 3325 4534 τοιούτῳ
3354 4468 3649 4532 πείσματι,
3674 4458 3736 4518 οὗ

2166 4557 2440 4628 κατῆρξεν
2484 4558 2513 4610 δ
2559 4555 2890 4628 Ἐωσιρόρος,
2925 4555 2983 4620 ὃς
3017 4554 3446 4625 ύπερφαίνεσθαι
3496 4553 3736 4620 φιλονει-

2165 4623 2358 4719 κήσας,
2402 4646 2535 4700 ἄλλα
2582 4663 2640 4698 τε
2687 4623 2834 4699 δέινὰ
2882 4623 3183 4717 ἐϐρόντησε
3209 4645 3464 4709 ποιῆσαι,
3495 4647 3589 4695 καὶ
3643 4644 3735 4694 τὸν

2163 4739 2326 4792 αὑτοῦ
2348 4739 2534 4806 θρόνον
2563 4737 2872 4807 ἑφρυάξατο
2896 4739 2952 4790 ὲν
2984 4738 3231 4805 νεφέλαις
3259 4737 3500 4802 καταστῆ
3511 4752 3618 4798 σαι,
3641 4733 3734 4787 καὶ

2163 4827 2334 4888 οὕτως
2365 4829 2548 4898 ὅμοιος
2577 4829 2796 4881 ἔσεσθαι
2824 4830 2901 4896 τῷ
2931 4828 3070 4897 Θεῷ.

2233 4918 2341 4984 ος’.
2387 4921 2628 4972 Ἐκείνου
2658 4920 2712 4971 δὲ
2743 4919 2888 4972 οὕτω
2922 4919 3204 4979 πείσαντος
3240 4913 3736 4979 ὲαυτδν,λαῦόντες

2164 5011 2373 5065 ἐκεῖθεν
2417 5010 2587 5080 ἀρχὰς
2619 5011 2668 5062 οἱ
2716 5009 2948 5062 ἔκπαλαι
2995 5007 3392 5078 δαιμονιώδεις,
3430 5005 3531 5057 οὐκ
3578 5004 3735 5057 ἐστιν

482 5117 682 5178 potest,
732 5117 936 5177 quanto
969 5111 1148 5166 studio
1199 5126 1325 5166 eum
1379 5110 1586 5164 imitari
1649 5108 2046 5166 contenderint:

2163 5105 2361 5168 εἰπεῖν,
2396 5102 2569 5156 ὁπόσα
2611 5102 2747 5172 πρὸς
2795 5101 3024 5171 μίμησιν
3078 5101 3460 5169 ὲτεχνάσαντο,
3493 5098 3591 5165 τὴν
3632 5097 3737 5167 μὲν

478 5204 716 5260 divinam
768 5201 912 5254 enim
963 5203 1254 5257 essentiam
1281 5211 1699 5270 postponentes,
1760 5199 2056 5252 imbecillis

2159 5195 2342 5248 ἔνθεον
2373 5193 2645 5264 ὑπεροχὴν
2677 5195 3090 5262 παρωσάμενοι,
3121 5191 3367 5260 βεϐήλοις
3393 5189 3450 5241 δὲ
3478 5190 3574 5240 καὶ
3610 5185 3739 5240 ἁδο·

481 5305 646 5363 atque
678 5291 935 5346 obscuris
980 5291 1119 5346 tnale
1143 5307 1264 5348 sese
1313 5291 1660 5346 tradiderunt
1681 5289 1937 5354 dominis,
1971 5303 2046 5341 eo-

2161 5288 2344 5356 κίμοις
2390 5287 2681 5349 δεσπόταις
2737 5285 2979 5352 ἀγεννῶς
3021 5279 3429 5345 ’πιστεύσαντες
3477 5281 3735 5344 ἑαυτοὺς,

479 5407 584 5458 quc
621 5387 820 5442 luroris
875 5401 1047 5456 usque
1096 5401 1434 5456 processere,
1489 5395 1548 5440 ut
1591 5385 1828 5455 pessima
1888 5385 2059 5437 conti-

479 5481 664 5534 dcntia
701 5481 839 5534 duce
895 5491 1059 5546 quam
1094 5476 1278 5531 nullus
1318 5485 1615 5546 prmeeptor
1649 5474 1929 5542 corrigere
1958 5488 2059 5542 po-

481 5580 640 5637 tera‘t,
686 5574 930 5628 adiustar
993 5569 1193 5624 diaboli
1258 5568 1489 5624 illudere
1542 5566 1655 5621 Deo
1720 5567 2056 5620 viderentur.

481 5660 618 5713 Cum
652 5664 794 5716 enim
834 5662 1025 5729 Deum,
1079 5663 1174 5730 qui
1233 5671 1318 5715 est
1377 5658 1708 5728 principium
1774 5672 2049 5712 summum

481 5752 754 5818 simulque
783 5753 1034 5822 principii
1065 5767 1260 5823 expers
1293 5762 1347 5807 et
1381 5752 1531 5805 omni
1561 5748 1831 5819 principio
1862 5750 2048 5805 excel-

2160 5381 2254 5434 καὶ
2283 5382 2363 5442 εἰς
2386 5381 2541 5431 τόσον
2566 5379 2858 5439 ἐκστάντες
2891 5375 3102 5429 ἑαυτῶν
3127 5375 3217 5428 διὰ
3241 5377 3584 5443 φαυλοτάτῆς
3615 5390 3738 5425 πει-

2163 5469 2388 5538 σμονῆς,
2421 5464 2488 5539 ἦς
2533 5469 2634 5521 ούκ
2676 5464 2788 5538 εἶχε
2819 5484 2903 5528 τις
2943 5465 3262 5527 διδάσκαλος
3305 5463 3738 5532 παραγίνεσθαι,

2163 5561 2237 5623 ὡς
2266 5561 2362 5613 καὶ
2381 5560 2816 5630 μυκτηρίζεσθαι
2841 5560 2940 5628 τῆς
2966 5559 3269 5628 μιμήσεως.
3296 5556 3430 5607 θεὸν
3450 5557 3556 5622 γὰρ
3582 5557 3747 5606 ἀπειρ-

2161 5652 2416 5719 πάμενοι,
2437 5649 2534 5719 τὴν
2556 5651 2791 5719 ἄναρχον
2816 5654 2908 5704 καὶ
2927 5651 3258 5720 ύπεράρχιον
3287 5650 3463 5719 ἀρχὴν
3487 5650 3583 5702 καὶ
3605 5665 3744 5700 παν-

2157 5743 2473 5810 τοδύναμον,
2506 5741 2778 5811 αἰλούροις
2837 5743 3113 5797 ἐπέδωκαν
3172 5743 3424 5804 ἑαυτοὶς,
3481 5743 3574 5794 καὶ
3628 5738 3748 5813 βοϊ-
