3950 6208
227 305 339 368 349

847 321 942 380 DE
971 323 1466 394 OBEDIENTIA
1511 337 2051 403 MAGISTRATUI
2097 347 2573 409 CHRISTIANO
2616 352 2914 413 DEBITA.

3437 361 3504 422 50

218 425 357 486 δίοις
386 426 694 498 ἀπένειμαν
758 435 956 502 σέϐας..
980 440 1076 492 καὶ
1127 442 1355 498 τοιαῦτα
1407 450 1530 501 τινὰ
1585 451 1810 520 ὲμωρα-

1922 455 2135 522 lentius,
2192 471 2474 530 negarent,
2514 463 2710 518 felibus
2759 479 2881 519 sese
2931 465 3240 531 tradidere,
3289 478 3345 524 et
3379 482 3502 526 tau-

216 533 408 581 ναντο,
438 520 930 590 ἀποσεμνύναντες
961 529 1312 598 διδασκαλίας
1345 538 1467 610 δίχα
1505 557 1808 612 πεισματι-

215 605 333 671 κῶς
363 610 458 662 καὶ
494 613 745 684 κυάμους
765 622 862 671 καὶ
890 621 1136 691 κρόμυα.
1331 622 1336 629 ’

287 791 390 850 οῖ’.
443 793 555 846 Καὶ
609 794 753 849 οὕτω
808 798 910 867 μὲν
964 806 1076 864 τοῖς
1129 807 1406 862 πείθουσιν
1456 813 1684 878 ἑαυτοὺς
1727 819 1808 882 είς

216 883 544 953 φαυλότητα
577 886 949 959 ὑπερηφάνως
986 896 1044 961 ἐξ
1071 897 1538 972 ἀποτελέσματος,
1573 909 1666 961 καὶ
1697 918 1807 964 tat;

215 978 381 1065 οξτον
409 983 623 1051 πεῖσμα
650 984 1177 1058 κατακ).ωσαμένοις
1205 994 1557 1065 ἀντιφέρεται
1595 1003 1622 1051 ὁ
1651 1002 1802 1063 Θεὸς,

215 1063 298 1131 οἷς
333 1067 397 1121 ἓν
430 1070 593 1125 τοῦτο
628 1075 722 1126 καὶ
753 1078 916 1144 μόνον
939 1079 1028 1132 διὰ
1064 1083 1292 1148 σκοποῦ,
1325 1063 1664 1159 καταρρίψαι
1694 1093 1806 1144 ἀδί-

216 1178 329 1223 κως
366 1162 686 1232 ἄνθρωπον,
723 1171 819 1221 καὶ
859 1171 1180 1242 ἐμπηδῆσαι
1217 1181 1552 1243 πεπτωκότι,
1583 1185 1678 1236 καὶ
1725 1185 1804 1236 εί-

217 1257 381 1306 πεῖνο
446 1274 467 1307 ι
518 1259 836 1315 Κατάκεισο
887 1263 1063 1330 οὕτως
1121 1268 1414 1340 ἀνέγερτος
1461 1292 1480 1326 ι
1528 1274 1669 1328 Ἀλλ’
1715 1277 1806 1330 ὅτε

215 1347 343 1400 τινὰ
375 1349 609 1419 εὑρήσει
640 1353 966 1423 κυρώσαντα
997 1360 1056 1411 ἐν
1081 1360 1278 1432 ἐαυτῷ,
1306 1364 1368 1417 οὐ
1396 1369 1604 1435 πεῖσμα
1628 1369 1806 1435 λέγειν

217 1437 418 1504 ἐθέλω,
445 1439 480 1510 ἤ
517 1447 902 1516 πεισμονικὴν,
939 1449 1008 1500 τὰ
1044 1449 1346 1518 ξενόφωνα,
1375 1457 1598 1520 πειθοῦς
1629 1459 1685 1512 δὲ
1712 1461 1808 1512 τύ-

218 1545 393 1597 πωμα
452 1531 616 1587 καλὸν
667 1535 851 1592 ἐκεῖνο
900 1544 994 1596 καὶ
1034 1547 1378 1613 μακαριστὸν
1409 1548 1503 1600 καὶ
1547 1548 1808 1617 θεοφιλῶς

218 1620 473 1688 ἀσφαλὲς
505 1625 603 1678 καὶ
647 1625 888 1696 βέϐαιον,
921 1633 1123 1688 αὐτίκα
1154 1638 1291 1706 πρὸς
1332 1638 1544 1692 ἐκείνου
1574 1642 1808 1710 γίνεται,

219 1714 316 1764 καὶ
348 1715 494 1783 πρὸς
529 1717 730 1788 ἀρετὴν
758 1721 952 1784 εὐοδοῖ,
976 1723 1068 1777 καὶ
1115 1725 1479 1794 ἀσφαλίζεται
1513 1732 1583 1784 τὰ
1617 1733 1806 1804 διαδή-

221 1823 376 1873 ματα
420 1809 521 1862 τοῦ
570 1813 816 1868 τοιούτου
861 1817 1172 1888 ἀνθρώπου,
1207 1822 1302 1874 καὶ
1331 1821 1430 1891 τὴν
1455 1826 1516 1877 ὲν
1548 1827 1805 1895 σχοινίοις

218 1899 645 1974 διατεινομένην
669 1908 872 1973 παγίδα
908 1912 1024 1972 τοῖς
1059 1912 1268 1966 ἐκείνου
1306 1916 1432 1967 ποσὶ
1489 1915 1693 1986 σχάσας
1724 1919 1804 1982 είς

220 1992 620 2063 ἀνενέργητον,
654 2001 758 2051 κᾶν
791 1999 1085 2076 βηματίζῃ,
1112 2005 1247 2074 ὀρθὰ
1284 2009 1430 2060 ποιεῖ
1461 2007 1807 2079 προπορεὺε-

226 2083 375 2150 σθαι,
407 2087 516 2139 κᾶν
539 2090 713 2144 ἐθέλοι
738 2093 980 2163 τρέχειν,
1011 2097 1340 2152 ὲκπέτεσθαι
1375 2102 1536 2163 ποιεῖ,
1563 2097 1638 2162 ὡς
1671 2103 1806 2171 ταχὺ

225 2179 609 2243 λαμϐάνεσθαι
639 2183 737 2237 τοῦ
773 2189 831 2237 ἐν
869 2187 1059 2255 ἐφέσει
1094 2191 1286 2246 καλοῦ.
1329 2192 1448 2245 Κᾶν
1478 2193 1700 2246 ἑστάναι
1726 2191 1811 2246 δε-

224 2273 373 2340 ήσοι,
398 2275 500 2328 οὐκ
534 2275 600 2328 ἂν
625 2277 739 2330 οὐδ’
761 2279 924 2344 αὐτὸς
953 2281 1160 2350 δαίμων
1192 2283 1545 2337 ὑποσκελίσοι
1571 2287 1662 2338 τὸν
1701 2304 1810 2339 τοι·

223 2366 405 2430 οὖτον,
437 2368 515 2431 ὡς
550 2369 686 2422 Θεοῦ
720 2371 1010 2441 ἄνθρωπον
1059 2375 1153 2426 καὶ
1204 2376 1509 2428 πεποιθότα.
1541 2378 1622 2438 είς
1665 2377 1810 2429 ἐκεῖ-

223 2477 340 2522 νον,
373 2462 473 2514 καὶ
522 2461 700 2526 οὕτως
747 2466 1086 2533 ἀνεστηκότα
1135 2467 1209 2528 ὡς
1249 2469 1329 2531 είς
1360 2468 1483 2537 ὅρος
1529 2468 1689 2533 Σιὼν,
1717 2471 1811 2524 καὶ

222 2551 298 2612 ὡς
339 2549 496 2604 οἷκον
525 2551 582 2604 δὲ
632 2553 771 2608 Θεοῦ
827 2557 1321 2627 τεθεμελιωμένον,
1363 2558 1508 2612 καθά
1546 2560 1607 2614 τὸ
1655 2561 1812 2627 ἅγιον

223 2644 570 2712 Εὐαγγέλιον
603 2647 878 2716 βούλεται,
915 2651 1010 2702 καὶ
1060 2651 1160 2702 οὐκ
1190 2653 1368 2705 εἰδότα
1400 2653 1810 2717 κατασείεσοαι,

223 2738 258 2806 ἧ
285 2739 534 2806 ἀνέμοις,
558 2739 634 2802 ὡς
659 2735 748 2793 οἷα
775 2740 1100 2810 καλάμινον,
1131 2741 1163 2808 ἦ
1199 2745 1612 2814 καταράσσουσι
1642 2761 1813 2797 ποτα-

226 2835 376 2898 μοῖς,
398 2832 477 2895 ῶς
521 2829 610 2885 οἷα
644 2835 738 2887 ἐπὶ
771 2833 1001 2904 ψάμμου
1033 2836 1065 2906 ἢ
1103 2837 1308 2906 πέτρας
1357 2839 1692 2908 ἀστηρίκτου
1727 2855 1812 2890 τε-

222 2923 666 2994 θεμελιωμένον,
724 2927 1092 2997 μετριώτερον
1126 2928 1181 2980 δὲ
1236 2929 1428 2997 φάναι,
1472 2932 1565 2982 καὶ
1620 2931 1812 2983 στύλον

218 3017 386 3085 δίκην
422 3019 823 3086 ἀνεσταμένον,
860 3018 985 3072 οὔτε
1018 3020 1341 3087 πλαγιάζειν
1388 3022 1502 3075 οἵου
1531 3040 1591 3075 τε
1637 3022 1812 3088 ὄντος,

220 3110 419 3181 πολλῷ
446 3111 502 3165 δὲ
537 3112 743 3181 μᾶλλον
774 3114 895 3166 οὐδὲ
930 3114 1323 3178 καταπίπτειν,
1355 3115 1493 3168 ἀλλᾶ
1534 3115 1631 3169 καὶ
1657 3115 1813 3169 δυνα-

221 3205 400 3273 μένου
435 3205 673 3275 ἰσχυρῶς
705 3206 1000 3275 ὑπανέχειν
1031 3207 1092 3259 τὸ
1123 3207 1504 3276 ἐπικείμενον.

297 3303 406 3366 οη’.
439 3299 808 3368 Προκείμενος
837 3297 900 3366 δὴ
926 3299 954 3350 ὁ
979 3299 1111 3362 Θεὸς
1151 3298 1327 3353 ἅπασι
1357 3301 1471 3362 τοῖς
1501 3299 1813 3368 ἀνθρώποις

219 3392 311 3454 είς
343 3391 525 3443 αίτίαν
563 3391 660 3442 καὶ
690 3389 868 3459 ἀρχὴν
917 3391 1012 3443 καὶ
1044 3390 1405 3461 παράδειγμα
1437 3392 1815 3460 (προσκυνητὰ

218 3483 282 3536 δὲ
320 3480 500 3536 ταῦτα
533 3484 592 3535 ὲν
618 3480 769 3550 αὐτῷ
805 3482 1029 3550 πάντα),
1061 3483 1158 3534 καὶ
1210 3479 1420 3543 ἔπεισε,
1468 3481 1564 3534 καὶ
1611 3479 1814 3534 πείθων

220 3575 288 3628 οὗ
320 3573 596 3628 διαλείπει
625 3575 753 3637 τοὺς
781 3575 862 3636 είς
902 3574 1065 3626 αὑτὸν
1100 3573 1536 3639 ἀποϐλέποντας,
1561 3573 1814 3644 στερεοὺς

225 3667 373 3722 εἶναι
398 3669 496 3721 καὶ
522 3667 778 3738 βεὸαίους
813 3669 954 3721 κατά
993 3668 1093 3735 τῆς
1143 3669 1367 3732 κακίας,
1408 3669 1504 3721 καὶ
1536 3666 1816 3737 ἀμεταϐά-

225 3778 357 3823 τους
394 3760 492 3814 τοῦ
530 3759 961 3830 ἀγαθοπραγεῖν,
1003 3760 1098 3812 καὶ
1150 3759 1293 3822 οἴους
1347 3758 1485 3812 ἄλλα
1532 3776 1591 3811 τε
1641 3759 1815 3810 ποιεῖν

227 3853 635 3922 εὐαγγελικῶς,
670 3851 767 3906 καὶ
800 3855 1087 3924 μιμεῖσθαι
1113 3852 1272 3905 αὐτὸν
1296 3853 1375 3914 είς
1409 3852 1534 3904 ὅσον
1560 3849 1813 3920 δύναμις,

230 3945 330 3996 καὶ
356 3943 654 4013 ὁμολογεῖν
701 3943 910 3997 ἐκεῖνον
944 3942 1176 3996 ἐνώπιον
1226 3941 1338 3995 τῶν
1389 3941 1712 4012 ἀνθρώπων.
1758 3940 1817 3993 '0

229 4038 285 4091 δέ
323 4056 387 4103 γε
427 4038 703 4102 Σατανᾶς,
734 4037 925 4090 καθότι
973 4035 1380 4104 ἀντικείμενος,
1404 4035 1504 4104 τῆς
1541 4032 1818 4088 ἀνάπαλιν

232 4129 533 4191 διαθέσεως
578 4129 673 4181 καὶ
712 4128 886 4190 αἴτιος
930 4128 1024 4182 καὶ
1055 4127 1320 4195 ἐνστὰτης
1361 4126 1501 4190 ἐστὶ,
1531 4140 1819 4192 κακοπρα-

233 4223 353 4288 γεῐν
387 4237 452 4272 τε
485 4221 692 4274 πείθων
725 4221 853 4282 τοὺς
901 4219 1049 4288 αὐτῷ
1124 4218 1586 4288 προσανέχοντας,
1619 4217 1715 4270 καὶ
1762 4216 1821 4278 ἐς

233 4313 299 4367 τὸ
327 4315 444 4366 πᾶν
471 4312 727 4381 γίνεσθαι
759 4312 904 4365 κατά
936 4311 1031 4366 τοῦ
1069 4311 1229 4365 Θεοῦ.

302 4578 411 4633 οϐ’.
445 4577 556 4631 Καὶ
591 4576 720 4638 ἰδοὺ.
752 4575 848 4628 δύο
876 4575 1082 4628 τούτων
1129 4571 1473 4644 ίδιοτροπιῶν
1505 4571 1596 4625 καὶ
1627 4571 1815 4624 ἐνστά-

233 4693 382 4729 σεων
415 4673 449 4740 ἡ
487 4671 586 4742 μὲν
613 4670 792 4740 φαύλη
819 4670 944 4733 τοὺς
979 4668 1414 4737 ποικιλοτρὸπως
1438 4663 1817 4735 δαιμονιώδεις

229 4767 310 4836 τῷ
350 4767 458 4836 βίῳ
490 4763 1011 4832 παρειστήγαγεν,ή
1046 4760 1100 4814 δὲ
1128 4759 1356 4829 δευτέρα
1383 4759 1507 4822 τοὺς
1548 4758 1820 4826 ἡγιασμέο

231 4876 360 4921 νους
401 4855 483 4926 τῷ
517 4853 637 4924 Θεῷ
668 4854 1054 4924 παρεστήσατο
1087 4849 1355 4921 ἀσκητάς,
1399 4850 1524 4911 τοὺς
1553 4850 1652 4917 τῆς
1686 4849 1819 4918 ἐρή-

237 4969 368 5020 μου,
394 4949 524 5011 τοὺς
555 4946 831 5009 στυλίτας,
853 4945 979 5007 τοὺς
1002 4945 1270 5014 χωστοὺς,
1294 4944 1418 5002 τοὺς
1444 4941 1820 5010 ἐγκλείστους,

234 5042 365 5105 τοὺς
397 5040 714 5102 πολιτικοὺς
749 5037 1064 5100 παιδευτὰς,
1101 5038 1227 5099 τοὺς
1258 5034 1368 5087 τῶν
1391 5034 1581 5104 ψυχῶν
1607 5035 1821 5095 ἀτενεῖς

237 5133 609 5206 θεραπευτὰς,
657 5133 783 5194 τοὺς
852 5131 962 5184 τῶν
1030 5127 1512 5199 ὲξαγορευομένων
1571 5123 1821 5195 ψυχικῶν

236 5226 581 5297 τραυμάτων
622 5223 872 5294 ίατῆρας,
903 5223 996 5285 οὓς
1026 5221 1239 5289 ἀνάγκη
1263 5221 1359 5274 καὶ
1385 5218 1534 5290 ξυρῷ
1565 5219 1661 5272 καὶ
1688 5234 1821 5272 καυ-

237 5321 366 5390 τῆρι
403 5317 665 5387 χρῆσθαι,
692 5317 782 5368 ὅτε
828 5313 1143 5384 παραπέσοι
1179 5313 1393 5382 καιρὸς,
1440 5313 1566 5374 τοὺς
1598 5311 1710 5365 τῶν
1741 5309 1821 5362 ἔτι

241 5409 642 5482 κρυπτομένων
676 5407 996 5478 ἐρευνητάς,
1039 5408 1166 5468 τοὺς
1195 5405 1308 5457 εἴτε
1357 5403 1677 5471 ἀτέγκτους,
1711 5401 1822 5454 εἴτε

240 5501 621 5573 διακριτικοὺς
673 5499 784 5553 τῶν
855 5497 1296 5566 ἀναιδευομένων
1353 5495 1647 5558 κολαστὰς,
1695 5495 1824 5556 τοὺς

243 5594 714 5657 ἑπανασὼσαντας
761 5596 872 5656 τοῖς
925 5592 1282 5662 ἠδικημένοις
1334 5590 1481 5642 ἅπαν
1530 5588 1822 5658 ἅρπαγμα,

245 5689 371 5751 τοὺς
415 5687 509 5740 καὶ
540 5685 948 5756 φιλανθρώπως
978 5685 1072 5739 καὶ
1110 5683 1286 5744 ἄλλως
1318 5683 1376 5735 δὲ
1408 5682 1634 5745 δικαίως
1665 5681 1823 5747 ἐλέγ-

251 5797 470 5859 χοντας,
496 5777 585 5850 ἐφ’
617 5771 697 5843 οἷς
729 5777 1027 5850 ἐνδέχεται,
1054 5777 1181 5840 τοὺς
1227 5774 1608 5842 ὀνειδίζοντας,
1637 5773 1721 5842 ἐφ’
1744 5767 1823 5834 οἷς

1914 566 2009 609 ros
2040 552 2346 616 coluerunt,
2399 555 2612 624 aliaque
2661 555 2860 610 similia
2895 555 3275 625 desipuerunt,
3310 563 3384 616 ita
3415 578 3500 630 ιιι,

1911 643 2192 699 hominum
2233 646 2566 702 rusticorum
2604 663 2778 712 more,
2817 650 2902 704 vel
2944 649 3082 705 fabis
3133 662 3299 721 atque
3333 656 3495 726 cepis

1908 733 2068 790 litare
2133 736 2276 792 haud
2315 745 2728 795 erubescerent.

1981 827 2067 881 77.
2127 828 2197 884 lis
2234 839 2416 884 autem
2471 831 2561 900 qui
2617 835 2710 889 tali
2796 835 3127 892 conﬁdentia
3196 837 3367 892 inﬂati
3433 839 3499 893 ad

1910 922 2226 988 pravitatem
2255 923 2719 993 abripiuntur,'ea
2752 937 3012 995 tanquam
3048 932 3289 984 anchora
3348 928 3496 994 freti,

1908 1011 2235 1066 adversatur
2277 1013 2442 1077 Deus,
2479 1015 2749 1084 siquidem
2795 1017 2931 1070 nihil
2987 1017 3135 1070 aliud
3176 1018 3281 1072 illis
3340 1014 3497 1072 cordi

1911 1112 1993 1155 est
2047 1102 2152 1156 nisi
2215 1112 2275 1158 ut
2329 1104 2607 1160 hominem
2663 1107 2810 1161 male
2869 1108 3215 1182 praecipitent
3269 1109 3500 1177 ejusque

1912 1192 2084 1246 ruinae
2115 1193 2443 1250 insultantes
2492 1195 2678 1251 dicere
2713 1199 2954 1266 possint:
2986 1197 3064 1252 En
3103 1197 3297 1252 misere
3322 1199 3496 1267 jaccs,

1911 1299 2188 1354 nunquam
2228 1287 2521 1356 resurges!
2560 1285 2662 1341 Ubi
2730 1304 2858 1342 vero
2905 1290 3112 1344 invenit
3171 1288 3356 1360 (Deus)
3391 1290 3500 1344 ali-

1909 1393 2070 1441 quem
2144 1377 2237 1445 qui
2299 1394 2478 1445 neque
2531 1379 2865 1433 conﬁdentia
2932 1397 3108 1448 neque
3186 1381 3500 1450 arrogantia

1912 1467 2184 1528 tumescit,
2219 1467 2316 1522 sed
2367 1468 2564 1522 ﬁducia
2637 1470 2882 1534 honesta,
2959 1472 3240 1538 laudabili,
3320 1475 3497 1534 ﬁrma,

1911 1555 2240 1610 inconcussa
2285 1557 2583 1610 secundum
2621 1557 2714 1611 Dei
2763 1559 3097 1615 voluntatem
3156 1562 3352 1629 plenus
3387 1571 3496 1625 est,

1909 1662 2034 1700 eum
2075 1647 2322 1716 protinus
2351 1647 2599 1714 adjuvat,
2648 1649 2701 1700 in
2735 1648 2953 1703 virtutis
3007 1651 3282 1705 tramitem
3321 1651 3498 1704 dedu-

1913 1738 2010 1804 cit,
2067 1752 2292 1806 gressus
2327 1738 2601 1808 ejusmodi
2646 1740 2886 1794 hominis
2917 1741 3228 1807 conﬁrmat,
3263 1741 3495 1806 laqueos

1914 1844 1979 1884 ac
2042 1830 2178 1884 retia
2213 1829 2335 1897 ejus
2362 1829 2592 1899 pedibus
2626 1829 2969 1885 imminentia
2998 1829 3064 1884 ad
3088 1832 3315 1886 nihilum
3351 1835 3499 1887 redi-

1914 1923 2010 1992 git,
2042 1929 2099 1978 et
2131 1930 2351 1978 euntem
2406 1921 2466 1976 in
2499 1931 2648 1976 recta
2675 1922 2761 1976 via
2844 1933 3149 1988 conservat,
3190 1932 3498 1979 currentem

1915 2023 2095 2070 autem
2133 2023 2394 2082 tanquam
2447 2014 2548 2068 alis
2582 2015 2770 2079 donat,
2808 2025 2867 2070 ut
2898 2030 3064 2084 quam
3093 2017 3379 2072 celerrime
3413 2021 3481 2073 ad

1916 2107 2076 2160 linem
2106 2105 2310 2160 bonum
2347 2107 2643 2176 pertingat.
2678 2106 2734 2159 Si
2766 2115 2947 2161 autem
3004 2107 3262 2162 standum
3310 2109 3498 2173 fuerit,

1915 2212 1984 2251 ne
2012 2199 2125 2268 ipse
2148 2197 2366 2268 quidem
2399 2198 2647 2253 diabolus
2669 2214 2793 2253 eum
2829 2199 3217 2269 supplantabit;
3248 2211 3332 2257 est
3353 2203 3500 2256 enim

1917 2289 2081 2344 homo
2109 2291 2204 2344 Dei
2237 2291 2292 2344 in
2319 2306 2496 2360 eoque
2525 2290 2776 2346 ﬁduciam
2829 2291 3084 2359 collocat,
3113 2293 3185 2347 ita
3220 2294 3377 2362 quasi
3443 2295 3500 2348 ia

1919 2395 2101 2438 monte
2158 2382 2288 2437 Sion
2342 2383 2673 2438 constitutus
2735 2383 2828 2448 sit,
2895 2392 2950 2438 et
2997 2393 3253 2453 tanquam
3304 2383 3500 2440 domus

1920 2477 2036 2542 Dei,
2095 2476 2172 2529 uti
2213 2484 2462 2529 sanctum
2517 2474 2866 2546 Evangelium
2909 2475 3006 2539 ait,
3072 2461 3265 2531 firmis.
3306 2475 3494 2531 innixa

1919 2566 2309 2630 fundamentis,
2381 2581 2659 2634 nunquam
2700 2566 3067 2633 concutiatur,
3121 2583 3296 2636 neque
3368 2583 3497 2636 pro-

1920 2660 2094 2722 Cellis,
2148 2669 2207 2713 ut
2261 2659 2496 2724 arundo,
2533 2673 2712 2727 neque
2769 2659 3094 2712 torrentium
3128 2660 3356 2726 impetu,
3409 2663 3488 2714 uti

1921 2752 2118 2807 domus
2165 2767 2328 2822 super
2398 2766 2562 2806 arena
2622 2745 2837 2805 aut‘iu
2903 2765 3040 2820 rupe
3107 2752 3249 2806 haud
3325 2753 3500 2810 solida

1921 2843 2166 2909 fundata,
2199 2843 2295 2899 sed
2346 2859 2468 2913 quae
2511 2843 2695 2913 potius
2727 2843 2984 2912 persistat
3032 2843 3300 2898 columine
3327 2846 3500 2918 instar

1922 2953 2045 3010 qua:
2101 2953 2278 3007 neque
2326 2937 2603 2999 inclinari,
2664 2935 2864 2990 nedum
2927 2935 3089 3004 dejici
3143 2945 3340 3005 potest,
3390 2937 3500 2994 imo

1923 3033 2173 3104 quemvis
2215 3031 2476 3100 impetum
2511 3029 2726 3084 fortiter
2785 3043 2978 3084 arcere
3007 3043 3072 3086 ac
3104 3029 3364 3095 repellere
3401 3046 3498 3086 va-

1845 3155 1893 3217 ο
1927 3126 2039 3181 Ιυι.

1985 3304 2074 3357 78.
2097 3303 2236 3356 Deus
2262 3301 2427 3371 igitur
2440 3299 2532 3370 qui
2553 3298 2807 3354 omnibus
2822 3297 3140 3354 hominibus
3160 3307 3212 3353 et
3231 3313 3396 3356 causa
3409 3315 3500 3354 ex-

1914 3397 2062 3452 sistit
2091 3406 2145 3451 et
2173 3393 2501 3466 principium
2532 3400 2586 3446 et
2611 3391 2887 3461 exemplar
2923 3392 3063 3461 (inec
3096 3391 3282 3447 omnia
3312 3401 3496 3447 autem

1918 3489 1972 3543 in
2021 3502 2087 3543 eo
2139 3499 2267 3543 sunt
2312 3484 2689 3552 adoranda),
2727 3493 2782 3539 et
2846 3484 3096 3538 hortatus
3157 3495 3263 3546 est,
3298 3495 3351 3538 et
3373 3499 3502 3553 per-

1917 3589 2084 3651 petuo
2127 3579 2379 3634 hortatur
2435 3591 2534 3632 eos
2609 3577 2703 3645 qui
2787 3575 2854 3631 ad
2914 3578 3088 3644 ipsum
3167 3576 3498 3646 respiciunt,

1917 3682 1975 3728 ut
2032 3672 2173 3726 ﬁrmi
2243 3678 2668 3738 constantesque
2713 3670 2826 3724 sint
2872 3670 2924 3723 in
2986 3685 3167 3741 pugna
3228 3671 3494 3726 adversus

1919 3763 2340 3832 improbitatem,
2387 3771 2444 3819 et
2505 3770 2912 3831 perseverantes
2955 3761 3008 3814 in
3072 3762 3308 3826 virtute,
3363 3765 3500 3816 vita-

1918 3871 2024 3927 que
2075 3855 2142 3909 ad
2193 3853 2470 3923 Evangelii
2520 3867 2766 3906 normam
2808 3853 3105 3918 composita
3167 3856 3344 3924 ipsum
3403 3869 3501 3924 pro

1920 3947 2104 4001 virbus
2129 3945 2412 3999 imitentur
2438 3952 2602 4012 atque
2626 3956 2811 3996 coram
2839 3942 3161 3998 hominibus
3192 3945 3498 4000 conﬁtean-

1920 4047 2029 4093 tur.
2062 4037 2270 4093 Contra
2304 4033 2557 4097 Satanas,
2584 4042 2771 4102 utpote
2813 4031 3187 4097 adversarius,
3234 4037 3500 4104 oppositae

1922 4127 2230 4184 affectionis
2281 4135 2472 4181 auctor
2509 4135 2596 4182 est
2644 4123 3069 4194 instigatorque,
3119 4138 3216 4178 eos
3279 4125 3372 4194 qui
3430 4125 3499 4180 ab

1923 4221 2100 4291 ipsius
2137 4220 2386 4291 partibus
2415 4227 2562 4274 stant
2615 4218 2926 4287 impellens,
2979 4224 3039 4270 ut
3089 4216 3350 4270 malitiam
3415 4231 3500 4271 se-

1923 4320 2161 4380 quantur
2211 4319 2266 4364 et
2318 4309 2374 4363 in
2427 4308 2687 4364 omnibus
2743 4305 2906 4361 rebus
2949 4303 3062 4359 Deo
3117 4303 3499 4374 adversentur.

1993 4570 2081 4625 79.
2105 4569 2186 4624 En
2210 4569 2319 4624 duo
2347 4567 2472 4623 vita:
2503 4563 2856 4622 instituenda:
2887 4562 3299 4632 dirigendaeque
3324 4562 3494 4616 modi.

1921 4665 2076 4719 Prior
2105 4670 2346 4734 itemque
2383 4662 2557 4716 malus
2588 4675 2683 4716 eos
2717 4660 2812 4729 qui
2851 4672 2881 4712 a
2917 4657 3059 4711 malo
3120 4656 3280 4724 genio
3329 4654 3502 4723 inspi-

1926 4767 2121 4812 rantur
2137 4756 2205 4810 ad
2235 4756 2360 4811 vitae
2384 4753 2631 4808 turbines
2654 4749 2894 4806 deducit.
2919 4748 3071 4803 Alter
3096 4763 3190 4802 eos
3251 4746 3344 4815 qui
3381 4743 3494 4799 Deo

1921 4865 2041 4905 sese
2059 4854 2471 4910 consecrarunt,
2505 4842 2681 4898 reddit
2711 4849 2949 4904 ascetas,
2985 4838 3266 4902 eremitas,
3335 4836 3498 4906 stylio

1924 4953 2030 5006 tas,
2055 4935 2753 5000 subterraneos,inclusos,
2782 4931 3042 4986 doctores
3061 4928 3334 4999 publicos,
3360 4939 3500 4983 stre-

1921 5051 2062 5090 nuos
2088 5033 2391 5087 animarum
2423 5039 2730 5091 curatores,
2761 5024 3049 5078 vulnerum
3081 5020 3280 5075 animae
3319 5034 3499 5075 enun-

1924 5130 2185 5182 tiatorum
2210 5124 2474 5187 medicos,
2507 5122 2601 5192 qui
2627 5118 2849 5190 quando
2875 5123 3246 5186 opportunum
3282 5113 3497 5167 videtur

1923 5218 2147 5274 cultello
2172 5224 2227 5272 et
2257 5213 2504 5270 cauterio
2540 5212 2618 5267 uti
2648 5211 2847 5266 debent
2871 5225 2888 5276 ;
2918 5223 3082 5279 porro
3137 5221 3325 5262 eorum
3376 5215 3497 5267 quae

1923 5306 2332 5365 adhucocculta
2361 5309 2488 5361 sunt
2542 5303 2908 5372 indagatorcs,
2968 5297 3339 5368 improbitatis
3400 5299 3495 5344 aut

1923 5414 2145 5456 severos
2177 5408 2271 5452 aut
2301 5397 2599 5451 clementes
2633 5391 2898 5455 vindices,
2934 5404 3124 5444 eorum
3149 5387 3238 5456 qui
3301 5383 3498 5449 injuste

1923 5492 2145 5563 spoliati
2172 5499 2300 5547 sunt
2332 5487 2670 5550 defensores,
2725 5485 2996 5538 humanos
3047 5481 3336 5546 jnstosque
3398 5490 3497 5546 pro

1927 5597 2174 5653 tempore
2200 5588 2577 5648 coargutores,
2608 5590 2707 5629 nec
2736 5588 2847 5627 non
2885 5570 2978 5624 ubi
3012 5582 3148 5636 opus
3172 5578 3275 5630 est,
3309 5581 3496 5638 repre-

1927 5677 2214 5736 hensores,
2252 5670 2316 5724 ad
2343 5662 2848 5721 virtutis‘studium
2894 5654 3322 5726 promovendum
3383 5671 3499 5711 mo-

1929 5771 2168 5834 nitores,
2201 5765 2266 5820 ad
2314 5761 2636 5832 probitatem
2673 5748 3020 5810 excitandam
3081 5745 3496 5818 vituperatores,
