3950 6208
435 361 536 430 351

1147 353 1572 416 EUSTATHU
1616 353 2016 414 THESSAIO

2130 353 2377 412 IENSIS
2417 347 2990 413 ΜΕΤΒΟΡΟΙΛΤᾸΞ

3557 321 3572 328 ’
3607 342 3716 406 352

441 486 507 537 ad
531 489 754 550 peccata
785 475 1014 532 delenda
1055 472 1452 543 speculatores.
1479 471 1545 525 ad
1589 472 1712 526 vitae
1745 471 2010 540 spiritua-

2130 472 2317 543 χρεὼν,
2375 471 2504 530 τοὺς
2569 467 2948 536 εὐλογοῦντας,
2993 465 3069 528 ὡς
3123 463 3476 534 θαρσοποιεῖν
3525 462 3593 515 τὰ
3629 465 3713 525 εἰς

438 573 506 626 lis
535 573 870 626 incrementa
906 565 1284 634 instigatores,
1311 570 1442 617 etut
1469 577 1578 616 uno
1608 563 1777 617 verbo
1803 563 2007 626 dicam,

441 665 747 717 animarum
769 658 950 730 quoad
985 660 1151 710 vitam
1177 667 1236 712 et
1297 654 1553 724 spiritum
1599 663 1906 719 curatores,
1959 663 2015 709 et

365 751 372 756 ’
439 754 581 824 quod
607 767 880 809 summum
915 758 1020 813 est,
1063 749 1252 803 beatos
1285 747 1382 800 Dei
1415 745 1787 811 conl‘essores,
1854 762 2017 816 quos,

439 850 566 918 quin
598 849 802 902 sanctis
831 845 1119 915 apostolis,
1152 853 1204 898 et
1225 841 1477 910 antiquae
1505 840 1631 910 legi,
1666 850 1792 894 ante
1839 839 2021 892 omnia

441 953 622 996 autem
656 939 764 994 Deo
799 940 889 1008 qui
914 938 1169 1008 princeps
1197 942 1283 990 est
1308 933 1558 990 veritatis
1583 933 1759 998 testis,
1789 939 1843 986 et
1865 930 2026 984 Chri-

438 1044 524 1088 sto
561 1032 832 1087 Szilvatori
866 1032 1027 1085 ﬁdem
1068 1029 1310 1083 habuere
1357 1025 1605 1097 atquein
1670 1023 2023 1079 sanctissima

437 1126 544 1179 ﬁde
570 1125 876 1193 perstitere,
920 1137 1114 1177 servos
1142 1120 1236 1175 Dei
1268 1119 1502 1174 reddidit
1548 1117 1796 1187 ipsorum
1830 1113 1897 1168 de
1923 1112 2018 1166 illo

438 1216 719 1273 confessio
751 1227 804 1270 et
825 1215 1220 1277 testimonium,
1247 1221 1300 1268 et
1325 1226 1474 1266 mors
1515 1225 1614 1281 pro
1638 1208 1731 1263 illo
1793 1210 2018 1262 tolerata

437 1325 559 1378 que
589 1307 834 1363 omnium
868 1321 1052 1362 rerum
1085 1305 1325 1360 maxime
1367 1302 1636 1358 horrenda
1663 1311 1829 1370 atque
1855 1298 2022 1354 diris-

440 1403 583 1456 sima
607 1409 713 1455 est.

2123 566 2351 635 ἀρετὴν,
2422 562 2550 624 τοὺς
2596 560 3035 631 ἐπιπλήττοντας
3093 559 3175 620 είς
3223 555 3533 626 διόρθωσιν,
3585 556 3712 616 τοὺς

2126 655 2544 725 ἐπιτηροῦντας,
2564 654 2640 716 ὡς
2662 649 3066 706 ἀνακόπτεσθαι
3089 648 3156 702 τὰ
3179 647 3551 717 ἁμαρτητικὰ,
3582 646 3713 707 τοὺς

2127 746 2539 814 λογιστεύοντας
2599 742 2995 813 πνευματικῶς
3040 741 3110 794 τὰ
3162 739 3433 810 πρακτέα,
3479 739 3539 791 τὸ
3598 741 3713 791 πᾶν

2131 838 2414 907 ἐπιτόμως
2438 839 2634 901 εἰπεῖν,
2667 837 2797 899 τοὺς
2825 835 2935 888 τῶν
2967 833 3162 904 ψυχῶν
3197 831 3556 901 ἐπιμελητὰς,
3579 833 3711 894 τούς

2135 949 2195 985 τε
2231 933 2373 985 κατὰ
2408 931 2541 1001 βίον,
2567 929 2661 984 καὶ
2685 929 2800 983 ὅσοι
2835 944 2895 980 τε
2928 925 3104 988 ἄλλως
3137 924 3233 976 τοῦ
3287 921 3621 992 πνεύματος,
3650 924 3711 975 τὸ

2129 1026 2351 1078 πάντων
2393 1025 2580 1095 μεῖζον
2610 1022 2808 1086 εἰπεῖν,
2828 1021 2956 1084 τοὺς
2995 1017 3287 1090 μακαρίως
3307 1017 3384 1086 τῷ
3406 1017 3526 1087 Θεῷ
3562 1034 3710 1085 μαρο

2125 1121 2495 1186 τυρήσαντας,
2525 1115 2620 1178 οὓς
2643 1113 2968 1175 πεισθέντας
3000 1114 3114 1173 τοῖς
3147 1109 3328 1177 ἁγίοις
3361 1109 3706 1173 ἀποστόλοις,

2127 1210 2225 1262 καὶ
2261 1211 2366 1278 πρό
2400 1197 2463 1277 γέ
2505 1208 2684 1262 αῦτῶν
2716 1211 2782 1278 τῇ
2839 1206 2970 1278 ἁγίᾳ.
3015 1204 3224 1274 παλαιᾷ
3279 1203 3591 1273 νομοδοσία.
3627 1205 3706 1254 εξ-

2127 1302 2252 1352 πεῖν
2290 1301 2346 1354 δὲ
2372 1302 2433 1353 τὸ
2465 1302 2823 1369 σεμνότατον,
2853 1301 2932 1366 τῷ
2983 1297 3420 1369 πρωτομάρτυρι
3447 1297 3548 1363 τῆς
3577 1295 3713 1355 ἁλη-

2127 1389 2278 1453 θείας
2307 1389 2384 1460 τῷ
2415 1390 2555 1459 Θεῷ,
2586 1390 2665 1462 τῷ
2699 1390 2906 1460 σωτῆρι
2941 1387 3187 1459 Χριστῷ,
3219 1388 3310 1441 καὶ
3339 1387 3710 1457 ἐμμείναντας

442 1495 509 1562 τῇ
540 1492 818 1562 ἁγιωτάτῃ
849 1489 1027 1544 πειθοῖ
1048 1489 1364 1560 ᾠκειώσατο
1392 1490 1469 1551 είς
1501 1487 1847 1557 θεράποντας
1874 1485 1952 1554 τῷ
1987 1482 2110 1552 Θεῷ
2149 1485 2178 1553 ἡ
2232 1484 2372 1553 ὑπὲρ
2421 1485 2627 1538 ἐκεῖνον
2681 1483 2957 1554 ὁμολογία,
2989 1484 3083 1538 καὶ
3129 1483 3429 1554 μαρτυρία,
3459 1489 3555 1536 καὶ
3584 1484 3613 1535 ό
3643 1474 3710 1533 δι’

445 1583 656 1636 ἐκεῖνον
694 1583 948 1649 Θάνατος,
985 1581 1448 1652 τὺ.φρικτότατον
1483 1584 1540 1634 ἐν
1573 1579 1882 1652 ἀνθρώποις
1907 1577 2104 1644 δεινὶν,
2127 1579 2222 1632 καὶ
2250 1579 2324 1649 τῷ
2353 1580 2466 1632 ὄντι
2498 1579 2760 1650 ῥίγιστον.

508 1677 597 1732 80.
631 1678 792 1732 Tales
825 1679 870 1732 si
899 1677 1294 1746 quisimitatur
1322 1691 1623 1744 eorumque
1677 1676 1843 1729 rectis
1891 1673 2015 1741 opi-

437 1767 700 1824 nionibus
724 1783 848 1824 sese
875 1769 1078 1823 addicit
1114 1779 1168 1821 et
1229 1768 1298 1823 iis
1316 1767 1668 1836 pertinaciter
1721 1765 2019 1819 adhaerens

2204 1672 2278 1728 π’.
2312 1676 2450 1738 Τοὺς
2478 1677 2750 1738 τοιούτους
2793 1676 2847 1728 εἴ
2887 1694 2971 1740 τις
3016 1674 3354 1746 μιμούμενος
3378 1675 3476 1727 καὶ
3507 1674 3712 1726 πείθων

2131 1767 2326 1820 ἐαυτὸν
2366 1768 2641 1820 ἐνίσταιτο
2669 1770 2786 1830 ταῖς
2817 1769 3006 1838 ὀρθαῖς
3036 1767 3216 1831 δόξαις
3246 1768 3341 1820 καὶ
3375 1765 3708 1834 ὓπολήψεσι,

439 1873 562 1929 qute
589 1859 782 1916 decent
809 1859 962 1923 facit,
985 1860 1256 1929 principio
1293 1859 1439 1913 bono
1468 1859 1674 1941 bonum
1721 1858 1881 1909 linem
1911 1854 2007 1907 ad-

2131 1860 2227 1913 xa‘t
2275 1860 2610 1930 παραμένων
2641 1861 2829 1922 αὐταῖς
2865 1861 3094 1930 πράττει
3148 1861 3215 1913 τὰ
3263 1859 3493 1920 δεόντως
3536 1857 3714 1926 καθή-

436 1950 694 2021 jungens,
729 1949 776 2004 is
795 1948 970 2020 primo
994 1949 1135 2003 haud
1169 1949 1385 2003 dicatur
1407 1935 1708 2016 improbam
1733 1944 2019 2012 conlidi-n-

439 2041 573 2094 tiam
609 2039 784 2110 sequi,
821 2039 914 2095 sed
930 2039 1110 2109 potius
1136 2047 1298 2092 rectae
1333 2037 1454 2091 ﬁdei
1507 2046 1671 2104 atque
1725 2033 2004 2088 tenacitati

438 2131 588 2186 circa
621 2145 709 2186 res
746 2131 960 2186 divinas
990 2145 1212 2200 operam
1265 2131 1394 2184 dare
1431 2147 1445 2184 :
1490 2126 1820 2182 confidentia
1872 2126 2016 2180 enim

439 2223 530 2278 illa
552 2223 828 2292 plerisque
852 2223 1090 2276 virorum
1121 2222 1336 2291 piorum
1374 2236 1479 2273 non
1511 2217 1886 2288 approbanda,
1916 2217 2010 2270 sed

440 2313 740 2367 infaustum
765 2312 896 2382 quid
928 2327 1051 2366 esse
1075 2309 1378 2365 videbatur.
1436 2309 1554 2363 Jaxn
1618 2322 1744 2362 vero
1797 2303 2017 2360 etiamsi

443 2419 735 2476 ponamus,
762 2405 923 2460 talem
949 2404 1198 2458 affectum
1235 2403 1300 2456 iis
1331 2403 1420 2471 qui
1446 2411 1592 2455 recta
1620 2398 1814 2453 ﬁducia
1855 2394 2021 2450 innisi

450 2505 677 2552 tenaces
711 2506 838 2552 sunt
881 2495 1173 2566 propositi,
1206 2493 1522 2557 convenire,
1589 2500 1766 2544 tamen
1825 2488 2022 2542 distiu-

447 2590 724 2659 guendum
750 2590 858 2642 erit
885 2588 1311 2656 dicendumque,
1339 2602 1404 2639 ne
1430 2583 1772 2654 spiritualcm
1793 2581 2010 2651 quidem

438 2681 534 2748 qui
571 2680 821 2735 ﬁduciam
854 2681 1037 2745 habet,
1079 2680 1278 2749 ubique
1307 2688 1362 2734 et
1415 2679 1466 2730 in
1529 2676 1785 2730 omnibus
1847 2673 2010 2726 rebus

438 2772 953 2837 ldcolaudari;sed
1013 2772 1316 2836 interdum,
1386 2770 1498 2825 imo
1558 2769 1757 2837 saepius
1807 2767 1874 2819 de
1919 2779 2016 2818 sua

437 2865 735 2920 tenacitate
763 2865 1004 2920 remittet
1027 2874 1083 2918 ct
1115 2863 1182 2918 de
1227 2865 1350 2932 jure
1407 2877 1529 2926 suo,
1579 2869 1837 2929 quantum
1899 2858 2012 2911 fieri

437 2965 640 3028 potest,
672 2958 847 3020 cedet,
890 2970 1067 3024 neque
1093 2955 1266 3010 solum
1301 2955 1364 3008 ad
1400 2952 1721 3021 litigandum
1790 2961 2020 3004 conten-

440 3048 787 3119 dendumque
820 3046 966 3101 haud
998 3047 1102 3101 erit
1130 3057 1448 3114 propensus,
1499 3039 1595 3106 sed
1655 3056 1721 3093 ne
1761 3039 1826 3094 de
1853 3037 2020 3108 justis

443 3139 664 3209 quidem
692 3139 758 3193 ad
786 3147 1090 3193 extremum
1125 3150 1301 3204 usque
1332 3144 1537 3188 ce.tare
1570 3132 1732 3186 Vulcl.

512 3319 605 3374 8l.
639 3317 778 3373 [line
805 3318 974 3381 enim,
1003 3316 1094 3368 tali
1156 3316 1297 3370 bona
1355 3313 1549 3383 agendi
1598 3314 1810 3369 ratione
1861 3314 2014 3378 inita,

440 3411 710 3469 bellorum
739 3407 974 3462 induciae
995 3421 1057 3460 ac
1089 3405 1292 3461 fcedera
1310 3415 1365 3459 et
1394 3405 1598 3461 similes
1627 3421 1716 3460 res
1738 3405 2021 3460 laudanda:

441 3505 708 3573 originem
747 3514 986 3555 traxere.
1021 3499 1116 3552 llle
1145 3499 1307 3568 igitur
1332 3498 1425 3566 qui
1454 3499 1532 3553 sic
1563 3498 1698 3569 agit,
1751 3514 1855 3551 non
1899 3513 2014 3549 ttu-

441 3597 588 3666 plius
625 3595 838 3648 dicetur
871 3591 1097 3646 omnino
1125 3600 1304 3655 tenax,
1341 3589 1436 3644 sed
1472 3589 1636 3642 veluti
1687 3589 2007 3643 immutatus

441 3687 854 3745 honestioribus
884 3683 1171 3738 ornabitur
1204 3680 1522 3736 nominibus
1575 3699 1588 3735 :
1651 3681 2022 3750 appellabitur

443 3781 706 3838 nimirum
736 3779 1032 3840 humanus,
1067 3775 1348 3845 pacificus,
1370 3775 1465 3828 irae
1485 3773 1761 3837 inimicus,
1781 3788 2018 3828 concor.

442 3880 548 3932 diae
575 3875 808 3937 amicus,
837 3881 890 3926 et
927 3879 986 3925 ut
1015 3867 1327 3923 accuratius
1357 3867 1573 3936 loquar,
1613 3868 2005 3924 moderationis

442 3983 654 4023 amans.
705 3965 809 4033 Qui
829 3963 974 4020 enim
999 3962 1065 4017 de
1089 3963 1212 4030 jure
1240 3961 1383 4029 quod
1418 3959 1570 4028 prius
1608 3962 1878 4015 tenaciter
1921 3961 2012 4014 ἀει

443 4059 716 4122 fenderat,
745 4055 1021 4125 paululum
1050 4051 1297 4116 remittit,
1334 4051 1402 4104 ad
1440 4050 1598 4103 aliam
1624 4049 1874 4104 [idm-iam
1908 4065 2025 4120 [ιω.

444 4149 674 4205 nitentia
703 4153 1036 4205 commotus,
1058 4141 1252 4195 deduci
1281 4143 1444 4206 solet,
1474 4142 1698 4210 quando
1757 4143 2017 4196 virtutem

442 4251 732 4306 sequensa
768 4231 1046 4302 proposito
1078 4229 1292 4284 desistit
1316 4240 1370 4283 et
1429 4245 1458 4282 a
1525 4231 1826 4298 pertinacia
1881 4249 2016 4285 con-

446 4329 676 4386 tentiosa
700 4324 766 4378 ad
794 4323 1217 4376 moderationem
1249 4319 1439 4374 transit
1467 4336 1483 4387 ;
1511 4321 1802 4389 siquidem,
1831 4339 2019 4390 quem-

442 4419 738 4478 admodum
809 4415 899 4469 ille
955 4414 1070 4483 qui,
1127 4413 1452 4481 paenitentia
1508 4413 1735 4478 ductus,
1795 4413 1864 4466 ah
1923 4413 2021 4468 im-

2129 1969 2322 2018 κοντα,
2383 1953 2621 2020 χρηστὸν
2675 1952 2830 2016 τέλος
2882 1953 3152 2016 ἐπιτιθεὶς
3207 1953 3404 2022 ἀρχαῖς
3449 1949 3712 2018 ἀγαθαῖς»

2127 2045 2325 2115 πρῶτα
2358 2045 2461 2113 μὲν
2490 2045 2590 2096 οὐκ
2621 2044 2686 2097 ἂν
2707 2045 2921 2112 λέγοιτο
2945 2048 3153 2114 πεῖσμα
3183 2045 3479 2113 φυλάττειν
3519 2044 3552 2113 ἦ
3591 2061 3712 2095 πει-

2137 2136 2364 2207 σμονὴν,
2399 2136 2708 2206 όρθοδοξίαν
2736 2137 2792 2190 δέ
2829 2139 2923 2191 καὶ
2960 2137 3283 2206 ὲνστατικὴν
3313 2135 3591 2205 προσοχὴν
3614 2134 3713 2187 ἐπὶ

2128 2230 2238 2290 τοῖς
2273 2225 2367 2280 τοῦ
2401 2227 2538 2280 Θεοῦ
2562 2244 2575 2256 ·
2612 2228 2669 2281 αἱ
2699 2229 2808 2298 γὰρ
2856 2230 3146 2297 πεισμοναὶ
3187 2229 3276 2281 καὶ
3310 2230 3376 2280 τά
3425 2227 3712 2295 πείσματα

2128 2319 2314 2385 ἔδοξαν
2355 2319 2427 2391 μὴ
2461 2321 2551 2372 ἐπ’
2578 2320 2769 2388 ἀγαθῷ
2790 2320 3066 2372 τεθεῖσθαι
3094 2324 3208 2384 τοῖς
3237 2322 3293 2372 ἐν
3327 2320 3506 2389 ἀγαθῇ
3539 2320 3715 2389 μοίρᾳ

2127 2411 2394 2475 πλείοσιν,
2446 2410 2581 2462 ἀλλὰ
2625 2409 2945 2478 δυσώνυμόν
2985 2425 3037 2460 τι
3071 2409 3264 2478 χρῆμα
3332 2403 3499 2460 εἶναι.
3551 2407 3615 2458 Εἰ
3652 2403 3713 2459 δὲ

2129 2503 2222 2552 καὶ
2249 2499 2388 2562 ἴσως
2419 2499 2624 2570 θῶμεν,
2651 2500 3093 2570 προσαρμόττειν
3123 2500 3262 2553 αύτὰ
3290 2499 3385 2552 καὶ
3416 2501 3525 2560 τοῖς
3558 2499 3712 2551 δεόν-

2128 2609 2236 2652 τως
2270 2594 2663 2660 πεπεισμένοις
2690 2593 2783 2645 καὶ
2807 2591 2981 2657 οὕτως
3003 2593 3363 2657 ἐπιστατικοῖς,
3389 2591 3494 2661 ἔχω
3515 2591 3715 2644 διελὼν

2126 2683 2364 2738 ἐνταῦθα
2398 2686 2598 2748 εἰπεῖν,
2630 2685 2705 2747 ὡς
2737 2684 2858 2736 ούδέ
2885 2686 2912 2737 ό
2945 2681 3316 2751 πνευματικὸς
3337 2682 3712 2752 πεισματικὶς

2126 2775 2430 2828 ἐπαινεῖται
2467 2776 2699 2829 πάντοτε
2735 2775 2829 2827 καὶ
2864 2775 2956 2829 ἐπὶ
2999 2775 3158 2836 πᾶσι,
3186 2773 3426 2836 τοιοῦτος
3451 2771 3528 2825 ῶν
3547 2791 3563 2805 ’
3589 2773 3691 2825 ἀλλ

2125 2869 2275 2922 ἐστιν
2300 2868 2438 2921 ὅπου
2469 2868 2561 2921 καὶ
2599 2869 2657 2920 ἐν
2686 2867 2901 2932 πολλοῖς
2959 2866 3448 2937 μετακινηθήσεται
3477 2867 3576 2933 τῆς
3624 2867 3712 2917 οξ-

2127 2959 2282 3019 κείας
2324 2959 2654 3024 ἐνστάσεως,
2685 2961 2779 3013 καὶ
2827 2958 3128 3011 ύπενδὼσει
3177 2959 3271 3010 καὶ
3320 2957 3483 3010 αὑτοῦ
3513 2958 3576 3028 δὴ
3607 2959 3712 3010 τοῦ

2125 3051 2248 3104 κατ’
2276 3051 2440 3104 αὑτὸν
2469 3049 2681 3104 δικαίου
2713 3049 2786 3113 ὡς
2811 3045 2923 3103 οἷόν
2955 3067 3037 3114 τε,
3065 3051 3159 3102 καὶ
3193 3049 3608 3120 χαυνωθήσεται
3639 3051 3706 3101 οὗ

2131 3143 2293 3211 μόνον
2334 3143 2428 3195 τοῦ
2478 3143 2654 3204 ἁλλως
2689 3143 3040 3211 φιλονεικεῖν,
3074 3141 3209 3194 ἀλλὰ
3242 3141 3335 3195 καὶ
3386 3141 3552 3195 αὐτοῦ
3604 3143 3706 3194 τοῦ

2045 3219 2086 3274 C
2125 3235 2215 3286 ἐπὶ
2241 3233 2471 3297 δικαίοις
2503 3235 2581 3296 είς
2611 3235 2780 3305 ἄκρον
2805 3232 2900 3285 καὶ
2937 3223 3200 3304 ὑπερλίαν
3230 3233 3517 3302 μάχεσθαι.

2195 3333 2307 3382 πα’.
2351 3326 2634 3379 Ἐντεῦθεν
2691 3326 2800 3396 γὰρ
2859 3326 3010 3395 καλῷ
3059 3324 3288 3394 τοιούτῳ
3322 3323 3702 3392 μεθοδεύματι

2123 3421 2181 3472 ai
2212 3420 2397 3487 ἀνοχαὶ
2423 3420 2528 3470 τῶν
2555 3418 2808 3488 πολέμων
2831 3419 3232 3486 ἐπινενόηνται,
3256 3419 3351 3470 καὶ
3372 3417 3424 3469 αί
3450 3417 3706 3482 σπονδαὶ,

2125 3512 2220 3564 καὶ
2243 3513 2342 3564 ὅσα
2370 3511 2509 3564 καλὰ
2532 3509 2780 3564 τοιαῦτα.
2823 3511 2930 3563 Καὶ
2954 3511 3135 3561 τοίνυν
3182 3511 3322 3562 οὕτω
3354 3509 3521 3562 ποιῶν
3551 3511 3712 3562 ἐκεῖ-

2124 3620 2214 3664 νος
2255 3602 2441 3654 οὐκέτι
2483 3603 2847 3672 πεισματικὺς
2900 3601 3336 3670 ὀνομασθήσεται
3364 3601 3422 3654 τὸ
3457 3599 3710 3667 σύνολον,

2124 3693 2262 3748 ἀλλὰ
2288 3693 2362 3757 ὡς
2391 3688 2501 3746 οἷον
2534 3693 2872 3762 μεταϐαφεὶς
2897 3692 3711 3764 χρωσθήσετπχρηστοτέραες

2131 3785 2386 3855 κλήσεσι,
2437 3785 2819 3853 φιλάνθρωπος
2867 3784 3343 3854 ἐπονομαζόμενος
3377 3784 3471 3835 καὶ
3505 3784 3710 3850 ἀφιλό-

2124 3894 2323 3942 νεικος,
2355 3875 2448 3928 καὶ
2482 3876 2653 3946 μισῶν
2684 3876 2782 3945 μὲν
2805 3875 2866 3928 τὸ
2893 3875 3217 3946 ἁκράχολον,
3246 3875 3465 3937 εὔκολος
3482 3875 3538 3926 δὲ
3567 3878 3709 3943 μᾶλο

2123 3967 2215 4021 λον
2240 3963 2377 4022 εἶναι
2405 3969 2815 4038 προτιθέμενος,
2841 3969 3019 4021 εἰπεῖν
3041 3968 3098 4020 δὲ
3131 3969 3389 4039 ἀκριϐῶς,
3416 3967 3708 4036 ἐπιεικής.

2134 4061 2196 4113 '0
2223 4061 2331 4130 γὰρ
2365 4062 2427 4112 ἐκ
2457 4061 2759 4127 πείσματος
2809 4059 3034 4122 ἀτενοῦς
3065 4060 3277 4112 δικαίου
3312 4060 3707 4129 ὑποκαταϐὰς,

2124 4154 2204 4214 είς
2240 4151 2492 4221 ἐτεροίαν
2518 4149 2692 4202 πειθὼ
2735 4151 2828 4203 ἐπὶ
2871 4151 3131 4221 μετανοίᾳ
3163 4152 3458 4220 μετέπεσεν
3485 4153 3708 4222 32:31.1;-

2127 4244 2464 4310 θευσάμενος
2517 4243 2804 4312 ἐναρὲτως,
2835 4245 2930 4296 καὶ
2958 4245 3023 4296 ἐκ
3054 4242 3357 4312 φιλονείκου
3389 4241 3710 4308 ἐνστάσεως

2129 4332 2510 4403 μετεληλυθὼς
2539 4333 2620 4395 είς
2650 4333 2949 4385 ἐπιείκειαν
2971 4349 2985 4362 ο
3027 4333 3149 4384 ἐπεί
3179 4349 3284 4397 τοι,
3317 4332 3458 4385 καθὰ
3485 4333 3513 4384 ό
3551 4336 3708 4387 κατὰ

2085 4493 2096 4503 ο
2129 4421 2433 4491 μετάμελον
2485 4423 2547 4474 ἐκ
2591 4422 2814 4485 πειθοῦς
2867 4422 3079 4492 φαύλης
3113 4422 3210 4474 καὶ
3243 4422 3557 4493 ἁμαρτικῆς
3612 4424 3708 4476 διὰ

443 4515 608 4586 proba
631 4508 867 4579 etimpia
904 4506 1252 4570 conﬁdentia,
1294 4519 1387 4574 per
1405 4504 1564 4558 aliam
1620 4505 1875 4559 ﬁduciam
1914 4508 2013 4561 ho-

2130 4514 2387 4583 δευτέρας
2425 4515 2680 4584 ἐναρέτου
2710 4516 2931 4578 πειθοῦς
2962 4516 3432 4584 μεταϐαλλόμενος
3455 4519 3536 4580 εἰς
3566 4521 3706 4572 καλ-

445 4611 657 4658 nestam
680 4597 1020 4667 compulsus.
1051 4593 1117 4647 ad
1140 4595 1420 4649 meliorem
1454 4608 1679 4648 sensum
1714 4610 1772 4649 se
1807 4598 2022 4650 confert

444 4692 820 4749 iuuuutatione
845 4689 959 4742 sive
1001 4687 1363 4741 conversione
1407 4685 1575 4748 facta,
1611 4685 1684 4739 ita
1744 4687 1907 4740 etiam
1931 4688 2022 4756 qui

443 4786 832 4843 moderationis
862 4782 1144 4838 Studiosus
1175 4791 1281 4846 est,
1310 4781 1400 4835 ubi
1437 4781 1504 4834 ab
1545 4780 1704 4835 initio
1771 4781 1876 4850 iuri
1911 4797 2014 4838 suo

441 4878 672 4932 ﬁrmiter
707 4873 1252 4936 inhaereredecrevit,
1301 4871 1501 4925 deinde
1553 4879 1796 4941 tempore
1819 4887 2020 4944 oppor-

447 4978 578 5024 tuno
608 4967 946 5022 laudabiliter
977 4967 1300 5020 immutatus
1329 4973 1382 5016 et
1406 4963 1472 5017 ad
1499 4977 1683 5031 pacem
1709 4978 2018 5033 propensus

440 5071 493 5117 ct
530 5059 607 5114 uti
643 5059 915 5114 veteribus
962 5058 1306 5127 sapientibus
1332 5055 1590 5126 placitum
1641 5066 1742 5118 est,
1786 5056 1853 5111 de
1890 5057 2016 5124 jure

441 5168 544 5209 suo
577 5151 974 5222 aliquantulum
1009 5151 1234 5215 relaxat,
1267 5160 1431 5219 atque
1457 5147 1710 5202 virtutem
1745 5150 2022 5216 ostendit;

441 5245 498 5299 id
525 5251 609 5299 est
633 5242 1082 5302 moderationem,
1118 5240 1196 5293 uti
1229 5241 1502 5308 sapientes
1564 5253 1682 5292 eam
1743 5254 2024 5309 nuncupa-

441 5352 591 5399 vere,
623 5343 676 5387 et
708 5334 784 5388 ita
821 5331 1078 5386 concedit
1107 5331 1442 5386 adversariis
1467 5339 1628 5400 atque
1653 5331 1721 5385 iis
1754 5345 1813 5384 se
1846 5331 2020 5400 subji-

439 5429 533 5482 cit.

510 5519 601 5571 82.
634 5519 729 5574 llis
751 5519 913 5589 igitur
941 5518 1044 5571 hoc
1067 5517 1230 5571 modo
1260 5523 1312 5568 ct
1339 5515 1605 5568 hactenus
1639 5512 2017 5567 consideratis

439 5606 508 5672 (si
537 5607 680 5660 enim
728 5607 942 5675 longius
1007 5606 1332 5676 protrahere
1387 5602 1530 5656 hanc
1591 5601 2015 5671 disputationem

439 5696 729 5761 vellemus,
761 5697 1152 5753 ostentationis
1185 5695 1568 5764 inopportunaa
1591 5695 1797 5748 crimen
1829 5695 2016 5748 incur-

441 5787 734 5848 t-cretuus),
757 5788 885 5851 quid
915 5789 1132 5843 tandem
1162 5800 1270 5843 non
1297 5786 1620 5857 subjicitnus
1673 5803 1792 5856 nos,
1829 5805 1860 5843 ο
1903 5789 2013 5844 Do-

2129 4607 2281 4660 λίονα
2319 4609 2642 4678 μετέρχεται
2684 4608 2828 4673 νοῦν,
2878 4608 3322 4678 μετατιθέμενος,
3351 4610 3453 4662 εἴτ’
3475 4610 3572 4663 οὖν
3603 4629 3708 4680 με-

2127 4697 2546 4766 ταπειθόμενος,
2577 4698 2720 4752 οετω
2745 4717 2862 4762 πως
2893 4703 2988 4752 καὶ
3021 4703 3049 4753 ό
3079 4702 3328 4770 ἐπιεικὴς
3361 4701 3559 4754 ἑαυτὸν
3585 4704 3709 4755 πεί-

2131 4807 2232 4852 σας
2265 4790 2334 4843 τὰ
2358 4791 2552 4861 πρῶτα
2585 4791 2662 4860 τῷ
2689 4793 2874 4862 οίκείῳ
2903 4792 3092 4865 δικαίῳ
3141 4792 3320 4857 καλῶς
3356 4794 3706 4864 ἐνίστασθαι,

2129 4876 2249 4934 εἶτα
2295 4881 2523 4946 δεόντως
2569 4882 2890 4955 μετασαλὼν
2917 4886 2974 4937 ἐν
3009 4885 3208 4955 καιρῷ,
3244 4886 3358 4952 καὶ,
3397 4885 3472 4950 ὡς
3500 4889 3706 4956 εἰπεῖν,

2131 4974 2395 5042 ἐπιείξας,
2435 4976 2529 5029 καὶ
2583 4976 2726 5029 καθὰ
2783 4977 2930 5030 δοκεῖ
2977 4982 3090 5040 τοῖς
3141 4979 3308 5032 πάλαι
3359 4981 3566 5049 σοφοῖς,
3609 4985 3713 5035 καὶ

2131 5064 2530 5137 παραθραύσας
2568 5067 2675 5120 τῶν
2719 5083 2843 5120 τινα
2881 5066 3236 5121 δικαιούντων
3284 5068 3469 5135 αὐτὸν,
3496 5071 3712 5140 ἀρετὴν

2130 5157 2402 5225 ἐκφαίνει,
2459 5158 2582 5227 τὴν,
2631 5159 2704 5220 ὡς
2749 5159 2798 5210 oi
2852 5159 3005 5227 σοφοὶ
3051 5159 3343 5228 ὀνομάζειν
3390 5160 3708 5231 βούλονται,

2129 5248 2429 5301 ἐπιείκειαν
2450 5265 2463 5280 ·
2496 5248 2589 5300 καὶ
2621 5247 2796 5312 οὕτως
2827 5250 3050 5302 ὑπείκει
3077 5251 3416 5321 τασσόμενος
3451 5253 3559 5306 ὑπὸ
3587 5256 3712 5316 τοῖς

2129 5339 2441 5402 ἐνστάταις,
2469 5342 2563 5394 καὶ
2589 5339 2722 5393 αὐτὸ
2750 5340 2814 5409 δὴ
2839 5340 2996 5393 τοῦτο
3019 5341 3484 5412 ὑποτασσόμενος.

2197 5517 2310 5588 πβ’.
2343 5519 2421 5572 Οὓ
2433 5537 2510 5572 τω
2540 5519 2604 5589 δὴ
2639 5517 2844 5572 τούτων
2867 5519 2900 5590 ἡ
2911 5521 3002 5588 μίν
3030 5520 3460 5591 τεθεωρημὲνων
3489 5523 3584 5575 καὶ
3610 5523 3715 5576 ἐπὶ

2121 5609 2377 5662 τοσοῦτον
2395 5612 2494 5680 (είς
2515 5611 2677 5663 πλέον
2694 5612 2764 5677 τὰ
2772 5627 2804 5682 ρ
2823 5611 3094 5664 ἐπιτεῖναι
3116 5612 3174 5665 τὸ
3189 5611 3434 5665 τοιοῦτον
3453 5614 3712 5682 σκέμμα,

2125 5699 2444 5768 φιλοτιμίαν
2497 5701 2746 5771 οίήσεταί
2789 5720 2874 5764 τις
2923 5703 3197 5772 ἄκαιρον),
3247 5701 3303 5754 τί
3351 5701 3558 5772 δήποτε
3605 5705 3717 5774 οὐχ

2125 5790 2570 5860 ύποτασσόμεθα,
2607 5786 2651 5845 ὦ
2683 5792 2860 5864 σῶτερ
2904 5793 3084 5866 κύριε,
3107 5795 3136 5848 ό
3181 5793 3516 5864 καὶφθάσας
3543 5795 3710 5858 £665.—
