4034 6206
409 243 519 305 355

409 448 524 516 jam
575 463 701 502 vero
728 451 893 502 etiam
938 450 1189 513 desertis,
1244 465 1364 518 quae
1396 450 1550 504 multi
1579 451 1671 519 qui
1704 450 1866 502 vitam
1901 463 1989 502 sc-

421 536 666 591 cuudutn
721 537 890 592 Deum
947 539 1158 603 vivunt,
1203 548 1259 592 et
1303 539 1615 594 dilexerunt
1646 551 1698 593 et
1731 540 1991 602 diligunt,

416 638 470 680 et
494 629 547 681 in
564 628 962 682 habitationem
977 629 1242 685 Nazirzeis
1262 630 1484 700 dignam
1500 628 1993 692 transformarunt,

420 721 513 775 ubi
545 735 722 786 neque
749 719 1045 780 invenitur,
1071 735 1248 790 neque
1277 729 1568 790 cooptatur
1593 730 1690 775 aut
1719 720 1992 787 diligitur,

419 813 531 865 imo
560 825 628 867 ne
661 812 928 879 qumritur
971 812 1191 880 quidem
1241 812 1581 883 ﬁrmiterque
1643 811 1997 866 constituitur

422 903 676 973 superior
705 904 1008 957 secundum
1039 903 1303 972 Spiritum
1358 913 1625 967 sanctum,
1676 905 1844 970 legem
1880 916 1998 957 rcc-

423 1003 534 1048 tam
568 1009 838 1064 usumque
871 996 1194 1050 laudabilem
1221 1003 1276 1050 et
1322 1005 1529 1050 natura;
1558 997 1996 1058 convenientem,

423 1098 476 1142 et
516 1087 744 1144 inferior
779 1089 872 1158 qui
902 1090 949 1142 ei
997 1078 1206 1154 subsit:
1229 1104 1296 1143 ex
1332 1088 1532 1158 quibus
1566 1089 1834 1144 ambobus
1878 1086 2002 1160 pul-

423 1183 579 1246 rbra,
629 1182 974 1238 rationabilis
1011 1182 1390 1250 laudandaque
1445 1182 1735 1237 coniicitur
1766 1184 1998 1252 paritas,

426 1274 727 1328 secundum
800 1288 986 1340 quam,
1040 1272 1134 1327 ubi
1197 1287 1284 1327 res
1337 1271 1794 1327 administrantur
1843 1273 1999 1342 juxta

425 1361 664 1412 divinam
717 1359 1076 1424 voluntatem,
1139 1360 1293 1414 multi
1361 1361 1615 1431 discipuli
1668 1362 1996 1419 doctoribus

427 1449 805 1519 perfectiores,
858 1452 1000 1506 servi
1060 1453 1214 1522 probi
1268 1453 1506 1507 dominis
1562 1455 2003 1518 excellentiores.

431 1543 692 1608 infantes,
736 1543 1033 1598 secundum
1079 1545 1320 1598 divinam
1395 1546 1780 1602 revelatiouem
1813 1558 1868 1604 et
1904 1551 2005 1605 beo

425 1637 773 1706 niguitatem,
821 1637 1046 1692 senibus
1073 1638 1450 1706 prudentiores
1479 1639 1635 1704 fiunt,
1659 1649 1712 1695 et
1744 1642 2006 1698 mulieres

1082 242 1506 304 EUSTATHII
1554 242 2335 302 TllESSALONlCENSlS
2371 239 2936 300 METROPOLlT/E

487 358 578 413 83.
621 355 710 410 Vm
739 357 1058 428 regionibus
1103 369 1156 411 et
1189 359 1403 428 oppidis
1459 369 1514 412 et
1553 359 1691 410 viris
1731 369 1782 410 et
1829 359 1995 424 agris,
2037 365 2074 418 Α

2178 364 2281 410 πεθ.
2338 357 2474 410 Οὐαὶ
2528 357 2736 424 χώραις
2791 358 2885 408 καὶ
2923 356 3110 408 πόλεσι
3163 356 3256 407 καὶ
3315 355 3533 426 κώμαις
3592 365 3691 415 καὶ

2096 448 2439 518 ἁγροῖς.ἧδη
2491 448 2546 499 δὲ
2580 445 2676 500 καὶ
2726 448 2978 515 ἐρήμοις,
3032 447 3097 509 ἃς
3146 445 3337 499 πολλοὶ
3389 448 3498 503 τῶν
3547 451 3690 502 κατὰ

2093 541 2227 592 Θεδν
2260 540 2481 602 ζώντων
2508 539 2816 608 ἠγάπησαν
2850 539 2942 591 καὶ
2972 538 3254 605 ἀγαπῶσι,
3289 537 3384 591 καὶ
3416 540 3496 601 εἰς
3547 541 3690 590 σίκι-

2098 637 2236 705 σμδν
2293 635 2654 703 μετεϐάλοντο
2706 635 3031 702 Ναζιραίοις
3093 634 3398 702 πρέποντα,
3441 635 3568 686 ἔνθα
3611 637 3688 702 μὴ

2096 730 2417 797 εὑρίσκεται
2446 730 2540 781 καὶ
2573 728 2888 794 ἑπιλέγεται
2921 727 3014 779 καὶ
3044 729 3361 796 στέργεται,
3397 728 3488 780 ναὶ
3512 726 3569 781 δὲ
3594 732 3691 780 καὶ

2098 822 2344 890 ζητεῖται
2398 823 2496 874 καὶ
2525 822 2786 872 τάσσεται
2849 819 3150 889 στερεῶςό
3203 821 3305 888 μέν
3338 835 3422 882 τις
3476 822 3689 890 μείζων

2098 911 2245 964 κατὰ
2278 911 2503 980 Πνεῦμα
2549 913 2704 976 ἆγιον
2735 913 2831 964 καὶ
2865 911 3031 980 νόμον
3074 912 3236 978 όρθδν
3266 916 3359 964 καὶ
3400 911 3522 971 ἔθος
3553 913 3686 964 εὐθὺ

2100 1003 2194 1054 καὶ
2251 1003 2412 1070 φύσει
2469 1004 2933 1074 παραδεδομένον,
2977 1005 3004 1055 δ
3067 1006 3123 1056 δὲ
3157 1005 3250 1056 ὕπ’
3307 1007 3539 1070 ἐκεῖνον,
3596 1001 3687 1058 οἷα

2101 1096 2364 1148 ἐλάττωνο
2404 1095 2460 1157 ἐξ
2493 1089 2568 1146 ὧν
2601 1096 2926 1163 ἀμφοτέρων
2956 1098 2986 1164 ἡ
3046 1098 3188 1164 καλὴ
3253 1097 3345 1149 καὶ
3379 1099 3436 1149 ἐν
3477 1099 3688 1165 ἰσότητι

2105 1181 2243 1253 σοφὴ
2275 1187 2371 1238 καὶ
2422 1188 2681 1255 ἐπαινετὴ
2733 1191 3136 1254 γεωμετρεῖται
3203 1189 3409 1257 ἰσότης⁹
3443 1188 3570 1241 καθ.
3618 1191 3690 1252 ἣν

2105 1275 2338 1340 ἐναλλὰξ
2367 1276 2475 1329 τῶν
2505 1279 2852 1345 πραγμάτων
2890 1278 3421 1348 διοικονομουμένων
3447 1280 3689 1346 ὲλλόγως

2105 1370 2291 1423 θεόθεν
2323 1371 2420 1424 καὶ
2448 1370 2688 1438 μαθηταὶ
2715 1371 2900 1424 πολλοὶ
2923 1372 3237 1441 κρείττονες
3267 1371 3609 1423 διδασκάλων
3631 1374 3692 1423 ὲν

2104 1464 2509 1532 ἀποτελέσματο.
2541 1465 2807 1533 γίνονται,
2856 1467 2951 1518 καὶ
2983 1465 3159 1518 δοῦλοι
3193 1466 3250 1519 δὲ
3291 1465 3492 1532 ἀγαθοὶ
3520 1466 3694 1534 ὑπέρ-

2106 1570 2251 1622 τεροι
2274 1553 2552 1607 δεσποτῶν
2579 1554 2654 1625 μὴ
2684 1554 2972 1618 τοιούτων,
3030 1556 3126 1608 καὶ
3156 1556 3330 1624 νήπια
3395 1555 3690 1625 ὑπερφερῆ

2109 1646 2386 1715 γερόντων
2421 1646 2483 1699 ὲκ
2513 1646 2663 1708 θείας
2701 1646 3102 1716 ἀποκαλύψεως
3141 1649 3237 1700 καὶ
3293 1645 3690 1715 δυναμώσεως,

427 1730 520 1783 Ῑ)ι·Ῐ
575 1731 747 1801 gratia
784 1745 847 1784 ac
888 1732 1155 1799 sapientia
1190 1732 1478 1788 illustratre
1506 1734 1754 1788 animum
1788 1736 1998 1790 virilem

2120 1737 2202 1790 καὶ
2261 1739 2524 1804 γυναῖκες
2599 1737 2942 1807 ἀνδρίζονται
3001 1737 3168 1806 σοφία
3241 1737 3366 1808 θείᾳ
3433 1738 3534 1790 καὶ
3591 1738 3695 1808 χᾶο

429 1821 714 1874 exhibent.

507 1915 595 1967 86.
627 1916 668 1966 0
694 1923 840 1968 artes
878 1914 1199 1984 litteraeque,
1233 1915 1425 1983 quidni
1455 1923 1510 1970 et
1539 1931 1635 1971 vos
1668 1917 1898 1971 invicem
1924 1918 2006 1971 iu-

430 2006 647 2067 videtis,
678 2007 825 2061 etde
875 2008 1282 2076 pra-eminentia
1325 2007 1566 2077 jactatis,
1600 2018 1763 2078 atque
1783 2013 2008 2065 aemula—

434 2100 581 2152 tione
605 2099 853 2167 improba
890 2100 1218 2154 dissidetis?
1275 2102 1316 2153 0
1360 2101 1588 2156 missum
1641 2117 1839 2171 corpus
1894 2119 2007 2156 ma-

434 2205 624 2260 guum,
683 2191 983 2245 secundum
1045 2201 1286 2246 veterem
1344 2192 1680 2262 Opinionem,
1738 2194 2008 2248 descende

438 2283 757 2352 aliquamlo,
788 2292 998 2352 etquae
1052 2283 1148 2339 tibi
1197 2284 1416 2339 subdita
1470 2294 1616 2346 sunt,
1651 2286 1704 2340 in
1759 2287 2005 2340 coalitum

439 2390 667 2430 numero
708 2376 981 2431 receuscri
1014 2377 1283 2445 permitte.
1318 2377 1362 2432 Ο
1421 2377 1664 2431 membra
1695 2378 2006 2446 particulae-

436 2481 544 2534 que
574 2466 884 2522 hominibus
933 2468 1187 2537 propriae,
1235 2467 1424 2538 quidni
1487 2467 1776 2533 iusurgitis
1813 2477 2004 2523 contra

441 2558 727 2625 pulchrum
765 2567 954 2626 caput,
983 2572 1225 2614 vesnum
1256 2558 1420 2612 veluti
1481 2559 1677 2613 ccelum
1711 2559 1872 2614 ?Cur
1910 2577 2008 2612 vo-

438 2649 521 2704 bis
569 2651 851 2706 tolerabile
882 2649 1122 2712 videtur,
1158 2658 1218 2704 ut
1240 2651 1607 2706 membrorum
1643 2655 1888 2721 compagi
1919 2667 2002 2705 su-

437 2742 826 2811 perimpositus
856 2743 928 2795 sit
962 2741 1216 2812 globulus
1274 2741 1669 2805 foraminosus,
1720 2744 2008 2797 maximam

437 2843 642 2899 partem
669 2848 733 2888 ex
757 2834 976 2890 ossibus
993 2835 1331 2904 compositus
1353 2844 1406 2888 et
1427 2847 1594 2890 carne
1619 2833 2012 2903 propemodum

440 2925 777 2980 destitutus?
803 2925 912 2981 Cur
957 2935 1195 2980 vestrum
1256 2925 1687 2995 unumquodque
1718 2925 1928 2980 laborat
1952 2942 2015 2980 ac

441 3019 696 3085 luctatur,
748 3019 1049 3088 praesertim
1108 3033 1236 3073 vero
1287 3026 1498 3086 pectus,
1547 3018 1675 3073 dum
1741 3028 1906 3088 caput
1961 3018 2012 3070 iu

444 3111 552 3165 alto
595 3111 836 3181 positum
880 3111 1059 3165 omnis
1091 3110 1296 3166 laboris
1339 3124 1532 3178 expers
1586 3108 1810 3172 eminet,
1848 3118 1902 3163 et
1931 3119 2008 3178 ty-

440 3205 597 3257 ranni
617 3204 790 3258 instar
809 3203 1165 3271 superciliose
1197 3202 1501 3256 luxuriatur
1529 3212 1583 3256 et
1605 3212 1800 3256 cmtera
1841 3217 2009 3255 metu-

444 3297 540 3351 bra
575 3296 744 3350 veluti
779 3295 1004 3349 humilia
1053 3293 1334 3364 despicit?
1377 3291 1420 3348 Ο
1448 3308 1543 3348 vos
1581 3293 1671 3362 qui
1701 3293 1860 3348 uobis
1910 3295 2007 3346 do-

443 3394 622 3456 gmata
647 3394 793 3442 recta
820 3396 1198 3456 praeceptaque
1221 3385 1404 3440 divina
1429 3384 1755 3448 tradidistis,
1779 3385 2012 3451 apostoli

442 3488 495 3533 et
543 3477 722 3534 caeteri
782 3478 934 3533 verbi
1002 3476 1242 3533 cmlestis
1293 3491 1594 3548 praecones,
1657 3490 1756 3530 cur
1794 3475 2012 3529 tandem

448 3571 689 3626 animum
750 3571 815 3625 ad
890 3583 985 3624 vos
1037 3570 1319 3624 advertere
1344 3569 1571 3639 jubetis,
1641 3581 1743 3624 nec
1804 3568 2016 3637 legibus

444 3663 642 3718 vestris
673 3679 738 3718 ac
764 3661 1034 3716 doctrinis
1068 3659 1344 3715 adversari
1400 3658 1625 3714 sinitis?
1652 3657 1844 3714 Nonne
1891 3658 2012 3712 uni-

447 3755 595 3810 versi
631 3768 731 3808 nos
766 3751 1229 3823 quemadmodum
1284 3765 1380 3805 vos
1427 3765 1645 3820 quoque
1704 3747 1956 3804 homines
1988 3763 2018 3802 e

449 3849 566 3902 luto
596 3845 816 3900 conﬁcti
869 3843 1104 3899 sumus?

517 3941 609 3995 87.
670 3941 793 3995 llaec
849 3940 1058 4003 omnia,
1113 3953 1235 4008 quze
1268 3936 1468 3990 talibus
1533 3935 1694 3990 dictis
1753 3935 2023 4003 factisque

447 4032 1006 4103 comprehenduntur,
1077 4044 1315 4098 quonam
1368 4027 1615 4096 tendant,
1664 4026 1877 4081 nonnisi
1928 4026 2023 4095 qui

447 4141 635 4183 crasso
665 4123 886 4191 ingenio
939 4122 1152 4176 laborat
1201 4129 1256 4174 et
1289 4135 1372 4174 res.
1428 4120 1666 4188 penitius
1715 4119 2024 4188 perspicere

451 4217 662 4284 nequit,
693 4213 852 4268 facile
903 4211 1252 4281 ignoraverit.
1292 4211 1530 4278 Apparet
1574 4210 1744 4271 enim.
1779 4225 1903 4264 cum
1931 4210 2023 4278 qui

456 4325 562 4364 non
598 4307 794 4363 intimo
849 4305 1014 4360 corde
1076 4304 1454 4373 apostolorum
1509 4300 1844 4370 Patrumque
1895 4301 2025 4355 doe-

2115 1848 2244 1899 ρ’τι.

2185 1919 2306 1985 πς’.
2331 1918 2403 1974 Ὦ
2432 1923 2618 1990 τέχναι
2660 1925 2755 1974 καὶ
2789 1924 3116 1990 ἐπιστῆμαι,
3166 1923 3220 1975 τί
3254 1923 3328 1991 μὴ
3355 1923 3445 1977 διὰ
3484 1923 3693 1992 φθόνου

2114 2015 2208 2067 καὶ
2245 2016 2404 2083 ὑμεῖς
2428 2015 2689 2082 ἀλλήλαις
2719 2017 2966 2086 ἔρχεσθε,
3011 2011 3091 2077 οἷς
3125 2015 3461 2084 θεωρπῦνται
3485 2015 3696 2082 ὑπερο.

2114 2108 2227 2171 γαὶ,
2261 2109 2356 2160 καὶ
2385 2109 2442 2160 ὲν
2477 2110 2606 2176 ὑμῖν
2629 2109 2688 2160 rb
2745 2109 3038 2173 ἐπίφθονον
3075 2109 3131 2159 ὲν
3169 2113 3280 2171 τοῖς
3314 2109 3440 2161 καθ’
3490 2111 3642 2176 ἡμᾶς

2115 2192 2184 2249 Ὠ
2209 2199 2458 2265 πεμπτὸν
2512 2198 2654 2267 μέγα
2681 2199 2863 2266 σῶμα.
2894 2197 2956 2250 τὸ
3014 2199 3158 2252 and
3219 2198 3461 2251 παλαιὰν
3507 2198 3692 2261 δόξαν,

2117 2288 2496 2354 ύποκατὰϐηθι
2525 2289 2702 2357 χρόνῳ
2735 2289 2888 2350 ποτὲ,
2951 2291 3046 2340 καῖ
3103 2289 3504 2359 παραχώρησον
3529 2289 3698 2359 ούρα-

2119 2379 2360 2444 νωθῆναι
2392 2379 2460 2431 τά
2506 2379 2612 2431 ὑπὸ
2644 2382 2722 2432 σέ.
2778 2375 2848 2431 Ὦ
2887 2380 3027 2449 μέλη
3081 2379 3175 2432 καὶ
3211 2383 3352 2448 μέρη
3386 2379 3454 2432 τὰ
3491 2381 3550 2432 ἒν
3602 2383 3698 2434 ἀν-

2119 2469 2377 2539 θρώποις,
2415 2473 2466 2523 τί
2503 2472 2575 2539 μὴ
2611 2471 3074 2536 κατεξανίστασθε
3105 2471 3204 2538 τῆς
3226 2471 3400 2541 καλῆς
3423 2472 3695 2540 κεφαλῆς,

2116 2558 2211 2612 τοῦ
2252 2561 2310 2612 ὲν
2341 2562 2473 2630 ἡμῖν
2501 2561 2756 2630 ούρανοῦ,
2787 2561 2922 2613 ἀλλὰ
2948 2562 3176 2615 ἀνεκτδν
3211 2563 3340 2632 ὑμῖν
3369 2565 3540 2626 δοκεῖ,
3571 2565 3701 2618 όλο.

2123 2652 2343 2718 μελείας
2367 2652 2619 2720 τοιαύτης
2649 2653 3012 2717 ὑπερκεῖσθαι
3047 2654 3299 2724 σφαιρίον
3333 2655 3697 2726 πολύτρητον,

2119 2738 2178 2797 οῦ
2207 2744 2268 2796 τὸ
2297 2745 2478 2796 πλεῖον
2511 2744 2747 2805 ὀστῶδες
2769 2745 2864 2796 καὶ
2893 2745 3014 2797 οὐδὲ
3069 2744 3337 2798 πλουτοῦν
3361 2749 3564 2817 σαρκὸς
3598 2765 3702 2799 πε-

2124 2834 2475 2902 ριουσιασμόν
2506 2850 2519 2897 ;
2555 2834 2651 2885 ,ιιά
2679 2833 2733 2884 τί
2766 2833 2820 2885 δὲ
2874 2833 3026 2902 ὑμῶν
3069 2834 3169 2901 μὲν
3225 2833 3462 2887 ἕκαστον
3494 2834 3700 2903 μοχθεῖ

2121 2927 2215 2978 καὶ
2241 2927 2441 2995 μᾶλλον
2474 2925 2542 2976 τὰ
2580 2927 2718 2992 μετᾶ
2744 2925 2836 2976 τὸν
2870 2925 3118 2994 θώρακα,
3158 2926 3218 2978 τὸ
3238 2925 3293 2978 δὲ
3320 2925 3424 2994 τῆς
3450 2926 3702 2994 κεφαλῆς

2123 3019 2336 3088 ἕξαρμα
2366 3019 2567 3088 μόχθου
2593 3017 2794 3080 παντὸς
2821 3018 3118 3087 ἀπείρατον
3159 3018 3568 3090 ὕπερκάθηται,
3601 3021 3702 3072 xui.

2127 3112 2201 3174 ὡς
2227 3110 2317 3164 οἶά
2344 3129 2428 3173 τις
2456 3113 2720 3179 τύραννος
2746 3111 3058 3176 ὲξαπὸπτου
3087 3113 3293 3182 τρυφᾷ,
3343 3113 3442 3165 καὶ
3469 3113 3570 3165 ὅσα
3602 3115 3703 3166 καὶ

2116 3203 2341 3272 πεδινῆς
2367 3203 2470 3268 τῆς
2519 3202 2716 3270 λοιπῆς
2747 3202 2999 3271 διαρτίας
3047 3201 3226 3255 ὲθέλει
3293 3206 3699 3273 κατατρυφᾷν;

2114 3291 2183 3346 Ὠ
2212 3294 2508 3361 παραδόται
2531 3294 2640 3346 τῶν
2679 3297 2736 3347 ἐν
2759 3295 2889 3362 ἡμῖν
2933 3297 3026 3348 καὶ
3048 3295 3336 3364 δογμάτων
3377 3295 3556 3365 ὀρθῶν
3603 3297 3706 3348 καὶ

2115 3386 2455 3454 πραγμάτων
2517 3385 2696 3448 θείων,
2753 3385 3046 3438 ἀπόστολοι
3099 3388 3196 3438 καὶ
3225 3387 3407 3439 λοιποὶ
3434 3385 3706 3455 θεοκήρυ-

2117 3493 2234 3540 κες,
2265 3476 2317 3528 τί
2341 3475 2540 3544 δήποτε
2561 3474 2811 3529 κελεύετε
2842 3477 2991 3546 ἡμᾶς
3032 3477 3178 3546 ἔχειν
3235 3479 3364 3540 τοὺς
3393 3477 3699 3546 λογισμοὺς

2118 3567 2254 3636 πρὸς
2297 3566 2448 3634 ὑμῖν,
2506 3569 2602 3620 καὶ
2653 3566 2726 3635 μὴ
2763 3567 2949 3635 ἀφίετε
2973 3568 3406 3635 ἀντινομοθετεῖν
3429 3571 3522 3621 καὶ
3549 3571 3707 3622 ἀντι-

2119 3659 2527 3728 γνωματεύειν;
2562 3653 2639 3711 Ἦ
2686 3659 2792 3726 γὰρ
2829 3660 2951 3728 οὐχὶ
2979 3661 3072 3713 καὶ
3095 3662 3252 3728 ἡμεῖς
3284 3662 3484 3724 πάντες
3505 3663 3704 3732 ἐπίσης

2121 3751 2248 3819 ὑμῖν
2298 3749 2394 3802 καὶ
2418 3750 2641 3819 ’ὁμοίως
2673 3752 2780 3804 ἀπὸ
2833 3752 2934 3820 γῆς
2974 3752 3251 3821 ἅνθρωποι
3294 3755 3702 3823 πεπλάσμεθα;

2199 3929 2306 3994 7:3,".
2364 3930 2550 3982 Ταῦτα
2580 3930 2636 3982 δὲ
2664 3930 2863 3995 πάντα,
2895 3931 2988 3984 καὶ
3027 3932 3144 3984 ὅσοι
3179 3929 3410 3984 τοιοῦτοι
3429 3931 3583 3999 λόγοι
3606 3934 3709 3986 καὶ

2126 4023 2309 4091 ἠθικοὶ
2340 4022 2556 4090 τρόποι,
2597 4022 2700 4074 ποῦ
2750 4023 2881 4075 ποτὲ
2935 4023 3339 4090 ἀνατείνονται,
3389 4025 3572 4094 παχὺς
3636 4027 3709 4080 ἂν

2127 4116 2212 4184 εἴη
2271 4115 2478 4183 καὶμὴ
2540 4114 2761 4184 βάπτων
2794 4120 2877 4176 είς
2927 4115 3054 4167 νοῦν
3116 4115 3284 4185 βαθὺν
3347 4118 3441 4169 καὶ
3482 4117 3648 4186 ὀρθὸν
3677 4121 3708 4170 ό

2131 4208 2365 4273 ἀγνοῶν.
2401 4207 2573 4275 Δῆλον
2602 4207 2731 4276 γὰρ,
2759 4206 2833 4269 ὡς
2864 4207 2892 4259 ὁ
2941 4207 3016 4277 μὴ
3062 4208 3384 4272 ὲνδιαθέτως
3437 4227 3714 4279 προσποι-

2133 4297 2384 4366 ούμενος,
2420 4299 2517 4350 καὶ
2559 4296 2702 4350 οὕτω
2735 4298 2976 4367 φιληδῶν
3032 4299 3147 4362 τοῖς
3180 4300 3567 4365 ἀποστολικοῖς
3611 4305 3713 4356 καὶ

453 4402 612 4456 trina:
643 4399 912 4458 addictus,
938 4397 1029 4451 sed
1057 4396 1123 4449 ab
1148 4409 1210 4449 ea
1241 4393 1450 4447 alienus
1482 4402 1582 4457 est,
1619 4393 1763 4445 haud
1798 4393 2015 4446 multum

2135 4389 2476 4458 πατερικοῖς,
2526 4387 2646 4442 ἀλλ’
2707 4390 3314 4460 ἀποπροσποιούμενος,
3369 4393 3538 4459 ἐγγὺς
3579 4395 3711 4464 ἣκει

451 4495 646 4550 abesse
679 4506 707 4546 a
743 4487 1158 4546 contemnendis
1197 4485 1366 4541 rebus
1414 4485 1634 4545 divinis,
1689 4497 1813 4537 cum
1845 4495 2025 4539 tamen

453 4589 597 4643 inter
635 4596 826 4638 omnes
854 4587 1090 4643 constet,
1129 4593 1156 4632 a
1185 4577 1294 4632 Deo
1347 4576 1486 4630 sicut
1512 4590 1675 4630 omne.
1708 4575 1911 4630 bonum
1957 4577 2028 4630 ita

452 4679 616 4734 etiam
646 4672 995 4732 sanctissima
1030 4669 1320 4740 Evangelia
1370 4669 1570 4722 tradita
1617 4683 1758 4735 esse,
1809 4677 1863 4722 et
1896 4668 2029 4723 doc-

454 4769 654 4824 trinam
683 4765 1054 4837 apostolorum
1085 4772 1519 4832 cacterorumque
1549 4760 1858 4815 divinorum
1891 4776 2032 4828 prae-

455 4874 656 4914 conum
691 4866 746 4913 et
789 4859 1145 4926 interpretum
1177 4854 1244 4909 ad
1274 4867 1374 4908 nos
1403 4852 1707 4922 pervenire.
1745 4851 2034 4922 Quapmp-

459 4959 544 5005 ter
577 4949 766 5016 etiam,
803 4949 898 5018 qui
929 4947 1037 5003 illis
1063 4946 1308 5003 adharrct
1335 4954 1500 5013 atque
1535 4958 1629 5014 per
1655 4957 1750 5000 eos
1775 4943 1828 4997 in
1853 4943 2032 4997 altum

461 5038 710 5095 ascendit
755 5037 1002 5107 aliosque
1053 5049 1240 5091 secum
1293 5033 1527 5097 extollit,
1569 5032 1663 5088 Dei
1713 5042 1799 5087 est
1847 5033 2033 5095 homo,

464 5131 769 5202 morigeros
813 5130 916 5185 sibi
955 5129 1187 5184 reddens
1216 5128 1445 5193 similes,
1469 5136 1522 5180 et
1549 5129 1620 5180 ita
1653 5126 1818 5181 Deum
1855 5125 2034 5194 ipsum

461 5224 672 5288 colens,
717 5220 782 5276 ad
813 5234 972 5289 quem
1001 5221 1185 5274 omnia
1218 5219 1285 5273 ab
1319 5217 1630 5272 hominibus
1687 5216 1823 5271 bene
1880 5225 2033 5285 gesta

464 5316 650 5374 redew
742 5313 1001 5385 quoniam
1045 5320 1098 5367 et
1120 5313 1292 5382 gratia
1338 5311 1545 5364 bonum
1591 5308 1827 5362 faciendi
1885 5308 2035 5361 illinc

465 5413 649 5465 desce.
672 5407 772 5462 dit.
809 5405 910 5473 Qui
944 5415 1122 5458 autem
1159 5403 1480 5467 reluctatur,
1521 5409 1576 5454 et
1610 5400 1835 5455 auribus
1877 5402 2038 5454 obtu-

470 5501 605 5556 ratis
665 5514 829 5555 omne
884 5496 1124 5552 studium
1182 5495 1233 5548 in
1275 5509 1339 5549 eo
1399 5493 1650 5555 collocat,
1713 5502 1771 5545 ut
1821 5493 2040 5546 resistat

473 5602 634 5661 atque
679 5591 1023 5654 retractetur,
1062 5588 1109 5642 is
1147 5585 1464 5657 magistrum
1497 5599 1523 5636 a
1553 5598 1662 5651 quo
1688 5583 1754 5637 ad
1783 5585 2038 5638 virtutem

476 5683 808 5748 sequendam
847 5683 1130 5746 incitatur,
1170 5687 1396 5735 coronat
1463 5676 1709 5746 quidem,
1763 5678 1876 5744 ipse
1915 5691 2041 5729 vero

2133 4481 2484 4547 περιφρονεῖν
2513 4480 2610 4532 καὶ
2647 4481 2714 4533 τὰ
2749 4481 2805 4546 ἐξ
2839 4481 3006 4534 αὐτοῦ
3034 4481 3194 4546 Θεοῦ,
3225 4483 3286 4548 ἐξ
3330 4477 3391 4536 οῦ
3419 4485 3714 4556 ὡμολόγη-

2130 4586 2244 4632 ται,
2270 4568 2459 4638 ὥσπερ
2495 4572 2602 4622 πᾶν
2655 4571 2886 4636 ἀγαθὸν,
2920 4570 3062 4624 οὕτω
3093 4573 3187 4625 κοιλ⁸
3225 4577 3291 4627 τὰ
3337 4575 3445 4628 τῶν
3470 4577 3718 4643 ἁγιωτά-

2134 4678 2240 4712 των
2267 4661 2605 4728 εὐαγγελίων
2637 4663 3062 4731 παραδεδόσθαι,
3093 4665 3187 4716 καὶ
3211 4665 3279 4717 τά
3305 4666 3417 4718 τῶν
3453 4667 3619 4720 θείων
3653 4671 3712 4721 δὲ

2134 4751 2452 4804 ἀποστόλων
2481 4752 2576 4804 καὶ
2600 4752 2806 4806 λοιπῶν
2859 4754 3213 4824 θεοκηρύκων
3244 4757 3340 4808 καὶ
3383 4757 3716 4829 διερμηνευ-

2133 4842 2242 4894 τῶν
2273 4842 2534 4913 καθήκειν
2565 4845 2645 4906 εἰς
2668 4846 2836 4912 ἡμᾶς.
2868 4845 2961 4896 Διδ
2994 4847 3087 4899 καὶ
3127 4849 3156 4898 ὁ
3197 4848 3297 4916 μὲν
3351 4849 3515 4912 αὐτὸς
3542 4852 3720 4904 οἰκει-

2137 4935 2390 5004 ούμενος,
2437 4935 2534 4988 καὶ
2585 4935 2655 4987 δι’
2688 4936 2867 4990 αὐτῶν
2913 4939 2994 4999 είς
3036 4939 3152 5007 ρίον
3200 4940 3583 5010 εὐθυνόμενος,
3615 4944 3719 4996 καὶ

2138 5027 2357 5096 ἐτέρους
2388 5025 2446 5079 δὲ
2503 5025 2851 5091 ἀπευθύνων,
2885 5029 2981 5081 τοῦ
3035 5029 3172 5082 Θεοῦ
3225 5033 3373 5084 ἐστὶν
3402 5033 3718 5104 ἄνθρωπος,

2137 5119 2360 5188 ὁμοίους
2391 5117 2541 5186 αὐτῷ
2600 5120 2770 5172 ποιιῖν
2814 5120 2940 5183 τοὺς
2991 5122 3396 5187 ὑπακούοντας,
3448 5128 3540 5179 καὶ
3569 5128 3721 5180 οὕτω

2141 5209 2464 5283 θεραπεύων
2495 5213 2586 5263 τὸν
2644 5209 2775 5262 Θεὸν
2810 5212 2996 5277 αὐτὸν,
3031 5218 3112 5276 εἰς
3175 5216 3233 5267 ὃν
3260 5217 3543 5272 ἀναϐαίνει
3575 5221 3718 5287 ἀγα-

2141 5305 2372 5377 θουργία
2400 5307 2549 5357 πᾶσα
2581 5307 2615 5375 ἡ
2651 5306 2708 5357 ὲν
2735 5304 3067 5375 ἀνθρώποις,
3111 5310 3308 5362 καθότι
3338 5312 3433 5364 καὶ
3470 5314 3504 5379 ή
3552 5314 3719 5382 χάρις

2141 5399 2234 5450 τοῦ
2261 5401 2524 5467 πράττειν
2557 5398 2616 5450 τὸ
2644 5397 2848 5466 ἀγαθὸν
2873 5399 3079 5452 ἐκεῖθεν
3125 5403 3528 5475 καταϐέϐηκεν.
3573 5405 3631 5458 '0
3654 5407 3718 5458 δέ

2142 5506 2202 5557 γε
2229 5490 2640 5553 ἀποδυσπετῶν,
2673 5491 2770 5543 καὶ
2800 5491 2896 5552 τὰς
2924 5491 3022 5560 μὲν
3044 5494 3212 5556 ἀκοὰς
3235 5495 3561 5561 ἀποκλείων,
3590 5498 3722 5560 τοὺς

2142 5581 2198 5632 δὲ
2233 5579 2407 5642 πόδας,
2435 5580 2528 5631 καὶ
2559 5579 2658 5642 τὰς
2686 5582 2876 5651 χεῖρας
2909 5583 3203 5646 εὐθετίζων
3254 5585 3333 5648 εἰς
3380 5588 3441 5639 τὸ
3472 5588 3724 5642 ἀντιϐαί-

2146 5690 2260 5724 νειν
2283 5677 2377 5724 καὶ
2400 5672 2810 5740 ἀντιπράττειν,
2844 5673 2935 5727 τὶν
2973 5674 3074 5745 μὲν
3117 5676 3439 5732 διδάσκοντα
3487 5683 3579 5734 καὶ
3612 5701 3717 5753 κη-
