4034 6206
337 352 448 424 373

555 502 945 514 -—-—-_—-—-—c—.-.
968 498 2748 514 mwmweo*o—~W
2792 500 2807 510 -
2907 502 2912 508 _

337 542 573 557 w—w'
674 542 729 543 7'
770 542 801 554 ν(
822 542 833 553 ⁷>
846 542 1839 557 ί--υ--υ--υ-Δ--ι--ο-οσ-ανΑ--Α-θ-ι--υ
1862 542 2905 558 “ﬁo—mi”.
3008 544 3459 557 mnm—o—r
3479 548 3485 551 -
3510 542 3555 555 νῆ

1648 499 1745 509 νος-ι.

1370 546 1461 554 σοι..-
1474 548 1521 554 ,4—

1534 543 1839 553 ψ

1616 356 1715 417 DE
1753 357 2298 422 SIMULATIONE.

1277 773 1477 888 DE
1575 768 2614 888 SlMULATlONE.

654 1260 769 1319 Τοῦ
808 1258 997 1316 αὐτοῦ
1031 1256 1165 1327 περὶ
1194 1256 1594 1325 ὑποκρίσεως.

407 1365 480 1412 α’.
526 1356 587 1409 '0
616 1353 974 1425 προθέμενος,
1005 1351 1334 1420 χαρακτῆρα
1355 1348 1454 1418 τῆς
1479 1346 1605 1399 οὔτε
1630 1342 1907 1414 εὐτέκνου,

334 1450 477 1505 ἀλλὰ
508 1449 607 1502 καὶ
658 1441 1003 1513 φαυλοτάτης
1048 1437 1494 1494 διατυπώσεσθαι
1539 1435 1911 1507 ὑποκρίσεως,

336 1541 547 1596 αὐτίκα
577 1538 795 1600 πάντως
828 1535 924 1590 καὶ
954 1533 1092 1587 κατὰ
1124 1531 1354 1603 ψεύδους
1399 1529 1566 1585 αύτοῦ
1596 1531 1784 1600 χωρεῖ,
1814 1526 1911 1580 τοῦ

336 1639 436 1692 καὶ
466 1631 784 1694 πολυειδοῦς
820 1629 916 1684 καὶ
960 1628 1027 1681 δι’
1060 1626 1194 1681 αὐτὸ
1236 1624 1614 1694 πολυσχιδοῦς,
1656 1624 1794 1691 ὅπερ
1833 1622 1915 1683 είς

341 1730 494 1792 lica;
525 1725 727 1787 πολλὰς
755 1724 1030 1777 διαϐαῖνον
1052 1720 1146 1774 καὶ
1168 1718 1288 1772 κατ’
1317 1718 1484 1779 αὑτὰς
1513 1715 1912 1788 διαιρούμενον,

336 1827 457 1897 ἔχει
492 1840 545 1875 τι
596 1817 855 1891 στρεϐλὸν
883 1816 1074 1877 σκέλος
1105 1812 1202 1869 καὶ
1243 1810 1304 1865 τδ
1351 1809 1703 1881 ὑποκριτικόν
1724 1824 1739 1840 ο
1775 1806 1917 1860 ὥστε

337 1916 488 1971 κατὰ
516 1916 611 1969 δύο
659 1910 872 1968 κακιῶν
902 1911 931 1965 ὁ
959 1908 1203 1971 τοιοῦτος
1249 1902 1520 1969 ἀεθλεύει,
1551 1902 1579 1956 δ
1609 1901 1707 1956 καὶ
1753 1901 1916 1972 ἡμεῖς

335 2011 472 2080 ἄρτι
503 2006 790 2076 ποιοῦμεν,
811 2002 906 2057 τοῦ
929 2018 988 2056 τε
1014 1999 1246 2071 ψεύδους
1278 1996 1494 2065 καὶτῆς
1526 1993 1875 2073 ὑποκρίσεως
1896 2008 1913 2025 ο

336 2102 409 2172 ἢν
440 2103 473 2169 ἡ
536 2098 636 2169 μὲν
693 2095 900 2150 παλαιὰ
957 2091 1173 2163 εὕρεσις
1218 2088 1309 2143 ἐπ’
1358 2087 1548 2157 ἁγαθῷ
1599 2084 1914 2157 μεθώδευσε

335 2191 607 2261 τεχνικῶς
653 2187 749 2241 καὶ
788 2185 963 2249 οὕτως
1012 2181 1311 2251 ἑπωςρελῶς
1340 2180 1417 2251 τῷ
1459 2177 1579 2249 βίῳ,
1617 2178 1667 2231 οἱ
1702 2175 1758 2229 δὲ
1815 2175 1916 2244 τῆς

336 2282 550 2355 ἀρετῆς
585 2279 867 2334 ἐπίϐουλοι
890 2276 1147 2346 δαίμονες
1181 2275 1238 2326 ὲν
1272 2271 1524 2342 ὑστέροις
1568 2270 1786 2341 χρόνοις
1814 2287 1917 2323 κα-

336 2379 458 2441 κῶς
496 2372 923 2445 τεχνησάμενοι,
964 2371 1020 2432 ὲς
1062 2364 1405 2441 ψυχοϐλαϐὲς
1436 2365 1533 2420 ικαὶ
1566 2363 1738 2433 αὐτὴν
1769 2361 1919 2432 ἐνέρ-

336 2485 503 2539 γημα
531 2465 927 2559 μετεποέησαν.
950 2457 1061 2515 Ἧν
1095 2462 1194 2547 μὲν
1223 2458 1352 2528 γὰρ,
1384 2458 1474 2512 ὅτε
1499 2456 1746 2526 θεάτροις
1771 2456 1919 2507 ἐνευ-

337 2562 601 2630 δοκίμουν
637 2546 776 2628 πρδς
806 2555 1025 2609 ἔπαινον
1053 2546 1252 2606 οἰκεῖον
1283 2552 1332 2605 ei
1374 2550 1687 2619 ὑποκριταὶ,
1722 2546 1917 2615 σοφίαν

339 2651 501 2707 αὐτοὶ
534 2646 990 2717 ιπικοσμοῦντες,
1029 2643 1097 2712 ἢν
1127 2642 1376 2711 ἑτέχνουν
1400 2641 1447 2692 oi
1476 2637 1578 2707 τῆς
1609 2638 1918 2708 τραγῳδίας

341 2743 689 2806 διδάσκαλοι,
735 2736 1129 2808 ἁνατρέχοντες
1159 2734 1239 2799 εἰς
1286 2731 1638 2799 παλαιγενεῖς
1672 2730 1919 2800 ἱστορίας

342 2838 568 2901 ἐκεῖνοι,
598 2832 781 2899 δεξιὰς
812 2828 1095 2885 παιδεύειν
1124 2826 1360 2896 σεμνῶς,
1406 2824 1500 2877 καὶ
1531 2822 1597 2877 τὰ
1626 2823 1745 2878 κατ’
1778 2822 1921 2876 ὲκεί-

343 2946 442 2991 νας
494 2926 769 2996 πρόσωπα
808 2923 883 2985 ὠς
918 2917 1030 2975 οἷον
1074 2916 1488 2983 ὲξανιστῶντες,
1543 2915 1635 2969 καί⁵
1665 2915 1743 2978 είς
1790 2913 1920 2969 θέαν

346 3019 690 3090 προάγοντες
727 3013 797 3068 δι’
823 3010 1057 3081 ἀνδρῶν,
1087 3009 1163 3071 ὼς
1201 3006 1376 3071 οὕτως
1406 3007 1605 3069 εἰπεῖν,
1638 3006 1921 3075 ὲκπροσωο

348 3110 729 3166 ποποιούντων
763 3103 1133 3177 ὑποκριτικῶς
1163 3101 1395 3164 ἐκείνοις
1423 3100 1480 3152 ἐν
1512 3116 1573 3152 τε
1600 3097 1921 3165 πιθανότητι

349 3204 603 3263 πλάσεως
653 3198 957 3270 ῥητορικῆς
1012 3197 1107 3251 καὶ
1149 3190 1539 3263 είκονόγραφίει
1588 3187 1920 3262 προσώπων,

349 3297 446 3353 καὶ
476 3299 534 3350 ἐν
566 3297 683 3357 τοῖς
724 3290 951 3346 ἐκείνων
981 3287 1182 3343 πάθεσί
1213 3302 1274 3340 τε
1315 3286 1407 3338 καὶ
1450 3283 1647 3352 λόγοις,
1684 3282 1787 3335 ὅσα
1828 3281 1924 3335 καὶ

351 3389 706 3457 κατόπτροις,
732 3381 1100 3447 εὐθετίζοντες
1130 3378 1266 3450 πρὸς
1287 3376 1490 3448 ἀρετῆς
1513 3374 1776 3447 καλλονὴν
1796 3374 1924 3437 τοὺς

350 3483 443 3535 καὶ
479 3476 791 3545 θεωμένους
844 3474 939 3527 καὶ
986 3470 1400 3542 ἀκροωμένους,
1452 3468 1547 3521 καὶ
1584 3468 1648 3539 τῇ
1697 3465 1925 3537 τοιαύτῃ

350 3569 832 3638 ἁνειδωλοποιήσει
856 3564 1060 3636 (δοτέον
1079 3563 1137 3615 δὲ
1158 3559 1702 3630 καϊἿτροσωποποιίᾳ
1728 3560 1923 3621 εἰπεῖν,

348 3666 451 3736 ἤδη
483 3663 542 3717 δὲ
590 3663 685 3716 καὶ
721 3655 1031 3728 ὑποκρίσει)
1071 3654 1393 3711 διδασκάλια
1436 3656 1495 3707 ὲν
1536 3650 1927 3723 βιϐλιογραφίᾳ

304 3794 311 3797 -
352 3755 737 3817 ὲκκαλοῦντες,
764 3751 834 3806 δι’
860 3744 935 3806 ῶν
975 3748 1071 3803 καὶ
1104 3745 1285 3801 αὐτῶν
1315 3744 1486 3800 εἰσέτι
1529 3742 1924 3814 καταρτίζεται

354 3850 463 3920 βίος
495 3850 524 3901 ὁ
548 3845 674 3900 καθ’
709 3844 875 3914 ἡμᾶς.

1938 1250 2005 1309 Α

2427 1247 2477 1303 Ε
2472 1249 2683 1319 jusdem
2711 1252 2773 1307 de
2799 1256 3157 1314 simulatione.

2090 1338 2142 1394 ί.
2186 1338 2287 1406 Qui
2317 1340 2423 1396 sibi
2464 1343 2714 1411 proponit
2760 1359 2864 1399 non
2890 1347 3199 1405 artiﬁciosa;
3227 1358 3459 1421 tantum,
3492 1356 3588 1411 sed

2016 1431 2360 1499 nequissimae
2416 1433 2778 1491 simulationis
2839 1437 3211 1496 characterem
3260 1445 3589 1513 exprimere,

2016 1522 2197 1576 statim
2235 1525 2456 1579 omnino
2525 1537 2717 1580 contra
2776 1527 3064 1585 falsitatem
3111 1532 3231 1602 ejus
3292 1535 3587 1601 invehitur.

2016 1627 2136 1681 quae
2168 1615 2545 1684 multiformis,
2582 1627 2636 1671 et
2676 1618 2881 1675 idcirco
2932 1621 3233 1692 multiplex.
3285 1625 3336 1681 in
3393 1628 3591 1685 multas

2015 1705 2225 1775 species
2261 1707 2555 1775 transiens,
2594 1717 2647 1763 et
2686 1715 2982 1767 secundum
3023 1713 3146 1771 illas
3184 1716 3379 1784 divisa,
3419 1736 3593 1774 mem-

2015 1794 2112 1850 bra
2136 1794 2465 1850 articulatim
2501 1808 2716 1868 torquet
2744 1810 2798 1854 et
2828 1800 2947 1857 loco
2972 1812 3170 1869 movet,
3197 1804 3267 1859 ita
3296 1815 3357 1860 ut
3383 1809 3481 1877 qui
3511 1811 3592 1868 sic

2017 1896 2252 1943 vexatur
2277 1897 2469 1944 contra
2504 1889 2611 1945 duo
2641 1890 2776 1945 mala
2806 1900 3009 1960 certet,
3040 1904 3098 1947 ut
3138 1910 3239 1951 nos
3294 1897 3592 1968 inpraesen-

2017 1976 2219 2033 tiarum
2250 1976 2515 2043 facimus,
2540 1978 2835 2035 falsitatem
2868 1991 2916 2037 et
2961 1983 3394 2057 simulationem;
3430 2005 3590 2060 quam

2016 2070 2235 2141 quidem
2280 2076 2437 2127 vetus
2486 2070 2725 2128 inventio
2783 2080 2849 2127 ad
2905 2075 3106 2132 bonum
3138 2079 3494 2138 artificialiter
3536 2094 3594 2139 et

2017 2161 2223 2216 utiliter
2238 2174 2337 2231 pro
2358 2163 2466 2215 vita
2487 2159 2765 2227 instruxit,
2787 2162 3136 2224 insidiatores
3176 2177 3355 2227 autem
3379 2172 3594 2231 virtutis

2017 2251 2289 2307 daemones
2318 2251 2371 2306 in
2404 2251 2607 2308 ultimis
2636 2255 2967 2324 temporibus
2999 2273 3162 2327 prava
3187 2263 3592 2322 machinatione

2018 2339 2072 2397 in
2104 2342 2473 2411 operationem
2504 2342 2699 2397 animis
2718 2345 3079 2415 perniciosam
3104 2351 3589 2413 transformarunt.

2020 2431 2258 2500 Tempus
2290 2432 2433 2486 enim
2469 2431 2574 2485 fuit
2599 2447 2706 2502 quo
2743 2436 2958 2507 propria
2984 2437 3143 2494 laude
3165 2441 3407 2499 celebres
3439 2459 3595 2502 erant

2028 2529 2270 2587 actores.
2324 2522 2546 2591 ingenio
2581 2538 2689 2593 quo
2741 2524 2844 2595 ipsi
2902 2527 3227 2585 adornantes
3254 2549 3417 2602 quam
3463 2538 3599 2591 arti.

1954 2608 1994 2666 Β
2027 2613 2273 2668 licialiter
2300 2614 2567 2669 creabant
2602 2615 2883 2683 tragaadiae
2920 2618 3192 2689 magistri,
3240 2624 3307 2676 ad
3339 2625 3596 2694 antiquas

2023 2713 2366 2758 recurrentes
2390 2703 2669 2769 historias,
2693 2720 2844 2773 aptas
2867 2708 2932 2760 ad
2960 2708 3243 2764 honestam
3267 2713 3590 2783 doctrinam,

2022 2805 2074 2848 et
2106 2794 2318 2848 illarum
2353 2811 2612 2866 personas
2646 2796 2796 2865 quasi
2851 2801 3178 2856 suscitantes
3212 2812 3266 2857 et
3300 2804 3370 2859 ob
3405 2807 3595 2862 oculos

2021 2895 2282 2955 ponentes
2304 2901 2399 2956 per
2420 2887 2691 2952 homines,
2723 2899 2780 2942 ut
2804 2890 2874 2943 ita
2898 2889 3210 2962 dicam,per
3237 2895 3591 2955 simulacrum

2022 2992 2146 3032 cum
2179 2976 2298 3034 istis
2332 2978 2739 3047 persouiiicatos
2764 2989 2818 3035 ct
2853 2982 2903 3035 in
2923 2985 3285 3051 persuasione
3316 2987 3602 3047 formatio-

2024 3067 2106 3123 nis
2130 3068 2415 3124 rhetoricae
2436 3077 2485 3124 et
2504 3073 2980 3140 repraesentatione
3002 3088 3378 3148 personarum,
3394 3081 3444 3136 iu
3464 3080 3599 3139 ista-

2028 3175 2145 3215 rum
2173 3162 2524 3232 passionibus
2555 3177 2615 3217 ac
2642 3165 3006 3231 sermonibus,
3041 3168 3187 3224 velut
3219 3170 3273 3225 in
3333 3177 3593 3242 speculis,

2025 3251 2377 3322 disponentes
2407 3253 2565 3324 juxta
2597 3256 2812 3310 virtutis
2857 3257 3313 3325 pulchritudinem
3348 3266 3593 3321 videntes

2026 3354 2082 3398 et
2142 3345 2447 3414 audientes,
2511 3355 2566 3401 et
2617 3348 2706 3402 tali
2776 3353 3256 3417 repraesentatione
3305 3357 3599 3428 (diceretur
3646 3390 3649 3395 -

2028 3444 2207 3489 autem
2232 3436 2621 3506 prosopopmia:
2666 3441 2936 3494 autetiam
2964 3442 3328 3501 simulationis
3349 3449 3594 3522 nomine)

2024 3534 2382 3594 provocantes
2429 3526 2481 3580 iu
2527 3527 2789 3583 librorum
2834 3531 3195 3602 descriptione
3244 3537 3588 3609 documenta,

2028 3614 2220 3671 auibus
2244 3613 2376 3685 ipsis
2403 3614 2577 3672 adhuc
2603 3618 2714 3672 vita
2748 3629 2931 3675 nostra
2966 3620 3315 3681 informatur.

424 3936 489 4008 β’.
513 3932 627 3990 Ἦν
676 3934 809 4002 γοῦν
837 3934 901 3985 ὲκ
933 3931 1031 4002 τῆς
1078 3929 1335 4000 τοιαύτης
1379 3929 1573 4000 τέχνης
1628 3927 1920 3996 μανθάνειν

2098 3926 2152 3982 2.
2193 3926 2273 3983 Ex
2298 3927 2397 3982 hac
2422 3928 2585 3996 igitur
2620 3936 2738 3983 arte
2772 3928 2984 3987 discere
3014 3937 3269 3999 poterant
3295 3942 3421 3988 tunc
3461 3944 3595 4001 teme

349 4032 476 4093 τοὺς
505 4028 629 4081 τότε
665 4023 1013 4094 ἀνθρώπους,
1044 4021 1159 4075 ἐστι
1199 4021 1257 4074 δὲ
1287 4022 1384 4075 καὶ
1423 4021 1552 4083 τοὺς
1584 4018 1699 4083 νῦν,
1753 4019 1922 4090 τύχης

356 4121 660 4194 μεταϐολὰς
699 4117 963 4182 παντοίας
1009 4117 1104 4171 καὶ
1158 4114 1307 4185 ἠθῶν
1346 4112 1623 4177 ποικιλίας
1664 4114 1758 4167 καὶ
1794 4111 1926 4183 βίων

352 4216 666 4287 ἁμυθήτους
701 4209 988 4281 διαφοράς.
1036 4206 1339 4275 Ἐδίδαξαν,
1372 4207 1469 4261 καὶ
1513 4206 1623 4275 μὴν
1665 4206 1748 4259 ἔτι
1780 4205 1924 4259 διδά-

355 4324 575 4363 σκουσιν
602 4307 663 4362 αι
716 4303 993 4375 βασιλικαὶ
1014 4300 1380 4372 δυσπραγίαι,
1408 4298 1475 4361 ἃς
1506 4300 1538 4369 ὴ
1590 4297 1927 4370 ὑποκριτικὴ

350 4406 515 4475 τέχνη
550 4402 910 4473 λογογραφεί,
960 4398 1036 4470 μὴ
1069 4398 1269 4469 χρῆναι
1300 4394 1582 4450 πιστεύειν
1628 4393 1707 4465 τῷ
1739 4395 1927 4463 περιό-

322 4516 472 4568 αιττῳ
514 4497 635 4567 βίῳ.
671 4490 1205 4564 δστήξεσθαι-νδιόλου
1240 4489 1299 4541 ὲν
1335 4489 1616 4557 περιωπῇ,
1647 4485 1787 4541 ἀλλά
1815 4503 1922 4540 που

350 4588 699 4642 εὐλαϐεῖσθαι
726 4585 821 4638 καὶ
851 4581 1259 4651 κατακύλισμα.
1295 4578 1577 4648 Ἔμπαλιν
1628 4579 1687 4633 δὲ
1716 4578 1924 4633 τούτων

348 4682 658 4752 ἐγνώρισαν
683 4680 815 4750 ἡμῖν
842 4678 898 4730 αἱ
924 4675 1034 4729 τῶν
1073 4673 1425 4744 χαμαιριφῶν
1448 4672 1753 4741 προσώπων
1781 4687 1928 4742 παρ-

347 4774 612 4845 υψὼσεις,
659 4770 724 4835 ἃς
757 4772 854 4824 καί⁵
884 4768 1114 4837 αύτὰςή
1150 4765 1442 4835 ὑπόκρισις
1487 4765 1674 4835 ἐκείνη
1721 4763 1921 4835 διεχει-

350 4868 542 4938 ρίσατο
575 4866 656 4927 εἰς
688 4862 971 4928 ἐπίδειξιν,
1001 4861 1064 4913 ού
1093 4859 1343 4930 φρενήρη
1366 4856 1655 4927 ἄνθρωπον
1683 4855 1845 4923 εἶναι,
1864 4856 1925 4921 ὃς

349 4958 565 5021 sedive;
601 4956 677 5010 ῶν
731 4954 1101 5024 ἀπογινώσκει
1146 4953 1247 5024 τὴν
1279 4953 1378 5006 σὺν
1430 4950 1551 5022 Θεῷ
1595 4951 1920 5023 ούράνωσιν.

354 5057 645 5122 Ἔγνωμεν
678 5049 892 5103 ἐκεῖθεν
932 5048 1048 5113 καὶ,
1080 5047 1256 5100 ὁπόσα
1301 5044 1483 5114 φαῦλα
1513 5046 1641 5108 τοὺς
1682 5043 1869 5114 ἥρωας
1895 5045 1924 5097 ὀ

352 5146 549 5214 φθόνος
579 5140 809 5206 διέθετο,
834 5142 1020 5194 εἰκότα
1048 5139 1177 5192 ὅντα
1198 5137 1497 5192 διαϐαίνειν
1518 5136 1596 5206 τῷ
1622 5137 1798 5207 χρόνῳ
1827 5133 1924 5188 καὶ

351 5240 431 5300 είς
454 5240 583 5301 τοὺς
610 5234 858 5305 ὕστερον.
890 5234 999 5287 Καὶ
1022 5234 1055 5302 ἡ
1083 5231 1305 5299 τοιαύτη
1331 5230 1531 5299 γνῶσις
1562 5227 1765 5299 βελτιοί
1793 5227 1921 5289 τοὺς

352 5332 585 5393 εἰδότας.
619 5328 734 5381 Ούκ
765 5327 979 5397 ἀφῆκαν
1014 5327 1069 5379 al.
1104 5323 1333 5376 παλαιαὶ
1368 5322 1690 5391 ὑποκρίσεις
1712 5324 1919 5375 ἐκεῖναι

351 5425 472 5479 οὐδὲ
518 5424 619 5494 τὴν
673 5422 860 5489 φιλίαν
907 5418 1396 5487 ἀπαρασήμαντον,
1437 5415 1575 5469 ἀλλὰ
1617 5415 1921 5470 διέστειλαν

352 5520 440 5571 καὶ
471 5517 645 5586 αὐτὴν
669 5514 866 5585 ὀρθῶς,
901 5514 976 5583 μὴ
1016 5510 1246 5581 ἔχουσαν
1276 5513 1334 5564 ὲν
1362 5510 1511 5579 καλῷ
1541 5509 1805 5579 καθιστᾷν
1839 5508 1920 5562 λι-

355 5617 513 5683 μένος
565 5613 693 5672 τοὺς
747 5608 877 5678 περὶ
931 5606 1046 5675 βίον
1096 5602 1549 5667 θαλαττεύοντας,
1597 5604 1648 5655 εί
1711 5604 1768 5656 δὲ
1827 5604 1922 5657 καὶ

353 5704 691 5775 στρεϐλωθῇ,
724 5700 988 5757 θανατοῦν
1015 5699 1152 5770 πρὸς
1180 5697 1334 5767 ὤραν
1361 5698 1487 5761 τοὺς
1521 5696 1739 5761 ἀθλίους
1766 5714 1920 5766 πεφι-

352 5816 646 5872 Ληίιενους.

2031 4017 2179 4085 poris
2210 4015 2476 4081 homines,
2510 4026 2740 4087 possunt
2769 4026 2948 4073 autem
2976 4019 3138 4075 etiam
3169 4022 3440 4090 hodierni,
3476 4042 3595 4081 om-

1988 4110 2277 4167 nimodas
2341 4107 2574 4167 fortuna;
2621 4107 2974 4178 mutationes,
3024 4127 3233 4169 morum
3282 4116 3592 4184 varietates,

2026 4213 2082 4256 et
2140 4203 2449 4259 innumeras
2505 4202 2628 4257 vitae
2678 4203 3113 4264 vicissitudines.
3174 4205 3484 4275 nocebant,
3540 4222 3599 4269 et

2028 4294 2326 4347 etiamnum
2355 4294 2553 4349 docent
2611 4307 2797 4364 regum
2829 4294 3147 4361 infortunia,
3198 4313 3317 4368 quae
3346 4309 3595 4358 actorum

2028 4398 2120 4440 ars
2175 4384 2389 4439 scenica
2421 4384 2703 4453 describit,
2737 4400 2843 4440 non
2874 4400 2998 4441 esse
3026 4389 3351 4443 credendum
3382 4396 3598 4461 conspi-

2027 4478 2235 4531 cienda:
2269 4476 2414 4538 vitae,
2448 4478 2501 4529 in
2559 4477 3047 4545 circumspectione
3074 4479 3294 4535 omnino
3321 4485 3596 4549 standum,

2027 4568 2123 4623 sed
2152 4568 2319 4623 etiam
2353 4582 2381 4619 a
2416 4567 2565 4636 lapsu
2625 4570 2946 4624 cavendum.
2994 4565 3197 4624 Verum
3245 4585 3277 4625 ο
3324 4576 3599 4629 contrario

2025 4666 2424 4728 prostratorum
2480 4658 2762 4713 hominum
2814 4660 3186 4726 elevationes,
3244 4678 3378 4732 quas
3431 4666 3595 4719 etiam

2028 4760 2247 4807 actores
2317 4750 2520 4805 dabant
2569 4752 2776 4820 passim
2824 4753 3171 4818 spectandas,
3214 4765 3399 4809 notum
3446 4758 3600 4813 uoltis

2026 4842 2290 4905 fecerunt,
2309 4858 2417 4897 non
2451 4857 2570 4897 esse
2595 4856 2743 4898 sanae
2766 4843 2963 4898 mentis
2999 4845 3397 4914 hominem,qui
3431 4861 3600 4917 super
3686 4862 3693 4865 ‘

2028 4942 2183 4988 terra
2216 4933 2474 5003 gradiens
2527 4933 2864 4989 mansionem
2930 4948 3054 4988 cum
3093 4934 3202 4989 Deo
3229 4935 3283 4989 iu
3316 4937 3458 4994 ctelo
3489 4952 3599 4993 non

2024 5031 2226 5091 speret.
2252 5020 2458 5076 Exinde
2481 5036 2695 5093 quoque
2708 5021 3060 5091 cognovimus
3084 5031 3217 5092 quot
3266 5024 3441 5091 malis,
3478 5040 3600 5095 quia

2026 5113 2397 5167 verisimiliter
2431 5115 2496 5166 ad
2541 5123 2788 5181 posteros
2825 5122 2985 5169 erant
3042 5117 3361 5181 transitura,
3407 5117 3600 5172 heroes

2027 5204 2224 5260 invidia
2278 5204 2537 5260 effecerit.
2586 5204 2652 5259 Et
2702 5204 2825 5259 talis
2889 5204 3081 5260 notitia
3128 5206 3377 5263 meliores
3425 5205 3601 5263 reddit

1956 5285 1999 5341 Β
2026 5297 2287 5354 scientes.
2315 5295 2436 5352 Non
2467 5296 2929 5367 rellqueruntjllae
2976 5296 3351 5352 simulationes
3366 5295 3601 5365 antiqua:

2029 5389 2326 5445 amicitiam
2383 5388 2839 5457 irrepreheusam.
2871 5387 2966 5445 sed
3030 5400 3083 5442 et
3118 5391 3271 5441 istum
3304 5394 3447 5439 recte
3488 5386 3600 5440 dis-

2029 5484 2332 5547 tinxerunt,
2381 5494 2502 5550 qua:
2562 5494 2673 5535 non
2730 5477 2873 5532 valet
2924 5477 2981 5532 in
3022 5488 3177 5546 portu
3233 5481 3349 5526 tuto
3405 5474 3601 5532 sistere

2024 5589 2121 5645 per
2149 5572 2313 5628 vitam
2344 5572 2683 5640 navigantes,
2748 5566 2861 5623 imo
2894 5564 2943 5621 si
2992 5561 3335 5635 pervertitur,
3371 5559 3602 5621 infortu-

2025 5675 2181 5724 natos
2209 5665 2433 5723 dilectos
2459 5663 2528 5719 ad
2562 5663 2747 5721 horam
2774 5657 2934 5716 morti
2959 5656 3145 5712 trudit.
