3950 6208
443 337 549 404 375

1135 321 1559 388 EUSTATHII
1592 315 2042 383 THESSALON

2157 315 2358 378 iNSIS
2397 310 2762 378 METROP‘)
2774 309 2969 372 ΙᾸΤΕ

3588 291 3696 360 3τ6

513 453 568 507 3.
619 446 761 514 Quid
815 441 948 498 mihi
1024 453 1154 495 vero
1205 436 1623 494 diacurrendum
1677 447 1774 503 per
1819 428 2032 502 singula

2208 431 2278 502 γ’.
2309 431 2376 487 Τί
2401 430 2458 485 δέ
2483 443 2577 499 μοι
2620 421 2933 491 ἐπεξελθεῖν
2966 417 3111 476 κατὰ
3155 414 3327 488 μέρος
3374 410 3491 476 τοῖς
3517 408 3699 464 τοιού-

448 542 636 598 talium
669 550 865 606 magna
902 547 968 590 ex
995 538 1148 602 parte
1179 530 1468 594 bonorum,
1505 540 1628 582 cum
1661 523 1804 580 bene
1845 524 2026 578 scien-

2131 545 2244 592 τοις
2274 527 2355 590 είς
2387 523 2550 580 πλέον
2581 521 2830 591 ἀγαθοῖς,
2864 515 2987 570 δέον
3024 511 3087 567 δν
3115 504 3569 579 ὕποκρούσασθαι
3588 502 3701 592 τοῖς

448 637 595 692 tibus
621 585 864 688 indic'are
885 585 1138 686 sufficiat,
1163 620 1304 690 quod
1331 585 1642 689 huiusmodi
1663 611 2029 670 simulationis

2157 621 2196 676 ηῦ
2221 585 2441 683 εἰδόσιν,
2471 617 2548 680 ὡς
2591 585 2652 668 τδ
2678 611 2780 682 τῆς
2837 605 3101 675 τοιαύτης
3158 599 3508 669 ὑποκρίσεως
3563 585 3704 652 εἶδος

449 727 662 800 species
691 717 1062 778 emnimodam
1091 729 1156 770 ex
1189 712 1420 769 historia
1461 710 1715 766 virtutem
1768 715 1823 762 et
1866 702 2028 760 mali-

2134 710 2401 770 παντοίαν
2441 703 2732 776 ίστορικῶς
2771 699 2980 771 ἀρετήν
3008 711 3070 749 τε
3103 694 3197 749 καὶ
3229 688 3431 745 κακίαν
3469 686 3585 748 τοῖς
3609 683 3708 776 ἀρ-

910 824 976 865 ac
1032 804 1336 861 audiendas
1387 800 1625 871 antiquis
1671 797 2030 869 proponebat,

2157 802 2312 873 [αίοις
2341 772 2669 864 ἐξέθετο-είς
2697 807 2760 846 τε
2794 791 3070 861 πρόοπτον
3107 785 3204 838 καὶ
3235 783 3317 844 είς
3348 778 3608 846 ἐπήκοον,
3632 772 3712 836 ὣς

447 922 506 966 ιιι
531 909 676 965 illam
717 904 937 976 quidem
998 897 1316 969 probarent,
1365 895 1506 950 hanc
1527 905 1654 947 vero
1708 885 2032 958 rejicerent?

450 1001 662 1058 Bonum
701 999 809 1053 hoc
841 991 1039 1049 exinde
1072 985 1291 1044 transiit
1320 987 1386 1041 ad
1411 993 1683 1054 posteros,
1723 989 1783 1033 ut
1809 993 1914 1034 non
1942 991 2034 1031 so-

450 1095 559 1150 lum
587 1107 619 1148 e
659 1086 967 1144 viventibus
997 1091 1312 1136 mutuemur
1334 1075 1462 1132 boni
1501 1073 1784 1129 scientiam
1809 1086 1826 1136 ;
1859 1067 1952 1124 sed
1977 1075 2033 1122 et

449 1201 573 1240 eum
611 1180 838 1234 mortuis
866 1190 959 1244 per
982 1174 1122 1228 hanc
1157 1167 1582 1226 transactiouem
1624 1167 2032 1224 conversantes,

453 1281 621 1328 vitam
641 1267 826 1323 virtuti
849 1275 1144 1331 congruam
1173 1256 1557 1327 adipiscamur.
1579 1252 1644 1306 Et
1676 1250 1800 1304 talis
1815 1247 2031 1318 quidem

430 1373 574 1426 erat
636 1371 767 1417 tunc
811 1355 1026 1413 scenica
1087 1349 1500 1413 demonstratio,
1558 1361 1680 1402 cum
1753 1339 2036 1414 rationalis

455 1466 602 1514 esset
632 1461 994 1524 personarum
1022 1453 1074 1499 et
1103 1444 1380 1496 actionum
1411 1436 1667 1501 imitatio,
1712 1441 1766 1488 et
1812 1432 1866 1487 in
1917 1429 2039 1487 istis

456 1519 776 1619 qualitatum
855 1533 1182 1604 ﬂorilegium
1235 1531 1301 1584 ad
1359 1527 1732 1584 studiosorum
1795 1519 2040 1590 discipli-

2131 867 2230 963 ⁸τὴν
2250 891 2347 961 μέν
2368 888 2608 952 ἐκείνους
2629 882 2925 956 αἱρεῖσθαι,
2951 878 3050 949 τὴν
3067 877 3124 932 δέ
3143 867 3710 944 ἀποπροσποιεῖσθαις

2138 986 2204 1038 '0
2234 984 2300 1055 δὴ
2321 982 2486 1038 καλὸν
2515 978 2730 1034 ἐκεῖθεν
2759 972 2970 1045 κατίση
2999 972 3096 1025 καὶ
3119 970 3200 1032 είς
3224 965 3351 1028 τοὺς
3381 963 3707 1034 μετέπειτα,

2135 1078 2224 1132 ἴνα
2255 1049 2334 1149 μὴ
2365 1074 2531 1145 μόνον
2553 1073 2620 1126 ἐκ
2645 1070 2753 1125 τῶν
2799 1067 3019 1133 ζώντων
3063 1056 3452 1134 ἐρανιζώμεθα
3481 1053 3583 1124 τὴν
3615 1049 3711 1105 τοῦ

2137 1142 2348 1239 ἀγαθοῦ
2369 1142 2647 1238 μάθησιν,
2698 1160 2836 1218 ἀλλὰ
2882 1158 2980 1212 καὶ
3032 1156 3248 1224 νεκροῖς
3289 1147 3608 1221 ὁμιλοῦντες
3641 1142 3712 1196 δι’

2139 1261 2484 1332 ὑποκρίσεως
2512 1257 2750 1326 ἐκείνης,
2774 1253 2873 1324 τὴν
2902 1250 3024 1305 κατ’
3045 1242 3246 1318 ἀρετὴν
3275 1243 3423 1312 ζωὴν
3449 1254 3716 1312 προσεπι-

2138 1331 2419 1426 κτώμεθα.
2449 1350 2560 1406 Καὶ
2585 1347 2810 1416 τοιαύτη
2843 1344 2941 1416 μέν
2964 1338 3032 1413 ἦν
3060 1342 3150 1396 ὅτε
3176 1340 3210 1409 ἠ
3234 1331 3562 1406 ὑποκριτικὴ
3591 1331 3716 1384 ἐπί-

2139 1449 2325 1516 δειξις,
2359 1445 2593 1518 μίμησις
2623 1441 2762 1496 οῦσα
2806 1434 3116 1510 προσώπων
3149 1448 3208 1486 τε
3243 1429 3337 1484 καὶ
3367 1426 3718 1500 πραγμάτων

2141 1541 2384 1610 ἐλλογος,
2435 1537 2532 1591 καὶ
2563 1532 2910 1600 ἀνθολόγημα
2942 1527 3043 1598 τῆς
3083 1526 3142 1580 ἐν
3170 1521 3399 1584 ἐκείνοις
3420 1519 3719 1610 ποιότητος

457 1595 604 1695 nam.
642 1632 709 1686 Et
734 1636 850 1685 erat
880 1595 1067 1694 huius"
1087 1617 1346 1689 temporis
1379 1625 1531 1672 actor
1554 1615 1809 1671 scenicus
1857 1609 2041 1666 omnis

2157 1635 2237 1689 isti.
2276 1595 2563 1687 ἒιᾷίδεύσει
2615 1623 2724 1679 τῶν
2763 1595 3228 1689 ἐντυγχανόντων.
3264 1612 3374 1667 Καὶ
3419 1605 3489 1681 ἦν
3519 1609 3548 1662 δ
3591 1595 3737 1682 τότε,

459 1724 680 1782 virtutis
711 1726 1040 1791 praceptor,
1065 1711 1414 1766 introducens
1439 1705 1653 1774 quidem
1687 1702 1742 1756 in
1768 1703 2038 1757 theatrum

2157 1723 2454 1796 ὒποκριτὴς
2488 1717 2686 1790 ἀρετῆς
2717 1713 2935 1781 ἁπάσης
2967 1705 3310 1772 διδάσκαλος,
3353 1699 3717 1773 παρεισάγων

467 1761 680 1782 una...
713 1761 1040 1791 r...--,---,
1222 1761 1267 1763 -,
1302 1761 1337 1762 η
1455 1761 1473 1774 ⁸

466 1820 633 1875 etiam
688 1808 1018 1866 malitiarum
1067 1813 1244 1871 typos,
1305 1811 1412 1853 nou
1458 1806 1516 1850 ut
1558 1798 1680 1862 quis
1727 1805 1913 1848 earum
1962 1789 2044 1843 in-

2157 1761 2450 1796 υηυηιηνσιν
2490 1761 2685 1790 *ι’-νιν
2718 1761 2932 1781 -ην---μ
2977 1761 3064 1764 -ην
3271 1761 3309 1772 -,
3437 1761 3449 1773 ,
3611 1761 3624 1767 _

2157 1818 2251 1890 μέν
2281 1816 2362 1878 είς
2393 1811 2455 1866 τὸ
2513 1809 2740 1879 θέατρον
2771 1805 2868 1858 καὶ
2897 1803 3105 1862 τύπους
3151 1795 3380 1859 κακιτῖιν,
3423 1794 3523 1862 οὐχ
3574 1790 3723 1842 ὥστε

461 1913 650 1968 dueret
669 1903 920 1962 fortnam,
961 1893 1056 1949 sed
1087 1903 1147 1947 ut
1179 1891 1349 1958 ipsam
1371 1894 1733 1941 aversaretur.
1780 1877 1848 1938 Ut
1883 1881 2041 1936 aliter

2157 1877 2258 1979 μὴν
2292 1877 2659 1977 μορφωθῆναίή
2685 1914 2810 1951 τινα
2859 1893 2995 1964 πρὸς
3022 1889 3213 1953 αὑτὰς,
3261 1885 3374 1940 ἀλλ’
3405 1883 3481 1946 ώς
3521 1880 3724 1950 ἐκτρέ-

463 2001 666 2063 dicam,
697 1991 876 2065 quoad
902 1987 1112 2042 vultum
1151 1981 1405 2044 mendax,
1439 1977 1493 2032 in
1527 1974 1842 2046 magisterio
1873 1986 2040 2028 verax

2157 1968 2392 2069 Iba-coal."
2411 1968 2599 2046 ⁷είπείν
2624 1989 2681 2043 δέ
2711 1987 2808 2042 καὶ
2839 1985 3036 2048 ἄλλως,
3061 1979 3391 2051 ψευδόμενος
3423 1976 3631 2035 δκεῖνος
3653 1968 3725 2022 τδ

463 2103 624 2158 erat;
657 2096 713 2142 et
750 2086 1004 2156 poterant
1059 2082 1396 2147 spectatores
1428 2080 1556 2124 tunc
1609 2067 1709 2122 sibi
1763 2065 2040 2120 luerosum

467 2155 695 2239 reddere
745 2155 1084 2231 mendacium
1129 2176 1185 2222 et
1227 2163 1359 2219 illud
1415 2155 1712 2226 laudabile,
1761 2156 1851 2213 ubi
1901 2155 2042 2226 quod

465 2273 698 2345 spissum
717 2277 772 2322 et
793 2261 1049 2320 sensibile
1068 2267 1204 2320 erat,
1227 2253 1438 2310 veritati
1455 2267 1556 2308 non
1583 2261 1699 2306 erat
1717 2263 2040 2321 congruum;

466 2340 612 2439 quod
667 2355 846 2416 autem
905 2354 972 2409 ad
1014 2349 1338 2407 sententiam
1369 2343 1703 2401 enuntiatam
1741 2340 2042 2411 spectabat,

467 2461 662 2519 animae
690 2450 933 2525 quaedam
961 2454 1078 2500 erat
1111 2442 1302 2512 figura.

537 2553 595 2608 ι.
640 2522 756 2602 Dici
785 2555 912 2598 vero
945 2549 1160 2610 quoque
1193 2539 1367 2602 potest
1396 2525 1657 2600 ejusmodi
1683 2532 1841 2580 actor
1890 2522 2044 2592 quasi

469 2638 842 2702 substantivus
881 2641 1086 2686 sermo.
1155 2623 1397 2692 Corpore
1452 2631 1687 2688 namque
1750 2620 2046 2686 personato

468 2743 695 2806 prorsus
727 2729 910 2789 fictus,
932 2715 1240 2786 disciplinis
1274 2708 1704 2768 substantialiter
1738 2707 2042 2771 constabat,

468 2798 526 2884 et
556 2823 742 2893 aliquo
773 2817 934 2873 modo
970 2812 1258 2866 videbatur
1291 2805 1382 2860 ille
1414 2803 1692 2858 inharens
1731 2798 1928 2854 animis
1955 2800 2048 2852 he-

472 2891 668 2982 roicis,
723 2928 752 2966 a
805 2907 1001 2980 quibus
1056 2901 1268 2956 fortiter
1312 2895 1605 2965 inspiratus
1650 2891 1912 2946 edocebat
1954 2905 2048 2943 au-

471 2981 699 3066 ditores.
745 2997 1070 3055 Rectissime
1100 2991 1262 3047 etiam
1301 2986 1503 3042 dixeris
1538 2985 1686 3038 illum
1727 2992 1786 3037 ut
1814 2981 2044 3036 monitoo

474 3115 612 3166 rem,
655 3094 864 3149 alienos
914 3095 1198 3141 sermones
1255 3080 1391 3133 bene
1435 3069 1894 3132 transmittentem
1947 3085 2049 3127 au-

476 3189 790 3252 dientibus;
855 3183 969 3237 sive
1007 3175 1164 3249 quasi
1219 3173 1533 3234 bifrontem,
1573 3185 1603 3227 e
1637 3168 2051 3237 vultibus,uno,

474 3285 576 3341 etsi
612 3294 718 3337 non
765 3271 1044 3347 quomodo
1092 3267 1305 3323 celeber
1375 3261 1565 3327 Janus,
1610 3269 1888 3326 utentem;
1940 3259 2056 3314 sive

481 3372 770 3448 quemdam
791 3365 1080 3436 duplicem,
1099 3359 1203 3415 etsi
1222 3357 1377 3412 aliter
1391 3369 1552 3426 quam
1570 3352 1890 3408 Molionida’.
1919 3352 2058 3406 lma-

482 3442 758 3540 ginaretur
790 3455 985 3526 aliquis
1013 3457 1066 3507 in
1101 3450 1224 3514 illo,
1257 3444 1788 3515 metempsychoseos
1815 3442 2054 3507 nomine,

486 3535 858 3629 portentosam
910 3543 1357 3601 transfusiOnent.
1417 3537 1518 3604 Qui
1558 3550 1686 3591 vero
1712 3545 1890 3590 mente
1922 3535 2057 3590 sim-

484 3625 606 3722 plex
642 3653 750 3707 est,
786 3638 932 3694 velut
976 3629 1371 3690 mandatatium
1431 3625 1590 3682 talem
1642 3627 2057 3693 nuneupaverit,

487 3719 737 3814 personis
765 3731 1002 3790 heroicis
1056 3721 1506 3784 subservientem,
1567 3719 1724 3789 quasi
1775 3731 2062 3773 sermones

481 3809 720 3910 ipsarum
759 3837 813 3884 et
841 3825 1084 3880 actiones
1111 3816 1377 3874 imitando
1408 3813 1758 3884 exprimeret,
1787 3825 1890 3865 non
1918 3809 2062 3881 judi-

486 3901 622 3986 cans
654 3923 868 3993 quidem
911 3911 1213 3969 secundum
1261 3906 1404 3971 illas,
1429 3904 1537 3970 vel,
1578 3913 1638 3958 ut
1676 3903 1818 3958 idem
1859 3901 2061 3968 dicam,

481 4021 799 4076 discernens
816 4008 900 4063 vel
931 4006 1260 4066 decernens,
1281 4006 1337 4053 et
1365 3997 1442 4050 ita
1483 3996 1654 4066 iudex
1707 4009 1798 4049 res
1823 3993 2060 4063 ipsarum

482 4105 875 4167 determinatus,
897 4105 954 4150 ut
985 4104 1108 4163 agat
1131 4101 1187 4147 et
1215 4091 1363 4144 dicat
1380 4102 1504 4157 quae
1515 4089 1733 4158 quidem
1757 4085 1863 4140 illa:
1883 4087 2062 4153 reipsa

485 4198 742 4254 fecissent
777 4203 838 4243 at:
872 4184 1162 4240 dixissent.

555 4365 616 4421 5.
653 4361 829 4416 Aliter
863 4357 1014 4412 enim
1037 4353 1204 4424 iudex
1265 4349 1585 4420 simpliciter
1625 4349 1922 4404 diceretur:
1957 4349 2065 4406 Sed

2149 2062 2464 2159 πρόσωπον,
2522 2077 2916 2152 ἀληθιζόμενος
2959 2071 3030 2143 ἦν
3079 2073 3170 2127 τὸν
3224 2067 3548 2124 διδάσκαλον
3571 2079 3588 2096 ·
3624 2062 3726 2117 καὶ

2149 2154 2294 2252 dicit
2341 2177 2392 2230 οί
2427 2173 2620 2229 θεαταὶ
2662 2167 2986 2240 πορίζεσθαι
3035 2161 3340 2236 τηνικαῦτα
3383 2158 3581 2231 ψεῦδος
3623 2154 3726 2207 καὶ

2151 2271 2330 2324 ἐκεῖνο
2356 2263 2662 2330 ἐπαινετὸν,
2697 2255 2758 2316 οὗ
2781 2261 2841 2314 τὸ
2873 2259 2970 2330 μέν
2995 2258 3144 2329 παχὺ
3173 2256 3267 2310 καὶ
3290 2252 3426 2324 πρὸς
3465 2248 3727 2318 αἴσθησιν

2150 2359 2308 2415 οῦδέν
2327 2343 2654 2425 οὐδόλωςῆν
2695 2351 2831 2422 πρὸς
2857 2348 3137 2420 ἀλήθειαν,
3171 2345 3233 2400 τδ
3256 2344 3314 2399 δέ
3345 2342 3480 2413 πρὸς
3509 2339 3726 2392 ἔννοιαν

2151 2452 2251 2521 τὴν
2288 2445 2696 2516 ἐκλαλουμένην
2725 2441 2906 2513 ψυχῆς
2934 2435 3004 2511 ἧν
3031 2457 3085 2494 τι
3119 2437 3415 2509 μόρφωμα.

2221 2539 2286 2597 δ’.
2317 2541 2474 2594 Ἐστι
2506 2537 2563 2590 δέ
2608 2535 2700 2589 τὸν
2731 2531 3034 2604 ὑποκριτὴν
3065 2531 3272 2584 ἐκεῖνον
3311 2525 3489 2579 εἰπεῖν
3517 2522 3613 2576 καὶ
3639 2519 3728 2586 ὥς

2149 2628 2264 2687 οἷον
2286 2630 2445 2700 λόγον
2471 2628 2816 2698 αὐτόχρημα.
2844 2624 2919 2678 Τδ
2950 2624 3060 2695 γὰρ
3091 2621 3213 2675 καθ’
3237 2619 3528 2689 ῦπόκρισιν
3555 2615 3729 2683 σῶμα

2151 2724 2481 2796 ψευδόμενος
2503 2721 2583 2784 είς
2612 2717 2673 2772 τδ
2711 2718 2842 2783 πᾶν,
2879 2717 2998 2779 ταῖς
3042 2711 3174 2784 γοῦν
3218 2708 3588 2770 διδασκαλίαις
3627 2705 3731 2761 οὐ·

2155 2815 2343 2880 σίωτο,
2371 2810 2467 2866 καί
2497 2827 2615 2872 πως
2645 2806 2808 2879 ἐῴκει
2837 2806 3067 2876 κάτοχος
3104 2804 3312 2863 ἐκεῖνος
3351 2797 3493 2855 εἶναι
3522 2798 3734 2868 ψυχαῖς

2158 2907 2446 2979 ήρωῖκαῖς,
2480 2902 2574 2971 ὑφ’
2616 2894 2692 2955 ὧν
2741 2895 3149 2969 ψυχαγωγικῶς
3197 2893 3566 2965 ἐμπνεόμενος
3614 2887 3736 2940 ἐδίο

2155 2975 2321 3051 δἀσκε
2349 2993 2476 3055 τοὺς
2497 2988 2795 3060 ἀκροατάς.
2825 2985 2990 3051 Τάξοι
3031 2985 3088 3038 δέ
3118 2983 3184 3040 ἄν
3213 2999 3301 3044 τις
3324 2979 3487 3033 αὐτὸν
3523 2977 3618 3030 καὶ
3647 2975 3735 3036 ὡς

2077 3107 2124 3167 c
2155 3089 2235 3152 είς
2259 3083 2550 3149 ὑποδολέα,
2571 3081 2762 3151 λόγους
2788 3077 3103 3148 ἀλλοτρίους
3121 3071 3430 3134 εὐθυσόλως
3453 3068 3739 3140 πορθμεύ-

2154 3195 2286 3234 οντα
2314 3179 2425 3240 τοῖς
2450 3172 2826 3244 ἀκροωμένοις
2850 3186 2864 3200 ο
2923 3167 2958 3240 ἢ
2996 3169 3092 3221 καὶ
3125 3165 3202 3229 ώς
3226 3159 3337 3218 οἷον
3377 3161 3736 3231 διπρόσωπον

2157 3269 2370 3341 θατέρῳ
2403 3269 2517 3321 τοῖν
2542 3263 2862 3336 προσώπόιν
2896 3259 3247 3332 ἐνεργοῦντα,
3277 3257 3326 3310 εί
3351 3255 3445 3309 καὶ
3472 3252 3547 3325 μὴ
3582 3253 3737 3307 κατὰ

2156 3365 2248 3418 τὸν
2279 3359 2674 3431 περιᾳδόμενον
2716 3356 2962 3408 Ἰαννον·
2999 3353 3034 3422 ἢ
3079 3352 3178 3404 καὶ
3226 3347 3451 3402 διπλοῦν
3500 3362 3646 3406 τινα,
3685 3345 3738 3398 εί

2157 3456 2254 3509 καὶ
2277 3452 2470 3516 ἄλλως,
2503 3451 2646 3519 ἥπερ
2670 3447 2720 3500 οἱ
2749 3443 3087 3500 Μολιονίδαι.
3111 3439 3456 3508 Φαντάσηται
3484 3435 3530 3490 δ’
3553 3435 3621 3490 ἄν
3646 3451 3738 3498 τις

2159 3547 2216 3598 ἐν
2245 3543 2322 3611 τῷ
2359 3539 2586 3608 τοιούτῳ
2619 3539 2712 3591 καὶ
2739 3534 2833 3588 τὸν
2874 3531 3314 3604 τερατευόμενον
3349 3525 3737 3598 μεταγγισμδν

2161 3633 2634 3708 μετεμψυχώσεως
2659 3629 2805 3699 λόγῳ
2825 3665 2841 3682 .
2883 3627 2944 3680 '0
2963 3625 3020 3679 δέ
3048 3625 3140 3678 τὸν
3171 3622 3295 3676 νοῦν
3316 3621 3605 3691 ἀπέριττος
3635 3619 3740 3672 καὶ

2159 3728 2234 3793 ώς
2262 3728 2343 3790 είς
2365 3723 2584 3778 ἐντολέα
2626 3721 2717 3774 τὸν
2754 3719 2996 3773 τοιοῦτον
3023 3713 3380 3787 ἐγγράφεται,
3422 3710 3745 3780 καθυπουρ-

2160 3819 2362 3889 γοῦντα
2394 3812 2707 3884 προσώποις
2749 3812 3033 3881 ἡρωϊκοῖς,
3063 3807 3197 3861 ώσεὶ
3226 3808 3321 3860 καὶ
3350 3805 3542 3873 λόγους
3591 3803 3744 3856 ἐκεί-

2162 3928 2270 3967 νων
2295 3909 2392 3962 καὶ
2425 3907 2562 3976 ἔργα
2594 3903 2734 3974 πρὸς
2767 3903 3003 3973 μίμησιν
3032 3899 3363 3970 ἐξεμάττετο
3386 3913 3400 3928 ·
3436 3897 3496 3950 οὗ
3529 3895 3742 3966 κρίνων

2166 4003 2266 4074 μέν
2295 4000 2416 4053 κατ’
2455 3995 2726 4059 ἐκείνους,
2779 3993 2977 4046 ταύτὸν
3026 3991 3072 4044 δ’
3102 3991 3299 4054 εἰπεῖν,
3353 3987 3649 4058 διακρίνων
3703 3986 3740 4055 ἢ

2161 4092 2483 4162 ἐπικρίνων,
2511 4088 2607 4142 καὶ
2636 4083 2782 4138 οὕτω
2827 4082 3097 4154 κριτικῶς
3130 4080 3356 4152 ὁρίζων,
3383 4080 3521 4133 αὐτὰ
3547 4079 3614 4150 δὴ
3669 4079 3742 4133 τὰ

2163 4187 2410 4247 ἐκείνων,
2440 4181 2530 4235 ίνα
2563 4179 2658 4234 καὶ
2683 4179 2813 4248 ποιῇ
2837 4177 2931 4230 καὶ
2955 4174 3112 4248 λέγῃ,
3140 4174 3286 4245 ἅπερ
3308 4172 3377 4228 ἂν
3405 4175 3606 4227 ἐκεῖνοι
3637 4172 3745 4227 αὖ·

2161 4277 2439 4330 τόγοημα.

2382 4293 2439 4329 α.

2226 4293 2410 4421 ἷῖηὲιέί
2449 4364 2560 4435 γὰρ
2582 4362 2650 4418 ἂν
2683 4361 2876 4433 κριτὴς
2903 4358 3209 4422 ἁσυνθέτως
3243 4357 3482 4426 ἐλέγετο.
3512 4356 3630 4410 Νῦν
3657 4357 3738 4420 δέ,

486 4470 653 4522 nunc,
699 4461 759 4508 ut
789 4455 1135 4520 comparatus
1162 4443 1228 4499 ad
1283 4443 1480 4498 ducem
1511 4452 1566 4497 et
1597 4441 1665 4496 ad
1700 4450 1980 4510 praetorem
2011 4453 2051 4498 et

2167 4459 2359 4528 ὥσπερ
2384 4457 2502 4510 ἐστὶ
2542 4455 2680 4526 πρὸς
2703 4455 2797 4507 τὸν
2825 4451 2992 4506 δοῦκα
3019 4452 3116 4504 καὶ
3151 4449 3289 4522 πρὸς
3313 4450 3408 4502 τὸν
3437 4449 3744 4519 πρακτῆρα

484 4549 554 4604 ad
613 4541 845 4614 imperio
903 4538 1142 4593 maximo
1179 4535 1554 4606 praepositum,
1593 4539 1682 4588 est
1734 4532 2059 4602 subpraetor,

483 4651 539 4697 et
559 4640 772 4695 subdux
819 4643 876 4689 et
905 4629 1253 4702 ,byparcbus,
1283 4627 1361 4682 sic
1407 4635 1461 4680 et
1511 4627 1578 4680 ad
1618 4625 1856 4693 judieem
1915 4625 2060 4679 illum

489 4732 852 4804 pracipuum,
880 4726 965 4780 cui
989 4721 1143 4792 quasi
1173 4721 1351 4774 thema
1385 4717 1570 4773 subest
1594 4718 1950 4786 primitivum,
1981 4727 2066 4773 est

486 4835 642 4880 actor
691 4822 977 4884 seenieus;
1023 4813 1280 4880 colligens
1340 4812 1556 4878 quidem
1611 4820 1666 4864 et
1711 4809 1828 4879 ipse
1875 4813 2064 4866 critico

487 4917 668 4981 modo,
726 4926 887 4981 opera
955 4916 1010 4962 et
1076 4905 1260 4967 verba,
1324 4902 1484 4956 ambo
1535 4902 1776 4965 beroica,
1827 4917 1935 4957 non
1982 4913 2065 4957 ta-

487 5022 610 5064 men
670 5001 1101 5058 indubitabiliter
1151 4997 1242 5054 illa
1289 4996 1402 5065 ipsa
1425 5009 1548 5065 qua
1575 4995 1868 5050 secundum
1903 5011 2066 5049 accu-

487 5109 662 5155 ratam
695 5103 820 5149 sunt
862 5092 1170 5156 veritatem,
1218 5088 1312 5144 sed
1373 5086 1689 5142 verisimilia
1732 5095 1787 5140 et
1836 5085 2064 5141 forsitan

488 5195 560 5248 ita
586 5205 645 5245 se
675 5184 952 5248 habenti,
971 5190 1026 5235 et
1055 5181 1296 5235 moribus
1325 5179 1543 5232 illorum
1570 5177 1864 5241 submissa,
1905 5187 1960 5230 et
1992 5177 2064 5230 ita

487 5283 604 5337 fere
628 5277 731 5337 sub
756 5276 967 5347 judicio
995 5273 1206 5327 illorum
1240 5271 1416 5343 posita
1447 5286 1462 5336 ;
1495 5270 1563 5325 ad
1599 5269 1934 5325 suadendum
1967 5285 2066 5322 an.

488 5369 752 5425 «litoribus
813 5375 873 5419 ut
930 5361 1179 5427 credant,
1220 5364 1268 5416 si
1319 5377 1428 5415 non
1475 5360 1764 5429 ipsissima,
1835 5369 1891 5411 ut
1944 5363 2064 5429 quis

489 5462 705 5528 dixerit,
733 5458 922 5513 saltem
955 5455 1084 5508 talia
1108 5454 1356 5508 debuisse
1378 5459 1656 5521 prototypa
1677 5465 1798 5505 esse
1823 5453 2060 5518 hernica,

487 5555 687 5618 quibus
748 5549 1030 5619 disciplina
1084 5545 1362 5601 theatralis
1415 5543 1666 5615 refulget,
1707 5553 1761 5598 et
1819 5545 1954 5598 adeo
2005 5554 2064 5600 ut

496 5641 801 5707 huiusmodi
830 5652 1021 5696 orator
1044 5638 1230 5694 dicere
1275 5641 1498 5692 auderet
1552 5635 1763 5690 animas
1819 5636 2063 5692 heroicas

497 5741 750 5786 evocatas
776 5732 920 5802 loqui
967 5732 1251 5796 etfacere,
1295 5743 1391 5800 per
1426 5727 1546 5784 illos
1577 5738 1791 5784 aetores
1837 5741 1898 5783 ea
1946 5744 2067 5801 qua:

2163 4551 2262 4604 καὶ
2290 4549 2429 4618 πρὸς
2451 4547 2545 4600 τὸν
2587 4548 2646 4599 ἐν
2676 4544 2910 4615 μεγίστῃ
2941 4543 3086 4613 ἀρχῇ
3116 4541 3145 4593 ό
3185 4539 3567 4610 ὑποπράκτωρ
3595 4541 3694 4592 καὶ
3718 4543 3746 4591 ὁ

2164 4639 2401 4703 ὑποδοὺξ
2421 4640 2518 4691 καὶ⁸
2545 4640 2573 4691 ὁ
2598 4635 2871 4706 ὕπαρχος,
2899 4632 3064 4687 τοῦτο
3087 4631 3185 4686 καὶ
3209 4632 3346 4702 πρὸς
3375 4631 3574 4700 κριτὴν
3597 4630 3745 4682 ἐκεῖ·

2165 4749 2257 4786 νον
2285 4733 2582 4802 κορυφαῖον
2624 4725 2738 4782 οἷον
2765 4729 2896 4782 ὄντα
2924 4726 3014 4780 διὰ
3061 4725 3122 4778 τὸ
3155 4723 3503 4793 πρωτόθετον
3551 4726 3582 4776 ό
3613 4723 3747 4775 tim-

2165 4825 2365 4903 κριτής
2389 4840 2403 4854 ·
2433 4822 2832 4891 ἀναλεγόμενος
2860 4817 2959 4888 μὲν
2988 4817 3083 4870 καὶ
3108 4817 3272 4879 αὐτὸς
3297 4816 3533 4886 κριτικῷ
3555 4817 3745 4886 τρόπῳ

2164 4916 2306 4985 ἔργα
2334 4915 2432 4968 καὶ
2457 4913 2673 4978 λόγους,
2699 4911 2916 4982 ἡρωῖκὰ
2944 4910 3038 4962 καὶ
3067 4909 3254 4979 ἄμφω,
3279 4908 3341 4960 οὺ
3376 4907 3483 4978 μὴν
3508 4910 3752 4975 ἀναμφι-

2166 5008 2375 5070 λέκτως
2411 5006 2550 5060 αὐτά
2595 5006 2779 5057 ἐκεῖνα
2810 5003 2881 5056 τὰ
2911 5002 3046 5072 πρὸς
3094 5000 3566 5072 ἀπηκριϐωμένην
3607 5001 3747 5069 an}-

2167 5103 2339 5166 θειαν,
2370 5098 2487 5153 ἀλλ’
2518 5098 2757 5160 ἐοικότα,
2789 5095 2887 5149 καὶ
2917 5096 3056 5163 τάχα
3085 5095 3151 5147 ἂν
3190 5093 3364 5158 οὕτως
3402 5095 3616 5161 ἔχοντα,
3646 5095 3749 5144 καὶ

2169 5190 2496 5259 ὑπαγόμενα
2520 5190 2631 5250 τοῖς
2661 5186 2888 5241 ἐκείνων
2911 5185 3089 5256 ἡθεσι,
3119 5187 3211 5237 καὶ
3235 5185 3310 5248 rb;
3339 5185 3442 5236 ὑπό
3468 5201 3531 5251 γε
3564 5182 3752 5254 κρίσει

2165 5283 2299 5336 ὄντα
2325 5283 2392 5351 τῇ
2427 5281 2549 5333 κατ’
2578 5278 2820 5341 ἐκείνους
2843 5293 2858 5309 ο
2879 5277 2955 5340 ώς
2980 5277 3124 5346 ἔχειν
3148 5276 3358 5328 πείθειν
3385 5276 3513 5337 τοὺς
3541 5277 3752 5344 ἀκρολ-

2167 5375 2270 5437 τὰς
2300 5372 2530 5435 οἴεσθαι,
2562 5371 2612 5424 εί
2636 5370 2729 5423 καὶ
2755 5371 2832 5439 μὴ
2852 5368 3146 5432 αὐτότατα,
3174 5369 3318 5424 καθά
3341 5385 3425 5430 τις
3449 5367 3577 5436 ἔφη,
3603 5365 3751 5418 ἀλλὰ

2168 5463 2304 5542 γοῦν
2329 5462 2556 5517 τοιαῦτα
2600 5457 2743 5514 εἶναι
2776 5459 2843 5513 ἂν
2874 5459 2972 5512 καὶ
3021 5459 3091 5511 τὰ
3126 5458 3481 5528 πρωτότυπα-
3507 5458 3752 5526 ἡρωίκὰ,

2167 5548 2250 5616 οἷς
2281 5555 2313 5622 ἡ
2337 5553 2670 5622 ὑποκριτικὴ
2693 5549 3034 5618 ἐλλάμπεται
3061 5547 3304 5617 μέθοδος,
3337 5548 3435 5601 καὶ
3459 5549 3538 5610 είς
3558 5547 3756 5602 τοσοῦ-

2167 5662 2287 5708 τον,
2344 5641 2418 5705 ὡς
2467 5645 2562 5696 καὶ
2609 5642 2881 5712 τολμῆσαι
2911 5640 2982 5695 ἂν
3035 5640 3128 5693 τὸν
3182 5640 3327 5693 οὕτω
3379 5639 3756 5712 ρητορεύοντι

2173 5737 2378 5805 φάναι,
2407 5734 2587 5806 ψυχας
2618 5733 2860 5806 ἡρωῖκὰς
2885 5733 3225 5804 ἁναγομένας
3248 5731 3429 5787 λαλεῖν
3452 5733 3546 5786 καὶ
3572 5730 3757 5783 ποιεῖν
