3950 6208
311 369 427 429 377

1619 364 1718 425 DE
1751 348 2297 426 SIMULATIONE.

3456 361 3559 426 378

255 556 264 563 _
312 485 407 538 δή
450 482 637 554 μέσων
664 480 774 534 τῶν
803 480 1120 553 ὑποκριτῶν
1147 480 1216 536 τὰ
1252 483 1332 548 είς
1368 483 1670 558 κηληθμδν⁹
1700 507 1777 553 ως
1801 490 1882 542 οὔ.

1993 496 2120 542 sunt
2155 482 2576 555 spectatoribus,
2604 490 2663 537 ut
2693 481 2767 537 ita
2818 481 3019 546 dicam,
3068 480 3557 538 incantamentum.

309 592 425 637 τως
455 575 654 639 είπεῖν,
684 573 799 627 τῶν
849 572 1084 629 θεατῶν.
1128 571 1204 628 Οὗ
1256 577 1544 646 ποιητικὸν
1579 579 1711 634 ἴδιον
1754 580 1887 651 παρ’

310 669 500 731 ἄλλοις
532 668 630 738 μὶν
656 668 712 722 αί
743 668 923 722 ἀοιδαὶ
948 667 1187 734 Μοῦσαι,
1221 671 1375 740 παρὰ
1405 670 1462 725 δι
1496 672 1571 744 τῷ
1601 674 1889 745 κορυφαίῳ

307 760 373 810 ιν
404 758 653 827 μελικοῖς
678 758 738 811 αί
782 757 1117 830 Κηληδόνες,
1155 759 1284 815 ἄλλο
1327 762 1495 832 τέρας
1526 764 1689 819 αὑταὶ
1734 769 1888 838 παρά

307 864 373 915 γε
408 847 473 900 et
500 846 609 903 τῶν
659 849 962 920 Σειρήνων.
1004 850 1061 904 '0
1091 850 1149 905 δὲ
1198 850 1345 907 οὑτω
1365 855 1644 926 τολμηρὸς
1703 858 1887 929 ῥήτωρ

308 938 407 992 καὶ
447 937 547 1009 τὴν
591 938 843 1010 ἔντεχνον
884 940 1121 995 παλαιὰν
1176 943 1472 1014 ὑπόκρισιν
1516 947 1771 1019 όρίσηται
1818 951 1887 1005 ἂν

304 1030 648 1099 όγοήτευτον
698 1032 1082 1101 ψυχαγωγίαν,
1130 1033 1451 1105 βελτιοῦσαν
1486 1038 1581 1094 τὸν
1626 1040 1763 1111 βίον,
1792 1046 1887 1097 καὶ

305 1123 402 1177 τὸν
436 1122 608 1194 αὐτὴν
652 1124 908 1194 μετιόντα
940 1126 1228 1197 ὑποφήτην
1252 1129 1443 1199 ψυχῶν
1469 1133 1725 1202 ἡρωϊκῶν
1750 1135 1887 1205 πρὸς

310 1213 432 1283 βίου
460 1214 821 1284 λυσιτέλειαν,
849 1216 883 1289 ἢ
908 1217 1115 1287 βιϐλίον
1149 1220 1392 1291 ίστορίας
1419 1223 1529 1289 ζῶν
1552 1226 1644 1279 καὶ
1670 1226 1883 1293 λαλοῦν,

308 1306 341 1376 ἢ
373 1305 475 1359 καὶ
500 1306 699 1377 ἡρώων
723 1308 1135 1380 ὑποδρηστῆρα,
1159 1308 1242 1377 οἷς
1272 1314 1368 1368 καὶ
1395 1314 1689 1371 τεθνεῶσιν
1706 1317 1737 1371 ό
1763 1317 1887 1382 νοῦς

303 1396 379 1450 δι’
406 1396 575 1452 αὑτοῦ
605 1403 736 1470 περὶ
765 1398 871 1470 γῆν
904 1399 1160 1465 σώζεται.

379 1602 459 1669 ς’.
499 1603 609 1658 Καὶ
638 1606 782 1661 οὕτω
808 1605 909 1678 μὶν
941 1607 1145 1676 ἀγαθὸν
1173 1608 1410 1663 παλαιὸν
1453 1610 1550 1665 καὶ
1581 1612 1615 1682 ἡ
1655 1609 1888 1681 ὑπόκρι-

307 1710 423 1759 σις.
450 1696 548 1749 καὶ
577 1698 605 1750 ό
638 1696 760 1751 κατ’
786 1697 957 1768 αὐτὴν
987 1699 1262 1770 τεχνίτης.
1308 1699 1462 1754 Ἐπεὶ
1490 1700 1549 1755 δὶ
1575 1700 1675 1754 οὑκ
1703 1695 1773 1771 ἦν
1809 1699 1884 1772 μὴ

306 1786 409 1840 καὶ
436 1787 500 1841 τὺ
532 1788 699 1841 καλὸν
730 1789 908 1843 ἐκεῖνο
955 1791 1395 1862 καπηλεῦθῆναι,
1426 1794 1522 1846 καὶ
1557 1791 1749 1864 πρῶτα
1782 1794 1884 1865 μὲν

302 1877 682 1949 ἁχρειωθῆναι
714 1882 857 1936 κατὰ
888 1882 1194 1952 παρόιμιξιν
1242 1882 1602 1954 φαυλότητος,
1638 1879 1759 1937 εἶτα
1787 1885 1882 1938 καὶ

306 1969 593 2034 παντελῶς
619 1971 1042 2043 ἀμαυρωθῆναι,
1076 1973 1151 2039 ὡς
1180 1974 1301 2029 ἀντὶ
1341 1975 1537 2046 τέχνης
1575 1975 1881 2046 εὐχρήστου

304 2060 390 2126 είς
443 2065 911 2136 ματαιοτεχνίαν,
961 2067 1073 2120 εἴτε
1126 2068 1485 2137 κακοτεχνίαν
1548 2068 1879 2135 διεκπεσεῖν,

302 2151 467 2207 ἀνύει
495 2153 668 2209 ταῦτα
697 2156 727 2209 ό
754 2157 1096 2228 πολύτροπος
1126 2158 1241 2229 βίος
1259 2175 1274 2190 σ
1304 2161 1400 2213 καὶ
1430 2160 1574 2215 κατά
1592 2176 1646 2213 τι
1683 2158 1880 2227 φθόνου

303 2244 589 2315 τὲχνασμα
621 2249 686 2317 τῇ
726 2248 1056 2318 ἀγαθουργῷ
1093 2249 1621 2320 ὲπιόουλευσάμενος
1655 2249 1883 2320 ὑποκρί-

307 2354 418 2405 σει,
456 2338 651 2409 πρῶτα
690 2340 793 2410 μὲν
828 2344 1125 2396 ἐπινοεῖται
1162 2342 1232 2395 τὰ
1283 2342 1583 2411 Σατυρικὰ,
1633 2341 1884 2411 μίγματα

304 2432 494 2485 ὶκεῐνα
530 2432 782 2501 πράξεων
817 2433 913 2488 καὶ
942 2435 1118 2502 λόγων
1144 2434 1252 2488 τῶν
1280 2437 1336 2488 ὲν
1366 2434 1681 2505 προσώποις
1715 2434 1883 2503 ἡρωϊ-

304 2525 448 2588 κοῖς,
482 2516 562 2578 ῶν
586 2524 648 2577 τὸ
674 2526 867 2596 κρᾶμα
888 2524 1090 2594 γέλωτι
1111 2528 1205 2581 καὶ
1231 2525 1439 2597 σπουδῇ
1467 2524 1882 2595 παραμέμικτο.

308 2613 424 2665 Καὶ
469 2612 650 2665 ἴσασιν
683 2612 824 2667 αὑτὰ
861 2614 913 2667 oi
958 2614 1382 2685 ἐντετυχηκότες
1432 2613 1687 2677 παλαιοῖς
1718 2614 1856 2684 πονή

309 2719 502 2772 μασιν,
532 2696 607 2757 ὧν
642 2702 803 2772 ὀλίγα
831 2704 955 2758 τινὰ
987 2706 1367 2776 περιφέρεται.

378 2815 446 2882 ζ’.
482 2818 638 2872 Μετὰ
675 2818 734 2872 δὲ
773 2819 843 2872 τὰ
878 2820 1155 2891 Σατυρικὰ
1191 2818 1644 2890 σπουδαιογελοῖα
1676 2818 1888 2873 εὐδοκί-

309 2922 456 2977 μησε
479 2908 543 2960 τὸ
567 2908 907 2979 Κωμῳδικδν
941 2909 1317 2980 ὑποκριτικὸν,
1357 2910 1545 2963 οὐκέτι
1577 2908 1884 2980 προσώπων

305 2999 571 3069 ἡρωϊκῶν
623 3000 1003 3071 ἀντεχόμενον,
1036 3003 1083 3055 εί
1116 3002 1193 3071 μή
1245 3018 1348 3054 που
1391 3001 1449 3054 ἐν
1499 3000 1885 3071 παρέργῳ·τὰ

306 3090 487 3143 πολλὰ
517 3091 573 3145 δὲ
602 3095 889 3162 συρφετοίς
923 3091 1429 3162 ἐγκαλινδούμενον,
1464 3094 1559 3146 καὶ
1601 3091 1744 3146 οὑτω
1781 3107 1883 3145 και

1993 577 2082 632 Sic
2110 576 2381 646 poeticum
2406 576 2744 646 privilegium
2764 576 2980 645 quidem
3003 575 3141 639 apud
3162 582 3391 631 caeteros
3435 588 3564 630 sunt

1997 670 2328 725 cantatrices
2359 682 2548 734 musa,
2572 668 2715 737 apud
2738 682 2871 723 vero
2888 667 3238 737 coryphteum
3269 667 3323 721 in
3356 666 3565 720 melicis

1997 769 2125 816 sunt
2174 758 2499 824 Ct-ledoues,
2536 760 2680 813 aliud
2714 759 2846 829 ipsa
2876 766 3394 827 monstrumprteter
3410 758 3573 811 Sire-o

1990 868 2115 908 num
2136 851 2456 922 prodigium.
2492 850 2585 906 Ille
2617 865 2741 907 vero
2770 850 3167 905 audacissimus
3195 850 3379 904 rhetor
3406 849 3564 903 indu-

1992 947 2246 1003 striesam
2266 955 2501 1011 veterem
2522 951 2695 998 artem
2740 942 3009 996 scenicam
3056 940 3309 997 deﬁniret
3356 941 3567 994 anima-

1989 1036 2233 1091 rumsine
2290 1034 2463 1103 magia
2486 1033 2876 1097 evocationem,
2908 1046 3025 1100 qua:
3074 1030 3238 1084 vitam
3286 1030 3562 1086 meliorem

1989 1126 2206 1194 facit,et
2227 1141 2350 1181 eum
2375 1125 2467 1194 qui
2496 1123 2844 1194 prosequitur
2865 1123 3035 1187 illam,
3064 1133 3237 1175 vatem
3260 1122 3563 1176 animarum

1989 1219 2330 1275 heroicarum
2362 1220 2427 1271 ad
2471 1219 2594 1271 vita:
2639 1214 2948 1279 utilitatem,
2973 1213 3058 1267 vel
3097 1213 3337 1267 historiae
3364 1213 3563 1268 librum

1992 1312 2263 1366 viventem
2291 1319 2346 1364 et
2380 1309 2714 1378 loquentem,
2741 1305 2826 1360 vel
2872 1306 3096 1360 heroum
3157 1305 3438 1373 famulum,
3470 1321 3568 1375 per

1989 1420 2151 1475 quem
2192 1405 2408 1460 illorum
2443 1402 2608 1459 etiam
2641 1406 2982 1457 mortuorum
3016 1413 3171 1454 mens
3192 1399 3245 1454 in
3276 1409 3422 1455 terra
3451 1414 3568 1455 ser-

1988 1508 2169 1552 vatur.

2057 1607 2110 1661 6.
2135 1606 2203 1661 Ει
2227 1607 2306 1661 sic
2327 1611 2543 1678 quidem
2568 1614 2767 1672 bonum
2793 1627 2911 1674 erat
2945 1614 3229 1683 antiquum
3248 1616 3305 1665 et
3328 1621 3418 1662 ars
3440 1619 3564 1660 sce-

1989 1696 2110 1751 nica
2140 1707 2191 1751 et
2214 1699 2374 1767 hujus
2397 1704 2532 1760 artis
2561 1709 2777 1765 artifex.
2803 1711 2933 1767 Cum
2958 1721 3137 1766 autem
3168 1706 3283 1761 ﬁeri
3314 1718 3421 1759 non
3440 1714 3565 1771 p08-

1916 1826 1959 1882 B
1987 1797 2072 1843 set
2094 1800 2150 1844 ut
2182 1790 2285 1845 hoc
2310 1793 2508 1849 bonum
2531 1814 2635 1853 non
2654 1812 3115 1871 corrumperetur,
3134 1810 3189 1856 et
3235 1798 3408 1868 primo
3438 1794 3562 1863 (νῆ’

1983 1882 2104 1937 dem
2147 1884 2217 1937 ob
2240 1886 2425 1940 vilium
2484 1904 2661 1946 rerum
2719 1894 3097 1948 admistionem
3142 1890 3347 1945 inutilis
3387 1886 3560 1949 ﬂeret,

1984 1973 2175 2030 deinde
2196 1992 2418 2047 prorsus
2441 1983 2601 2036 etiam
2626 1985 2705 2039 sic
2730 1985 3126 2050 obfuscaretur,
3154 1992 3235 2047 ut,
3254 1982 3385 2036 artis
3408 1980 3561 2034 bona:

1986 2066 2125 2129 loco,
2149 2069 2200 2121 in
2226 2084 2418 2125 vanum
2445 2074 2556 2128 sive
2582 2078 2777 2131 malum
2811 2078 3083 2133 desineret
3103 2075 3412 2139 artificium,
3444 2073 3561 2128 hanc

1986 2157 2197 2225 perlicit
2228 2154 2575 2219 multiformis
2598 2166 2741 2232 vita;
2773 2176 2849 2233 et,
2865 2166 3173 2222 secundum
3199 2166 3434 2236 aliquam
3469 2162 3559 2217 in-

1989 2249 2144 2303 vidiae
2177 2252 2656 2323 machinationem,
2694 2259 2811 2312 utili
2874 2261 3125 2315 insidiata
3182 2260 3415 2322 theatro.
3468 2250 3567 2309 ex‘

1987 2342 2188 2408 cogitat
2232 2352 2497 2414 satyram,
2534 2349 2820 2403 misturam
2873 2351 3018 2405 illam
3052 2352 3326 2405 actionum
3360 2358 3414 2403 et
3441 2362 3562 2402 ser-

1986 2445 2205 2485 menum
2226 2434 2277 2487 in
2296 2438 2540 2503 personis
2558 2440 2793 2496 heroicis
2818 2444 3140 2511 positorum,
3162 2456 3390 2512 quorum
3412 2456 3564 2496 com-

1984 2521 2183 2589 positio
2212 2524 2319 2578 risu
2346 2527 2719 2597 gravitateque
2766 2533 3054 2586 commisla
3078 2541 3179 2587 cst.
3228 2532 3357 2587 Haec
3381 2532 3563 2586 sciunt

1983 2611 2074 2681 qui
2105 2614 2377 2670 veteribus
2414 2618 2739 2673 studuerunt
2783 2623 3074 2691 Operibus,
3124 2636 3351 2691 quorum
3384 2622 3564 2692 aliqua

1987 2718 2159 2772 pauca
2195 2704 2677 2763 circumferuntur.

2057 2811 2110 2868 7.
2151 2812 2283 2870 Post
2311 2825 2551 2888 satyram
2579 2830 2760 2875 autem
2785 2822 2974 2891 iocoso
3001 2825 3258 2897 serioque
3292 2836 3562 2898 temperao

1989 2913 2120 2971 tam,
2152 2904 2202 2958 in
2237 2906 2439 2962 honore
2466 2907 2567 2963 fuit
2593 2917 3003 2979 repraesentatio
3050 2919 3279 2983 comica,
3308 2934 3408 2972 non
3440 2919 3555 2989 jam

1988 3011 2251 3066 personas
2278 2998 2529 3055 heroicas
2561 3010 2823 3069 tractans,
2852 3007 2955 3062 nisi
2995 3007 3136 3063 forte
3162 3024 3257 3078 per
3288 3014 3562 3066 accessio-

1987 3101 2136 3151 nem,
2170 3091 2265 3142 sed
2298 3091 2617 3162 plerumque
2644 3097 2894 3152 sordibus
2929 3098 3193 3166 involuta,
3216 3103 3401 3171 sicque
3424 3119 3561 3158 con-

304 3161 748 3252 ταπατούμενον,
782 3185 876 3237 καὶ
908 3182 975 3237 ἂν
1004 3161 1320 3254 κεισόμενον
1358 3185 1439 3247 είς
1480 3182 1802 3254 παρόραμα,
1831 3183 1881 3237 εί

1993 3176 2217 3241 culcata,
2250 3191 2413 3251 atque
2454 3184 2506 3237 in
2549 3185 2859 3253 despectum
2899 3205 3114 3258 cumra,
3150 3193 3251 3247 nisi
3284 3193 3562 3264 eleganter

314 3271 393 3341 μὴ
419 3272 686 3345 καλλιρῤη
696 3273 984 3343 μονοῦντες
1004 3275 1055 3327 οί
1080 3274 1334 3344 κωμῳδοὶ
1355 3273 1626 3343 ἐπήγοντο
1652 3274 1753 3335 τὰς
1773 3273 1883 3327 τῶν

309 3362 524 3414 θεατῶν
554 3362 748 3429 ἀκοὰς,
795 3365 893 3419 καὶ
926 3362 1069 3417 οὕτω
1114 3364 1519 3433 πλατυνάμενοι
1551 3361 1886 3434 περιεσώθη-

312 3467 417 3507 σαν
456 3452 536 3515 ei;
588 3454 898 3522 ἀνάγνωσιν
948 3457 1061 3518 τοῖς
1111 3454 1344 3523 ὲλλόγως
1401 3453 1643 3522 βιοῦσινο
1696 3454 1748 3507 οἳ
1788 3454 1881 3506 τοῦ

312 3543 528 3597 ἐκεῖθεν
562 3544 760 3615 μυελοῦ
792 3546 1168 3616 κερδαίνοντες
1196 3546 1598 3618 ἀπόῥριπτοῦσι
1626 3546 1694 3599 τὰ
1728 3545 1882 3610 ὀστᾶ,

310 3637 409 3692 καὶ
438 3636 575 3692 ἄλλο
606 3638 662 3691 δὲ
693 3639 822 3704 πᾶν,
847 3639 970 3693 ὅσον
995 3638 1071 3709 μὴ
1097 3638 1371 3709 νόστιμον,
1401 3640 1481 3702 εἰς
1507 3639 1880 3706 ὲξουθένωσιν.

380 3753 455 3821 η’.
487 3751 599 3804 Καὶ
623 3749 764 3804 οὑτω
791 3751 890 3821 μὲν
910 3753 1060 3822 τρεῖς
1090 3743 1251 3806 αὗται
1274 3750 1507 3805 παλαιαὶ
1538 3749 1881 3822 ὑποκρίσεις,

311 3844 377 3912 τῇ
424 3842 529 3912 μὲν
561 3843 941 3914 μεταχειρίσει
975 3843 1249 3914 διάφοροι,
1280 3841 1558 3912 ἐλλόγιμοι
1608 3840 1664 3894 δὲ
1708 3840 1884 3903 ἄλλως

311 3933 412 3987 καὶ
466 3936 773 4003 ὲπαγωγοὶ,
820 3934 1127 4005 ἀνθήσασαι
1184 3934 1453 3987 ἀνέκαθεν
1516 3931 1734 4004 χρόνου,
1788 3932 1884 3983 καὶ

311 4024 530 4098 καρπὸν
566 4024 625 4077 δὲ
656 4024 980 4093 ἐνεγκοῦσαι
1006 4025 1208 4089 πᾶσαι,
1238 4025 1274 4093 ἡ
1302 4025 1401 4094 μὲν
1427 4023 1637 4076 παλαιὰ
1665 4021 1882 4088 θαυμά-

315 4138 449 4184 σιον,
481 4120 518 4190 ἡ
547 4119 782 4191 δευτέρα
808 4117 866 4171 δὲ
892 4119 986 4172 καὶ
1018 4118 1177 4190 τρίτη
1200 4117 1310 4170 οὐδ’
1342 4117 1504 4171 αὑταὶ
1536 4116 1716 4190 πάντῃ
1751 4118 1886 4172 ἀπό-

314 4208 531 4280 ϐλητον,
561 4207 846 4274 ἐξώλοντο.
892 4206 1158 4277 ’Δνεφάνη
1207 4206 1265 4259 δὲ
1295 4207 1529 4277 τετάρτη
1568 4207 1686 4277 μετ’
1742 4207 1885 4261 ὲκεί-

314 4318 429 4364 νας,
461 4298 592 4353 οὔτε
621 4299 859 4368 ελλογος,
885 4296 1006 4351 οὑδὲ
1039 4298 1145 4369 μὴν
1180 4297 1361 4367 ἀγαθὴ
1390 4297 1528 4361 ὅλως
1558 4297 1636 4362 είς
1680 4296 1881 4370 ψυχὴν,

309 4390 403 4445 καὶ
428 4392 519 4445 διὰ
550 4391 711 4444 τοῦτο
743 4389 1066 4463 ερεθίζουσα
1100 4388 1225 4452 τοὺς
1256 4388 1543 4457 φιλοῦντας
1573 4388 1635 4441 τὸ
1660 4388 1880 4460 ἀληθὲς,

1984 3265 2267 3336 loquentes
2291 3272 2519 3327 comoedi
2546 3285 2907 3343 spectatorum
2932 3280 3292 3349 captivassent
3318 3284 3559 3340 auditum

1983 3370 2039 3414 et
2068 3360 2139 3414 ita
2164 3360 2343 3418 dill'usi
2368 3366 2567 3420 servati
2587 3366 2811 3425 fuissent
2841 3372 2911 3427 ad
2943 3373 3293 3430 instruendus
3323 3379 3562 3433 rationa-

1991 3453 2175 3511 biliter
2239 3457 2481 3515 viventes
2524 3478 2540 3517 :
2582 3464 2672 3531 qui
2706 3464 2995 3519 medullam
3027 3468 3379 3538 excipientes,
3435 3489 3560 3528 ossa

1995 3545 2273 3615 rejiriunt,
2297 3557 2352 3605 et
2383 3552 2526 3609 aliud
2561 3568 2742 3621 omne,
2772 3557 3127 3630 quodcunque
3159 3575 3267 3615 non
3295 3571 3377 3617 est
3409 3564 3558 3632 utile,

1984 3648 2331 3697 aversantur.

2054 3750 2108 3805 8.
2149 3749 2215 3805 Et
2270 3752 2342 3805 ita
2401 3752 2618 3825 quidem
2672 3763 2779 3810 tres
2834 3755 2937 3811 illae
2998 3765 3208 3817 veteres
3261 3764 3562 3833 comoediae,

1986 3846 2220 3893 tractatu
2254 3840 2471 3909 quidem
2526 3842 2775 3907 diversae,
2822 3844 3042 3902 aliunde
3086 3862 3213 3903 vero
3242 3851 3481 3922 insignes
3507 3865 3563 3909 et

1984 3929 2052 3982 ad
2083 3929 2420 3983 suadendum
2451 3939 2589 3999 apta:
2612 3972 2629 3997 ,
2668 3946 2842 3996 quaeea
2898 3933 3059 4002 longo
3088 3946 3331 4004 tempore
3364 3941 3560 3996 ﬂorue-

1988 4029 2114 4074 runt
2146 4029 2203 4074 et
2233 4019 2468 4074 fructum
2514 4022 2756 4077 tulerunt
2793 4037 3003 4091 omnes,
3033 4027 3121 4081 illa
3162 4029 3381 4098 quidem
3414 4035 3561 4086 anti-

1984 4126 2092 4181 qua
2153 4110 2480 4177 mirabilem,
2531 4115 2769 4167 secunda
2827 4129 2956 4170 vero
2999 4131 3063 4171 ac
3093 4119 3248 4172 tertia
3297 4137 3398 4177 nec
3430 4123 3563 4193 ipsa

1983 4216 2207 4271 prorsus
2261 4200 2655 4269 abjiciendum,
2709 4205 3013 4273 perierunt.
3058 4207 3325 4278 Apparuit
3378 4223 3558 4269 autem

1983 4302 2106 4361 post
2136 4293 2254 4370 ill’as
2286 4302 2507 4361 quarta,
2543 4307 2646 4348 nec
2690 4294 2998 4363 rationalis,
3060 4314 3160 4353 nec
3211 4315 3436 4370 prorsus
3487 4305 3557 4360 ad

1986 4385 2219 4438 animam
2245 4385 2476 4453 utilis,et
2501 4384 2623 4441 ideo
2650 4387 2758 4440 veri
2782 4396 3050 4444 amatores
3097 4394 3345 4451 excitans
3376 4401 3556 4465 quoad

309 4485 480 4555 ὁμόσε
526 4485 728 4556 χωρεῖν
778 4482 857 4554 τῷ
889 4483 1011 4536 κατ’
1052 4482 1243 4552 αὐτῆς
1266 4482 1439 4552 ψόγῳ,
1474 4480 1618 4533 καθὰ
1656 4479 1881 4551 πρώτην

1993 4477 2428 4532 consentiendum
2503 4479 2557 4532 iu
2623 4478 2739 4548 ejus
2784 4480 3251 4549 vituperationem,
3302 4494 3553 4557 tanquam

309 4576 622 4646 ἁρᾶξαντες
680 4575 840 4643 λόγου
893 4572 1119 4644 βαλϐῖδα
1169 4571 1610 4641 ὑπεκρουόμεθα.
1652 4570 1763 4625 Καὶ
1795 4569 1882 4624 οῐα

1994 4568 2167 4637 prima
2206 4568 2477 4623 sermonis
2524 4570 2783 4639 repagula
2826 4573 3205 4631 abscindentes
3258 4578 3561 4634 insinuavi-

310 4668 410 4738 μὲν
451 4668 554 4737 τὴν
586 4666 760 4737 ἀρχὴν
798 4666 854 4718 ὲν
898 4664 1207 4734 ἀνθρώποις
1237 4661 1648 4722 ἐπολιτεύσατο,
1693 4662 1793 4715 οὐκ
1816 4660 1882 4715 ἂν

1993 4674 2132 4713 mus.
2183 4658 2314 4725 Quae
2338 4660 2551 4726 qualem
2617 4663 2669 4714 iu
2734 4663 3041 4720 hominibus
3102 4680 3161 4720 se
3219 4672 3444 4739 gesserit
3489 4672 3558 4728 ab

306 4758 489 4810 εἰπεῖν
519 4757 633 4824 ἔχοι
672 4753 868 4824 μικρὸς
901 4752 1217 4823 ἀκρίϐειαν.
1261 4749 1684 4804 Ἑπολιτεύσατο
1733 4748 1789 4802 δὲ
1817 4748 1884 4802 ἂν

310 4850 557 4909 πάντως,
588 4846 729 4899 καθὰ
764 4845 864 4897 οὑκ
891 4844 1086 4913 ἀγαπᾷ
1118 4845 1146 4896 ὁ
1176 4844 1330 4908 Θεός.

378 4960 450 5016 θ’.
489 4962 610 5013 Ἔτι
632 4960 814 5012 θετέον
842 4961 920 5021 εἰς
949 4959 1293 5029 ὑποκρίσεως
1311 4957 1477 5011 τόπον
1499 4955 1594 5011 καὶ
1621 4954 1721 5027 τὴν
1744 4954 1885 5010 κατὰ

303 5055 397 5109 τδν
426 5054 742 5123 ἀρχέκακον
781 5052 907 5120 ὅφιν
948 5051 1157 5104 ἐκεῖνον
1182 5050 1563 5119 ψευδαπάτην,
1598 5049 1697 5117 τὴν
1726 5046 1885 5117 ψίθυ-

305 5163 422 5218 ρον.
453 5145 573 5198 Νῦν
606 5144 663 5197 δὲ
709 5142 978 5212 ἀκμάζειν
1011 5141 1209 5207 ἔοικεν,
1239 5140 1350 5193 εἴτε
1385 5140 1624 5210 σφριγᾷν
1668 5139 1764 5192 ml
1792 5141 1884 5205 ὀρ-

306 5237 416 5306 μᾷν
449 5236 547 5287 καὶ
569 5232 854 5301 τεθηλέναι
891 5233 970 5295 είς
1010 5230 1222 5301 καρπὸν
1257 5230 1484 5298 σαπρόν.
1527 5228 1661 5297 Ἐμὲ
1703 5230 1881 5281 τοίνυν

303 5326 495 5390 αὑτὸν,
529 5325 624 5377 τὸν
652 5325 780 5395 ἄρτι
818 5323 972 5377 τοῦδε
1002 5323 1096 5375 τοῦ
1134 5321 1308 5375 κακοῦ
1353 5321 1697 5391 ξυγγραφέα,
1727 5321 1882 5387 ἐξόλ-

304 5419 462 5473 λυσιν
491 5420 525 5487 ἡ
561 5416 754 5487 μιαρά.
810 5416 920 5469 Καὶ
948 5415 1056 5486 γάρ
1094 5431 1177 5467 τοι
1228 5413 1617 5481 κατακώχιμος
1667 5411 1742 5465 ὣν
1778 5430 1880 5481 μυο

305 5511 452 5581 ρίαις
483 5508 727 5573 κακίαις,
759 5508 942 5579 μήπου
971 5507 1027 5560 δὲ
1055 5506 1149 5559 καὶ
1178 5504 1443 5568 ἁπάσαις,
1471 5503 1881 5573 διαλελωϐημαι

286 5603 403 5656 καὶ
430 5600 541 5654 ὑπὸ
566 5600 789 5670 ταύτης,
815 5599 888 5661 ὡς
914 5599 1014 5652 οὐκ
1035 5594 1214 5668 οἶμαι,
1246 5598 1300 5650 εί
1322 5614 1405 5659 τις
1436 5596 1596 5657 ἄλλος
1626 5595 1732 5648 τῶν
1760 5592 1879 5648 κατ’

308 5693 430 5759 ἐμέ.
466 5693 594 5743 Δέον
627 5690 757 5758 γοῦν
799 5707 928 5743 ποτε
981 5690 1164 5759 χολᾷν,
1214 5690 1298 5756 ἐφ’
1340 5682 1420 5750 οἷς
1471 5686 1880 5757 πραγματικῶς

310 5784 615 5842 διάκειμαι.
664 5782 1052 5849 ἀνακαγχάζω,
1098 5781 1456 5848 ἐπικρύπτων
1505 5780 1762 5847 ἐμαυτὸν,
1802 5778 1880 5841 ὡς

1991 4749 2201 4819 origine
2232 4751 2415 4806 dicere
2458 4768 2565 4805 non
2598 4764 2782 4823 posset
2820 4757 2921 4809 nisi
2970 4767 3161 4812 auctor
3193 4763 3406 4829 gravisﬁ;
3461 4766 3558 4822 sed

1997 4842 2217 4896 omnino
2267 4842 2436 4896 vitam
2488 4843 2638 4911 degit
2688 4845 2899 4914 qualem
2948 4864 3052 4902 non
3089 4860 3231 4905 amat
3259 4852 3413 4908 Deus.

2060 4954 2113 5009 9.
2156 4956 2464 5011 Ponendum
2522 4968 2607 5013 est
2643 4961 2818 5017 adhuc
2876 4961 2930 5015 in
2974 4971 3090 5018 arte
3146 4967 3358 5021 scenica
3414 4968 3558 5023 illam

1991 5060 2110 5115 qua:
2133 5046 2428 5100 secundum
2458 5056 2735 5103 auctorem
2771 5049 2942 5105 totius
2982 5050 3354 5121 maliserpens
3394 5053 3559 5108 sedu-

1989 5136 2130 5191 ctrix
2190 5145 2311 5202 est,
2371 5148 2745 5194 susurrantem
2811 5140 2954 5195 dico.
3014 5139 3167 5195 Nunc
3234 5154 3409 5197 autem
3458 5143 3555 5197 llo.

1991 5244 2204 5284 rescere
2254 5230 2488 5294 videtur,
2543 5231 2658 5285 sive
2720 5231 3045 5300 germinare,
3093 5247 3443 5303 prorumpere
3494 5249 3557 5288 ac

1989 5308 2137 5374 ah'ire
2189 5318 2244 5372 in
2301 5318 2536 5374 fructum
2592 5320 2893 5390 putridum.
2952 5324 3148 5380 Memet
3214 5325 3418 5379 scilicet
3474 5327 3555 5396 ip-

1988 5428 2130 5475 sum,
2157 5422 2478 5481 praesentem
2512 5413 2671 5482 hujus
2716 5415 2843 5470 mali
2907 5416 3321 5484 descriptorem,
3380 5418 3558 5485 perdit

1987 5505 2162 5561 bestia
2188 5505 2274 5560 illa
2311 5505 2596 5561 scelerata.
2620 5507 2832 5562 Etenim
2864 5509 3090 5561 traditus
3135 5505 3281 5560 mille
3302 5506 3560 5577 iniquita-

1990 5595 2152 5660 tibus,
2193 5597 2346 5652 sinon
2391 5597 2667 5663 omnibus,
2729 5599 2876 5652 ahea
2931 5598 3242 5651 dill‘amatus
3302 5613 3443 5669 sum,
3498 5611 3557 5653 ut

1989 5687 2186 5750 nullus,
2214 5698 2363 5757 puto,
2387 5690 2516 5743 mihi
2534 5691 2841 5757 aequalium.
2866 5686 3086 5758 Oportet
3105 5687 3246 5744 enim
3270 5689 3577 5767 aliquando

1989 5782 2053 5835 de
2079 5779 2305 5851 negotiis
2327 5781 2520 5850 quibus
2543 5781 2743 5849 insum,
2766 5781 2947 5837 vexari
2984 5781 3175 5851 bilem;
3200 5780 3295 5838 sed
3332 5782 3559 5840 abscon-
