4034 6206
371 354 480 420 379

1046 323 1472 413 EUSTLtmII
1517 348 1957 411 mussans

2057 348 2274 410 ENSIS
2308 350 2871 415 METHOPOLlT/E
3516 350 3625 412 $.80

372 475 507 525 dens
539 484 627 526 me
660 467 797 524 sicut
830 481 1076 539 possum,
1105 467 1276 522 rideo.
1333 465 1527 522 Essent
1567 466 1783 538 quidam
1810 482 1842 522 ε
1873 481 1957 524 me

2059 466 2171 537 ἐγὼ
2195 463 2334 522 οἶδα.
2365 469 2495 524 Δέον
2523 468 2584 523 δν
2625 470 2908 542 ἀφορίζειν
2950 468 3103 532 τινὰς
3135 441 3232 523 the"
3264 468 3422 540 ἐμοῦ,
3452 470 3644 538 ἀγκα-⁹

369 563 724 633 segregandi:
747 562 842 618 sed
869 563 1042 631 magis
1065 559 1187 616 illos
1211 558 1284 614 ad
1303 559 1518 630 ncgmia
1550 573 1792 614 reservo.
1813 557 1955 614 Cau-

372 671 490 710 sam
516 663 790 725 oporteret
829 653 1123 710 defendere
1154 669 1170 710 :
1197 661 1349 708 taceo
1397 651 1451 706 in
1484 652 1746 724 judicium
1797 650 1950 706 mihi.

352 745 445 801 θυι
493 745 672 801 omnia
707 744 1033 801 brevissime
1079 744 1293 813 dicam,
1322 741 1640 814 plerumque
1679 740 1952 798 sincerum

355 837 551 891 virum
600 837 851 892 mentior.
907 835 1120 892 Utinam
1167 836 1385 892 tandem
1432 850 1540 889 non
1583 847 1807 904 prorsus
1854 830 1955 893 fal-

371 930 480 994 lar,
523 940 576 985 te
623 943 855 1001 precor,
899 929 1043 986 Deus
1096 927 1368 996 Salvator,
1418 927 1513 998 qui
1556 940 1718 996 super
1747 939 1833 980 me
1858 937 1954 994 po-

357 1020 532 1075 suisti
573 1030 1010 1092 manumttuam.
1056 1019 1173 1076 Hoc
1198 1020 1362 1092 igitur
1383 1034 1553 1075 unum
1587 1034 1694 1075 non
1736 1017 1952 1085 simulo,

371 1113 739 1179 sanctitatem,
772 1127 803 1168 a
836 1127 939 1182 qua
974 1121 1216 1169 remotus
1247 1127 1390 1178 sum,
1441 1125 1546 1167 non
1577 1109 1916 1165 solummodo
1937 1148 1953 1174 ,

377 1223 399 1255 ο
435 1213 699 1274 quantum
742 1220 773 1260 a
821 1215 963 1260 terra
1013 1204 1178 1258 distat
1227 1204 1448 1266 cmlum.
1481 1222 1500 1255 ι
1537 1203 1656 1270 sed,
1687 1200 1732 1256 si
1768 1202 1846 1256 sic
1868 1199 1952 1254 io-

377 1297 470 1364 qui
501 1281 647 1359 licet,
690 1303 950 1364 quantum
991 1307 1056 1348 ex
1086 1293 1484 1361 superterrenis
1514 1292 1580 1346 ad
1622 1291 1776 1346 [ictos
1808 1289 1954 1344 anti-

381 1388 549 1457 podes
593 1386 829 1456 spatium
884 1385 1074 1438 currit.
1125 1384 1266 1438 Ecce
1320 1383 1618 1454 pessimum
1669 1381 1953 1452 memetip-

379 1496 497 1534 sum
527 1477 836 1532 manifesto.
864 1475 979 1530 Non
1015 1475 1158 1529 enim
1205 1474 1506 1529 sinceritati
1569 1474 1950 1543 memetipsum

371 1570 641 1626 fallaciter
677 1568 939 1634 inscribo,
981 1566 1278 1622 secundum
1315 1565 1607 1634 plet‘OSque
1636 1556 1825 1620 eorum
1860 1565 1951 1634 qui

369 1670 498 1716 sunt
555 1660 701 1714 circa
756 1672 876 1722 nos,
921 1670 1019 1726 ego
1073 1655 1166 1724 qui
1241 1654 1404 1708 ctiam
1490 1653 1711 1709 frivolos
1775 1653 1950 1708 homi-

369 1769 466 1808 nes
491 1754 629 1807 inter
649 1750 821 1805 aniles
846 1757 901 1805 et
929 1746 1139 1802 vetulos
1167 1755 1222 1801 et
1244 1745 1497 1818 stupidos
1531 1760 1798 1814 numero;
1852 1759 1950 1801 nec

372 1862 528 1916 aeque
559 1847 773 1902 cunctis
808 1844 861 1899 in
893 1841 1186 1897 amicitiam
1221 1840 1647 1912 imprudentem,
1681 1841 1949 1899 blandito-
1979 1821 2026 1878 Β

377 1953 498 1994 rem
529 1952 617 1994 me
644 1937 878 2008 praebeo.
905 1933 1133 2001 Verum,
1161 1933 1349 1989 stricte
1373 1946 1587 2005 semper
1613 1951 1731 2006 quae
1760 1949 1951 1991 secun-

377 2029 506 2088 dum
538 2027 702 2084 Deum
731 2031 848 2092 est,
895 2022 1219 2080 charitalem
1267 2022 1617 2094 amplectens,
1676 2021 1950 2078 nihilomi-

376 2137 480 2178 nus
509 2119 770 2175 invitante
797 2125 1064 2195 tempore,
1093 2122 1280 2170 contra
1317 2113 1577 2168 malitiam
1609 2111 1771 2180 latro,
1806 2113 1956 2167 dixe-

371 2214 442 2268 rit
490 2213 578 2266 itle
634 2210 909 2280 malignus
947 2208 1040 2277 qui
1100 2204 1425 2261 laudabilem
1481 2205 1953 2274 reprehensionem

377 2308 435 2363 in
497 2305 704 2360 latratu
767 2302 959 2372 ponit;
1015 2308 1070 2355 et
1126 2312 1302 2370 neque
1364 2298 1713 2369 paciscerer,
1781 2310 1957 2362 neque

377 2395 760 2468 cumplectenti
787 2394 1153 2458 coadunarer,
1189 2391 1292 2447 etsi
1327 2388 1668 2446 simultatem
1705 2386 1838 2442 mihi
1865 2402 1960 2442 ex-

376 2492 642 2559 probrans
663 2496 1026 2554 rumperetur.
1060 2481 1194 2537 Cum
1238 2480 1366 2535 ﬂere
1419 2487 1655 2548 oportet,
1705 2491 1814 2534 non
1842 2476 1956 2532 risu

373 2581 667 2638 sardonico
702 2587 844 2634 utar.
877 2574 974 2630 Est
1028 2587 1241 2643 quoque
1302 2571 1432 2625 mihi
1494 2567 1778 2624 rationalis
1818 2567 1957 2622 laeti-

377 2673 466 2727 tiae
516 2669 756 2734 occasio,
787 2681 911 2722 cum
962 2677 1093 2728 non,
1159 2660 1453 2716 contractis
1506 2657 1809 2728 superciliis
1857 2670 1959 2712 nec

377 2762 543 2819 labiis
573 2759 910 2822 constrictis,
947 2754 1154 2812 snﬂ‘ocn
1183 2753 1436 2823 gaudium
1459 2792 1474 2818 ,
1515 2751 1645 2804 illud
1689 2751 1835 2804 intus
1864 2763 1960 2819 per

377 2855 692 2928 hypocrisin
743 2865 1094 2920 componens.
1141 2847 1257 2901 Non
1317 2845 1636 2900 simulanter
1678 2843 1958 2898 laudarem

377 2965 540 3023 quem
579 2965 686 3004 non
715 2947 903 3015 diligo,
933 2945 1128 3013 linguae
1185 2939 1416 3012 gratiam
1459 2939 1663 3007 fingens
1710 2937 1956 2992 adulato-

376 3045 548 3104 riam,
600 3053 722 3094 cum
772 3036 938 3091 etiam
1003 3031 1372 3086 adulationem
1430 3029 1546 3082 scio
1607 3028 1954 3096 prepaginem

2053 557 2278 630 λίζομαι
2309 560 2436 624 τοὺς
2471 559 2753 625 τοιούτους
2801 557 3470 632 πραγματευτικώτερονο
3503 561 3628 616 δέον

2051 649 2594 722 δικαιολογήσασθαι,
2619 653 2756 708 ἀλλὰ
2781 653 3035 723 ἐχεμυθῶ
3063 653 3146 716 είς
3172 655 3348 723 κρῖμα
3381 653 3522 722 ἐμοί.
3552 654 3628 706 To

2055 747 2168 799 πᾶν
2194 745 2254 798 ἐν
2291 744 2617 816 βραχυτάτῳ
2664 747 2873 800 είπεῖνο
2908 745 3179 816 ψεύδομαι
3215 745 3310 798 τὸν
3349 744 3512 816 ὀρθὸν
3539 746 3624 800 ἄν·

2055 835 2278 906 θρωπον
2303 837 2372 892 τά
2401 837 2591 892 πολλά.
2617 838 2708 909 Μὴ
2733 837 2842 908 γάρ
2880 854 2971 908 μοι
2999 833 3214 907 γένοιτο
3235 837 3294 902 ἐς
3335 837 3397 891 τδ
3425 853 3630 890 παντε-

2055 927 2168 994 λὲς,
2201 928 2297 1000 μὴ,
2325 922 2372 984 ὦ
2399 928 2503 983 Gre
2533 928 2741 1001 Σῶτερ,
2769 931 2798 985 ὁ
2828 930 2923 984 καὶ
2957 929 3038 993 είς
3076 929 3176 1000 ἐμὲ
3195 927 3308 992 θεὶς
3334 926 3435 999 τὴν
3463 929 3630 999 χεῖρά

2057 1037 2178 1075 σου.
2225 1022 2324 1076 Ἐν
2352 1023 2486 1091 γοῦν
2529 1023 2708 1076 ἐκεῖνο
2734 1022 2834 1093 οὑχ
2881 1020 3274 1092 ὑποκρίνομαι,
3311 1019 3414 1092 τὴν
3469 1020 3629 1089 ἁγιό-

2053 1131 2214 1186 τητα,
2246 1109 2316 1186 ἧς
2341 1114 2715 1185 ἀφιστάμενος
2743 1115 2808 1168 οὑ
2841 1112 3026 1183 μόνον,
3058 1131 3078 1166 ι
3109 1111 3235 1166 ὅσον
3261 1111 3487 1182 οὐρανός
3512 1112 3626 1164 ἐστ’

2053 1207 2165 1261 ἀπὸ
2189 1208 2375 1278 γαίης,
2407 1226 2426 1261 ι
2455 1207 2572 1262 ἀλλ’
2595 1207 2759 1278 είπερ
2791 1202 2860 1279 ἦν
2889 1207 3088 1272 εἰπεῖν,
3122 1205 3219 1259 καὶ
3253 1205 3378 1258 ὅσον
3425 1205 3489 1258 ἐκ
3516 1204 3627 1257 τῶν

2056 1299 2364 1371 ὑπεργείων
2381 1303 2461 1365 είς
2471 1302 2600 1366 τοὺς
2619 1299 3005 1370 ἐννοουμένους
3021 1297 3332 1359 ἀντίποδας.
3352 1295 3629 1364 Ἐκφαίνω

2053 1392 2294 1463 ἐμαυτὸν
2319 1392 2430 1448 ίδοὺ
2460 1391 2850 1463 περιπόνηρον.
2882 1387 3019 1444 Οὑτε
3055 1387 3166 1459 γὰρ
3199 1389 3279 1450 είς
3308 1386 3623 1440 ἀπλαστίαν

2053 1484 2291 1554 ἐμαυτὸν
2326 1483 2691 1554 ψευδογραφῶ
2724 1482 2867 1536 κατὰ
2900 1483 3028 1544 τοὺς
3075 1479 3294 1544 πλείους
3342 1479 3452 1531 τῶν
3494 1477 3628 1549 περὶ

2053 1577 2225 1649 ἡμᾶς,
2253 1579 2282 1630 ὁ
2329 1577 2428 1631 καὶ
2472 1578 2600 1640 τοὺς
2643 1575 2868 1638 ἁδαθεῐς
2913 1572 3238 1643 ἀνθρώπους
3273 1571 3355 1632 εις
3397 1585 3629 1639 μαμμα-
3729 1637 3737 1645 ν

2053 1669 2282 1733 κοὺθους
2318 1670 2412 1723 καὶ⁸
2463 1666 2783 1740 πολυώρους
2821 1666 2919 1720 καὶ
2967 1663 3240 1736 μελιτίδας
3288 1660 3584 1731 ἐγγράφων
3607 1675 3623 1690 ο

2052 1763 2176 1818 οὑδὲ
2207 1762 2314 1834 μὴν
2353 1760 2551 1830 ἐπίσης
2598 1760 2803 1815 ἅπασιν
2833 1757 2909 1822 ὡς
2955 1757 3012 1820 ἐς
3049 1754 3239 1825 φιλίαν
3289 1751 3629 1816 ἀδιακρίτως

2055 1854 2441 1926 προσφέρομαι
2483 1851 2722 1924 ἀρέσκον
2753 1849 2932 1919 δίκην.
2978 1846 3142 1902 Ἀλλὰ
3173 1845 3418 1916 στέργων
3449 1841 3628 1914 ὀρθῶς

2053 1946 2144 2000 ἀεὶ
2167 1943 2267 2018 τὴν
2293 1945 2436 1999 κατὰ
2459 1944 2593 1998 Θεὸν
2623 1943 2868 2012 ἀγάπην,
2890 1940 3039 2011 ὅμως
3070 1936 3265 2008 καιροῦ
3295 1935 3627 1998 καλέσαντος

2055 2035 2388 2091 καθυλακτῶ
2419 2035 2516 2090 τοῦ
2543 2032 2744 2101 κακοῦ,
2769 2033 2917 2087 εἴποι
2945 2032 3011 2087 ἂν
3040 2032 3247 2094 ἐκεῖνος
3277 2029 3306 2082 ό
3333 2028 3523 2092 κακὸς,
3564 2026 3630 2088 δς

2054 2128 2148 2182 τὸν
2173 2126 2457 2182 ἐπαινετὸν
2491 2126 2714 2198 ἔλεγχον
2744 2126 2828 2190 είς
2860 2122 3106 2196 βαῦσμδν
3137 2121 3324 2190 τίθησι
3349 2135 3365 2152 ⁸
3393 2120 3492 2177 καὶ
3521 2118 3625 2174 οὑκ

2055 2221 2124 2276 ἂν
2153 2221 2279 2275 οὔτε
2329 2219 2747 2290 συναλλάξαιμι,
2777 2216 2903 2272 οὔτε
2932 2214 3296 2285 ἀσπαζομένη)
3343 2227 3628 2285 προσενω-

2058 2315 2232 2385 θείην,
2265 2312 2370 2366 κᾶν
2392 2310 2718 2384 διαρῤαγείη
2750 2307 3028 2363 ἐπικαλῶν
3050 2323 3141 2377 μοι
3163 2305 3224 2360 τὸ
3263 2305 3627 2375 μνησίκακον.

2059 2404 2310 2461 κλαῦσαι
2333 2403 2558 2473 δεῆσαν,
2588 2403 2690 2456 οὐκ
2713 2400 2780 2456 ἂν
2811 2399 3096 2464 ἐκγελάσω
3121 2391 3428 2470 σαρδόνιον.
3469 2395 3632 2448 Ἔστι

2062 2515 2154 2569 μοι
2194 2498 2288 2551 καὶ
2311 2496 2595 2567 χαρμονῆς
2623 2494 2845 2562 ἐλλόγου
2875 2496 3090 2563 καιρὸς,
3119 2492 3210 2545 ὅτε
3254 2491 3356 2544 οὑκ
3397 2489 3463 2544 ἂν
3499 2504 3632 2542 συν-

2058 2587 2284 2658 αγαγὼν
2318 2587 2417 2649 τὰς
2457 2585 2651 2656 ὀφρῦς,
2682 2586 2778 2639 καὶ
2819 2585 2888 2639 τὰ
2912 2583 3067 2656 χείλη
3107 2581 3426 2652 συσφίγξας,
3459 2578 3633 2644 πνίξω

2059 2680 2342 2741 συστείλας
2379 2677 2478 2748 τὴν
2523 2676 2702 2747 χαρὰν
2751 2677 2906 2739 ἐντὸς
2949 2673 3343 2746 ὑποκριτικῶς.
3397 2671 3513 2727 Οὑκ
3559 2669 3631 2724 ἂν

2060 2769 2498 2841 ὑποκρινάμενος
2532 2767 2907 2839 ἐπαινέσαιμι,
2937 2767 2996 2821 ὃν
3027 2767 3088 2820 οὑ
3119 2765 3278 2836 φιλῶ,
3301 2763 3634 2836 ψευδόμενος

2057 2863 2310 2934 γλώσσης
2343 2862 2503 2932 χάριν
2537 2860 2994 2932 κολακικώτερον,
3028 2859 3149 2914 ἐπεί
3180 2875 3263 2912 τοι
3286 2859 3380 2912 καὶ
3411 2856 3509 2928 τὴν
3539 2870 3634 2910 κο-

2056 2955 2284 3009 λακείαν
2309 2952 2639 3024 παραφυάδα
2674 2947 2790 3006 οἶδα
2809 2952 3012 3018 φαύλου
3033 2950 3336 3020 στελέχους,
3377 2947 3475 3017 τῆς
3495 2946 3632 2999 ὑπο-

2057 3045 2312 3114 κρίσεως.
2348 3043 2422 3097 Οὑ
2459 3043 2902 3114 προσποιήσομαι
2935 3041 3056 3095 οὑδέ
3086 3039 3148 3093 τὸ
3181 3033 3631 3110 ἐγκρατευτικόν.

378 3149 558 3203 pravae
580 3121 1211 3200 Stipitis,simulationis.
1257 3120 1372 3174 Non
1425 3120 1552 3173 item
1606 3118 1954 3172 sobrietatem

2060 3136 2278 3190 Βέλτιον
2335 3134 2619 3205 ἡγήσομαι
2681 3131 3015 3202 κατάσχετος
3075 3131 3217 3202 μέθῃ
3273 3125 3632 3197 ἐκφανθῆναι,

383 3227 580 3295 ﬁngam
602 3258 620 3286 ,
652 3219 822 3275 satius
855 3216 1063 3271 ducens
1108 3221 1320 3280 captum
1374 3209 1636 3264 ebrietate
1679 3225 1762 3264 me
1789 3210 1956 3265 videri

382 3331 546 3386 quam
603 3310 870 3365 fallaciter
891 3321 986 3374 pro
1029 3304 1250 3358 homine
1283 3301 1468 3356 sobrio
1505 3299 1957 3354 huberi.Manum

387 3408 594 3463 habens
618 3416 797 3459 messe
827 3414 948 3471 quae
977 3397 1123 3454 venit
1151 3412 1181 3451 a
1205 3396 1312 3450 Deo
1325 3395 1563 3464 plenam,
1590 3393 1823 3448 fructum
1850 3407 1958 3448 non

381 3494 736 3556 abscondam,

457 3588 547 3644 10.
569 3587 826 3654 Ut_totum
863 3580 1132 3638 declarem
1154 3619 1170 3646 ,
1204 3577 1605 3633 simulationem
1625 3590 1746 3646 ego,
1778 3584 1838 3629 ut
1868 3574 1957 3644 qui

384 3681 621 3737 maxime
655 3691 723 3731 ex
754 3673 1043 3738 omnibus,
1079 3672 1134 3725 in
1177 3670 1304 3725 odio
1367 3667 1564 3722 habeo.
1609 3665 1721 3721 lloc
1780 3677 1956 3722 autem

383 3777 507 3830 dico
536 3787 641 3826 non
672 3769 943 3840 glorians,
970 3763 1373 3836 Astydamantis
1411 3764 1608 3830 instar,
1639 3771 1702 3817 ut
1728 3761 1954 3836 dicitur,

381 3864 480 3922 sed
516 3863 816 3920 secundum
852 3859 1262 3913 accurationem
1295 3856 1478 3911 studio
1503 3854 1724 3923 proprio
1764 3852 1958 3904 immu-

387 3969 536 4010 nem.
578 3951 814 4006 Prorsus
853 3947 998 4003 enim
1045 3945 1246 4000 malum
1278 3945 1422 4000 istud
1480 3945 1744 4019 detester,
1790 3949 1844 3996 et
1890 3938 1958 3994 ab

382 4047 502 4121 illo,
561 4051 824 4112 quantum
885 4050 1109 4107 possum
1160 4035 1397 4090 declino.
1451 4032 1508 4089 Si
1569 4047 1698 4086 vero
1764 4032 1816 4085 itt
1875 4032 1959 4086 his

381 4141 524 4195 forte
551 4137 780 4190 diversae
836 4127 1134 4183 locutionis
1193 4126 1512 4198 convincor,
1563 4124 1691 4178 hinc
1740 4123 1956 4192 quidem

387 4226 766 4294 memetipsum
805 4203 1074 4274 accusans
1095 4216 1163 4270 de
1205 4231 1360 4270 more
1385 4215 1748 4279 simulatorio,
1814 4214 1960 4268 sicut

389 4322 502 4393 jam
543 4326 702 4373 antea
746 4310 1037 4369 confessus
1072 4313 1231 4382 sum',
1268 4307 1416 4361 illinc
1466 4312 1646 4359 autem
1694 4306 1838 4361 idem
1868 4320 1962 4362 ne-

388 4427 548 4484 gans,
581 4420 710 4462 ecce
743 4402 875 4460 mihi
913 4401 1096 4455 factus
1131 4397 1429 4453 advocatus
1467 4397 1522 4450 in
1553 4395 1780 4450 veritate
1835 4395 1960 4452 dico

2060 3225 2748 3302 ἢπερψευδογραφηθῆναι
2790 3224 2926 3292 πρὸς
2967 3220 3295 3291 νηστευτην.
3343 3217 3631 3287 Πεπληρο-

2059 3320 2374 3390 φορημένος
2420 3319 2518 3385 τὴν
2547 3317 2704 3386 χεῖρα
2732 3313 2924 3384 θέρους
2952 3311 3049 3366 τοῦ
3086 3311 3150 3365 ἐκ
3193 3308 3354 3376 Θεοῦ,
3386 3308 3485 3362 οὑκ
3509 3307 3636 3362 ἐπι-

2057 3410 2340 3481 κρύψομαι
2368 3408 2460 3463 τὸν
2489 3407 2722 3478 καρπόν.
3307 3405 3311 3409 ’

2131 3592 2189 3643 t'.
2217 3585 2445 3639 Συνόλου
2484 3585 2539 3638 δέ
2589 3581 2972 3654 ἀποφήνασθαι
2997 3599 3013 3615 ο
3042 3581 3300 3652 ἀπεχθῶς
3353 3577 3465 3649 ἐγὼ
3513 3576 3635 3631 διάο

2061 3693 2256 3745 κειμαι
2291 3678 2420 3745 περὶ
2448 3674 2548 3746 τὴν
2577 3675 2889 3745 ὑπόκρισιν,
2917 3673 2992 3733 ὡς
3033 3672 3133 3725 οὑκ
3175 3668 3291 3732 οἶδ’,
3328 3671 3380 3722 εί
3421 3686 3504 3732 τις
3533 3670 3634 3721 ἀν-

2061 3767 2315 3838 θρώπων.
2352 3767 2510 3834 Λέγω
2539 3766 2594 3819 δέ
2630 3767 2782 3829 αὑτὸ,
2819 3765 2921 3818 οὑκ
2965 3763 3359 3833 ἀποσεμνύνων
3398 3759 3636 3830 ἐμαυτὸν

2072 3855 2509 3925 Ἀστυδάμιντος
2541 3855 2720 3926 δίκην,
2746 3854 2776 3908 δ
2800 3854 3041 3921 λέγεται,
3069 3854 3206 3907 ἀλλὰ
3235 3853 3371 3922 πρὸς
3397 3851 3637 3921 ἀφίλαυ-

2057 3965 2151 4002 τον
2182 3949 2491 4018 ἅκρίϐειαν.
2528 3947 2678 4002 Πάνυ
2718 3963 2825 4016 γαρ
2864 3956 3006 4016 μισω
3040 3949 3192 3999 τουτὶ
3221 3946 3281 3998 τὸ
3305 3944 3492 4008 κακὸν,
3536 3944 3636 3996 καὶ

2059 4043 2138 4105 είς
2177 4041 2300 4095 ὅσον
2323 4041 2576 4111 δύναμις,
2615 4040 2967 4110 παρεκκλίνω
3013 4041 3108 4092 ἀπ’
3141 4040 3329 4093 αὑτοῦ.
3362 4039 3424 4091 Εἰ
3449 4038 3503 4091 δὲ
3539 4053 3636 4089 τυ-

2060 4133 2154 4204 χὸν
2210 4133 2636 4202 ἐναντιοφωνίας
2688 4135 2746 4186 ἐν
2789 4133 2997 4197 τούτοις
3058 4133 3375 4203 ἀλίσκομαι,
3421 4133 3496 4201 πῆ
3531 4130 3633 4201 μὲν

2059 4223 2384 4294 κατηγορῶν
2413 4222 2650 4292 ἐμαυτοῦ
2674 4222 2735 4276 τὸ
2766 4223 3118 4294 ὑποκριτικὸν
3144 4219 3294 4297 ἦθος,
3320 4221 3393 4285 ὡς
3421 4221 3632 4290 φθάσας

2058 4313 2624 4386 ἀνθωμολογησάμην,
2675 4317 2754 4386 πῆ
2789 4313 2845 4368 δὲ
2894 4315 3309 4385 άπαρνούμενος
3357 4311 3418 4367 τδ
3474 4312 3631 4377 αὑτὸ,

2060 4404 2177 4458 ἀλλ’
2209 4405 2318 4459 ίδοὺ
2350 4405 2654 4477 δικηγορῶν
2701 4404 2925 4477 ἐμαυτῷ
2967 4406 3112 4475 λέγω
3170 4407 3308 4478 πρὸς
3344 4405 3632 4476 ἀληθειαν.

382 4511 529 4583 quod
570 4507 635 4563 de
661 4513 862 4561 caetero
886 4511 1226 4570 prosequens
1251 4494 1587 4552 sinceritatis
1631 4495 1827 4561 solem,
1875 4495 1954 4550 si-

2060 4498 2144 4552 δτι
2176 4497 2352 4561 ἄλλως
2399 4498 2504 4569 Δμὲν
2549 4498 2900 4568 μεταδιώκων
2952 4499 3044 4552 τὸν
3085 4499 3184 4569 τῆς
3236 4498 3634 4568 ἀνυποκρισίας

393 4597 714 4658 mutationis
740 4593 939 4664 etfugio
967 4591 1262 4658 tenebras;
1289 4590 1382 4645 sed
1425 4601 1764 4660 quaecunque
1785 4587 1961 4642 simu-

384 4691 574 4748 latorie
593 4687 772 4742 facere
793 4682 1078 4741 confessus
1099 4695 1241 4747 sum,
1265 4681 1377 4734 haec
1404 4689 1533 4734 sunt
1558 4692 1587 4732 a
1611 4692 1695 4732 me
1714 4677 1958 4734 rationes

387 4778 727 4853 teconomiae,
780 4776 994 4847 qualem
1058 4770 1240 4843 regula
1295 4769 1598 4840 praescribit
1692 4768 1958 4824 discretos

387 4887 667 4932 sermones
704 4872 1021 4941 dispensare
1068 4873 1334 4930 statuens,
1381 4864 1632 4934 lahiaque
1661 4865 1956 4919 secundum

385 4963 850 5036 opportunitatem
883 4959 1120 5033 aperire,
1155 4970 1255 5011 nec
1281 4969 1390 5011 non
1416 4964 1618 5025 aperta
1671 4955 1958 5012 locutionis

387 5051 928 5123 intempestivitatem
986 5050 1183 5124 vitare,
1246 5054 1411 5117 atque
1491 5045 1715 5101 omnino
1773 5059 1958 5101 rerum

387 5143 791 5204 conditionibus
839 5144 906 5196 ad
929 5155 1063 5211 opus
1098 5137 1526 5194 accommodari.
1554 5136 1708 5203 Quod
1741 5137 1958 5209 quidem

385 5242 440 5296 'si
479 5239 598 5310 quis
621 5235 815 5291 tribuit
854 5232 1197 5288 simulatorio
1225 5229 1551 5305 discrimini,
1607 5245 1716 5285 non
1772 5239 1958 5299 posset

391 5343 606 5388 omnem
625 5331 967 5384 honestatem
990 5334 1044 5380 et
1064 5323 1493 5380 moderationem
1521 5334 1574 5378 et
1591 5323 1957 5398 disciplinam,

385 5417 585 5495 quibus
634 5424 688 5477 in
757 5419 1012 5475 vitiorum
1076 5418 1257 5488 fugam
1307 5417 1640 5472 inducuntur
1687 5416 1955 5498 homines,

381 5514 661 5588 hypocrisi
717 5527 825 5568 non
878 5509 1168 5580 subjicere,
1239 5508 1578 5564 Manifestum
1643 5518 1727 5564 est
1784 5510 1956 5585 enim,

391 5609 537 5678 quod
587 5607 868 5661 hominum
921 5613 1138 5678 natura,
1181 5617 1304 5672 qute
1357 5602 1562 5657 lnhrica
1612 5612 1694 5657 est
1735 5609 1788 5655 et
1811 5617 1960 5656 erra-

351 5747 356 5750 .
388 5698 568 5753 bunda
594 5697 752 5752 facile
788 5705 961 5767 potest
993 5695 1316 5765 prmeipitari
1342 5693 1396 5750 in
1428 5695 1636 5749 ruinam
1663 5713 1678 5762 ;
1712 5695 1802 5750 ille
1831 5709 1959 5750 vero

388 5788 484 5860 qui
517 5785 859 5842 rectitudinis
909 5786 1171 5842 Dominus
1225 5795 1331 5856 est,
1364 5787 1597 5857 desuper
1655 5784 1956 5856 respiciens

2059 4589 2233 4662 ἥλιον,
2268 4591 2524 4658 ἐκφεύγω
2568 4590 2630 4645 τὸ
2661 4591 2760 4662 τῆς
2798 4591 3143 4661 ὑποκρίσεως
3184 4591 3460 4645 σκοτεινόν
3481 4606 3498 4622 ι
3532 4590 3634 4642 ὃσα

2059 4679 2115 4734 δέ
2149 4681 2645 4752 διωμολογησάμην
2693 4683 2826 4755 δρᾷν
2861 4682 3252 4754 ὑποκριτικῶς,
3304 4683 3421 4737 ἀλλ’
3448 4684 3634 4734 ἐκεῖνα

2059 4772 2375 4843 οἰκονομίας
2427 4774 2537 4826 εἰσὶ
2583 4775 2680 4826 καὶ
2727 4774 2854 4845 παρ’
2915 4773 3040 4844 ἐμοὶ
3093 4774 3328 4845 μέθοδοι,
3381 4774 3569 4826 ὁποίαν
3603 4775 3634 4825 ὁ

2059 4863 2219 4936 ὀρθὸς
2242 4865 2615 4936 παραγγέλλει
2645 4866 2848 4931 κανὼν,
2882 4867 3071 4936 λόγους
3094 4885 3152 4921 τε
3180 4867 3460 4937 κριτικοὺς
3489 4868 3634 4918 οἱκο-

2058 4959 2248 5027 νομεϊν
2304 4959 2511 5021 ἐκεῖνος
2555 4958 2994 5028 διαταττόμενος,
3028 4962 3124 5014 καὶ
3172 4960 3322 5031 χείλη
3365 4962 3422 5014 ἐν
3455 4960 3634 5029 καιρῷ

2059 5051 2318 5125 ἀνοίγειν,
2350 5051 2537 5107 καὶτὸ
2585 5051 2684 5122 τῆς
2725 5053 3037 5124 παρρησίας
3089 5055 3319 5124 ἄκαιρον
3371 5052 3629 5120 ἀπολέγε-

2064 5142 2212 5208 σθαι,
2251 5147 2346 5199 καὶ
2375 5145 2512 5207 ὅλως
2559 5146 2682 5205 ταῖς
2713 5145 3093 5213 περιπετείαις
3132 5146 3244 5199 τῶν
3292 5147 3633 5216 πραγμάτων

2061 5235 2142 5300 είς
2173 5235 2288 5288 δέον
2314 5234 2711 5305 ἁρμόττεσθαι,
2743 5237 2920 5304 Ὅπερ
2951 5238 3006 5288 εί
3029 5255 3113 5300 τις
3146 5239 3407 5291 ὑποϐαλεῖ
3427 5238 3634 5308 διαιρέ-

2063 5343 2195 5397 ματι
2217 5326 2578 5398 ὑποκριτικῷ,
2603 5329 2702 5381 οὑκ
2721 5329 2787 5382 ἂν
2809 5329 3000 5398 φθάνοι
3025 5329 3118 5381 καὶ
3139 5331 3309 5382 πᾶσιν
3330 5331 3634 5398 σεμνότητα

2059 5417 2156 5472 καὶ
2187 5419 2520 5490 κοσμιότητα
2545 5420 2638 5472 καὶ
2678 5421 2982 5486 παίδευσιν,
3015 5423 3086 5475 δι’
3110 5416 3187 5476 ὤν
3207 5425 3274 5493 τῇ
3313 5423 3424 5476 τῶν
3447 5415 3634 5476 κακῶν

2061 5511 2237 5582 ἀποχῇ
2253 5511 2537 5578 ἐνάγονται
2555 5513 2850 5584 ἄνθρωποι,
2872 5515 3303 5585 καθυπάγωνείς
3321 5517 3632 5588 ὑπόκρισιν.

2059 5602 2229 5672 Δῆλον
2258 5605 2387 5675 γὰρ,
2409 5604 2484 5669 ὡς
2511 5606 2544 5676 ἡ
2570 5608 2667 5674 μὲν
2697 5607 2819 5662 κατ’
2849 5609 3137 5681 ἄνθρωπον
3167 5612 3328 5680 φύσις
3356 5611 3632 5674 εὑόλισθος

2057 5689 2217 5758 οὖσα,
2265 5695 2360 5748 καὶ
2398 5695 2461 5747 τὸ
2509 5695 2889 5766 ἁμαρτητικὸν
2943 5701 3185 5764 εὐπετῶς
3223 5703 3336 5771 ἔχει
3373 5703 3636 5772 καταρρι-

2061 5785 2334 5851 πτείσθαι,
2391 5785 2497 5855 ὅπη
2543 5785 2618 5856 μὴ
2647 5791 2752 5860 χρή
2780 5804 2794 5821 ·
2831 5791 2858 5844 ό
2891 5791 2946 5845 δέ
2976 5793 3070 5862 τῆς
3102 5794 3395 5866 ὀρθότητος
3425 5793 3632 5865 Κύριος
