4034 6206
385 377 494 441 388

1058 365 1480 434 EUSTATHII
1509 354 2272 427 TIIESSALONICENSIS
2323 353 2888 418 METROPOLlT/E

3524 348 3632 414 384

386 497 649 555 musieior
677 508 801 554 esse
847 493 1192 564 praedicatur.
1251 489 1441 545 Vitum
1489 487 1570 542 sic
1623 475 1950 540 celebratam

2065 474 2285 544 μελέστι
2297 489 2387 544 ρος
2416 470 2556 527 εἶναι
2587 471 2799 528 ἀκούει.
2840 467 3025 525 Καλδν
3061 461 3205 522 εῖναι
3243 457 3504 538 μανθάνει
3535 469 3636 522 καὶ
3741 497 3746 500 -

379 589 546 646 Nirea
599 584 881 658 praeponit,
910 592 963 641 et
993 597 1158 654 super
1181 581 1365 638 omnia
1399 577 1612 635 felicem
1642 588 1764 631 esse
1800 587 1957 628 mun-

378 685 511 740 dum
567 683 754 744 aiunt,
795 678 937 748 quod
973 677 1141 732 talem
1196 673 1575 731 exornationis
1595 666 1765 741 gratia
1816 665 1960 722 obti-

385 774 569 832 nuerit
597 771 898 827 hominem.
932 767 1109 826 Unum
1144 765 1272 836 quid
1303 763 1370 819 ad
1399 761 1758 818 elevationem
1791 755 1956 811 amici

384 865 697 936 relinquunt
734 863 1085 925 intentatum,
1128 854 1403 913 hominem
1457 853 1636 908 facere
1663 847 1860 914 Deum,
1904 855 1961 902 et

380 961 438 1018 in
478 976 694 1018 sacram
728 956 989 1014 extollere
1044 955 1376 1011 columnam.
1418 951 1670 1004 Attamen
1717 945 1957 1001 divinum

382 1069 448 1109 ac
479 1053 872 1110 divinissimum
909 1059 1071 1120 atque
1088 1049 1474 1115 divum,atque
1505 1042 1614 1098 Deo
1633 1039 1864 1096 similem
1903 1046 1960 1095 et

380 1145 493 1200 Deo
517 1158 701 1213 parem
725 1153 779 1198 et
821 1142 910 1197 Dei
942 1139 1217 1207 aemulum,
1258 1146 1313 1192 et
1341 1139 1385 1192 si
1448 1135 1589 1204 quod
1637 1140 1722 1188 est
1771 1131 1958 1198 hujus-

383 1239 532 1295 modi
560 1235 866 1291 venerabile
892 1240 1310 1304 cognomentum
1342 1229 1658 1297 frequenter
1685 1222 1960 1292 appellant

381 1331 682 1387 hominem.
730 1328 886 1382 Hane
931 1339 994 1380 se
1039 1321 1237 1377 lavanti
1271 1321 1507 1386 asistunt
1540 1335 1556 1373 :
1596 1330 1628 1370 a
1659 1314 1962 1371 dormiente

385 1419 578 1478 sedulo
605 1433 821 1474 muscas
853 1415 1115 1486 abigunt;
1141 1409 1390 1482 spuentis
1413 1422 1524 1463 non
1545 1406 1732 1463 sinunt
1757 1401 1958 1458 calcari

382 1514 645 1577 salivam,
705 1525 813 1565 non
886 1507 1227 1562 fastidiosam
1275 1502 1422 1558 illam
1479 1513 1602 1556 esse
1667 1504 1975 1566 putantesr

381 1605 479 1660 sed
512 1616 781 1658 annonam
828 1599 970 1655 visu.
1008 1597 1404 1652 Ascendentem
1435 1592 1490 1647 in
1533 1589 1822 1662 subjugale
1853 1588 1957 1643 hu-

384 1697 552 1752 meris
581 1692 876 1758 extollunt,
908 1701 962 1746 et
1006 1690 1350 1744 adhaerentes
1395 1685 1510 1749 illi.
1553 1681 1725 1736 veluti
1759 1693 1960 1734 musca

386 1790 653 1861 cupediis,
700 1788 769 1842 de
829 1785 1008 1841 reditu
1075 1795 1396 1852 persuasum
1458 1777 1660 1832 habere
1739 1774 1955 1830 nolunt.

387 1886 660 1938 Enarrant
702 1893 916 1950 quoque
962 1873 1292 1940 calumnias,
1327 1879 1518 1928 contra
1565 1883 1725 1941 quas.
1778 1865 1958 1920 amico

386 1981 650 2041 intentas,
683 1974 789 2046 ipsi
830 1988 964 2029 sane
1001 1975 1375 2035 decertarunt,
1413 1979 1658 2036 quasque
1711 1961 1963 2016 confuta-

387 2079 604 2133 verunt,
628 2079 683 2123 et
726 2068 869 2137 ipsas
907 2080 1015 2120 non
1065 2077 1250 2128 veras,
1294 2062 1392 2118 sed
1436 2058 1619 2123 ﬁctas,
1671 2054 1954 2112 scelerati.

381 2149 698 2219 Adulatmn‘
726 2162 805 2214 sic
850 2159 1062 2213 ironice
1106 2155 1209 2224 ipsi
1250 2149 1583 2209 contumelia
1631 2146 1960 2211 allicientes,

384 2267 576 2323 argute
633 2252 1132 2308 comminiscuntur
1175 2248 1300 2303 vitm
1372 2244 1824 2301 communitatem
1907 2248 1962 2295 et

386 2346 710 2405 substantia:
733 2342 1192 2405 distributionem,
1225 2338 1336 2392 vini
1359 2335 1677 2406 amphoras,
1709 2345 1764 2388 et
1825 2333 1962 2386 alios

388 2439 631 2498 autumni
706 2437 938 2500 fructus,
997 2447 1052 2490 et
1122 2433 1332 2488 catinos
1393 2428 1657 2498 placentis
1710 2427 1960 2490 refertos,

385 2535 464 2591 illi
509 2531 868 2604 proferentes.
909 2528 977 2584 Et
1020 2527 1393 2582 comedentem
1441 2521 1657 2592 quidem
1685 2532 1737 2575 et
1771 2518 1964 2574 biben-

382 2637 490 2684 tem
521 2626 589 2680 ad
627 2622 1102 2706 intemperantiam
1139 2620 1466 2682 incitant,ut
1499 2614 1601 2685 ipsi
1633 2618 1960 2682 praetexunt,

381 2721 450 2774 ad
485 2719 607 2779 vitae
645 2703 1124 2778 sustentationem,
1174 2711 1268 2768 sed
1315 2710 1450 2764 alias
1506 2719 1669 2780 puto,
1706 2717 1760 2760 ιιι
1793 2703 1962 2773 ipsius

383 2811 562 2884 gulam
591 2810 1018 2878 ebrietatemque
1053 2805 1185 2862 risui
1217 2805 1454 2860 habeant
1491 2818 1507 2857 :
1547 2816 1736 2854 verum
1773 2799 1818 2853 si
1855 2812 1960 2852 non

383 2905 639 2963 satiatum
678 2903 829 2956 illum
870 2915 1014 2971 aegre
1057 2898 1242 2955 ferunt
1283 2897 1336 2952 in
1386 2893 1739 2964 apparentia,
1790 2890 1964 2960 magis

383 3007 566 3056 tamen
615 2997 936 3068 gauderent,
979 2992 1122 3062 quod
1162 2989 1265 3062 ipsi
1297 2989 1442 3044 laute
1483 2986 1843 3056 replerentur.
1883 2983 1961 3036 En

384 3101 565 3145 autem
604 3087 805 3156 aliquid
845 3086 971 3141 novi
1005 3083 1176 3153 magis
1206 3099 1220 3136 :
1253 3079 1528 3152 mysteriis
1562 3077 1870 3142 initiantur,
1908 3081 1965 3129 et

381 3180 604 3253 propria
639 3187 882 3256 secreta,
917 3192 1038 3248 qua:
1071 3178 1153 3232 vel
1199 3177 1471 3240 fecerunt,
1495 3175 1577 3227 vel
1612 3171 1961 3239 excogitave-
1990 3184 2034 3241 ο

383 3286 538 3341 runt,
577 3273 842 3336 revelant,
869 3280 923 3326 et
957 3270 1072 3342 ipsa
1101 3268 1369 3341 pessima;
1400 3276 1454 3323 et
1487 3276 1746 3334 tanquam
1783 3261 1960 3317 amico

381 3368 532 3437 quui
567 3367 904 3435 credereque
944 3372 1140 3419 cuncta
1183 3362 1238 3418 in
1281 3362 1463 3415 animo
1506 3357 1775 3428 reposita,
1819 3355 1960 3421 ausi,

387 3461 649 3516 miserum
682 3468 738 3514 et
770 3467 899 3513 tunc
934 3465 1235 3527 provocant
1287 3453 1353 3507 ad
1385 3453 1726 3508 consortium
1752 3488 1767 3515 ,
1811 3459 1871 3504 ut
1908 3457 1962 3502 et

385 3554 477 3610 ille
534 3553 779 3623 quaedam
837 3562 1057 3609 suorum
1111 3559 1445 3607 secretorum
1505 3542 1834 3601 manifestet.
1894 3543 1963 3600 Et

389 3650 504 3706 haec
529 3648 744 3719 quidem
769 3647 870 3718 ipsi
893 3647 1123 3715 iaciunt,
1143 3656 1197 3703 et
1221 3648 1303 3703 his
1333 3644 1438 3700 alia
1463 3643 1616 3715 plura
1646 3642 1958 3714 peioraque,

343 3787 353 3796 .
393 3759 564 3814 usque
585 3745 710 3799 dum
744 3743 1036 3811 praestigiis
1063 3742 1378 3810 deceperint
1407 3741 1733 3806 inescatam,
1773 3739 1961 3807 illique

387 3840 762 3910 persuaserint
793 3845 855 3891 ut
884 3836 1018 3905 ipsis
1047 3834 1285 3890 conﬁdat
1309 3843 1364 3888 et
1396 3833 1552 3903 quasi
1577 3831 1743 3888 rectis
1769 3832 1960 3888 amicis

391 3935 676 4006 inhaereat.
709 3933 843 3988 Cum
876 3940 1057 3986 autem
1081 3930 1223 3983 intra
1260 3930 1398 3984 retia
1422 3928 1788 3984 miserandum
1815 3928 1961 3983 hunc

390 4025 765 4098 passerculum
790 4034 1006 4096 captum
1060 4021 1408 4088 retinuerint,
1437 4032 1564 4077 tunc
1590 4019 1961 4079 simulationis

392 4122 644 4178 nebulam
690 4119 1029 4190 abjicientes,
1055 4123 1340 4187 apparent,
1365 4115 1604 4172 amicitia
1626 4129 1754 4172 vera
1775 4115 1966 4187 sicque

391 4213 600 4270 malitia
634 4209 1085 4281 splendidissimi.

468 4305 557 4359 15.
601 4303 670 4358 Et
723 4301 994 4372 quomodo
1033 4307 1270 4355 tractent
1317 4301 1468 4356 hunc
1520 4300 1828 4373 hominem,
1860 4317 1963 4374 ego

398 4398 536 4462 scio,
577 4394 796 4461 fratres,
828 4403 883 4448 et
910 4407 1004 4448 vos
1024 4392 1198 4456 scitis,
1228 4400 1285 4447 et
1315 4401 1442 4448 ante
1463 4407 1560 4448 vos
1585 4393 1766 4448 sciunt
1817 4395 1962 4451 scri-

396 4498 602 4560 ptores,
646 4485 756 4540 imo
782 4483 960 4538 omnis
1011 4483 1274 4539 mundus:
1297 4484 1442 4540 unde
1464 4482 1795 4553 superﬂuum
1819 4494 1965 4542 esset

301 4647 304 4650 λ
397 4593 669 4653 exponere
715 4592 839 4648 qua:
885 4576 953 4632 de
989 4585 1187 4633 caetero
1234 4576 1418 4632 auditu
1457 4592 1564 4631 non
1605 4587 1730 4633 sunt
1781 4579 1964 4649 digna.

403 4677 648 4730 Araneus
687 4671 780 4741 qui
836 4669 908 4724 ita
960 4667 1228 4733 culicem,
1281 4679 1499 4738 captum
1547 4670 1757 4725 retibus
1814 4681 1968 4727 tene-

400 4775 509 4833 ret,
529 4761 918 4822 animalculum
945 4761 1264 4818 olienderet.
1292 4760 1396 4814 Sed
1422 4762 1562 4817 ismd
1597 4779 1694 4833 per
1718 4774 1968 4821 attenua-

402 4860 603 4915 tionem
628 4857 846 4912 dicitur.
866 4855 978 4912 Leo
1003 4869 1132 4910 vero
1156 4855 1236 4910 sic
1258 4854 1494 4910 irrueret
1521 4858 1633 4924 ovi,
1659 4857 1970 4928 animalque

405 4952 574 5007 dente
628 4949 984 5020 discerperet.
1014 4949 1155 5003 sicut
1218 4947 1294 5002 illi
1326 4947 1695 5002 miserandum
1729 4951 1966 5007 amicum

405 5045 727 5111 discerpunt
751 5042 1025 5106 laetantes,
1054 5039 1163 5096 imo
1192 5055 1323 5096 vero
1366 5039 1561 5095 hilaria
1593 5050 1876 5107 canentes,
1910 5050 1970 5098 ut

403 5137 568 5193 etiam
596 5150 718 5192 cum
753 5135 890 5204 ipsis
912 5133 1076 5190 veluti
1102 5131 1330 5187 canibus
1361 5133 1590 5187 ludibria
1623 5134 1970 5204 conspician-

405 5239 514 5284 tur.
581 5226 696 5282 Non
776 5225 922 5281 enim
986 5224 1336 5288 erubescunt,
1399 5227 1494 5278 sed
1545 5225 1970 5281 ostentationem

403 5329 614 5383 amant,
647 5316 806 5388 quasi
839 5331 934 5385 per
957 5315 1180 5370 chorum
1209 5325 1265 5371 et
1287 5316 1638 5382 cantilenam,
1670 5315 1795 5372 talia
1827 5333 1973 5374 com-

407 5412 620 5481 plentes
648 5409 704 5462 hi
738 5409 972 5462 audaces
1002 5414 1056 5460 et
1095 5407 1434 5461 miserabiles
1470 5423 1484 5459 :
1526 5423 1690 5462 unum
1724 5409 1968 5479 quidem,

401 5505 545 5572 quod
567 5503 828 5557 audacter
845 5499 1106 5553 adversus
1125 5499 1415 5554 amicitiam
1436 5508 1638 5571 agunt;
1660 5502 1801 5557 aliud
1820 5519 1970 5567 vero.

409 5595 551 5650 ouod
586 5595 722 5649 nihil
755 5593 1028 5650 laudabile
1064 5593 1291 5648 faciunt.

482 5767 565 5824 li.
601 5768 790 5840 Itaque
826 5785 931 5826 non
956 5768 1066 5840 jam
1098 5769 1394 5828 amicitiam
1436 5770 1821 5828 blandimentis
1855 5772 1972 5827 alli-

2061 565 2204 633 ὺπέρ
2233 565 2408 636 Νιρέα
2430 565 2525 619 τὸν
2552 563 2964 636 περιᾳδόμενον.
2996 562 3108 616 Καὶ
3134 562 3232 616 ἐπὶ
3253 561 3419 614 πᾶσιν
3447 558 3635 613 εὐδαι-

2061 659 2248 728 μονεῖν
2291 657 2386 711 τὸν
2431 658 2638 727 κόσμον
2667 657 2853 726 φασὶν,
2888 657 2972 710 ὅτι
3008 654 3252 710 τοιοῦτον
3294 637 3512 724 εἴληχεν
3539 650 3638 706 άν-

2055 747 2163 816 δρα
2191 748 2270 812 είς
2295 749 2675 817 ἐπικόσμημα.
2709 747 2809 800 Ἕν
2837 761 2891 799 τι
2911 746 3138 814 άφιᾶσιν
3167 740 3308 798 εῖναι
3331 741 3643 796 άσάλευτσν

2059 839 2142 902 είς
2205 838 2561 909 ὑπερύψωσιν
2600 833 2845 906 φιλικὴν,
2894 837 2957 890 τδ
3013 834 3357 904 θεοποιῆσαι,
3403 833 3499 886 καὶ
3550 832 3638 894 είς

2061 932 2218 1002 ἱεράν
2271 933 2473 1003 στήλην
2501 930 2814 998 ἀναστῆσαι
2839 929 2930 982 τδν
2981 925 3294 997 ἄνθρωπον.
3331 924 3406 977 Th
3447 924 3637 993 μέντοι

2061 1024 2209 1079 θεῖον
2233 1023 2328 1077 καὶ
2357 1023 2632 1077 θειότατον
2661 1024 2759 1078 καὶ¹
2787 1019 3048 1073 θέσκελον
3080 1019 3175 1072 καὶ
3201 1013 3507 1070 θεοείκελον
3539 1014 3639 1067 καὶ

2059 1115 2122 1172 τὺ
2160 1114 2392 1178 θεωιδές
2430 1114 2528 1167 καὶ
2569 1113 2634 1165 τὸ
2664 1112 3019 1182 θεομίμητον,
3066 1108 3164 1162 καὶ
3193 1109 3247 1161 εί
3291 1123 3344 1160 τι
3386 1106 3638 1159 τοιοῦτον

2063 1206 2261 1277 σεμνὸν
2290 1203 2485 1274 ὑνομα,
2521 1202 2692 1274 συχνά
2721 1200 3087 1272 κατεπᾴδουσι
3129 1198 3226 1252 τοῦ
3256 1198 3472 1268 άνδρός.
3511 1197 3638 1250 Ἔτι

2059 1297 2340 1368 λουομένῳ
2397 1293 2840 1367 παρασταιοῖηιν
2863 1309 2879 1327 ο
2942 1290 3240 1354 ὑπνοῦντος
3299 1287 3638 1343 ἀποσοὸοῠσι

2059 1391 2161 1454 τὰς
2195 1389 2360 1460 μυίας
2406 1386 2798 1459 προμηθικῶςο
2831 1383 3141 1444 πτύσαντος
3165 1381 3268 1435 οὐκ
3304 1381 3501 1448 ἀφιᾶσι
3530 1397 3642 1434 παο
3705 1393 3722 1408 ‘

2059 1481 2293 1551 τηθῆναι
2326 1479 2417 1532 τὸν
2461 1477 2660 1541 σίελον,
2703 1475 2778 1546 μὴ
2821 1474 3011 1544 σικχδν
3043 1471 3207 1526 αὑτὸν
3237 1465 3377 1524 εἶναι
3419 1469 3642 1540 φιλοσο-

2061 1572 2330 1642 φοῦντες,
2377 1569 2495 1625 ἀλλ’
2553 1569 2684 1640 ἡδὺν
2737 1565 3055 1638 βλέπεσθαι.
3118 1561 3505 1628 Ἀναδαίνοντα
3553 1561 3638 1623 είς

2061 1660 2359 1730 ὑποζύγιον
2410 1657 2773 1713 ἀναϐάλλουσι
2823 1653 3198 1723 κουφίζοντες,
3247 1651 3344 1705 καὶ
3392 1667 3640 1721 παρακο-

2060 1752 2379 1815 λουθοῦντες
2411 1752 2512 1806 ὅσα
2546 1750 2642 1803 καὶ
2673 1751 2831 1818 μυῖαι
2861 1746 3238 1816 γλυκάσματι,
3267 1743 3370 1797 οὑκ
3392 1743 3638 1796 ἐθέλουσι

1987 1829 2035 1892 Β
2063 1845 2350 1900 πείθεσθαι
2373 1844 2453 1906 είς
2479 1840 2816 1910 άνάκαμψιν.
2853 1835 3220 1907 ’Δφηγοῦνται
3241 1833 3332 1888 καὶ
3358 1833 3638 1898 διαϐολὰς,

2062 1932 2138 1993 ὧν
2165 1937 2332 2006 δῆθεν
2373 1932 2792 2004 ἐπιφερομένων
2821 1930 2902 2000 τῷ
2931 1929 3070 1998 φίλῳ
3107 1927 3263 1980 αὐτοὶ
3291 1927 3639 1996 προέστησαν

2062 2028 2356 2096 άντίμαχοι
2391 2025 2486 2078 καὶ
2509 2021 2840 2092 ἀνέτρεψαν,
2873 2019 2968 2072 καὶ
3009 2017 3180 2080 αὑτὰς
3207 2015 3312 2070 οὑκ
3339 2013 3639 2084 ἀληθευοὺ·

2065 2134 2186 2180 σας,
2217 2114 2355 2170 ἀλλὰ
2382 2113 2785 2182 πλαττομένας,
2830 2111 2880 2164 οί
2912 2106 3249 2179 ἐπίτριπτοι.
3285 2105 3641 2176 Ὑδρὶζοντες

2063 2208 2222 2264 αὐτοὶ
2249 2205 2396 2259 οὕτω
2431 2204 2674 2272 πλαγίως
2705 2202 2799 2256 τὸν
2830 2202 3283 2270 κολακευόμενον,
3324 2197 3641 2265 σοφίζονται

2064 2301 2160 2356 καὶ
2206 2299 2322 2370 βίου
2375 2297 2667 2351 κοινωνίαν
2720 2295 2814 2349 καὶ
2867 2292 3187 2366 περιουσίας
3237 2291 3644 2361 ἀπομερισμὸν,

2065 2393 2252 2463 βίκους
2283 2390 2426 2444 οίνου
2454 2386 2881 2458 περιφοροῦντες
2911 2384 3134 2455 ἐκείνῳ,
3171 2385 3268 2439 καὶ
3294 2382 3516 2452 ὀπώραν
3544 2382 3640 2434 άλι-

2063 2487 2186 2540 λοτε
2243 2483 2452 2552 ἄλλην,
2510 2481 2605 2535 καί⁵
2655 2478 2885 2548 τρυϐλία
2938 2478 3244 2548 πεμμάτων
3295 2475 3491 2548 μεστά.
3528 2475 3645 2528 Καὶ

2063 2577 2316 2633 ἐσθίοντα
2368 2575 2470 2646 μὲν
2501 2573 2596 2628 καὶ
2643 2572 2874 2625 πίνοντα
2931 2568 3335 2624 συνεπωθοῦσιν
3367 2570 3448 2633 είς
3496 2568 3644 2639 πλη-

2067 2668 2299 2741 σμονὴν,
2337 2666 2400 2720 τὸ
2434 2664 2534 2736 μὲν
2562 2665 2891 2732 φαινόμενον
2919 2661 3012 2714 ἐπὶ
3044 2660 3306 2713 συστάσει
3351 2659 3522 2729 ζωῆς,
3546 2659 3650 2714 ἀλ-

2063 2763 2172 2826 λως
2211 2761 2268 2814 δὲ
2293 2755 2471 2828 οἶμαι,
2523 2756 2611 2810 ῐνα
2649 2753 3000 2824 καταγελῷεν
3031 2750 3199 2808 αὑτοῦ
3249 2752 3328 2813 είς
3372 2752 3647 2821 βορότητα,

2065 2855 2164 2909 καὶ
2212 2848 2588 2920 οἰνοφλυγίαν.
2616 2847 2710 2915 Μὴ
2739 2843 3157 2916 ἐμφορουμένου
3187 2842 3245 2896 δέ
3287 2842 3506 2896 δοκοῦσι
3541 2842 3648 2912 μὲν

2065 2944 2351 3016 ἄχθεσθαι,
2378 2939 2619 3012 χαίροιεν
2645 2936 2702 2991 δὲ
2735 2936 2802 2991 ἂν
2833 2934 3052 3004 μᾶλλον,
3086 2933 3168 2987 ὅτι
3205 2932 3362 2988 αὐτοὶ
3391 2931 3647 3001 πλησθήο

2067 3053 2252 3092 σονται
2303 3031 2566 3104 δαψιλῶς.
2606 3030 2680 3084 Τὸ
2713 3028 2770 3082 δὲ
2809 3027 3159 3097 καινότερον·
3209 3025 3305 3078 καὶ
3341 3023 3644 3093 μυστηριά-

2067 3124 2276 3189 Caveat,
2302 3122 2398 3176 καὶ
2428 3121 2635 3192 κρύφια
2657 3119 2834 3172 οίκινῖα
2857 3118 2890 3187 ἢ
2919 3114 3219 3187 δράσαντες
3247 3114 3279 3180 ἢ
3310 3113 3646 3179 πλάσαντες,

2068 3211 2493 3274 ἐκκαλύπτουσι,
2521 3209 2616 3263 καὶ
2636 3206 2776 3262 αὐτὰ
2797 3205 3068 3278 χείριστα,
3091 3203 3188 3257 καὶ
3213 3203 3289 3267 ὡς
3319 3198 3408 3256 οἷα
3435 3203 3643 3274 τεθαῤ-

2071 3304 2304 3377 ρηκότες
2340 3303 2482 3374 φίλῳ
2510 3302 2694 3357 λαλεῖν
2732 3300 2828 3354 καὶ
2875 3297 3239 3369 παρατιθέναι
3279 3297 3346 3350 τὰ
3392 3298 3452 3350 ἐν
3495 3295 3645 3367 ψυχῇ

2071 3398 2308 3461 ἅπαντα,
2347 3394 2787 3466 προκαλούμενοι
2840 3391 2932 3444 τὸν
2956 3389 3190 3442 ἐλεεινὸν
3244 3386 3523 3442 κάνταῦθα
3563 3390 3649 3452 είς

2066 3490 2385 3562 ὁμοιότητα,
2415 3487 2502 3541 ἵνα
2525 3487 2621 3540 καῖ⁷
2638 3487 2844 3544 ἐκεῖνος
2863 3480 2973 3536 τῶν
2995 3497 3120 3534 τινα
3140 3479 3270 3549 παρ’
3295 3476 3443 3547 αὐτῷ
3469 3477 3647 3548 ἀπορ-

2070 3579 2250 3650 ῥήτων
2282 3575 2517 3648 ἐκφὴνῖι.
2545 3575 2657 3629 Καὶ
2700 3570 2872 3626 ταῦτα
2911 3571 3010 3640 μὲν
3045 3567 3295 3624 ποιοῦσιν
3343 3567 3519 3631 αὐτοὶ,
3547 3569 3647 3622 καὶ

2066 3669 2272 3726 τούτων
2301 3669 2466 3739 ἔτερα
2499 3665 2670 3719 πλείω
2710 3665 2803 3718 καὶ
2839 3662 3027 3734 χείρω,
3054 3661 3159 3724 ἕως
3190 3661 3256 3713 ἂν
3279 3658 3648 3728 καταγοητεύο

2071 3781 2206 3818 σωσι
2238 3763 2329 3816 τδν
2359 3759 2774 3828 δελεαζόμενον,
2810 3755 3103 3817 πείσαντες
3133 3753 3358 3825 θαρρεῖν
3390 3753 3647 3816 ἐκείνοις,

2068 3856 2166 3909 καὶ
2203 3852 2558 3926 προσανέχειν
2604 3850 2704 3903 ὅσα
2733 3848 2827 3901 καὶ
2853 3845 3027 3916 φίλοις
3065 3843 3267 3915 ὀρθοῖς.
3298 3843 3428 3896 ὐτε
3460 3842 3518 3894 δὲ
3543 3841 3647 3912 θη-

2073 3949 2375 4018 ρασάμενοι
2409 3944 2519 3998 ἔσω
2547 3941 2776 4010 παγίδος
2805 3938 2868 3991 τὸ
2896 3935 3115 4006 οίκτρὸν
3147 3937 3324 3989 ἐκεῖνο
3359 3932 3647 4003 στρουθίον

2072 4042 2412 4110 κατάσχωσι,
2443 4037 2565 4089 τότε
2597 4033 2662 4103 δὴ
2689 4032 2749 4086 τὸ
2768 4031 2868 4097 τῆς
2893 4026 3240 4097 ὑποκρίσεως
3266 4025 3649 4092 ἀπαγαγόντες

2070 4131 2250 4198 νέφος,
2278 4127 2640 4196 ἐκλάμπουσι,
2674 4125 2742 4194 τῇ
2764 4119 2898 4192 πρὸς
2923 4117 3181 4189 ἀλήθειαν
3201 4116 3356 4189 φιλίᾳ
3381 4116 3474 4170 καὶ
3495 4113 3649 4172 οὕτω

2073 4222 2242 4291 κακίᾳ
2270 4217 2757 4290 περιφανέστατοι.

2145 4319 2234 4381 ιγ’.
2267 4312 2378 4364 Καὶ
2402 4305 2487 4362 οἷα
2515 4305 2850 4362 διατίθενται
2879 4305 2972 4359 τὸν
3017 4303 3212 4374 ἄνδρα,
3245 4300 3354 4371 ἐγώ
3398 4317 3459 4355 τε
3491 4295 3638 4365 οἴδα,

2072 4395 2118 4457 ὦ
2157 4400 2402 4470 ἀδελφοὶ,
2435 4399 2528 4454 καὶ
2559 4398 2718 4466 ὑμεῖς
2770 4396 2973 4460 οἴδατε,
2998 4395 3096 4448 καὶ
3124 4393 3230 4463 πρὸ
3257 4392 3414 4462 ὑμῶν
3437 4392 3650 4446 οἴδασιν

2069 4494 2121 4547 oi.
2183 4489 2774 4563 βιὸλιογραφήσαντες,
2810 4487 2907 4540 καὶ
2963 4487 2992 4539 ό
3025 4485 3228 4548 κόσμος
3263 4483 3318 4536 δὲ
3346 4482 3492 4545 ἅπας
3517 4497 3530 4511 ο
3565 4481 3650 4535 διὸ

2075 4583 2170 4637 καὶ
2206 4579 2464 4651 περιττὸν
2503 4579 2569 4634 ἂν
2595 4579 2709 4646 εἴη,
2739 4577 2995 4632 ἐκθέσθαι
3024 4576 3091 4630 τά
3150 4576 3247 4630 καὶ
3294 4574 3470 4636 άλλως
3508 4573 3650 4641 μηδὲ

2071 4668 2242 4738 ἀκοῆς
2263 4665 2412 4732 ἄξια.
2467 4666 2738 4737 ’Δράχνης
2769 4665 2835 4719 ἄν
2858 4682 2943 4728 τις
2967 4663 3109 4718 οὕτω
3147 4663 3388 4716 κώνωπα
3421 4661 3652 4725 περιλα-

2072 4760 2205 4824 6ὼν,
2240 4755 2321 4824 οἷς
2345 4757 2681 4822 δικτυοῦται,
2728 4756 3065 4827 κακουργοίη
3109 4754 3239 4824 ’περὶ⁵
3280 4754 3341 4806 τὸ
3384 4751 3647 4821 ζωῦφιον.

2085 4852 2248 4908 ’Δλλὰ
2291 4851 2450 4906 τοῦτο
2477 4851 2578 4920 μέν
2606 4851 2689 4913 είς
2717 4848 2994 4902 εὐτέλειαν
3031 4848 3368 4915 πέφρασται.
3402 4844 3554 4898 Λέων
3587 4843 3647 4896 δέ

2072 4946 2247 5011 οὕτως
2281 4946 2348 5001 ἂν
2379 4945 2642 5017 ἐπιϐρίσῃ
2670 4943 2954 5013 προϐάτῳ,
2982 4942 3076 4995 καὶ
3108 4941 3325 5010 συσχὼν
3345 4937 3650 5008 διασπάσῃ-

2071 5056 2165 5093 ται
2191 5039 2254 5093 τδ
2277 5038 2437 5103 ζῶον,
2470 5036 2544 5100 ὼς
2575 5037 2775 5090 ἐκεῖνοι
2813 5034 2904 5088 τὸν
2951 5033 3171 5103 οἰκτρὸν
3224 5031 3378 5102 φίλον
3421 5030 3656 5104 διασπαέ

2076 5131 2328 5202 ράττουσι
2353 5129 2663 5199 χαίροντες,
2696 5127 2960 5198 μενοῦνγε
2989 5125 3290 5196 μέλποντες
3313 5123 3647 5192 εὐφρόσυνα,

2076 5221 2162 5274 ἵνα
2192 5221 2285 5274 καὶ
2314 5220 2401 5273 ἐπ’
2430 5219 2614 5274 αὐτῶν
2639 5221 2741 5272 ὅσα
2774 5218 2866 5271 καὶ
2893 5216 3171 5286 κυναρίων
3203 5212 3492 5286 μέλπηθρά
3523 5228 3651 5266 τινα

2077 5312 2391 5384 θεωροῖντο.
2425 5310 2563 5366 Οὐδὲ
2617 5310 2725 5380 γὰρ
2757 5307 3198 5378 ἐπαισχύνονται,
3230 5305 3362 5358 ἀλλὰ
3391 5304 3482 5356 καὶ
3519 5305 3650 5371 φιλ-

2076 5403 2444 5458 ενδεικτοῦσιν
2464 5404 2540 5465 ὡς
2563 5404 2656 5457 ἐπὶ
2679 5401 2824 5474 χορῷ
2849 5401 2942 5454 καὶ
2963 5399 3165 5469 μολπῇ,
3198 5395 3426 5450 τοιαῦτα
3465 5395 3653 5464 πλημ-

2079 5494 2369 5566 μελοῦντες
2396 5497 2446 5547 οί
2478 5499 2572 5550 καὶ
2603 5495 2826 5564 θρασεῖς
2858 5497 2949 5547 καῖ.
2989 5492 3220 5552 τάλανες
3245 5506 3260 5518 ⁸
3296 5488 3356 5540 τὸ
3411 5487 3528 5556 μὲν,
3561 5487 3652 5539 ὅτι

2077 5588 2319 5656 τολμῶσι
2350 5590 2494 5641 κατὰ
2527 5589 2732 5656 φιλίας,
2771 5584 2832 5638 τὸ
2863 5585 2939 5649 δέ,
2967 5585 3052 5637 ὅτι
3080 5583 3233 5636 οὐδέν
3269 5598 3319 5634 τι
3344 5579 3508 5650 δρῶσι
3541 5596 3653 5649 μα-

2078 5679 2355 5750 καριστόν.

2151 5773 2236 5828 ιδ’.
2273 5769 2485 5826 Οὐκοῦν
2515 5771 2641 5826 οὕτε
2678 5771 2921 5826 σαίνουσι.
2953 5767 3048 5824 τοῦ
3107 5766 3296 5822 λοιποῦ
3357 5765 3416 5819 τὸ
3448 5762 3658 5833 φίλιον,
