4034 6206
363 245 479 309 385

1687 255 1789 319 DE
1816 257 2369 322 SlMULATIONE.

3535 268 3643 334 386

354 357 486 411 οὔτε
523 356 815 427 κλαυθμοῦ
844 358 944 413 καὶ
974 361 1154 431 χαρᾶς
1190 364 1410 434 μερίται
1466 365 1777 435 φαίνονται,
1835 370 1926 423 οὐδ

2035 372 2241 437 cient,
2304 389 2406 429 nec
2452 373 2612 429 ﬂetus
2658 384 2712 430 et
2763 377 2945 446 gaudii
3003 366 3303 449 participes
3355 396 3638 452 apparent,

354 450 597 523 ἀμύνειν
619 452 658 524 ἢ
689 452 1026 523 θεραπεύειν
1059 457 1512 525 προσποιοῦνται,
1545 460 1637 514 καὶ
1667 462 1762 515 τοῦ
1786 465 1926 535 τιμᾷ

2065 477 2164 518 nec
2200 465 2337 520 tueri
2368 466 2671 522 velsertire
2695 468 2923 537 lingunt,
2946 480 2998 526 et
3027 471 3097 527 ab
3130 450 3450 528 honorando
3479 450 3644 532 bene;

352 546 453 598 καὶ
475 546 729 613 εὐλογεῖν
765 546 858 600 τὸν
882 547 1078 619 πρῴην
1121 549 1276 619 φίλον
1305 551 1400 605 καὶ
1426 552 1827 623 εὐδαιμονίζειν
1850 557 1958 611 ἀπ-

2057 549 2397 622 diceudoque
2438 570 2502 607 ac
2542 555 2886 623 praedicando
2908 560 3124 614 beatum
3156 561 3297 616 hunc
3329 561 3639 620 hesternum

350 635 597 708 ἔχονται.
621 638 811 709 Δίρειν
838 638 895 692 δὲ
920 639 1083 693 αὐτὸν
1109 640 1203 693 ἐπὶ
1231 643 1433 713 χειρῶν
1458 644 1769 701 ἀνασολὲων
1794 648 1928 720 δίκη·

2058 643 2320 710 amicum,
2360 643 2660 700 abstinent.
2700 645 2930 702 Tantum
2963 661 3142 705 autem
3177 653 3330 707 abest
3369 664 3448 721 ut,
3483 657 3642 724 equi-

351 732 619 786 τοσοῦτον
677 733 1001 802 ἀπέχουσιν,
1037 734 1181 788 ὥστε
1238 737 1335 789 καὶ
1383 738 1744 808 βοθρεύοντες
1784 759 1928 796 κατα

2056 748 2250 789 sonum
2283 736 2475 800 instar,
2521 739 2668 791 illum
2694 740 2745 792 in
2782 743 3031 796 manibus
3068 745 3283 810 tollant,
3327 756 3385 799 ut
3419 763 3545 801 eum
3582 749 3636 802 in

351 823 644 888 ϐάλλουσι,
686 825 782 879 καὶ
809 827 1068 897 επέχουσι
1095 829 1152 882 δέ
1178 844 1191 859 °
1228 831 1322 883 καὶ
1366 832 1421 883 εί
1453 851 1503 885 τι
1536 834 1842 904 ἐχορήγουν
1875 833 1951 905 τῷ

347 917 501 988 φίλῳ
542 917 678 989 πρὸς
704 918 977 983 δεξίωσιν,
1006 922 1053 974 εί
1080 920 1137 973 δὲ
1171 921 1267 975 καὶ
1299 925 1580 994 μυστήρια
1612 925 1952 997 ὲκειμηλιώ-

351 1011 532 1065 σαντό
565 1027 670 1065 που
710 1011 906 1079 φιλικά
932 1014 982 1064 oi
1017 1014 1126 1083 πρὸ
1159 1014 1365 1069 τούτων
1398 1015 1811 1086 ὲξερευγόμενοι
1847 1036 1951 1088 μυο

350 1104 658 1174 στηριακά,
692 1104 789 1157 καὶ
843 1100 912 1157 αὖ
938 1098 1123 1159 πάλιν
1179 1106 1681 1177 ἀντεισδεχόμενοι,
1724 1111 1833 1163 οὐδ’
1881 1111 1949 1166 ἂν

349 1196 575 1264 πηγαῖα
606 1195 765 1264 χύσις
794 1195 1019 1264 ἡτισοῦν
1075 1196 1341 1266 ὲκὸράσοι
1399 1199 1529 1269 ῥᾷον
1568 1201 1948 1259 ἁναύάλλουσα

346 1287 414 1341 τὺ
452 1290 579 1341 κατ’
613 1288 787 1358 αὐτὴν
834 1288 1064 1359 ἀρχικὸν
1097 1288 1268 1359 ὕδωρ,
1319 1289 1395 1352 ὡς
1427 1292 1634 1346 ἐκεῖνοι
1686 1292 1945 1364 ὲξεμοῦσι

344 1381 419 1433 τὰ
478 1380 933 1451 παρατεθειμένα
980 1380 1210 1451 κρύφια.
1242 1380 1430 1436 Ταῦτα
1478 1382 1536 1436 δὲ
1584 1385 1770 1439 πάντα
1799 1385 1943 1441 διατί

346 1474 449 1526 καὶ
480 1473 631 1537 τίνος
696 1472 891 1537 ἕνεκας
922 1472 1049 1526 Ὀτι
1126 1473 1466 1541 φαυλότατόν
1515 1492 1569 1529 τι
1617 1477 1943 1547 παραπεσὸν

347 1566 619 1635 πρᾶγμα,
661 1566 783 1619 οὐδὲ
812 1564 1008 1619 ὀϐολοῦ
1038 1565 1385 1636 ἀξιούμενον,
1419 1565 1663 1635 ἐλύπησε
1692 1568 1787 1623 τὸν
1811 1570 1944 1624 ὐπο-

343 1656 547 1726 κριτὴν
607 1655 1063 1725 παρεωραμένον,
1095 1655 1171 1719 ὡς
1221 1656 1288 1710 ἂν
1331 1656 1499 1721 αὐτὸς
1543 1658 1718 1723 είποι,
1769 1658 1937 1725 ἀξιῶν

339 1745 688 1811 δεσποτικῶς
706 1748 767 1810 ἒς
796 1747 858 1800 τὸ
899 1747 1009 1800 πᾶν
1035 1745 1117 1816 τῷ
1158 1745 1587 1818 κολακευομένῳ
1619 1749 1934 1820 προσφέρεο

341 1838 502 1905 σθαι,
560 1839 658 1893 καὶ
713 1837 942 1909 μηδενὸς
999 1838 1404 1909 ἀποτυγχάνειν
1456 1838 1516 1904 ἐξ
1568 1839 1803 1907 ἐκείνου,
1856 1836 1934 1898 ὧν

341 1932 569 2001 ἐφίεται
588 1947 604 1963 ⁸
638 1932 667 1986 δ
692 1932 911 1996 πάντως
935 1931 1036 1985 οὐκ
1059 1930 1210 1985 Ιστιν
1232 1932 1292 1986 ἐν
1312 1931 1393 2004 τῷ
1424 1932 1524 2004 βίῳ
1550 1933 1688 2004 πρὸς
1714 1935 1934 2002 οὐδενὸς

340 2023 623 2091 γίνεσθαι,
658 2024 794 2078 ὅπου
835 2041 902 2093 γε
938 2027 1047 2087 πᾶς
1080 2024 1373 2096 ἄνθρωπος
1424 2026 1547 2081 οὐδὲ
1581 2026 1677 2081 τοῦ
1722 2028 1929 2083 οίκείου

337 2116 542 2184 κρατεῖ
593 2114 773 2168 διόλου
830 2114 1229 2185 βουλεύματος,
1279 2117 1417 2172 ἀλλά
1465 2134 1517 2171 τι
1550 2118 1812 2187 κυρώσας
1867 2121 1929 2173 ιν

340 2207 625 2279 σταθερῶ,
659 2208 760 2279 τὴν
792 2209 1035 2279 σήμερον
1075 2207 1274 2279 αὔριον
1318 2209 1661 2279 μετασαλὼν,
1699 2211 1928 2278 ἀπεχει-

340 2301 608 2370 ροτόνησε
633 2299 735 2371 τὴν
762 2300 974 2353 οἰκείαν
998 2300 1277 2373 πρόθεσιν.
1311 2300 1377 2353 Τί
1405 2300 1460 2353 δέ
1489 2318 1633 2371 φημι
1688 2300 1880 2371 αὔριον
1904 2319 1923 2370 ς

334 2392 462 2447 δίον
485 2395 683 2456 εἰπεῖν,
712 2394 794 2448 ὅτι
840 2392 1113 2463 αὐθωρδν,
1176 2392 1247 2446 τά
1271 2408 1329 2445 τε
1359 2391 1518 2457 ἀλλα,
1569 2394 1665 2447 καὶ
1685 2392 1823 2447 διότι
1862 2396 1923 2448 ού

336 2483 486 2536 πάνυ
544 2484 755 2553 ἀπᾷδον
802 2484 940 2554 πρὸς
974 2483 1258 2555 ἀλήθειαν,
1307 2482 1371 2537 τὸ
1400 2483 1500 2548 τὰς
1534 2485 1741 2556 φρένας
1785 2485 1925 2557 πρὸς

331 2576 512 2648 τύχας
528 2576 832 2647 κεκτῆσθαι
856 2577 1026 2646 ἡμᾶς.

412 2675 498 2724 ιε’.
530 2671 641 2723 Καὶ
671 2668 817 2723 οὕτω
846 2670 947 2739 μὲν
991 2668 1063 2723 τὰ
1104 2669 1163 2733 ις
1203 2668 1389 2738 φιλίαν
1432 2671 1839 2741 κακουργοῦσιν
1871 2673 1922 2727 οί

334 2761 441 2830 τῆς
466 2761 838 2831 ὐποκριτικῆς
866 2762 1153 2833 αἱρέσεως,
1180 2762 1272 2815 ὅτε
1322 2762 1817 2834 μεταχειρίσασθαι
1859 2764 1922 2819 τὸ

336 2852 464 2906 κατ’
493 2850 674 2922 αὐτὴν
699 2849 1038 2920 πρόθωνται.
1077 2850 1186 2906 Καὶ
1205 2850 1368 2925 ἢρκει
1400 2851 1502 2921 μὲν
1529 2851 1762 2909 ἐνταῦθα
1782 2852 1922 2924 φαύ-

338 2946 466 3010 λους
490 2944 892 3014 ἐληλεγμένους
930 2943 1129 3007 αὐτοὺς
1160 2943 1380 3013 ἀφεῖναι
1410 2943 1627 3014 βάλλειν
1651 2947 1712 3011 ὲς
1748 2946 1921 3017 κόρα-

1962 1699 2011 1760 Β

2053 839 2249 881 caveas
2281 828 2619 899 praecipitent
2671 839 2726 886 et
2767 831 3041 901 obruant;
3092 845 3145 890 et
3193 836 3238 891 si
3284 839 3415 907 quid
3462 841 3640 895 amico

2054 917 2469 987 suppeditabant
2536 924 2601 976 ad
2663 923 2916 978 amicitia:
2952 925 3186 995 signum,
3234 938 3291 983 et
3323 930 3371 985 si
3416 931 3638 987 aliunde

2051 1011 2315 1077 mysteria
2351 1012 2512 1067 amici
2559 1014 2815 1083 quopiam
2847 1016 3115 1071 servanda
3150 1022 3513 1088 reponebam,
3554 1023 3632 1077 illi

2049 1099 2140 1169 qui
2173 1108 2331 1155 antea
2362 1102 2715 1175 divulgabant
2744 1108 3089 1176 mysteriosa,
3123 1120 3181 1164 ut
3216 1112 3453 1169 vicissim
3488 1116 3631 1169 obti-

2049 1202 2372 1254 nerent,non
2401 1193 2610 1251 facilius
2633 1196 2755 1253 fons
2777 1200 3089 1257 ebullientis
3108 1216 3258 1272 aqua:
3278 1220 3430 1259 suam
3455 1205 3634 1262 fontno

2048 1284 2224 1339 nalem
2252 1303 2446 1357 aquam
2476 1290 2775 1356 emitteret,
2812 1309 2974 1363 quam
3008 1294 3096 1350 isti
3133 1298 3373 1365 reposita
3410 1309 3630 1354 secreta

2045 1386 2322 1431 eructant.
2351 1376 2477 1433 llaec
2509 1391 2689 1436 autem
2716 1383 2903 1438 omnia
2936 1402 3108 1455 quare
3130 1398 3184 1442 et
3204 1399 3428 1459 propter
3455 1391 3626 1459 quid?

2046 1466 2183 1533 Quia
2216 1483 2301 1523 res
2337 1470 2520 1539 aliqua
2560 1473 2822 1527 vilissima
2855 1477 3268 1545 superveniens,
3318 1494 3417 1534 nec
3474 1482 3621 1537 oboli

2041 1559 2384 1625 aestimanda,
2441 1564 2785 1618 contristavit
2826 1565 3223 1633 simulatorem,
3289 1570 3628 1640 despectum,

2041 1652 2184 1706 sicut
2214 1653 2327 1719 ipse
2356 1653 2583 1717 diceret,
2614 1656 3043 1713 dominationem
3077 1661 3129 1714 in
3165 1662 3414 1718 omnibus
3459 1680 3625 1734 super

2047 1741 2325 1798 adulatum
2361 1745 2561 1801 habere
2589 1747 2772 1803 volens
2802 1759 2856 1805 et
2882 1751 2951 1804 ab
2983 1751 3069 1806 illo
3112 1752 3246 1807 nihil
3281 1769 3467 1809 eorum
3507 1773 3626 1826 quae

2045 1831 2343 1898 desiderat,
2372 1849 2480 1889 nou
2515 1837 2765 1892 obtinere
2802 1855 2815 1891 :
2860 1842 3003 1908 quod
3054 1845 3105 1895 in
3144 1843 3256 1897 vita
3307 1860 3539 1914 prorsus
3585 1862 3615 1901 a

2044 1924 2261 1982 nemine
2292 1933 2468 1995 potest
2498 1927 2758 1993 obtineri,
2822 1931 2913 1984 ubi
2963 1933 3180 2001 quidem
3230 1936 3411 1990 omnis
3463 1938 3626 1994 homo

2043 2018 2281 2089 propria:
2316 2019 2611 2074 voluntatis
2659 2035 2766 2075 non
2814 2034 2899 2078 est
2944 2024 3167 2080 omnino
3200 2026 3470 2093 dominus,
3504 2030 3623 2093 sed,

2044 2119 2337 2180 postquam
2372 2110 2578 2180 aliquid
2618 2111 2851 2167 ﬁrmiter
2879 2113 3099 2178 statuit,
3138 2115 3403 2171 hodierna
3443 2118 3529 2173 die
3567 2119 3621 2173 in

2041 2202 2342 2257 crastinam
2397 2211 2751 2270 commutata,
2791 2204 3070 2274 proprium
3114 2206 3454 2277 abjudicavit
3496 2226 3624 2281 pro.

2039 2296 2301 2366 positum.
2351 2295 2459 2351 Cur
2500 2306 2680 2351 autem
2735 2297 2856 2353 dico
2892 2298 3224 2371 crastinam}?
3254 2300 3403 2356 dium
3455 2316 3625 2371 opor-

2044 2388 2189 2442 tebat
2241 2388 2426 2443 dicere
2481 2387 2660 2455 illico;
2705 2390 2957 2459 istudque
2984 2430 2999 2455 ,
3041 2390 3183 2447 inter
3224 2400 3449 2459 caetera,
3490 2395 3619 2465 quia

2041 2497 2148 2537 non
2180 2490 2263 2536 est
2290 2482 2511 2535 omnino
2560 2495 2589 2534 a
2637 2480 2868 2537 veritate
2919 2482 3179 2549 alienum,
3231 2485 3379 2555 quod
3421 2501 3619 2544 sensus

2035 2573 2194 2644 juxta
2229 2574 2505 2626 fortunam
2541 2572 2821 2627 habemus.

2112 2666 2199 2722 15.
2227 2666 2291 2720 Et
2314 2667 2385 2719 ita
2412 2665 2626 2734 quidem
2655 2665 2861 2719 bonum
2882 2667 3138 2722 amicitiae
3162 2680 3503 2739 pervertunt,
3521 2686 3615 2741 qu.

2038 2759 2316 2831 pertinent
2346 2757 2413 2813 ad
2456 2768 2657 2813 sectam
2695 2758 3132 2829 hypocritarum,
3164 2776 3289 2815 cum
3350 2762 3428 2827 id,
3470 2764 3613 2834 quod

2034 2851 2207 2924 ipsius
2223 2860 2329 2918 est,
2352 2850 2737 2907 administrare
2764 2851 3093 2907 luculentius
3111 2854 3351 2923 aggressi
3373 2867 3522 2911 sunt.
3548 2857 3614 2911 Et

2040 2945 2258 3016 quidem
2294 2943 2369 2999 ibi
2410 2942 2711 2998 sulliciebat
2745 2945 2877 2998 istos
2908 2944 2973 2999 de
3021 2946 3295 3013 pravitate
3328 2948 3611 3003 convictos

338 3054 470 3101 κας.
536 3036 597 3090 '0
659 3035 772 3106 γὰρ
832 3035 1158 3103 τηλικούτου
1225 3040 1924 3112 καταπανουργευσὰμενος

2035 3035 2099 3091 de
2151 3036 2320 3105 gradu
2379 3033 2639 3103 dejicere.
2700 3034 2801 3102 Qui
2864 3036 3009 3091 enim
3074 3035 3340 3092 adversus
3392 3046 3603 3093 tantum

334 3128 577 3199 ἀγαθοῦ,
610 3128 759 3183 κατὰ
804 3128 961 3182 ποίου
992 3129 1183 3199 ἑτέρου
1230 3129 1673 3200 εὐλαϐηθήσεται
1706 3134 1781 3203 μὴ
1834 3135 1928 3189 ἀν-

331 3220 672 3295 δρίσασθαις
702 3218 1171 3288 Ἐπισκεψὼμεθα
1197 3220 1254 3272 δὲ
1279 3221 1429 3290 ὅμως
1459 3221 1558 3275 καί⁸
1608 3221 1697 3277 ἐπ’
1741 3224 1928 3292 ἀλλοις

333 3313 439 3383 τὴν
474 3311 663 3366 αὐτῶν
713 3310 1044 3381 μοχθηρίαν,
1113 3310 1220 3380 ὅπη
1273 3311 1560 3382 ἐπιτιμίας
1609 3313 1925 3389 ἀφώρισται

333 3404 772 3474 ἐντυγχάνοντας
801 3418 817 3434 ·
846 3401 1029 3463 οὐδεὶς
1056 3402 1167 3473 γὰρ
1195 3402 1296 3475 τὴν
1318 3404 1582 3477 τοιαύτην
1606 3408 1797 3476 ἀγνοεξ
1825 3427 1925 3480 μο-

332 3494 599 3566 χθηρίαν,
629 3494 739 3565 ὅπη
768 3495 1056 3564 ἐπιτιμίας
1078 3496 1391 3567 ἀφώρισται
1416 3513 1433 3530 ο
1468 3497 1582 3551 ἀλλ’
1611 3499 1763 3555 ὥστε
1791 3520 1922 3556 συν-

332 3588 577 3657 ἀγαγεῖν
610 3604 666 3641 τι
704 3586 802 3640 καὶ
849 3586 1006 3641 αὐτοὶ
1036 3587 1175 3657 πρὸς
1204 3588 1557 3660 κατάκρισιν,
1590 3592 1685 3645 καὶ
1716 3610 1924 3665 προσε-

316 3675 590 3745 ,πιϐαλεῐν
620 3674 701 3746 τῷ
726 3676 850 3730 κατ’
874 3675 1047 3745 αὐτῆς
1087 3678 1335 3749 μεγίστῳ
1371 3680 1552 3748 κάδδῳ
1578 3680 1761 3752 ψῆφον
1789 3686 1922 3752 μίαν

336 3768 473 3839 γοῦν
498 3786 627 3824 τινα
678 3768 960 3839 μέλαιναν,
984 3768 1086 3839 τὴν
1119 3768 1206 3822 διὰ
1235 3774 1455 3841 γραφῆς
1485 3773 1712 3844 ταύτης,
1735 3777 1922 3845 ὅμοιον

338 3860 417 3924 ὡς
481 3862 534 3915 εί
598 3859 693 3914 καί
747 3875 892 3922 τινος
946 3859 1235 3930 ἀλιτηρίου
1279 3860 1463 3915 λάϊνον
1500 3864 1921 3933 άμφιεσαμένου

344 3954 569 4025 χιτῶνα,
614 3952 682 4006 ὃν
721 3951 871 4021 αὐτῷ
909 3951 943 4022 ἡ
993 3950 1165 4006 κακία
1205 3949 1495 4019 έξύφανεν,
1539 3954 1619 4017 είς
1649 3955 1925 4027 ιπίσημον

338 4048 596 4115 ἐντάφιον
654 4041 975 4115 περίὸλημα
1029 4044 1460 4116 προσεπιρμψει
1512 4048 1610 4101 καὶ
1646 4045 1811 4111 αὐτὸς
1860 4050 1924 4102 ἐκ

340 4138 582 4209 παρόδου
622 4134 874 4205 λιθάριον
899 4133 983 4197 είς
1012 4133 1321 4201 ἀφοσίωσιν
1356 4133 1568 4206 ἔθιμον.
1610 4196 1630 4217 .

412 4237 512 4296 ις’.
555 4228 879 4300 Θεωρητέον
913 4226 1009 4282 οὖν
1062 4228 1155 4282 τδν
1189 4227 1514 4300 ὑποκριτὴν,
1569 4217 1754 4293 Ouid;
1803 4229 1924 4283 ἐστι

336 4325 432 4378 καὶ
460 4324 519 4377 ιν
548 4325 615 4394 τῇ
651 4321 905 4392 πολιτικῇ
942 4319 1220 4392 κοινωνίᾳ,
1253 4321 1343 4375 ὅτε
1378 4320 1591 4387 τάξεώς
1628 4338 1731 4375 που
1761 4338 1923 4392 περι-

336 4416 542 4485 φανοῦς
572 4410 1023 4479 ὲπιτεύξεται.”Α
1036 4431 1111 4482 μα
1140 4409 1279 4465 εἶδεν
1312 4411 1541 4485 αὐτὸνή
1582 4413 1760 4484 ἀγορά
1787 4413 1821 4485 ἢ
1860 4412 1919 4467 τὸ

332 4510 744 4583 βουλευτήριον,
776 4507 872 4560 καὶ
912 4506 1076 4569 εὐθὺς
1116 4505 1475 4578 περιθέμενος
1507 4507 1568 4560 τὸ
1597 4508 1699 4576 τῆς
1720 4506 1922 4580 εὐσχη-

332 4606 599 4676 μοσύνης,
629 4600 729 4655 είτ’
757 4600 851 4655 οὐν
882 4598 1173 4663 εὐλαϐείας
1204 4600 1298 4653 καὶ
1326 4600 1605 4670 προσοχῆς
1636 4598 1730 4654 καὶ
1759 4600 1921 4671 ἀκρι-

330 4695 487 4757 ϐείας
541 4693 910 4763 προσωπεῖον,
978 4690 1226 4761 βουλεύει
1289 4690 1391 4760 μὲν
1425 4690 1625 4762 βουλὰς
1675 4691 1917 4761 ἀγαθὰς,

330 4785 593 4858 ἀγορεύει
623 4785 680 4838 δὲ
732 4784 801 4838 τά
843 4783 1163 4838 συνοίσοντα
1188 4799 1203 4813 °
1236 4783 1334 4838 καὶ
1360 4782 1571 4854 ὁμιλῶν
1597 4784 1700 4854 μὲν
1726 4783 1920 4838 ἐπιλέ-

329 4896 490 4948 γεται
548 4876 695 4942 νοῦν,
726 4876 783 4941 ὃς
842 4874 1256 4947 προφερόμενος
1303 4873 1379 4938 ὡς
1408 4875 1488 4938 είς
1534 4873 1674 4929 Θεοῦ
1730 4875 1919 4948 φωνὴν

333 4972 670 5043 (λικε-ιιιχεῖται⁸
738 4968 999 5040 πράττων
1053 4967 1111 5020 δὲ
1169 4966 1417 5038 ἀφορίζει
1471 4965 1565 5021 τὸν
1615 4967 1809 5039 μῶμον
1857 4964 1918 5033 ἐξ

334 5060 556 5125 ἑαυτοῦ,
587 5059 663 5121 ὡς
694 5058 789 5111 καὶ
840 5056 1156 5127 φθονεῖσθαι
1195 5057 1310 5120 τοῖς
1364 5073 1428 5125 γε
1458 5054 1773 5127 βασκάνοις.
1805 5057 1917 5110 Καὶ

333 5152 552 5219 διαιτῶν
602 5151 702 5222 μὲν
728 5150 828 5204 οὐκ
853 5150 919 5204 ἂν
950 5152 1007 5214 ἐς
1038 5149 1331 5219 πρόσωπον
1371 5147 1678 5220 ἀποϐλέψῃ,
1709 5147 1819 5202 οὐδ’
1850 5148 1918 5203 ἀν

334 5244 834 5313 κατακαυχήσηται
859 5241 1029 5296 αὐτοῦ
1060 5241 1233 5312 δῶρον
1267 5258 1282 5273 ·
1315 5240 1480 5312 μέσος
1512 5239 1569 5295 δὲ
1622 5241 1800 5304 ἄλλως
1831 5256 1919 5309 γι-

333 5338 563 5409 νόμενος
591 5336 906 5406 πράγμασι,
931 5333 1031 5406 τὴν
1058 5336 1320 5404 ἐνάρετον
1351 5335 1612 5404 συντηρεί
1640 5332 1916 5404 σύμσασιν

329 5428 471 5499 λόγῳ
498 5426 579 5498 τῷ
612 5426 734 5480 κατ’
774 5428 999 5500 ἀρετήν.
1038 5428 1257 5497 Κρίνων
1285 5426 1343 5479 δὲ
1372 5424 1608 5497 ἀπορθοί
1628 5424 1730 5495 τὴν
1770 5424 1914 5494 γνώ⁶

332 5533 441 5587 μην
475 5518 561 5580 είς
606 5515 881 5585 εὐθύτητα
906 5515 1153 5585 θεοφιλῆ.
1174 5513 1551 5579 Ἐπανασώζει
1584 5512 1731 5567 ἀπαν
1753 5512 1919 5583 ἀφαί-

333 5623 502 5679 ρεμα.
522 5607 900 5677 παρῤησιάζει
924 5607 982 5660 τὸ
1003 5606 1237 5671 δίκαιον,
1264 5604 1596 5676 περιγράφει
1623 5605 1685 5657 τὸ
1706 5605 1914 5672 ἄδικον,

329 5700 560 5765 κολάζει
594 5699 850 5765 δεόντως,
888 5698 1258 5756 ὲπιεικεύεται
1306 5696 1655 5769 πρεπόντως,
1694 5696 1918 5770 καθείρ-

2033 3126 2236 3183 bonum
2269 3140 2525 3195 perverse
2562 3125 2693 3195 egit,
2742 3136 2931 3181 contra
2983 3127 3128 3196 quod
3164 3127 3308 3183 aliud
3340 3129 3615 3183 verebitur

2033 3218 2315 3274 audacter
2357 3216 2533 3271 ferri?
2568 3215 2958 3272 Examinemns
3014 3226 3216 3286 tamen,
3252 3228 3305 3273 et
3351 3219 3405 3274 in
3468 3220 3610 3283 aliis,

2032 3309 2277 3381 ipsorum
2304 3308 2657 3380 pravitatem,
2687 3307 2776 3362 ubi
2804 3322 3039 3363 censura
3067 3313 3283 3380 signata
3312 3320 3396 3366 est
3416 3325 3615 3366 occur-

2032 3400 2309 3456 rentibus.
2363 3397 2534 3453 Nemo
2589 3398 2733 3453 enim
2785 3399 2946 3454 talem
2997 3401 3216 3471 ignorat
3260 3404 3608 3473 pravitatem,

2030 3493 2125 3549 ubi
2159 3506 2395 3548 censura
2429 3500 2611 3544 notata
2646 3498 2768 3555 est;
2796 3491 2894 3547 sed
2921 3505 3022 3547 nos
3045 3492 3213 3547 etiam
3244 3493 3456 3565 aliquid
3492 3495 3611 3551 col-

2029 3586 2264 3655 ligemus
2317 3585 2386 3640 ad
2428 3584 2969 3651 condemnationem,
3012 3595 3089 3652 et,
3137 3588 3379 3643 maximo
3416 3596 3608 3644 contra

2029 3678 2175 3733 illum
2199 3675 2479 3748 sullragio,
2519 3675 2833 3747 suffragium
2872 3693 3037 3732 unum
3064 3677 3284 3747 inquam
3309 3679 3501 3736 saltem
3522 3680 3610 3737 ni-

2027 3784 2207 3841 grum,
2250 3768 2392 3838 quod
2446 3778 2529 3825 est
2560 3769 2706 3824 illius
2755 3768 3161 3834 accusatinnis,
3209 3771 3607 3840 superadjicie-

2032 3876 2173 3925 tuus,
2199 3858 2651 3925 quemadmodum
2679 3858 2749 3924 si,
2784 3858 3009 3913 homine
3061 3859 3293 3914 scelesto
3342 3859 3607 3930 lapideam

2032 3948 2278 4003 tunicam
2313 3947 2525 4014 induto,
2567 3962 2733 4018 quam
2775 3946 2881 4018 ipsi
2923 3948 3138 4003 malitia
3192 3950 3384 4016 texuit,
3423 3952 3479 4006 in
3533 3953 3611 4009 si-

2027 4047 2249 4110 gnatum
2287 4040 2610 4108 sepulcrum.
2656 4047 2712 4095 et
2767 4040 2887 4111 ipse
2949 4040 3214 4097 transitur
3252 4056 3321 4096 ex
3371 4042 3455 4097 via
3494 4045 3608 4114 pal-

2028 4131 2161 4187 lium
2200 4130 2475 4201 lapideum
2523 4131 2590 4186 ad
2638 4131 3006 4202 expiationem
3037 4146 3102 4188 ex
3143 4146 3292 4187 more
3316 4134 3601 4201 conjiciat.

2098 4222 2187 4278 t6.
2238 4223 2662 4279 Consideremus
2703 4222 2867 4294 igitur
2892 4223 3289 4291 simulatorem,
3325 4226 3503 4296 qualis
3534 4227 3609 4281 sit

2025 4314 2082 4370 in
2140 4314 2286 4371 civili
2346 4315 2783 4381 communitate,
2829 4315 2875 4369 si
2926 4315 3147 4384 quando
3207 4318 3275 4371 ad
3336 4317 3607 4388 insignem

2028 4407 2335 4478 pervenerit
2360 4407 2632 4463 ordinem.
2655 4405 2852 4461 Statim
2878 4417 2932 4459 ut
2966 4407 3249 4477 conspexit
3274 4423 3397 4462 eum
3429 4407 3606 4464 forum

2027 4498 2115 4554 vel
2175 4508 2417 4567 senatus,
2476 4497 2752 4568 extemplo
2804 4497 3153 4568 maiestatis,
3204 4500 3319 4556 sive
3368 4501 3610 4556 circum-

2028 4590 2326 4663 spectionis
2374 4600 2431 4647 et
2500 4589 2806 4661 prudentia
2847 4606 3057 4645 necnon
3107 4590 3353 4661 obsequii
3419 4606 3611 4661 perso-

2030 4700 2154 4740 nam
2222 4685 2463 4750 indutus,
2518 4682 2839 4739 consiliator
2898 4684 3125 4754 quidem
3160 4684 3390 4739 consilia
3440 4685 3608 4754 bona,

2026 4786 2080 4832 et
2133 4776 2373 4845 loquitur
2431 4774 2593 4830 verba
2650 4787 2861 4843 magna:
2937 4773 3157 4828 utilitati
3208 4772 3408 4829 futura.
3454 4774 3605 4832 Cou-

2026 4866 2297 4922 versando
2320 4865 2644 4920 sententiam
2672 4865 2890 4932 quidem
2919 4863 3222 4927 concludit.
3249 4879 3370 4934 qua:
3394 4866 3606 4935 prolata

2028 4969 2286 5030 tanquam
2320 4960 2385 5014 ad
2433 4957 2525 5013 Dei
2572 4970 2759 5012 vocem
2785 4964 2981 5023 sonat;
3042 4958 3324 5026 operando
3360 4972 3491 5014 vero
3528 4958 3611 5015 sic

2026 5068 2056 5107 a
2104 5066 2165 5107 se
2222 5061 2472 5106 removet
2513 5048 3025 5118 reprehensionem,
3078 5057 3138 5103 ut
3170 5049 3370 5105 invidis
3415 5051 3606 5106 saltem

2027 5146 2120 5200 llat
2154 5145 2427 5213 nbjectum
2463 5142 2707 5197 invidiae.
2741 5142 2962 5196 Arbiter
3002 5141 3205 5206 factus,
3249 5156 3356 5199 non
3394 5143 3459 5195 ad
3493 5142 3610 5195 vul-

2028 5247 2139 5292 tum
2213 5252 2451 5308 unquam
2524 5235 2812 5302 attendet,
2886 5249 2989 5290 nec
3060 5249 3119 5290 se
3173 5235 3377 5291 donum
3433 5230 3606 5287 invito

2026 5331 2201 5403 ipsum
2249 5312 2471 5402 gloriari
2524 5330 2766 5385 audebit.
2807 5328 3003 5385 Mistus
3046 5329 3265 5384 aliunde
3343 5324 3601 5395 negotiis,

2025 5422 2354 5480 laudabilem
2401 5422 2844 5479 conciliationem
2877 5461 2894 5488 ,
2982 5435 3238 5477 sermone
3301 5417 3605 5473 secundum

2026 5515 2289 5571 virtutem
2344 5513 2514 5583 facto,
2567 5522 2877 5570 conservat.
2927 5510 3207 5574 Judicans,
3277 5507 3604 5565 sententiam

2022 5608 2179 5681 juxta
2215 5607 2606 5663 rectitudinem
2675 5604 2787 5660 Deo
2846 5604 3128 5674 placitam,
3184 5600 3395 5670 dirigit.
3433 5599 3607 5656 Omne

2030 5708 2302 5757 restaurat
2335 5698 2651 5771 abreptum,
2681 5708 2871 5768 aperte
2896 5695 3107 5767 justum
3135 5692 3400 5763 declarat,
3427 5690 3607 5762 repri-
