4034 6206
420 275 520 336 33'!

1119 270 1534 340 EUS’I‘ATHII
1559 261 2331 332 ’THESSALONICENCIS
2361 261 2930 327 METROPOLI'NE

3580 255 3692 328 388

425 383 522 440 mit
549 383 828 452 iniustum,
847 383 1003 454 punit
1019 392 1343 453 opportune,
1365 383 1652 439 clementia
1669 381 1992 437 convenien-

2099 396 2260 448 γνυσι
2293 379 2586 450 κραταιῶς,
2620 363 2848 449 ἀφίήσιν
2878 363 3164 439 ἐπιεικῶς.
3204 373 3397 439 Είποις
3424 373 3494 430 ἃν
3535 374 3683 430 ἐκεί.

424 481 508 526 ter
565 472 756 538 utitur,
816 472 1046 526 ﬁrmiter
1093 479 1345 536 coercet,
1401 471 1700 527 clementer
1745 468 1988 525 dimittit.

424 571 556 623 Eum
585 570 799 624 virtutis
831 569 1120 638 imaginem
1143 565 1367 625 dixeris.
1389 566 1597 622 Praeter
1618 567 1761 623 enim
1795 573 1990 620 cetera

427 671 616 716 noster
648 663 809 715 homo
845 661 1078 729 primunt
1120 660 1274 730 lingit
1309 667 1364 714 et
1413 658 1780 716 humilitatem
1809 642 1992 711 οἶνο-

425 755 640 808 ritatem
669 769 682 804 :
715 751 1176 820 bumilitatem,eo
1197 753 1339 823 quod
1368 751 1608 807 omnium
1640 759 1723 808 est
1751 763 1944 805 servus
1970 764 1988 816 ;

426 846 740 910 veritatem,
773 844 898 915 quia
931 860 1038 899 non
1085 845 1290 902 diceret
1322 844 1525 916 aliquid
1570 843 1794 909 bonum,
1846 841 1991 910 quod

407 937 537 994 tale
577 951 684 990 non
727 947 899 992 esset.
929 935 1205 1007 Operatur
1246 938 1485 992 maxime
1519 935 1805 1006 pulchram
1848 934 1991 988 hanc

427 1027 673 1097 dyadem;
704 1043 798 1082 eos
821 1028 909 1096 qui
934 1036 1059 1083 sunt
1081 1029 1131 1082 in
1159 1029 1393 1083 maximo
1419 1027 1587 1097 gradu
1607 1035 1822 1090 exutus,
1845 1033 1996 1093 post-

427 1133 587 1186 quam
631 1119 681 1172 in
715 1119 796 1175 eis
838 1119 983 1173 illam
1014 1119 1404 1175 demonstravit
1438 1128 1492 1174 et
1525 1117 1753 1173 curavit.
1803 1114 1997 1170 Eleva-

429 1216 518 1262 tus
569 1208 725 1276 quasi
781 1210 994 1265 duabus
1027 1209 1210 1265 aureis
1236 1209 1358 1275 alis,
1401 1207 1648 1264 veritatis
1687 1207 1898 1263 scilicet
1942 1216 1997 1262 et

431 1299 779 1366 humilitatis,
824 1315 854 1355 a
901 1310 1094 1356 senatu
1139 1301 1454 1372 populoque
1505 1310 1746 1356 amatur.
1787 1299 1997 1355 Exinde

430 1389 792 1457 quodcunque
831 1389 990 1444 civile
1025 1389 1304 1460 negotium
1356 1389 1410 1443 in
1456 1404 1650 1444 manus
1675 1389 1793 1458 ejus
1829 1387 1995 1456 venit,

427 1480 520 1533 sed
546 1479 839 1547 praesertim
872 1481 1331 1549 negOtiatprivata.
1361 1479 1510 1535 Solet
1565 1479 1855 1545 enim,etsi
1888 1493 1996 1534 non

428 1586 669 1639 semper,
723 1571 1037 1641 frequenter
1073 1573 1286 1638 saltem,
1323 1572 1398 1627 illi
1439 1571 1507 1627 de
1555 1587 1614 1628 re
1659 1572 1875 1641 publica
1912 1579 2002 1626 ctr-

425 1661 566 1716 ranti
627 1663 918 1733 superaddi
978 1680 1160 1720 rerum
1202 1665 1534 1735 privatarum
1585 1677 1742 1718 cura.
1788 1663 2001 1717 Adeunt

427 1754 588 1822 igitur
659 1754 834 1820 illum,
867 1755 1204 1823 quibuslibet
1251 1757 1439 1821 horis,
1492 1754 1787 1819 innumeri,
1844 1768 1996 1808 com.

428 1845 755 1900 municaturi
801 1847 866 1902 de
897 1847 1061 1901 rebus
1087 1847 1414 1902 omnimodis
1434 1886 1449 1912 ,
1483 1853 1612 1915 puta
1667 1847 1734 1900 de
1765 1843 1992 1914 nuptiis,

426 1937 492 1990 de
512 1939 950 2007 mercationibus,
975 1939 1208 2009 denique
1234 1939 1299 1995 de
1319 1940 1495 1994 omnis
1534 1938 1750 2010 generis
1765 1952 1999 1993 conven-

428 2027 679 2083 tionibus.
733 2029 798 2082 Et
839 2040 919 2084 est
956 2031 1086 2100 ipsis
1141 2029 1228 2084 ille
1271 2031 1442 2086 bonus
1461 2045 1655 2096 annus,
1701 2044 1862 2098 quem
1888 2044 1993 2083 non

425 2129 676 2189 aequaret
721 2134 894 2175 annus
941 2122 1331 2190 superveniens
1381 2120 1768 2189 felicissimus;
1821 2119 1998 2176 facilis

426 2211 490 2263 ad
523 2225 715 2266 omnes
748 2220 802 2265 et
836 2212 904 2266 de
950 2212 1094 2266 nulla
1148 2212 1414 2281 pravitate
1459 2213 1759 2267 convictus.
1800 2211 1998 2283 Itaque

424 2301 626 2356 sensim
683 2301 994 2372 sensimque
1061 2303 1309 2359 ascendit
1358 2303 1424 2358 ad
1477 2303 1745 2372 gloriam,
1795 2312 1848 2358 et
1899 2303 2000 2359 alis

421 2390 580 2447 famae
613 2392 955 2459 sublevatus,
981 2409 1086 2450 non
1137 2409 1364 2464 operose
1401 2393 1630 2466 pedibus
1657 2409 1722 2450 ac
1747 2395 1998 2452 manibus

425 2497 647 2538 sursum
704 2486 900 2550 tendit,
949 2487 1042 2539 sed
1091 2487 1373 2540 commode
1413 2501 1510 2556 per
1551 2499 1697 2551 aera,
1731 2497 1989 2557 tanquam

423 2576 626 2640 alatus,
663 2577 928 2645 exsurgit.
961 2576 1255 2646 Postquam
1287 2587 1468 2631 autem
1497 2590 1692 2631 omnes
1716 2579 1995 2648 perversis

423 2665 528 2722 viis
567 2668 632 2721 ad
663 2682 722 2722 se
797 2669 1058 2731 traxerit.
1106 2679 1160 2724 et
1205 2669 1281 2725 sic
1318 2670 1383 2724 ad
1423 2669 1601 2740 ipsum
1653 2669 1996 2744 devenerint,

419 2765 474 2812 et
508 2761 729 2814 verbum
773 2776 793 2812 ι
833 2757 1019 2814 Bonus
1082 2759 1191 2826 ille,
1225 2777 1243 2811 ι
1291 2761 1491 2829 passim
1547 2759 1634 2814 hic
1682 2760 1847 2815 fuerit
1903 2761 1986 2816 di-

421 2853 726 2922 vulgatum,
753 2861 886 2907 tunc
928 2861 1166 2907 veterem
1212 2851 1360 2905 illum
1394 2849 1610 2906 Deoceu
1655 2853 1708 2906 in
1747 2861 1984 2907 mentem

420 2943 534 2998 cito
574 2943 987 3008 rememorabit,
1031 2942 1121 3011 qui
1176 2957 1304 2996 suos
1343 2943 1598 3003 concives
1643 2942 1856 3012 iustitia
1893 2958 1985 2997 re-

2091 489 2184 531 νον
2238 474 2443 544 ἀρετῆς
2509 472 2813 542 ἀφίδρυμα.
2866 471 3012 541 IIch
3067 471 3178 541 γὰρ
3227 471 3298 526 αὖ
3351 474 3465 538 τοῖς
3498 474 3690 540 ἄλλοις

2092 569 2482 639 προσποιεῖται
2510 568 2538 621 ὁ
2564 566 2660 621 ἄνθ
2671 581 2850 636 ρωπος
2883 565 2984 634 τὴν
3009 565 3186 634 ἀρχὴν
3211 566 3308 619 καὶ
3333 565 3396 619 eo
3420 568 3686 622 ταπεινὸν

2094 661 2189 713 καὶ
2233 657 2592 729 ὰληθευτικόν
2615 673 2631 690 ο
2662 657 2723 710 τὸ
2752 655 3034 719 ταπεινὸν,
3065 651 3146 719 οἷς
3198 657 3500 726 θεραπεύει
3547 660 3690 730 πρό-

2095 765 2323 816 παντας’
2345 751 2406 805 τὸ
2427 749 2802 818 ἀληθευτικδν,
2821 742 2902 808 οἷς
2917 751 3018 804 οὐκ
3035 748 3100 802 ἂν
3117 749 3252 818 φαίη
3277 767 3329 804 τι
3347 751 3580 819 ἀγαθὸν,
3604 754 3684 824 μὴ

2093 841 2265 906 οὕτως
2285 843 2426 912 ἔχον.
2448 831 2906 913 Πραγματεύεται
2926 840 2984 894 δὲ
2996 839 3446 910 ἑπιμάλιστατὴν
3474 845 3683 915 καινὴν

2094 934 2295 1005 ταύτην
2328 933 2894 1002 δυάδα,ὰποδυ6με·.ιος
2942 933 3067 997 τοὺς
3099 934 3160 986 ὲν
3192 934 3440 1004 μεγίστῳ
3459 935 3683 1007 βαθμῷ,

2095 1027 2189 1080 καὶ
2222 1025 2630 1095 ἐπιδειξάμενος
2658 1025 2828 1094 αὐτὴν
2850 1025 2908 1079 ἐν
2935 1024 3188 1101 ἐκείνοις,
3214 1025 3313 1079 καὶ
3337 1025 3686 1098 τεθεραπευο

2094 1119 2227 1179 κὼς.
2261 1119 2369 1172 Καὶ
2398 1116 2706 1189 ἀνυψωθεὶς
2733 1118 2965 1187 χρυσαῖν
2995 1111 3082 1170 οἷα
3114 1119 3412 1187 πτερύγοιν
3440 1120 3509 1190 τῇ
3532 1121 3685 1172 κατὰ

2095 1210 2193 1283 τὴν
2223 1209 2481 1280 ἀλήθειαν
2524 1209 2622 1262 καὶ
2671 1208 3026 1270 ταπείνωσιν,
3056 1208 3294 1276 φιλεῖται
3325 1210 3466 1279 πρός
3485 1227 3547 1263 τε
3573 1208 3682 1280 τῆς

2099 1303 2319 1373 βουλῆς,
2344 1302 2477 1372 πρός
2496 1317 2555 1354 τε
2574 1299 2667 1354 τοῦ
2697 1299 2896 1369 δήμου.
2929 1297 3247 1352 Κάντεῦθεν
3262 1298 3411 1354 ἃπαν
3438 1303 3682 1371 πρᾶγμα

2099 1393 2381 1447 πολιτικὸν
2407 1392 2536 1462 ἥκει
2567 1391 2649 1454 είς
2677 1391 2868 1461 χεῖρας
2909 1389 3078 1458 αὐτῷ,
3110 1389 3211 1460 οὐχ
3243 1391 3451 1460 ἣκιστα
3482 1391 3540 1446 δὲ
3578 1392 3684 1446 καὶ

2098 1483 2167 1537 τὰ
2195 1481 2462 1538 ίδιωτικά.
2499 1482 2648 1534 Φιλεϊ
2673 1482 2804 1551 γὰρ,
2833 1482 2882 1534 εί
2916 1480 3017 1534 καὶ
3047 1480 3123 1551 μὴ
3151 1481 3325 1544 ἐσαεὶ,
3361 1483 3422 1546 ἐς
3449 1483 3582 1551 γοῦν
3615 1483 3682 1536 eo

2101 1575 2258 1640 πολὺ,
2285 1573 2364 1645 τῷ
2393 1572 2773 1643 ἐπιμελομένῳ
2797 1571 2894 1626 τοῦ
2922 1572 3107 1626 κοινοῦ
3136 1573 3680 1643 πρωεπιϐἁλλεσθαι

2102 1668 2197 1722 καὶ
2229 1667 2262 1738 ἡ
2302 1667 2412 1720 τῶν
2449 1667 2555 1736 ἰδίᾳ
2585 1668 2680 1718 καὶ
2709 1664 3030 1719 καθέκαστα
3055 1666 3410 1736 ’ἑπιστροφή.
3441 1667 3682 1722 Φοιτῶσι

2106 1760 2236 1830 γοῦν
2269 1757 2400 1830 παρ’
2431 1757 2594 1812 αὑτὸν
2629 1757 2814 1828 μυρίοι
2840 1757 2978 1821 ὅσοι,
3011 1757 3107 1810 καὶ
3135 1757 3260 1810 ὅσαι
3287 1751 3450 1826 ὧραι,
3477 1773 3686 1813 κοινω-

2103 1851 2323 1922 σόμενοι
2363 1849 2494 1921 περὶ
2523 1847 2869 1920 πραγμάτων
2911 1849 3208 1910 παντοίων,
3243 1848 3357 1902 τῶν
3404 1850 3548 1904 κατὰ
3578 1851 3685 1917 γά-

2101 1959 2258 2012 μους,
2293 1940 2406 1993 τῶν
2435 1938 2577 1994 κατὰ
2609 1937 2904 2010 ἐμπορίας,
2934 1940 3052 1992 τῶν
3073 1938 3218 1992 κατὰ
3248 1939 3680 2010 συναλλάγματα

2101 2031 2440 2084 παντοδαπά.
2491 2029 2603 2084 Καὶ
2647 2029 2797 2086 ἐστιν
2856 2030 3042 2092 αὐτοῖς
3075 2031 3104 2082 6
3164 2030 3414 2094 ἐπέτειος
3465 2031 3681 2097 ἀγαθὸς

2096 2115 2274 2186 οὗτος,
2306 2121 2366 2174 ὃν
2399 2121 2502 2173 οὐκ
2539 2121 2606 2173 ἂν
2642 2118 2706 2172 τδ
2731 2118 2887 2172 ἐπιὸν
2913 2118 3215 2174 καταλάϐοι
3254 2119 3375 2184 ἔτος
3406 2119 3685 2189 ἀγαθυνό-

2104 2230 2265 2281 μενον
2285 2229 2300 2246 ο
2332 2211 2630 2282 εῦχρηστος
2663 2211 2748 2280 ἐφ’
2775 2210 2974 2276 ἅπασι,
3007 2211 3142 2280 μηδὲ
3173 2213 3306 2281 μιᾶς
3336 2213 3681 2282 φαυλότητος

2098 2301 2480 2372 ἁλισκόμενος.
2515 2303 2630 2356 Καὶ
2656 2301 2842 2355 τοίνυν
2880 2301 3164 2356 ἀναϐαίνει
3194 2303 3252 2366 ις
3277 2304 3403 2357 ὅσον
3422 2305 3518 2358 καὶ
3543 2305 3677 2360 ὅσον

2099 2397 2168 2466 τῇ
2199 2394 2447 2464 εὐκλείᾳ,
2495 2395 2592 2447 καὶ
2639 2393 2834 2463 φήμης
2867 2395 3092 2465 πτεροῖς
3136 2395 3534 2465 κουφιζόμενος
3572 2397 3680 2452 οὐκ

2101 2485 2474 2556 ἁναρῤιχᾶται
2501 2484 2775 2553 πονήρως,
2810 2481 2928 2537 ἀλλ’
2957 2483 3217 2553 εὐμαρῶς
3249 2486 3489 2556 αἰθέριος
3521 2488 3677 2542 ἄνει..

2101 2591 2206 2637 σιν,
2239 2574 2313 2636 ὡς
2339 2566 2453 2626 οἷον
2491 2573 2808 2640 πετόμενος.
2855 2571 3026 2626 Ἐπάν
3073 2556 3142 2627 δὲ’
3187 2575 3398 2638 πάντας
3435 2577 3678 2645 ἐφελκῦ-

2099 2681 2264 2734 σηται
2284 2662 2363 2735 τῷ
2379 2662 2522 2716 κατὰ
2547 2663 2818 2732 πονηρίαν
2845 2662 3210 2734 μεθοδεύματι
3237 2667 3334 2719 καὶ
3359 2667 3496 2736 πρὸς
3516 2669 3679 2740 αὐτῷ

2096 2757 2297 2811 ἐκείνοι
2351 2755 2638 2823 γένωνται,
2671 2754 2850 2808 καὶτὸ
2890 2754 3123 2822 ’Δγαθὺς
3153 2759 3180 2808 ὁ
3205 2757 3354 2812 δεῖνα
3386 2762 3677 2832 πανταχοῦ

2093 2847 2207 2900 τῶν
2235 2847 2416 2900 ἐκεῖσε
2437 2845 2842 2917 διαφημισθείη
2863 2861 2878 2878 ·
2907 2847 3032 2900 τότε
3061 2847 3125 2918 δὴ
3158 2851 3251 2901 τδν
3283 2852 3518 2906 παλαιὸν
3539 2855 3683 2925 And-

2094 2957 2206 3012 srqv
2273 2941 2479 2994 ἐκεῖνον
2537 2939 2892 3010 ἀναπολήσας
2939 2941 3084 3010 τάχα
3121 2942 3200 3004 είς
3249 2941 3396 3008 νοῦν,
3431 2943 3491 3007 ὃς
3540 2947 3678 3011 τοὺς

422 3050 653 3103 rumque
699 3018 1074 3089 communium
1120 3049 1258 3090 cura
1305 3034 1657 3099 demulserat,
1713 3045 1770 3089 et
1809 3033 1889 3088 sic
1938 3033 1991 3089 in

2096 3033 2375 3105 ιγχώρους
2393 3029 2588 3096 θέλξας
2609 3034 2676 3102 τῇ
2700 3032 3100 3104 δικαιοπραγίᾳ
3124 3034 3219 3087 καὶ
3241 3036 3307 3105 τῇ
3331 3035 3438 3090 τῶν
3466 3038 3675 3098 κοινῶν

421 3125 744 3180 archontem
780 3136 1114 3193 assumptus,
1148 3134 1341 3195 postea
1376 3125 1589 3182 fortiter
1617 3125 1724 3181 illis
1755 3125 1992 3191 inhaesit,

414 3231 542 3286 quae
568 3232 675 3270 non
716 3217 1125 3278 conveniebant,
1151 3215 1267 3287 ipse
1304 3231 1520 3287 quoque
1552 3219 1620 3272 ad
1642 3215 1837 3272 similia
1869 3231 1993 3271 mu-

419 3318 595 3364 tatur.
623 3307 688 3362 Et
722 3307 956 3376 qualiter
1003 3317 1202 3364 tractet
1249 3309 1333 3364 vel
1389 3310 1534 3365 banc
1578 3309 1796 3375 urbem,
1831 3323 1995 3380 quam

413 3399 670 3452 obtinere
697 3398 869 3469 potuit
893 3397 1130 3454 ofﬁciose
1145 3401 1462 3470 regendam,
1487 3399 1571 3455 vel
1598 3400 1740 3454 hunc
1761 3413 1983 3470 pagum,

355 3544 362 3548 .
424 3491 562 3562 apud
597 3509 756 3562 quem
809 3493 1039 3558 habitat,
1102 3494 1186 3550 vel
1239 3495 1343 3550 hoc
1395 3495 1732 3564 oppidulum,
1783 3495 1836 3549 in
1883 3507 1991 3565 quo

413 3586 686 3640 educatus
733 3592 840 3651 est,
879 3585 1251 3641 deducendum
1299 3585 1516 3655 quidem
1583 3594 1667 3640 est
1716 3599 1782 3640 ex
1819 3585 1994 3641 histo-

416 3679 523 3733 riis
551 3687 607 3732 et
642 3676 1030 3743 monumentis,
1082 3677 1444 3748 colligendum
1492 3687 1676 3732 autem
1719 3677 1885 3732 etiam
1925 3690 1995 3732 ea

411 3770 505 3826 his
533 3784 652 3838 qua:
673 3770 818 3825 velut
845 3768 1045 3839 ubique
1070 3769 1238 3832 liunt;
1263 3768 1410 3823 mille
1433 3781 1669 3838 namque
1698 3769 1826 3823 talia
1844 3768 1996 3839 prius

411 3873 734 3932 conspecta,
768 3864 1042 3932 hucusque
1069 3861 1234 3917 etiam
1285 3860 1555 3918 videntur.
1588 3859 1755 3918 Nobis
1810 3871 1990 3918 autem

410 3955 602 4011 dicere
672 3955 921 4018 sufﬁciet.
968 3954 1141 4010 oculis
1193 3953 1368 4010 acutis
1405 3968 1544 4025 opus
1586 3968 1710 4010 esse
1755 3953 1990 4024 alioquin

421 4044 628 4097 lmmiui
677 4044 755 4098 sic
806 4043 1043 4106 elevato,
1074 4049 1128 4096 ut
1176 4041 1227 4096 in
1275 4057 1332 4096 se
1381 4050 1503 4111 post
1557 4040 1991 4111 assumptiouetn

401 4135 567 4188 'clare
605 4134 924 4203 perspiciat,
961 4133 1298 4188 necessarias
1330 4141 1509 4187 autem
1541 4147 1663 4188 esse
1692 4147 1906 4204 preces,
1933 4144 1992 4190 ut

414 4227 618 4280 exinde
650 4223 827 4294 possit
858 4223 1116 4279 sublimis
1157 4223 1382 4278 humilia
1411 4232 1681 4294 spectare.

2095 3126 2406 3197 ἐπιμελείᾳ,
2425 3125 2520 3180 καὶ
2545 3123 2933 3189 ἀποκαταστὰς
2959 3124 3134 3189 οὕτως
3153 3126 3234 3189 είς
3261 3126 3520 3197 ἄρχοντα,
3549 3126 3679 3186 εἶτα

2091 3218 2330 3276 ἀπέϐαλε
2360 3217 2668 3289 κρατερῶς,
2703 3210 2785 3281 οἷς
2811 3216 2914 3270 οὐκ
2943 3216 3074 3283 ἔδει,
3128 3219 3529 3286 μεταϐάλλεται
3571 3227 3679 3280 καὶ

2095 3312 2260 3376 αὐτὸς
2291 3311 2380 3381 ἔφ’
2406 3309 2638 3382 ὁμοίοις.
2676 3310 2789 3364 Καὶ
2820 3304 2910 3363 οἷα
2941 3310 3244 3365 διατίθεται
3271 3311 3306 3384 ἦ
3361 3314 3673 3384 τῆν’πόλιν,

2095 3406 2165 3477 ἢν
2193 3403 2260 3459 ἂν
2284 3403 2441 3474 λάχοι
2473 3402 2785 3474 περιέπειν,
2813 3401 2846 3472 ἢ
2885 3399 2986 3472 τὴν
3017 3400 3237 3472 κώμην,
3264 3404 3388 3458 καθ’
3416 3407 3484 3477 ῆν
3514 3407 3674 3462 αολι.

2099 3497 2277 3561 (erat,
2309 3495 2342 3564 ἢ
2376 3494 2477 3564 τὴν
2522 3492 2860 3563 κωμόπολιν,
2912 3487 2982 3564 ἦς
3041 3493 3354 3566 ἀπότροφος
3411 3497 3674 3569 ηῦξηται,

2099 3583 2425 3640 ἁναλεκτέον
2456 3583 2557 3653 μιν
2615 3583 2680 3636 ὲκ
2711 3581 2819 3636 τῶν
2843 3582 3102 3654 ἱστοριῶν
3127 3588 3225 3640 καὶ
3263 3587 3378 3640 τιῖιν
3426 3605 3678 3660 συγγρα.

2099 3678 2239 3748 φῶν,
2269 3674 2730 3747 προσεπιλεκτέον
2756 3675 2814 3730 δὲ
2841 3675 2936 3730 καὶ
2965 3675 3074 3730 ἀπὸ
3098 3676 3208 3732 τῶν
3235 3677 3313 3743 ὡς
3357 3680 3623 3737 ἑκάστοτε
3644 3698 3668 3717 ο

2101 3768 2271 3841 μυρία
2295 3767 2406 3840 γὰρ
2433 3767 2530 3822 καὶ
2555 3765 2780 3821 τοιαῦτα
2805 3765 3332 3838 προτεθεωρημένα,
3363 3771 3458 3824 καὶ
3491 3773 3670 3830 slain

2098 3861 2196 3915 νῦν
2226 3858 2506 3930 βλέπεται.
2553 3857 2721 3928 Ἧμῐν
2748 3857 2806 3912 δι
2831 3857 3007 3911 είπεῖν
3055 3857 3306 3929 ἀρκέσει,
3340 3858 3418 3922 ὡς
3463 3862 3671 3932 ὀφθαλ-

2102 3953 2220 4026 μῶν
2254 3952 2427 4017 ὀξέων
2475 3951 2654 4004 δέεται
2683 3949 2779 4003 τοῦ
2820 3949 3009 4003 λοιποῦ
3040 3951 3069 4004 ό
3110 3949 3286 4016 οὕτως
3323 3953 3671 4026 ἀνειλημμέ-

2097 4061 2209 4109 νος,
2241 4041 2662 4097 ἀναὸλεπόντων
2685 4042 2880 4111 τρανὲς
2915 4038 3007 4092 ἐπ’
3037 4039 3201 4093 αὐτὸν
3233 4043 3372 4111 μετὰ
3395 4044 3496 4115 τὴν
3533 4048 3673 4103 ἀνά...

2098 4135 2282 4204 indm,
2312 4133 2470 4205 mela
2497 4131 2552 4185 δὲ
2585 4133 2681 4185 καὶ
2708 4130 2904 4202 εὐχῶν,
2935 4128 2991 4184 εί
3009 4146 3127 4195 πως
3163 4132 3375 4187 εκεῖθεν
3410 4137 3678 4210 ἐφορεύει

2104 4226 2321 4298 βλέπων
2353 4226 2423 4278 τὰ
2445 4240 2582 4276 ταπε
2591 4223 2700 4278 ινά.

493 4358 579 4414 17.
609 4357 778 4412 Porro
806 4358 1192 4414 transeundum
1221 4367 1305 4412 est
1331 4372 1398 4412 ex
1438 4359 1542 4414 hoc
1569 4361 1829 4428 primario
1858 4375 1991 4418 con-

2167 4359 2255 4426 ιζ’.
2321 4356 2671 4414 Μεταὸατέον
2729 4355 2794 4427 δὴ
2853 4357 2917 4410 ἐκ
2959 4357 3060 4428 τῆς
3104 4358 3408 4429 κορυφαίας
3463 4361 3674 4434 ταύτης

393 4459 612 4522 ..spectu
651 4453 718 4505 ad
763 4466 826 4507 ea
857 4465 978 4521 qua:
1009 4450 1269 4506 inferiora
1305 4451 1712 4521 humilioraque
1741 4462 1890 4521 sunt,
1938 4454 1991 4511 in

414 4544 665 4614 gratiam
701 4551 932 4598 textura:
961 4543 1237 4600 sermonis
1273 4543 1580 4614 variegatm,
1629 4544 1822 4616 bisque
1860 4560 1997 4615 qua-

387 4641 774 4710 ‘libuscunque
817 4651 912 4707 per
961 4636 1122 4692 unius
1193 4636 1460 4692 collectivi
1523 4638 1740 4692 modum
1800 4637 1992 4696 immo-

415 4734 673 4796 randum,
711 4745 778 4785 ne
799 4729 1010 4799 longius
1039 4730 1093 4782 in
1141 4728 1435 4796 injucunda
1472 4727 1703 4782 materia
1741 4729 1995 4786 immore-

421 4838 564 4888 mur,
595 4821 884 4888 siquidem,
908 4821 1055 4874 velut
1083 4829 1358 4889 portenta,
1377 4822 1456 4874 sic
1475 4829 1530 4876 et
1552 4821 1616 4875 de
1640 4820 1761 4876 istis
1784 4835 1993 4877 sermo-

416 4929 522 4969 nes
549 4914 767 4969 onerosi
799 4923 946 4970 sum.
970 4911 1125 4967 'Suut
1156 4912 1323 4968 etiam
1359 4913 1412 4967 in
1459 4912 1566 4968 illis
1612 4913 1816 4984 passim
1859 4912 1994 4969 locis

413 5006 566 5061 cales
613 5005 872 5061 artiﬁces.
900 5005 1022 5060 Non
1069 5004 1214 5060 enim
1255 5003 1373 5058 vult
1413 5003 1611 5058 malum
1655 5019 1685 5057 a
1754 5003 1993 5059 minimis

409 5097 711 5160 absistere.
741 5097 834 5152 sed
863 5112 960 5167 per
977 5097 1165 5152 omnia
1207 5097 1326 5152 sine
1380 5097 1669 5166 retinentia
1708 5098 1991 5168 progredi-

413 5199 529 5244 tur.
562 5189 838 5244 Simulatis
871 5189 1074 5258 quippe
1104 5189 1337 5244 malitiae
1373 5189 1641 5257 sophista,
1682 5187 1762 5248 vel
1814 5189 1990 5257 patius

413 5286 584 5336 uerba
638 5282 730 5336 Dei
779 5296 1072 5352 usurpans,
1107 5297 1175 5336 ex
1226 5281 1412 5336 verbis
1466 5280 1611 5336 illius
1636 5279 1701 5334 ad
1755 5280 1987 5337 famulos

409 5375 776 5430 daemoniacos
828 5375 958 5429 illud
989 5374 1202 5444 profert
1242 5373 1607 5429 adulteratum
1655 5392 1670 5425 ι
1724 5392 1744 5425 ι
1779 5372 1983 5430 Videte.

408 5447 489 5519 ne
535 5467 900 5522 contemnatis
957 5463 1040 5518 vel
1095 5480 1258 5518 unum
1334 5478 1399 5519 ex
1463 5463 1670 5533 pusillis
1740 5465 1924 5531 istis',
1965 5485 1984 5518 ι

379 5689 386 5698 ·
479 5689 504 5726 .³
536 5683 719 5742 Matth.
758 5705 910 5758 xvnt,
945 5694 1029 5748 l0.

2075 4452 2380 4530 περιωπῆς
2403 4450 2566 4506 πάλιν
2595 4450 2688 4503 ἐπὶ
2717 4451 2785 4502 τὰ
2813 4449 3113 4520 κατωτέρω
3148 4451 3242 4504 καὶ
3272 4455 3670 4524 ταπεινότερα,

2089 4543 2394 4614 διαπλοκῆς
2449 4543 2612 4614 χάριν
2669 4541 3017 4610 ποικιλτικῆς
3078 4542 3179 4613 τῆς
3242 4545 3300 4597 ἐν
3345 4545 3515 4615 λόγῳ,
3567 4548 3673 4602 καὶ

2091 4634 2496 4705 ἐνδιατριπτέον
2555 4633 2739 4697 αὐτοῖς
2773 4631 2860 4702 ἐφ’
2887 4633 3185 4687 ὁποσονοῦν
3214 4636 3288 4688 ἐν
3320 4635 3398 4706 τῷ
3431 4636 3668 4694 καθόλου

2094 4725 2500 4798 συλληπικῶς,
2527 4725 2614 4779 ἵνα
2646 4725 2720 4794 μὴ
2765 4727 2824 4789 ἐς
2858 4725 3070 4796 μακρὸν
3104 4726 3370 4795 ἀγλευκεῖ
3397 4746 3668 4799 πραγμαο

2091 4820 2212 4890 uia
2262 4817 2710 4888 ἑνδιατρίϐωμεν,
2744 4819 2976 4889 ἐπείπερ
3030 4819 3123 4871 καὶ
3159 4822 3429 4890 φορτικοὶ,
3473 4819 3669 4893 ὥσπερ

2092 4909 2163 4965 τὰ
2197 4909 2424 4980 μισητὰ,
2456 4908 2599 4964 οὕτω
2622 4909 2717 4962 καὶ
2762 4909 2811 4962 oi
2845 4910 2973 4979 περὶ
3013 4909 3194 4963 αὐτῶν
3235 4910 3406 4980 λόγοι.
3436 4913 3591 4966 Είσὶν
3609 4916 3672 4968 ὲν

2091 5005 2204 5066 τοῖς
2225 5000 2534 5072 ἑκασταχοῦ
2559 5003 2741 5064 τόποις
2776 5001 2869 5056 καὶ
2895 5002 3237 5075 χειροτέχναι
3261 5002 3516 5059 τοιοῦτοι.
3543 4993 3666 5061 Οὐκ

2091 5093 2264 5148 ἐθέλει
2301 5093 2410 5162 γὰρ
2435 5093 2496 5146 τὸ
2526 5092 2698 5146 κακὸν
2729 5092 2854 5146 οὐδὲ
2898 5093 3006 5145 τῶν
3040 5094 3427 5167 σμικροτάτων
3461 5095 3671 5168 ἀπέχει

2093 5187 2239 5253 σθαι,
2289 5184 2427 5239 ἀλλὰ
2452 5184 2540 5238 διὰ
2576 5187 2794 5258 πάντων
2832 5185 3215 5250 ἀνυποστόλως
3264 5189 3449 5258 χωρεῖ.
3495 5187 3667 5242 Ὑπο-

2093 5277 2415 5349 κρινόμενος
2447 5277 2552 5348 γὰρ
2581 5278 2609 5330 ὁ
2635 5277 2896 5348 σοφιστὴς
2930 5276 3030 5346 τῆς
3060 5277 3278 5342 κακίας,
3323 5279 3527 5348 μᾶλλον
3558 5281 3666 5349 μὲν

2093 5367 2186 5425 οῦν
2221 5369 2506 5425 ὑποσυλῶν
2541 5369 2608 5424 τὰ
2639 5369 2733 5424 τοῦ
2787 5369 2923 5423 Θεοῦ
2957 5371 3202 5440 ῥήματα,
3238 5373 3535 5442 παραποιεῐ
3592 5372 3664 5426 ἐκ

2095 5465 2205 5517 τῶν
2237 5463 2444 5538 ἐκεί·.ου
2476 5464 2588 5528 τοῖς
2619 5461 3104 5535 δαιμονοφορήτοις
3161 5462 3528 5534 θεραπευταῖς
3559 5465 3662 5518 τ6’
