4034 6206
403 245 518 308 389

1676 255 1777 317 DE
1814 257 2371 327 SIMULATIONE.

3551 262 3659 328 390

409 361 428 393 ‘
478 357 700 429 Ὁρᾶτε,
744 355 823 429 μὴ
854 360 1310 433 καταφρονήσητε
1367 364 1503 434 μηδὲ
1531 365 1663 435 γοῦν
1708 368 1827 433 ὲνδς
1872 369 1981 424 τῶν

2087 374 2199 429 sive
2224 374 2554 443 hominibus,
2580 375 2698 433 sive
2720 373 3046 436 artiliciolis.
3071 376 3279 435 idcirco
3304 380 3396 450 qui
3418 381 3655 439 subsunt

406 449 627 518 μικρῶν
656 450 884 512 τούτων,
922 468 941 501 ι
985 451 1098 505 εἴτε
1128 453 1460 524 ἀνθρώπων,
1485 456 1596 510 εἴτε
1645 462 1741 514 καὶ
1792 477 1985 531 τεχνυ-

405 544 599 613 δρίων.
631 546 724 596 Διδ
755 546 850 597 καὶ
882 545 934 598 oi
987 548 1107 609 ταῖς
1137 547 1356 619 τέχναις
1387 555 1825 624 παρυφεστῶτες
1858 556 1989 608 ὑπο-

409 635 624 706 κριταὶ,
656 635 1085 707 άγαθοπραξιῶν
1114 640 1505 712 κατάρχοντες,
1530 644 1634 699 ὅσα
1676 646 1773 699 καὶ
1807 644 1989 699 δελεα-

412 728 665 795 σμάτων,
698 728 792 782 καί
822 746 976 794 τινας
1006 732 1303 805 ἀγαθοὺςῆ
1338 737 1434 792 καὶ
1456 736 1634 802 ἄλλως
1664 744 1987 810 περιφανεῖς

403 815 479 869 δι’
511 818 695 897 αὐτῶν
754 819 1156 890 θηρασάμενοι,
1214 826 1311 877 καὶ
1360 827 1646 896 ἐπαγωγοὶ
1703 830 1984 898 φανέντες,

407 908 615 963 αὐτίκα
647 912 1051 979 συνεπάγονται
1087 914 1333 976 καὶτοὺς
1362 918 1659 990 ἑτεροίους.
1704 919 1987 992 Είώθαμεν

410 1003 523 1073 γὰρ
551 1003 604 1056 οἱ
634 1003 919 1073 ἄνθρωποι
951 1007 1072 1068 ταῖς
1099 1006 1208 1061 τῶν
1239 1011 1495 1080 χρηστῶν
1523 1012 1740 1084 ἀνδρῶν
1775 1015 1987 1085 χαίρειν

409 1096 706 1165 μιμήσεσι,
735 1096 924 1149 πολλοὶ
958 1097 1017 1150 δι
1048 1099 1144 1152 καὶ⁵
1173 1104 1292 1165 ταῖς
1322 1103 1432 1157 τῶν
1474 1104 1663 1167 ἁπλῶς
1696 1104 1986 1176 μειζόνων.

419 1186 675 1241 Ἐπειδὰν
728 1188 787 1241 δὲ
846 1188 1087 1253 πλείους,
1132 1190 1548 1261 ἐπαγάγωνται,
1590 1194 1686 1248 καὶ
1746 1195 1987 1266 οὐδαμοῦ

405 1278 597 1348 φαύλη
640 1278 769 1349 περὶ
796 1278 997 1343 αὐτοὺς
1045 1279 1316 1351 ὑπόληψις
1368 1282 1763 1353 προφαίνηται,
1822 1300 1989 1354 μετα-

405 1368 703 1425 ϐάλλονται
734 1371 829 1422 καὶ
866 1369 1043 1424 αὐτοί.
1072 1371 1184 1425 Καὶ
1212 1373 1260 1425 οἱ
1288 1373 1480 1443 πρῴην
1507 1372 1863 1444 άληθευτικοὶ
1892 1375 1989 1429 καὶ

403 1462 790 1532 ἀπράγμονες,
814 1462 913 1515 καὶ
943 1460 1081 1527 ὅλως
1116 1462 1193 1535 μὴ
1229 1460 1558 1535 βαρύνοντες
1587 1465 1985 1536 τδφυλετικὸν,

406 1555 551 1624 μηδὲ
571 1555 698 1619 τοὺς
725 1555 953 1624 μισθοὺς
985 1555 1433 1626 παρατείνοντες,
1462 1557 1558 1611 καὶ
1582 1557 1650 1612 τὰ
1674 1556 1901 1627 τεχνικὰ
1929 1555 1990 1609 δὲ

402 1646 787 1716 άκριδοῦντες,
824 1647 920 1700 καὶ
964 1645 1111 1701 οὕτω
1140 1648 1376 1717 χρηστοὶ
1412 1647 1803 1712 πιστευθέντες
1824 1644 1986 1714 εἶναι,

2074 467 2292 521 artibus
2342 468 2728 537 simulatores,
2772 472 2946 529 bonos
2983 480 3137 528 actus
3182 471 3468 541 tingentes,
3500 476 3654 543 quasi

2089 557 2471 627 illectamenta,
2497 562 2869 631 quosdamque
2893 564 3064 620 bonos
3098 563 3182 619 vel
3213 564 3372 619 aliter
3417 565 3656 634 insignes

2089 653 2227 707 inter
2264 652 2415 721 ipsos
2453 654 2655 719 venali,
2690 654 2985 726 blandique
3020 657 3187 713 duces
3237 657 3363 721 visi,
3395 657 3657 712 continuo

2087 744 2191 799 sibi
2225 744 2432 799 sociant
2455 754 2510 800 et
2537 744 2699 800 alios.
2736 745 2987 803 Solemus
3018 748 3163 803 enim
3206 746 3456 803 homines
3488 747 3659 802 bono-

2080 850 2207 889 .rurn
2242 834 2546 891 inuitatione
2573 837 2838 902 virorum,
2868 838 3161 909 pluresque
3191 838 3514 908 simpliciter
3536 854 3656 893 ma-

2082 925 2265 996 jorum
2298 926 2602 984 imitatione
2636 927 2894 999 gaudere.
2935 929 3229 999 Postquam
3256 939 3439 985 autem
3487 929 3657 999 pluri-

2090 1033 2211 1073 mos
2233 1018 2335 1074 sibi
2362 1019 2696 1088 junxerunt,
2730 1029 2785 1076 et
2823 1020 3050 1077 minime
3077 1031 3238 1091 prava
3277 1023 3491 1078 videtur
3514 1023 3657 1094 apud

2088 1109 2205 1164 illos
2224 1110 2591 1178 congregatio,
2618 1120 2895 1166 mutantur
2914 1120 2970 1166 et
3002 1111 3117 1167 isti.
3142 1112 3245 1179 Qui
3266 1114 3416 1182 prius
3434 1127 3657 1169 veraces

2096 1209 2152 1254 et
2180 1199 2403 1267 sinceri,
2439 1216 2545 1265 non
2576 1199 2801 1257 omnlno
2822 1203 3169 1258 .contribules
3197 1203 3518 1273 gravabant,
3561 1216 3659 1257 nec

2091 1285 2411 1341 detinebant
2446 1289 2752 1355 mercedes,
2794 1289 2887 1345 sed
2923 1302 3043 1347 arte
3092 1290 3234 1345 facta
3281 1291 3573 1357 curabant,
3605 1302 3660 1347 et

2090 1376 2170 1430 sic
2199 1377 2350 1447 probi
2404 1392 2528 1433 esse
2574 1377 2957 1446 credebantur,
2997 1382 3196 1434 bonum
3242 1381 3461 1445 quidem
3495 1394 3661 1451 super

2089 1467 2305 1523 divitias
2344 1468 2600 1527 habuisse
2644 1484 2837 1524 nomen
2923 1470 3149 1527 minime
3186 1479 3392 1538 amant,
3438 1471 3662 1528 cuilibet

2090 1567 2274 1612 autem
2326 1557 2660 1629 improbitati
2711 1568 2769 1615 et
2813 1559 3100 1615 inhonesto
3145 1561 3377 1629 quaestui
3429 1561 3658 1627 cedunt;

2090 1649 2525 1719 praesertimque,
2558 1651 2603 1706 si
2640 1662 2789 1707 sorte
2823 1652 3093 1721 contingit
3121 1652 3254 1722 ipsis
3284 1659 3343 1706 ut
3374 1652 3660 1706 architecti

408 1738 634 1807 μισοῦσι
664 1738 765 1807 μὶν
795 1740 972 1809 ὄνομα
1005 1738 1309 1809 κεκτῆσθαι
1348 1739 1516 1793 καλὸν
1568 1738 1709 1809 ὑπὲρ
1735 1739 1982 1804 πλοῦτον1

2092 1737 2203 1794 sint
2235 1748 2292 1794 et
2334 1739 2571 1807 publicis
2619 1741 2845 1809 praesint
2887 1743 3168 1810 operibus,
3204 1742 3345 1796 inter
3393 1741 3497 1794 alia
3544 1755 3664 1809 quae

402 1830 740 1898 γίνονταιδὲ
782 1830 1068 1901 βδελυρίας
1113 1830 1336 1901 ἁπάσης
1368 1830 1465 1885 καὶ
1490 1829 1716 1901 κέρδους
1753 1830 1982 1902 αἰσχροῦ

401 1924 672 1994 ἥττονες·
705 1925 799 1977 καὶ
862 1923 1086 1994 μᾶλλον,
1118 1923 1277 1992 εἴπερ
1313 1923 1722 1993 ἀρχιτεκτονεῖν
1775 1922 1983 1989 λάχωσι

402 2016 504 2069 καὶ
533 2014 809 2086 δημοσίων
837 2014 1229 2085 προΐστασθαι,
1260 2014 1398 2067 άλλα
1428 2028 1490 2066 τε
1530 2013 1987 2083 πλημμελοῦντες

401 2106 623 2172 ἀνόσια,
649 2106 746 2161 καὶ
769 2106 894 2169 τοὺς
922 2106 1231 2176 ὑπουργοὺς
1252 2102 1627 2169 κολοὸοὖντες,
1655 2096 1731 2157 ὧν
1762 2101 1988 2173 μισθού-

404 2216 532 2252 νται
557 2213 573 2228 ⁸
625 2198 676 2252 οἶ
713 2199 942 2268 φέρουσι
997 2198 1098 2269 μὲν
1129 2198 1343 2270 βαρέως
1389 2196 1743 2266 κολουόμενοι
1771 2195 1869 2248 τοῦ
1897 2214 1986 2265 μι-

406 2292 564 2358 σθοῦ,
597 2294 932 2362 ὑπομένουσι
957 2291 1015 2345 δὲ
1043 2293 1168 2355 τοὺς
1191 2289 1471 2353 τοιούτους
1498 2288 1859 2360 ἐργολάϐους,
1899 2288 1985 2342 δε-

402 2387 584 2449 διότες
611 2383 702 2438 οἶα
727 2385 915 2455 βαρεῖς
974 2383 1368 2455 ἔργεπείκτας,
1418 2383 1469 2435 εί
1507 2384 1584 2453 μὴ
1630 2382 1728 2436 τοῦ
1756 2381 1985 2453 κέρδους

405 2478 754 2551 ὲκχωροῦσιν
791 2479 999 2541 αὐτοῖς.
1031 2478 1145 2531 Καὶ
1175 2478 1288 2547 μὴν
1319 2476 1417 2531 καὶ
1449 2477 1500 2530 οἱ
1534 2477 1594 2529 ὲν
1643 2477 1755 2538 τοῖς
1804 2472 1983 2527 τοιού-

400 2590 522 2635 τοις
552 2572 728 2625 είσέτι
758 2570 921 2625 πλέον
972 2570 1458 2642 μικροῦποκριταὶ,
1509 2569 1559 2623 οι
1590 2570 1717 2632 τοὺς
1754 2567 1985 2638 χάλικας

402 2664 611 2736 δηλαδὴ
643 2661 1117 2735 παραφοροῦντες,
1145 2662 1357 2715 καὶτὸν
1383 2660 1557 2733 πηλὸν
1585 2660 1619 2732 ἢ
1650 2659 1749 2730 τὴν
1768 2658 1984 2712 τίτανον

2090 1829 2438 1885 committunt
2500 1828 2770 1895 facinora,
2844 1830 3236 1885 submissorum
3292 1831 3662 1900 operariorum

2090 1921 2372 1975 mercedes
2399 1921 2672 1975 mutilant.
2706 1920 2799 1976 lsti
2855 1922 3073 1992 quidem
3114 1936 3256 1991 aegre
3305 1921 3485 1975 lerunt
3522 1936 3664 1976 mer-

2091 2011 2223 2067 cede
2254 2009 2530 2077 frustrari,
2558 2012 2653 2067 sed
2691 2012 3003 2082 huiusmodi
3030 2012 3391 2067 conductores
3429 2027 3659 2081 operum

2091 2103 2380 2171 sustinent,
2417 2118 2609 2175 graves
2651 2118 2746 2159 eos
2804 2104 3054 2160 timentes
3096 2104 3344 2159 laborum
3377 2113 3664 2159 exactores

2094 2194 2332 2260 habere,
2370 2195 2473 2251 nisi
2515 2195 2660 2265 quod
2703 2195 2804 2251 sibi
2837 2195 3047 2249 lucrum
3099 2195 3387 2250 retineant.
3426 2194 3493 2248 Et
3534 2208 3664 2249 vero

2090 2296 2220 2345 sunt
2266 2286 2324 2341 in
2366 2286 2566 2344 talibus
2623 2302 2731 2342 non
2787 2286 3079 2342 admodum
3133 2286 3519 2352 simulatores;
3571 2287 3663 2355 qui

2097 2377 2316 2448 lapillos
2346 2377 2553 2435 scilicet
2581 2376 2835 2443 alterunt,
2881 2377 3311 2447 mortariumque
3336 2378 3427 2432 ’ac
3457 2377 3662 2433 calcem

2091 2469 2364 2534 molliunt,
2391 2469 2548 2524 initio
2580 2470 2822 2538 quidem,
2867 2470 3232 2539 partientibus
3261 2484 3426 2538 opera
3466 2470 3661 2525 viden-

2091 2570 2180 2619 tur
2192 2562 2344 2632 probi
2361 2562 2671 2633 sincerique
2708 2578 2816 2633 prae
2836 2578 2896 2618 se
2913 2562 3098 2642 lerunt
3153 2563 3420 2633 speciem,
3450 2562 3661 2618 brevis-

2089 2655 2226 2710 sime
2247 2669 2377 2710 vero
2399 2664 2585 2723 postea
2610 2655 2664 2710 in
2688 2655 3022 2712 contrarium
3047 2663 3478 2710 commutantur.

404 2760 792 2832 όργαζόμενσι,
842 2759 945 2822 τὰς
971 2758 1150 2829 ἀρχὰς
1201 2759 1319 2828 μὶν,
1356 2758 1447 2812 ὅτε
1487 2755 1838 2829 γνωρισθῶσι
1863 2754 1977 2816 τοῖς
2019 2750 2420 2822 ἑργοδοτοῦσιν,
2452 2750 2675 2822 εὐήθεις
2757 2752 2852 2806 καὶ
2905 2749 3163 2805 ἁπλοῖκοὶ
3204 2746 3502 2804 τυποῦνται
3564 2745 3665 2818 τὴν

385 2858 562 2922 θέαν,
604 2855 805 2927 μικρδν
849 2854 908 2909 δὲ
936 2854 1062 2908 ὅσον
1088 2853 1519 2919 ἑξαλλάσσουσιν
1547 2852 1776 2915 ἑαυτοὺς
1805 2851 1886 2915 είς
1924 2848 1994 2903 τά
2032 2847 2296 2919 ἔμπαλιν.

478 2956 572 3023 ιη’.
630 2950 788 3003 Οῦτω
839 2946 1129 3003 κάνταῦθα
1184 2945 1608 3018 σμικροπρεπὴς
1668 2947 1703 3017 ὴ
1752 2943 1985 3012 τοιαύτη

406 3046 597 3110 κακία,
628 3044 740 3108 ἵνα,
770 3040 964 3112 ὥσπερ
998 3041 1109 3096 ὑπὸ
1137 3044 1303 3097 παντὶ
1322 3040 1460 3111 λίθῳ
1487 3039 1785 3110 σκορπίους
1818 3055 1987 3092 κατα-

2165 2945 2256 3001 l8.
2292 2945 2385 3002 Sic
2412 2955 2468 3002 et
2501 2946 2576 3002 ibi
2607 2959 2770 3017 parca
2800 2942 3070 3013 reperitur
3094 2938 3409 3012 hujusmodl
3432 2936 3662 2992 malitias

2094 3043 2173 3102 ut,
2232 3038 2687 3107 quemadmodum
2743 3034 2843 3091 sub
2909 3032 3057 3089 omni
3111 3031 3288 3101 lapide
3351 3030 3663 3098 scorpiones

404 3108 698 3209 ὃαρθάνειν
720 3108 1095 3207 φαμὲνίοῦτω
1124 3137 1219 3190 καὶ
1243 3134 1350 3189 ὑπὸ
1379 3108 1544 3188 παντὶ
1574 3108 1760 3203 σχεδόν
1797 3149 1855 3185 τι
1886 3133 1982 3184 άν-

2091 3130 2387 3184 dormitare
2405 3129 2662 3190 dicimus,
2696 3128 2774 3182 sic
2804 3126 2968 3183 etiam
2996 3126 3097 3182 sub
3122 3124 3269 3179 omni
3296 3122 3412 3178 fere
3442 3122 3666 3177 homine

407 3230 616 3300 θρὼπῳ
677 3229 972 3298 ὑπόκρισιν
1034 3227 1359 3296 ὲνδομυχεϊν
1391 3224 1644 3294 λέγωμεν
1669 3241 1684 3257 ’
1729 3225 1795 3295 ἢν
1819 3222 1873 3276 εῐ
1900 3239 1984 3287 τις

404 3322 643 3391 ὶλλόγως
663 3321 970 3390 δυσφημεῖν
990 3318 1387 3390 προσθήσεται,
1418 3315 1565 3369 εῐποι
1586 3315 1678 3383 ἂν,
1705 3316 1782 3379 ὡς
1806 3315 1981 3386 ἁρετὴ

408 3414 663 3485 δαίμονός
688 3416 830 3481 ἔστι,
861 3412 1065 3474 κακίας
1106 3410 1303 3473 κάλλος
1332 3408 1588 3475 ὓπουλον,
1628 3407 1983 3478 πραγματεία

404 3504 829 3577 αἰσχροκερδὴς,
866 3503 982 3557 ἐσθ’
1013 3503 1154 3556 ὅπου
1180 3501 1239 3554 δὲ
1269 3502 1364 3556 καὶ
1401 3500 1642 3572 ἀκερδὴς
1672 3499 1813 3554 Θεοῦ
1849 3516 1983 3571 προ-

407 3597 528 3669 νοίᾳ
546 3610 563 3627 ’
588 3595 847 3667 βδελυρία
875 3593 1452 3666 παρακεκαλυμμένη,
1477 3595 1821 3665 σκιαγραφία
1848 3608 1984 3664 χρη-

407 3688 691 3759 στότητος,
723 3684 1001 3755 ἁγαθότης
1044 3684 1510 3755 ψευδεπίγραφος,
1543 3684 1819 3745 ἀπωλείας
1846 3684 1980 3738 λάκ-

406 3793 502 3841 κος
531 3775 884 3848 ἡνθισμένος,
916 3776 995 3838 ὡς
1025 3774 1124 3829 καὶ
1149 3773 1436 3829 λανθάνειν
1458 3790 1473 3805 ο
1512 3773 1694 3843 γελῶν
1723 3772 1980 3840 θάνατος,

407 3869 612 3942 πικρία
662 3867 1009 3938 μελιτόεσσα,
1058 3866 1251 3929 σκότος
1282 3864 1607 3937 ψηλαφητδν
1656 3865 1756 3936 μὲν
1803 3864 1982 3928 ἄλλως

406 3963 519 4025 τοῖς
571 3959 646 4032 μὴ
690 3958 976 4030 ἑχέφροσι,
1012 3957 1251 4028 φευκτὸν
1304 3957 1363 4012 δὲ
1406 3959 1523 4020 τοῖς
1556 3956 1975 4027 βαθυγνὼμοσι·

405 4052 512 4124 θὴρ
566 4050 904 4122 σαρκοϐόρος
972 4048 1247 4121 προϐάτου
1273 4086 1289 4113 ,
1350 4048 1792 4119 περιτεθειμένος
1861 4046 1981 4101 κώ-

403 4145 547 4197 διονο
592 4143 779 4213 Δῖδης,
828 4134 891 4195 οὗ
922 4141 1238 4211 προλάμπει
1268 4141 1382 4211 ζωή
1410 4157 1425 4172 ο
1480 4140 1597 4210 φῶς
1642 4140 1978 4205 ἐπιπολάζον

410 4236 563 4306 βαθεῖ
585 4234 787 4305 σκότῳ,
818 4231 1045 4302 ἀλώπηξ
1064 4232 1206 4302 λόγῳ
1231 4232 1295 4286 τὸ
1312 4231 1539 4285 δύσνουν
1561 4232 1942 4301 ἐπικοσμοῦσα
1960 4248 1974 4262 ν

411 4327 487 4389 ib;
537 4325 825 4393 γλυκάζων
858 4325 957 4393 μὲν
1008 4326 1076 4394 τῇ
1132 4324 1406 4395 προφορᾷ,
1470 4322 1761 4387 πικράζων
1805 4322 1863 4375 δὲ
1908 4324 1976 4393 τῇ

406 4418 614 4489 φθορᾷ*
649 4418 883 4485 γλυκεῖα
909 4414 1113 4485 σφαγὴ,
1148 4415 1348 4479 ἄλυπος
1399 4413 1647 4485 δλεθρος,
1681 4413 1838 4481 λόγος
1882 4412 1980 4467 θα-

408 4510 662 4579 νατηρδς,
695 4508 917 4571 ἄοπλος,
957 4507 1054 4574 νὺξ
1081 4507 1182 4561 οὐκ
1216 4506 1622 4576 άναπαύσιμος,
1648 4505 1778 4559 σκιά
1814 4503 1979 4559 θανά-

411 4617 592 4669 σιμος,
627 4598 810 4671 ἔχιδνα
857 4598 1123 4669 ὑφειμένη
1174 4599 1516 4670 αἱμοχαρής·
1554 4597 1772 4669 δράκων
1809 4596 1979 4653 τᾶλλα

410 4692 511 4761 μὲν
547 4687 909 4762 βροτολοιγὸς,
940 4692 1038 4744 καὶ
1077 4688 1221 4744 οὕτω
1266 4691 1524 4761 σκληρὸς,
1578 4690 1855 4760 μαλθακὸς
1918 4689 1977 4743 δὲ

407 4782 476 4834 τά
507 4781 586 4843 είς
618 4780 819 4849 χρυσὸν
846 4779 989 4832 κατὰ
1014 4779 1104 4831 τὸν
1131 4779 1529 4850 θρυλλούμενον
1558 4780 1975 4851 χρυσοφύλακα.

408 4870 544 4937 Δίχα
569 4869 679 4938 γὰρ
705 4869 873 4935 ἄλλης
901 4866 1238 4938 φαυλότητος
1267 4871 1361 4922 καὶ
1384 4870 1730 4939 χρυσομανὲς
1760 4872 1824 4925 τὸ
1846 4872 1979 4926 ὕπο-

404 4959 653 5031 κριτικδν
683 4958 999 5027 φῦλον,ηκαὶ
1037 4959 1156 5014 λίαν
1206 4961 1349 5016 πάνυ
1386 4962 1678 5030 κερδαλέον
1699 4977 1712 4991 ”
1746 4966 1843 5018 καὶ
1872 4965 1975 5019 οὐκ

410 5053 479 5104 ἂν
503 5051 718 5115 οὐδενὸς
753 5050 944 5121 ἑτέρου
974 5051 1192 5123 πρίαιτό
1247 5070 1334 5116 τις
1379 5054 1482 5125 τὴν
1519 5055 1685 5109 αὑτοῦ
1734 5054 1974 5121 εὔνοιαν,

407 5144 492 5196 ὅτι
523 5143 600 5213 μὴ
626 5142 856 5213 χρυσοῦ,
897 5143 993 5197 καὶ
1015 5145 1182 5198 αὑτοῦ
1216 5144 1462 5216 συνεχῶς
1494 5147 1935 5218 ἑπαντλουμένου
1960 5164 1976 5181 ο

406 5229 507 5294 ὡς,
538 5229 701 5301 εἴπερ
728 5230 906 5301 λείψοι
936 5234 1090 5302 ποτὲ,
1127 5237 1550 5292 συνεπιλέλοιπε
1580 5239 1677 5291 καὶ
1701 5240 1734 5309 ἡ
1760 5238 1975 5294 εὔνοιαο

404 5319 548 5376 καθὰ
590 5323 691 5376 καὶ
723 5325 790 5393 τῇ
830 5323 1027 5398 λυχνία
1058 5326 1451 5400 ἐπιλειπούσης
1499 5329 1601 5400 τῆς
1635 5328 1979 5400 ὲξαπτούσης

406 5412 564 5488 ὕλης,
596 5415 909 5489 συναπῆλθε
936 5418 1114 5473 καὶτὸ
1142 5418 1209 5472 δι’
1238 5420 1457 5492 ἐκείνης
1483 5420 1760 5492 λαμπρόν.

2090 3222 2498 3278 simulationem
2585 3220 2799 3275 latitare
2873 3216 3313 3289 pronuntiemus.
3381 3214 3554 3281 Quam
3616 3213 3662 3269 si

2087 3315 2214 3385 quis
2256 3328 2324 3370 ex
2373 3312 2652 3383 proposito
2709 3310 2871 3365 vellet
2927 3307 3230 3373 dill’amare,
3280 3306 3485 3363 diceret
3522 3305 3665 3375 quod

2087 3414 2173 3461 est
2217 3404 2420 3460 diaboli
2468 3404 2665 3468 virtus,
2720 3400 2977 3459 simulata
3028 3400 3247 3456 malitiae
3298 3397 3663 3467 pulchritudo,

2087 3497 2341 3568 probrosi
2366 3496 2664 3568 negotiatio
2708 3496 2959 3562 lucrosa,
2994 3495 3089 3550 sed
3124 3502 3374 3562 respectu
3414 3489 3509 3544 Dei
3543 3490 3664 3546 sine

2088 3586 2279 3654 lucro;
2328 3587 2575 3657 nequitia
2627 3584 2823 3649 velata,
2875 3582 3197 3639 adumbrata
3255 3578 3513 3635 utilitatis
3569 3578 3666 3633 de-

2085 3679 2331 3751 scriptio,
2397 3678 2657 3736 bonitatis
2702 3675 3079 3737 simulacrum,
3133 3671 3455 3742 perditionis
3511 3669 3667 3724 lacus

2086 3770 2329 3838 ﬂoribus,
2360 3785 2427 3826 ne
2481 3778 2761 3835 cernatur,
2813 3779 3182 3837 conspersus,
3238 3777 3385 3818 mors
3446 3760 3664 3826 ridens,

2087 3861 2392 3933 amaritudo
2457 3859 2696 3922 mellita,
2770 3855 3002 3912 tenebrae
3065 3852 3362 3922 palpabiles
3426 3850 3510 3905 vel
3567 3849 3667 3903 ho-

2085 3953 2326 4009 minibus
2361 3966 2468 4007 non
2506 3949 2816 4019 sagacibus,
2842 3949 2938 4005 sed
2970 3946 3233 4016 fugienda:
3265 3940 3663 4012 prudentibus:

2087 4046 2201 4101 l'era
2231 4043 2413 4099 carnis
2444 4042 2604 4097 ovilis
2633 4055 2823 4106 vorax,
2851 4037 3189 4097 circumdata
3235 4033 3462 4098 vellere,
3497 4031 3667 4086 infer~

2086 4154 2210 4204 nus,
2236 4147 2364 4192 ante
2396 4149 2556 4205 quem
2602 4132 2857 4204 praelucet
2896 4131 3052 4197 vita;
3098 4128 3286 4184 lumen
3328 4139 3491 4194 super
3535 4138 3658 4193 pro-

2085 4230 2282 4286 fundas
2320 4228 2575 4283 tenebras
2606 4225 2884 4291 volitans;
2936 4222 3125 4291 vulpes
3165 4231 3417 4274 sermone
3464 4215 3663 4269 malam

2087 4321 2447 4378 intentionem
2496 4332 2812 4383 exornans;
2864 4314 3060 4385 sagitta
3110 4310 3250 4366 lenis
3285 4308 3502 4378 quidem
3540 4320 3664 4375 pro-

2089 4412 2450 4478 nuntiatione,
2499 4410 2594 4465 sed
2640 4420 2828 4463 amara
2880 4403 3273 4472 corruptione;
3329 4396 3500 4452 dulcis
3550 4404 3666 4449 truc

2087 4505 2313 4572 cidatio,
2352 4503 2522 4558 hilare
2571 4500 2799 4563 letbum,
2851 4497 3000 4553 acies
3048 4491 3298 4550 letbilera
3328 4490 3449 4544 sine
3471 4486 3662 4546 armis,

2086 4614 2193 4655 nox
2229 4612 2336 4652 non
2366 4595 2432 4649 ad
2462 4593 2877 4664 quiescendum.
2922 4586 3166 4644 mortalis
3226 4582 3443 4647 umbra,
3476 4579 3660 4647 vipera

2078 4689 2343 4762 sanguine
2394 4689 2656 4760 gaudens,
2683 4682 2987 4748 submissa;
3035 4682 3221 4741 draco,
3254 4673 3433 4744 quoad
3464 4680 3661 4762 caetera

2082 4759 2303 4854 quidem
2354 4759 2599 4834 mortifer
2654 4785 2818 4844 atque
2865 4773 3055 4837 durus,
3105 4768 3200 4825 sed
3234 4766 3389 4836 juxta
3424 4759 3665 4818 celebra-

2085 4884 2197 4931 tum
2250 4867 2739 4941 ehrysophylacem
2802 4863 2993 4921 mollis
3050 4861 3120 4917 ad
3178 4870 3397 4914 aurum.
3454 4855 3661 4925 Praeter

2080 4968 2227 5023 enim
2259 4964 2421 5020 aliam
2452 4960 2797 5032 pravitatem,
2846 4954 3230 5012 simulatorem
3250 4962 3430 5020 genus
3455 4944 3660 5000 insanit

2081 5073 2215 5114 auro
2241 5058 2502 5125 valdeque
2532 5054 2805 5107 luerosum
2844 5057 2927 5105 est
2957 5064 2974 5114 ;
3009 5053 3065 5101 et
3108 5058 3217 5101 non
3250 5041 3357 5098 alio
3409 5050 3657 5108 quocun-

2082 5166 2188 5221 que
2212 5146 2645 5204 benevolentiam
2688 5142 2808 5213 ejus
2848 5139 3049 5210 aliquis
3086 5139 3323 5204 lemeret,
3367 5131 3470 5187 nisi
3499 5142 3653 5221 auro,

2080 5218 2257 5310 eoque
2291 5238 2549 5295 continue
2587 5234 2852 5307 profuso;
2892 5231 3027 5287 adeo
3063 5236 3161 5294 ut,
3196 5226 3245 5283 si
3279 5221 3493 5295 quando
3519 5218 3661 5274 deli-

2084 5340 2257 5396 ceret,
2293 5329 2550 5385 deﬁceret
2574 5329 2741 5385 etiam
2772 5319 3177 5385 benevolentia,
3208 5310 3656 5388 quemadmodum

2086 5425 2343 5488 lucernae,
2372 5422 2659 5480 deﬁciente
2690 5434 2815 5495 qua:
2847 5418 3027 5489 ignem
3058 5412 3149 5469 dat
3194 5408 3440 5466 materia.
3497 5400 3657 5457 simul

2088 5514 2333 5571 aufertur
2359 5514 2562 5570 lumen.
