4034 6206
402 255 503 321 3'31

482 378 567 432 l9.
601 374 749 433 lstutl
805 372 1009 429 malum
1054 373 1219 429 etiam
1279 373 1590 441 nuptiarum
1639 368 1799 425 bonis
1857 365 2066 431 insi-5

408 472 589 527 diatur
634 486 648 525 :
698 468 893 522 mulier
937 466 1079 522 enim
1124 465 1360 534 coniugii
1394 463 1657 520 simulans
1705 459 1996 518 continen-

410 566 562 626 tiam,
595 563 663 618 ad
684 562 969 617 mmchiam
1002 556 1317 612 inardescit.

480 656 572 711 20.
610 654 755 710 lstud
793 652 1126 723 proditiones
1186 650 1418 713 invenit,
1459 660 1514 707 et
1550 663 1672 703 cum
1703 647 1848 710 aliis,
1897 658 1992 713 pa—

408 746 633 799 triarnm
669 741 1019 811 proditiones.
1056 739 1263 794 Etenim
1310 741 1527 795 sincere
1554 746 1823 799 amantes,
1857 733 1997 790 ami-

408 850 525 900 cus,
582 835 798 898 socius,
863 831 1076 898 atlinis,
1139 830 1315 894 civis,
1369 829 1607 894 amicos,
1665 836 1993 893 consortes,

410 924 782 989 contribules,
833 924 1087 979 concives
1138 928 1404 990 tuentur;
1456 921 1549 991 qui
1613 932 1742 975 vero
1794 933 1997 989 caupo-

412 1028 602 1073 nantes
633 1020 957 1073 eharitatem
998 1017 1470 1081 adulteraverunt,
1506 1012 1828 1087 plerumque
1874 1011 1995 1083 qui.

412 1117 533 1169 dem
564 1113 630 1167 ad
669 1114 899 1179 lucrum,
942 1126 1067 1167 raro
1099 1125 1227 1167 vero
1272 1110 1455 1178 gloria:
1494 1123 1683 1173 causa,
1713 1108 1991 1174 amicitiae,

415 1208 691 1276 totiusque
743 1202 1171 1268 communitatis,
1228 1210 1283 1257 et
1336 1200 1576 1271 generis,
1637 1207 1692 1255 et
1749 1198 1993 1271 ejusdem

414 1298 653 1368 regionis
682 1297 879 1352 civium
911 1293 1208 1350 adversarii
1239 1292 1398 1351 ﬁunt.

482 1481 573 1534 2|.
634 1480 738 1562 Alii
808 1476 1175 1532 simulationis
1233 1474 1458 1530 eﬁ'ectus
1532 1484 1660 1528 sunt
1729 1472 1992 1529 absconsa

409 1572 717 1627 latrocinia.
773 1569 884 1623 Non
923 1569 1182 1623 audentes
1217 1567 1361 1622 enim
1416 1566 1706 1622 homicida:
1758 1580 1992 1637 pugnam

410 1663 476 1717 ad
510 1662 704 1716 faciem
765 1661 924 1724 inire,
960 1658 1118 1714 aliter
1167 1657 1540 1724 insidiantur;
1588 1666 1644 1712 et
1693 1658 1745 1710 in
1773 1656 1997 1712 simula-

1130 251 1556 317 EUSTATHII
1590 248 2354 315 THESSALO‘NICENSIS
2391 248 2957 313 METROPULlT/E

2021 1706 2069 1767 Β

3563 245 3675 311 392

2168 366 2253 423 tﬁ'.
2287 366 2459 421 Τοῦτο
2485 368 2545 420 τδ
2567 366 2739 420 κακὸν
2764 362 3041 436 ἐνεδρεύει
3069 362 3164 417 καὶ
3202 363 3317 425 τοῖς
3361 360 3457 416 τοῦ
3494 360 3676 433 γάμου

2097 458 2307 522 καλοῖς.
2348 457 2492 527 Γυνὴ
2544 457 2655 529 γὰρ
2705 455 3117 525 ὑποκριναμένη
3147 453 3209 507 τὸ
3251 453 3355 523 τῆς
3415 452 3680 523 συζυγίας

2097 550 2466 622 εὐάρμοστον,
2501 548 2953 621 οίστρηλατεῖται
2980 548 3061 610 είς
3093 546 3362 617 μοιχικόν.

2168 651 2238 700 κ’.
2286 644 2460 698 Τοῦτο
2511 643 2611 705 τὰς
2653 641 2950 712 προδοσίας
2980 638 3191 711 ἐξεῦρε,
3227 640 3327 704 τας
3372 656 3431 693 τε
3486 640 3676 705 ἄλλας,

2097 734 2194 789 καὶ
2220 736 2322 798 τὰς
2354 734 2463 788 τῶν
2502 733 2800 804 πατρίδων.
2832 732 3041 802 Ὀρθῶς
3063 732 3166 799 μὲν
3193 732 3305 803 γὰρ
3326 732 3675 800 ἀγαπῶντες,

2096 828 2126 882 6
2152 827 2328 895 φίλος,
2356 828 2385 880 6
2416 824 2701 891 κοινωνὸς,
2728 827 2756 878 6
2780 825 3076 896 ὁμογενὴς,
3102 827 3131 878 6
3160 824 3408 893 πολίτης,
3440 823 3679 887 σώζουσι
3760 830 3773 839 ’

2095 920 2224 982 τοὺς
2262 919 2470 988 φίλους,
2524 920 2655 983 τοὺς
2714 917 3118 981 συναλλάκτας,
3173 918 3302 980 τοὺς
3347 916 3443 970 τοῦ
3505 915 3678 970 αὐτοῦ

2096 1010 2309 1079 γένους,
2361 1010 2490 1074 τοὺς
2524 1009 2841 1078 πατριώτας
2865 1024 2882 1043 ο
2912 1007 3279 1070 νοθεύσαντες
3322 1006 3379 1060 δέ
3412 1006 3513 1077 τὴν
3539 1006 3683 1074 ἁγά-

2097 1119 2209 1170 πην
2232 1099 2580 1170 καπηλικῶς,
2606 1100 2673 1155 τὰ
2697 1100 2868 1155 πολλὰ
2900 1099 3003 1170 μὶν
3055 1100 3151 1152 ἐπὶ
3182 1099 3385 1168 κέρδει,
3428 1099 3571 1152 κατά
3623 1114 3682 1151 τι

2094 1192 2155 1246 δέ
2190 1210 2293 1246 που
2329 1193 2555 1247 σπάνιον
2585 1194 2679 1248 καὶ
2712 1191 2875 1261 δόξης
2912 1192 3098 1264 χάριν,
3136 1191 3528 1259 καταγίνονται
3574 1190 3682 1260 τῆς

2095 1283 2301 1351 φιλίας,
2341 1285 2436 1338 καὶ
2464 1284 2754 1348 κοινωνίας
2786 1283 3026 1353 ἁπάσης,
3063 1284 3158 1337 καὶ
3187 1283 3403 1351 γένους,
3433 1281 3527 1335 καὶ
3561 1282 3680 1335 τῶν

2095 1378 2196 1447 τῆς
2226 1376 2398 1444 αὐτῆς
2424 1376 2552 1445 γῆς.

2166 1467 2274 1523 κα’.
2321 1464 2702 1541 ’Υποκρὶσεως
2747 1469 3103 1539 ἀποτέλεσμα
3162 1467 3359 1523 καὶτὰ
3409 1469 3679 1540 εγκρυφῆ

2094 1556 2446 1630 ληστευτικά.
2482 1558 2567 1629 Μὴ
2593 1558 2929 1629 θαρροῦντες
2960 1558 3072 1629 γὰρ
3104 1559 3152 1613 oi
3188 1558 3405 1627 φονικοὶ
3443 1559 3545 1624 τὴν
3578 1560 3681 1613 ἁν-

2096 1652 2408 1721 τιμέτωπον
2433 1652 2637 1723 μάχην,
2667 1647 3045 1721 ύποκάθηντὰι
3064 1650 3239 1712 ἄλλως
3259 1665 3274 1681 ο
3299 1650 3391 1702 καὶ
3422 1650 3479 1702 ἐν
3506 1664 3687 1721 προσ-

409 1756 558 1809 tione
586 1752 797 1809 consilii
826 1768 933 1807 non
966 1752 1115 1819 ntali,
1165 1751 1347 1806 subito
1376 1749 1592 1819 quidem
1646 1749 1996 1821 hypocriseos

2102 1743 2317 1813 ποιήσει
2359 1743 2457 1797 τοῦ
2491 1745 2566 1813 μὴ
2610 1742 2815 1813 φαύλου
2851 1743 3053 1813 αῐφνης
3099 1740 3404 1813 γυμνοῦσιν
3448 1743 3683 1805 ἑαυτοὺς

412 1858 701 1913 personam
727 1850 960 1908 exuunt,
988 1854 1138 1895 arma
1176 1840 1351 1910 palam
1387 1840 1688 1908 stringunt,
1707 1846 1763 1893 et
1791 1839 1864 1893 ita
1895 1837 1995 1894 sibi

409 1936 606 2006 placita
636 1934 933 2002 complent.

478 2029 572 2083 22.
625 2027 983 2099 llypocriseos
1050 2024 1245 2081 nebula
1296 2022 1703 2093 speculatorum
1770 2023 1998 2080 insidias

409 2121 760 2186 obumbrans,
796 2116 1019 2190 grandia
1058 2116 1196 2171 mala
1224 2124 1280 2171 et
1297 2114 1629 2171 exercitibus
1676 2124 1732 2171 et
1776 2114 1999 2170 urbibus

411 2215 594 2269 infert.

479 2308 571 2362 23.
607 2302 897 2361 Simulatio
947 2301 1201 2356 amicitiae
1260 2299 1529 2355 celebrem
1576 2306 1793 2368 quoque
1842 2298 1997 2354 exci-

411 2398 549 2452 tavit
576 2393 991 2451 Semiramidetn
1026 2393 1291 2446 adversus
1323 2390 1614 2445 Persarum
1654 2403 1860 2460 regem,
1887 2404 1995 2444 non

410 2489 584 2565 solum
654 2488 967 2547 innocuum,
1012 2483 1106 2537 sed
1163 2492 1217 2536 et
1270 2480 1693 2536 amicissimum.
1763 2479 1995 2535 Perﬁdia

417 2575 637 2631 Sinonis
676 2587 928 2643 magnum
966 2570 1329 2640 Troianorum
1363 2568 1483 2623 urhl
1538 2567 1738 2621 malum
1792 2568 1994 2624 intulit.

412 2665 610 2720 Verum
638 2664 709 2718 ibi
732 2666 797 2717 de
822 2663 1001 2731 ligneo
1029 2674 1169 2730 equo
1196 2660 1393 2731 aliquis
1418 2659 1571 2729 justo
1593 2660 1713 2729 plus
1730 2661 1997 2719 extollens

412 2757 705 2811 artiﬁcium
736 2794 751 2820 ,
804 2755 951 2809 dicat
1019 2769 1125 2807 non
1192 2753 1683 2807 dissimulationem
1734 2754 1994 2823 perﬁdam

411 2850 551 2904 istud
585 2862 721 2917 Opus
759 2844 1085 2916 perfecisse,
1128 2842 1211 2898 vel
1242 2851 1300 2896 ut
1334 2842 1647 2898 distinctius
1676 2843 1993 2911 loquamur,

412 2959 518 3001 non
549 2943 895 3012 sapientiam,
936 2939 1291 3011 hypocriseos
1336 2938 1477 3001 loco,
1532 2938 1693 3008 hujus
1730 2937 1992 2993 facinoris

2103 1833 2204 1907 μὲν
2235 1835 2331 1888 τοῦ
2362 1834 2728 1905 ὑποκριτικοῦ
2767 1835 3146 1906 προσωπείου,
3182 1834 3252 1887 τὰ
3303 1833 3446 1888 ὅπλα
3477 1833 3536 1887 δὲ
3564 1832 3684 1887 τῶν

2098 1926 2308 1996 θηκῶν,
2337 1928 2431 1980 καὶ
2456 1926 2659 1997 δρῶσιν
2686 1926 2830 1981 οὕτω
2859 1929 2930 1982 τὰ
2961 1926 3115 1996 σφίσι
3143 1926 3367 1996 θελητά.

2169 2022 2271 2093 κβ⁹.
2313 2022 2690 2093 ’Υποκρίσεως
2716 2021 2878 2092 νέφος
2906 2022 3001 2075 καὶ
3028 2020 3156 2084 τοὺς
3191 2020 3511 2084 ἐπιϐούλους
3536 2038 3683 2075 πευ-

2098 2114 2268 2186 θῆνας
2295 2115 2663 2186 ἐπηλυγάζον,
2700 2118 2846 2186 μέγα
2883 2115 3055 2171 κακὸν
3082 2116 3398 2186 ἐπιπέμπει
3434 2115 3528 2168 καὶ
3560 2114 3685 2179 τοῖς

2102 2207 2485 2277 στρατεύμασι
2517 2209 2614 2262 καὶ
2635 2210 2757 2271 ταῖς
2786 2208 3033 2262 πόλεσιν.

2169 2303 2279 2366 κγ’.
2324 2298 2652 2369 ’Υπόκρισις
2681 2298 2867 2368 φιλίας
2890 2297 2987 2352 καὶ
3016 2296 3117 2367 τὴν
3148 2296 3479 2367 περίκλυτον
3509 2295 3685 2366 Σεμί-

2100 2406 2268 2459 ραμιν
2326 2392 2611 2460 κατεπῇρε
2669 2388 2763 2442 τοῦ
2797 2389 2969 2459 μηδὲν
3011 2389 3340 2458 ⁴ὴδικηκότος
3391 2385 3680 2459 Περσικοῦ

2099 2482 2385 2552 βασιλέως,
2416 2482 2556 2537 ἀλλὰ
2602 2482 2698 2535 καὶ
2735 2482 3233 2553 ύπερφιλήσαντος.
3275 2481 3602 2551 ’Υπόκρισις
3642 2482 3681 2552 ἡ

2096 2573 2190 2626 τοῦ
2215 2572 2449 2632 Σίνωνος
2469 2571 2530 2625 τὸ
2560 2572 2705 2642 μέγα
2732 2570 2875 2625 κατά
2905 2571 3015 2625 τῶν
3040 2570 3250 2641 Τρώων
3275 2569 3449 2623 κακὸν
3474 2569 3683 2641 ἐκορύ-

2096 2681 2299 2733 φωσεν.
2351 2664 2510 2718 Ἀλλὰ
2558 2665 2633 2734 μή
2687 2681 2774 2727 τις
2809 2662 3047 2717 ἐνταῦθα
3101 2661 3388 2733 σεμνύνων
3427 2661 3497 2715 τὰ
3527 2661 3682 2717 κατὰ

2095 2754 2189 2808 τὸν
2219 2754 2465 2825 δούρειον
2505 2755 2698 2821 ἵππον,
2732 2755 2999 2821 σόφισμα,
3033 2754 3261 2822 λεγέτω,
3301 2753 3363 2807 ού
3401 2752 3509 2821 μὴν
3532 2768 3682 2824 κρυ-

2094 2847 2312 2918 ψίνοιαν
2345 2847 2713 2916 ὑποκριτικὴν
2751 2846 3008 2911 ἐξανύσαι
3047 2845 3108 2899 τὸ
3140 2845 3303 2916 ἔργον
3335 2846 3546 2899 ἐκεῖνο·
3580 2846 3685 2900 εύ-

2096 2941 2453 3013 κρινέστερον
2475 2939 2534 2993 δέ
2566 2940 2767 3003 είπεῖν,
2800 2939 2875 3009 μὴ
2910 2937 3106 3006 σοφίαν
3137 2938 3408 2992 αίτιάσθω
3452 2937 3678 2993 ἐκείνου

414 3038 656 3106 assignet
706 3048 950 3089 causam.
998 3030 1141 3085 Bene
1183 3029 1287 3085 scit
1323 3029 1470 3083 enim
1503 3043 1627 3084 vere
1664 3028 1985 3100 interpella-

2102 3031 2193 3085 τοῦ
2219 3031 2647 3101 ἀριστεύματος,
2681 3031 2742 3085 οὐ
2786 3031 2897 3101 μὴν
2928 3031 3243 3102 ὑπόκρισιν.
3279 3029 3353 3085 Εὖ
3386 3030 3495 3101 γὰρ
3524 3027 3680 3086 οἶδεν

412 3139 594 3195 turus,
639 3126 784 3197 quod
832 3124 1054 3180 cuilibet
1102 3120 1251 3192 operi
1300 3131 1421 3177 arte
1463 3119 1611 3176 facto
1646 3122 1762 3177 sive
1800 3136 1994 3177 secun-

415 3223 543 3278 dum
575 3219 932 3289 iniquitatem,
966 3215 1082 3270 sive
1123 3212 1420 3270 secundum
1450 3212 1821 3283 prudentiam,
1856 3227 1994 3282 quo-

415 3325 535 3367 rum
582 3319 754 3362 mater
817 3306 1084 3361 industria
1142 3314 1472 3374 praesumpta
1522 3309 1642 3369 est,
1693 3304 1990 3359 comitatur

417 3401 615 3470 aliquis
647 3399 825 3461 dolus,
856 3397 1173 3467 pariterque
1202 3394 1519 3450 artiﬁcium.
1542 3393 1787 3449 Artiﬁcio
1812 3403 1992 3449 autem

416 3492 652 3560 doloque
698 3504 856 3545 nemo
900 3486 1254 3544 aﬁirmaverit
1322 3502 1428 3542 non
1477 3484 1640 3541 etiam
1710 3485 1990 3554 perﬁdiam

418 3584 736 3656 plerumque
784 3582 975 3638 saltem
1050 3582 1296 3636 subesse.
1346 3578 1412 3633 Et
1460 3578 1507 3635 si
1553 3577 1771 3650 quidem
1818 3578 1994 3635 bonus

418 3686 503 3732 est
540 3676 716 3742 dolus,
751 3676 926 3731 honus
958 3674 1121 3730 etiam
1171 3682 1253 3728 est
1283 3671 1635 3743 ltypocriseos
1668 3671 1994 3737 comitatus;

419 3770 559 3839 quod
578 3769 645 3823 de
684 3767 1020 3839 sophismata
1056 3779 1271 3836 quoque
1294 3763 1469 3828 ,valet.
1493 3763 1547 3818 Si
1563 3777 1696 3818 vero
1712 3762 1848 3817 mala
1866 3770 1994 3818 sunt

416 3861 581 3917 etiam
610 3860 793 3925 ambo,
810 3858 1340 3929 sicutizargumentor
1360 3856 1424 3911 de
1444 3854 1587 3911 facto
1611 3854 1850 3920 Sinonis,
1871 3853 1994 3909 talis

417 3969 541 4011 esse
579 3955 737 4009 debet
765 3952 910 4008 illius
943 3949 1267 4021 hypocrisis,
1294 3963 1401 4002 non
1434 3948 1593 4003 aliter
1619 3962 1682 4002 ac
1710 3944 1985 4002 simulatio

420 4045 752 4116 percelebris
819 4043 874 4097 in
924 4039 1374 4111 magnanimitate
1424 4037 1721 4110 Megabyzi.
1769 4034 1826 4092 Si
1870 4035 2027 4111 quis;

421 4149 602 4192 autem
656 4135 773 4189 hac
821 4131 1049 4187 honoris
1100 4130 1388 4199 cupiditati
1450 4130 1701 4199 virilique
1756 4128 1997 4184 audacia

419 4229 679 4290 ascribat,
715 4235 773 4280 ut
800 4224 963 4279 etiam
1009 4236 1193 4278 comes
1239 4222 1514 4277 simulatio
1560 4221 1851 4287 laudanda,
1876 4220 1997 4275 inﬁ-

422 4321 525 4374 tias
556 4333 661 4370 non
694 4316 867 4370 ierim.
905 4316 1016 4383 Ego
1046 4328 1178 4367 vero
1226 4326 1331 4366 non
1367 4314 1661 4366 secundum
1692 4312 1813 4366 illos
1849 4310 1980 4365 mibi

2094 3124 2123 3175 6
2174 3123 2346 3187 ὅντως
2404 3124 2912 3193 ύποκρουοόμενος,
2974 3123 3059 3177 ὅτι
3119 3123 3286 3178 παντὶ
3329 3123 3478 3195 ἔργῳ
3506 3122 3679 3195 δεινῷ

2093 3217 2461 3286 ἐξανυομὲνῳ,
2501 3215 2602 3269 εἴτ’
2628 3214 2723 3269 οὖν
2750 3214 2894 3268 κατὰ
2926 3214 3217 3283 πονηρίαν,
3237 3216 3352 3269 είτε
3375 3214 3674 3286 φρόνησιν,

2094 3304 2168 3364 ὧν
2205 3310 2389 3380 μήτηρ
2442 3309 2476 3379 η
2528 3308 2777 3378 δεινότης
2822 3307 3279 3377 πεφιλοσόφηται,
3342 3307 3661 3378 παρέπεται

2093 3402 2189 3455 καί
2226 3419 2310 3465 τις
2338 3400 2511 3465 δόλος,
2541 3399 2833 3471 ὁμοίως-δέ
2889 3398 2985 3452 καὶ
3032 3398 3304 3470 σόφισμα.
3356 3400 3676 3471 Σοφίσματι

2091 3493 2152 3546 δέ
2182 3492 2279 3546 καὶ
2302 3492 2444 3563 δόλῳ
2478 3492 2579 3546 οὐκ
2599 3492 2667 3547 ἄν
2700 3509 2784 3554 τις
2814 3490 3256 3561 ἀπισχυρίσηται
3291 3490 3369 3561 μὴ
3400 3491 3524 3562 οὐχὶ
3567 3492 3676 3547 καὶ

2094 3586 2390 3656 ύπόκρισιν
2417 3584 2489 3639 τά
2534 3602 2599 3654 γε
2627 3583 2802 3638 πλείω
2835 3581 3297 3655 παρακολουθεῖν.
3331 3583 3444 3638 Καὶ
3478 3585 3529 3637 εί
3565 3583 3676 3653 μὶν

2095 3679 2301 3746 ἀγαθὸς
2325 3678 2353 3732 6
2381 3676 2556 3742 δόλος,
2590 3675 2799 3744 ἀγαθὸν
2834 3675 2928 3729 καὶ
2968 3673 3031 3728 τὸ
3066 3673 3190 3729 καθ’
3224 3674 3517 3746 ὑπόκρισιν
3562 3692 3678 3731 παμ-

2098 3769 2523 3843 ρακολούθημα·
2578 3767 2723 3823 οὕτω
2774 3768 2830 3823 δὲ
2861 3769 2958 3824 καὶ
2989 3767 3084 3822 ἐπὶ
3125 3768 3485 3837 σοφίσματος.
3511 3766 3575 3821 Εί
3611 3768 3677 3824 δέ

2096 3860 2281 3930 φαῦλα
2305 3861 2402 3914 καὶ
2428 3860 2619 3929 ἄμφω,
2664 3858 2810 3913 καθά
2838 3876 2944 3913 που
2982 3853 3142 3929 οἶμαι
3167 3859 3262 3913 καὶ
3300 3858 3363 3913 τὸ
3402 3859 3546 3913 κατὰ
3575 3860 3677 3914 Σί-

2093 3969 2262 4016 νωνα,
2290 3953 2379 4020 είη
2409 3951 2477 4006 ἂν
2508 3949 2735 4018 τοιαύτη
2773 3951 2869 4005 καὶ
2899 3952 2933 4022 ἡ
2984 3950 3108 4005 κατ’
3160 3951 3326 4006 αὐτὸν
3350 3952 3675 4023 ὑπόκρισις,

2094 4042 2240 4098 καθὰ
2297 4044 2391 4097 καὶ
2437 4045 2471 4115 ἡ
2512 4044 2655 4098 κατὰ
2687 4044 2779 4097 τὸν
2808 4043 3147 4112 περίπυστον
3199 4044 3259 4097 ἐν
3287 4044 3677 4117 μεγαλοψυχίᾳ

2094 4134 2443 4203 Μεγάϐυζον.
2476 4136 2537 4189 Ei
2562 4134 2618 4189 δέ
2649 4152 2741 4198 τις,
2766 4134 2907 4188 αὐτὰ
2937 4136 3019 4196 είς
3074 4135 3394 4205 φιλοτιμίαν
3442 4136 3541 4188 καὶ
3568 4139 3676 4190 ἀν-

2096 4227 2293 4298 δρικὴν
2347 4226 2553 4297 τόλμαν
2595 4225 2958 4297 ἐγγράψεται,
3000 4226 3091 4279 ἵνα
3145 4226 3239 4281 καὶ
3298 4227 3332 4297 ἡ
3370 4227 3679 4293 ἀκόλουθος

2101 4318 2399 4388 ὑπόκρισις
2428 4318 2689 4387 ἐνάρετος
2717 4316 2829 4387 είη,
2854 4315 2999 4369 ἔστω
3029 4316 3131 4386 μὲν
3165 4315 3300 4370 αὐτὸ
3322 4316 3494 4377 οὕτως
3522 4316 3676 4388 ἐχον.

420 4424 697 4472 norert-m,
732 4407 888 4476 plane
908 4405 1251 4474 defatigatus,
1297 4414 1353 4457 et
1406 4417 1472 4457 ex
1520 4399 1997 4473 opportunissimis

2118 4414 2262 4481 Ἐγὼ
2293 4413 2351 4465 δὲ
2377 4414 2478 4467 οὐκ
2522 4413 2589 4467 ἂν
2626 4413 2747 4466 κατ’
2786 4410 3032 4473 ἐκείνους
3082 4411 3358 4482 ἐσινάμην
3411 4410 3677 4479 ἐμαυτὸν,

421 4504 674 4569 rejectus,
704 4513 852 4551 vanae
882 4494 1066 4566 glorire
1098 4507 1287 4549 causa.

487 4700 579 4755 24.
635 4698 741 4753 Sed
814 4693 939 4766 quid
1014 4691 1144 4747 mihi
1213 4695 1591 4763 exponendum
1642 4689 1997 4762 hypocrtseos

422 4789 692 4858 exempla,
756 4802 875 4857 qua:
932 4784 1232 4856 frequentia
1287 4783 1558 4839 habentur
1624 4785 1679 4838 in
1759 4784 1996 4855 antiquis

419 4879 783 4951 scriptoribus
827 4878 917 4947 qui
972 4877 1253 4933 historiam
1308 4883 1544 4931 tractant
1571 4876 1596 4929 τ
1623 4874 1854 4931 Concise
1896 4889 1998 4932 nec

421 4970 605 5042 procul
646 4982 677 5022 a
712 4968 937 5021 veritate
1000 4965 1291 5019 dicendum
1357 4971 1441 5017 est
1468 4964 1724 5016 mundum
1760 4977 1996 5032 presen-

421 5064 528 5110 tem
558 5068 679 5109 esse
708 5067 894 5107 crassa
919 5050 1267 5107 simulatione
1295 5049 1531 5121 plenum.
1560 5050 1660 5118 Qui
1692 5052 1776 5105 vel
1806 5052 1859 5105 in
1893 5053 1997 5109 hoc

420 5145 560 5213 ipso,
614 5142 756 5211 quod
809 5160 828 5194 ι
862 5143 1095 5196 mundus
1125 5160 1144 5194 ι
1192 5148 1297 5205 est,
1350 5141 1492 5211 apud
1537 5156 1635 5197 nos
1681 5157 1778 5211 per
1824 5142 1999 5197 homi-

422 5251 519 5291 nes
571 5232 875 5300 hujusmodi
938 5232 1188 5298 fallitur;
1251 5234 1323 5287 lta
1381 5243 1479 5299 ut,
1537 5233 1997 5302 quemadmodum

422 5327 604 5395 magni
636 5326 727 5381 Dei
761 5339 958 5380 nomen
984 5339 1083 5395 per
1104 5340 1200 5380 eos
1226 5325 1317 5394 qui
1350 5325 1591 5380 divinam
1620 5341 1724 5381 non
1758 5342 1999 5397 sequun-

419 5426 509 5472 tur
563 5416 999 5487 inspirationem,
1052 5416 1506 5487 blasphematur,
1545 5417 1627 5471 sic
1670 5417 1835 5472 etiam
1881 5417 1998 5474 bla-

420 5508 739 5576 sphematur
787 5508 971 5562 mundi
1010 5521 1205 5562 nomen
1254 5522 1351 5577 per
1397 5521 1492 5562 eos
1534 5507 1626 5578 qui
1679 5506 1865 5563 mundi
1892 5525 1996 5564 non

421 5610 548 5655 sunt
573 5619 590 5665 ',
620 5601 811 5671 quales
847 5609 995 5660 sunt.
1026 5599 1118 5669 qui
1153 5608 1367 5670 gentem
1401 5599 1815 5670 bypocritarutn
1844 5614 1998 5656 com-

424 5701 714 5761 ponentes,
749 5691 1172 5749 destructionem
1205 5704 1372 5765 super
1416 5703 1633 5747 omnem
1686 5689 1848 5747 aliam
1903 5694 2001 5747 tri-

2094 4504 2412 4574 κατακόψας
2459 4504 2657 4575 μικροῦ
2703 4503 2840 4566 δετν,
2880 4504 2980 4556 καὶ
3018 4501 3129 4556 τῶν
3162 4503 3551 4575 καιριωτάτων
3580 4504 3680 4558 ἐκ·

2095 4597 2411 4669 κρουσθεὶς,
2440 4597 2598 4666 δόξης
2630 4597 2795 4666 χάριν
2824 4598 3009 4663 κενῆς.

2168 4688 2268 4744 κδ’.
2314 4688 2475 4744 Ἀλλὰ
2503 4689 2555 4742 τί
2579 4706 2666 4758 μοι
2693 4688 2864 4744 πλείω
2891 4687 3223 4759 ἐπέρχεσθαι
3248 4687 3682 4758 παραδείγματα

2096 4783 2452 4854 ὕποκριτικὰ,
2475 4782 2802 4853 ἐπιρρέοντα
2838 4782 3011 4851 συχνὰ
3033 4784 3096 4835 ἐκ
3128 4781 3481 4836 παλαιτάτων
3503 4780 3679 4833 ἀκου-

2098 4877 2323 4948 σμάτων
2354 4878 2467 4939 τοῖς
2509 4878 2745 4947 ίστορεῖν
2787 4875 3283 4947 προτεθειμένοις;
3321 4875 3454 4928 Δίον
3496 4874 3677 4927 είπεῐν

2098 4964 2566 5036 συνεπτυγμίνως
2602 4966 2700 5020 καὶ
2730 4966 2852 5019 οὐδὲ
2888 4965 3110 5035 μακρὰν
3144 4964 3435 5036 ἀληθείας,
3485 4964 3676 5034 πλήρη

2097 5057 2195 5110 νῦν
2224 5056 2320 5109 τὸν
2352 5056 2559 5126 κόσμον
2591 5051 2732 5109 εἶναι
2761 5055 3142 5124 ὑποκρίσεως*
3190 5055 3251 5119 δς
3280 5072 3347 5125 γε
3392 5053 3491 5109 καὶ
3539 5054 3678 5107 αὐτὸ

2100 5145 2266 5200 τοῦτο
2297 5146 2359 5199 τὸ
2397 5164 2418 5198 ε
2456 5146 2663 5215 κόσμος
2710 5165 2729 5199 ι
2766 5141 2911 5199 εἶναι
2939 5146 3199 5217 ψεύδεται
3228 5145 3361 5217 παρ’
3393 5146 3528 5215 ἡμῖν
3583 5144 3677 5199 διὰ

2097 5238 2224 5301 τοὺς
2256 5237 2552 5302 τοιούτους,
2604 5238 2682 5301 ὡς
2727 5237 3199 5308 βλασφημεῖσθαι,
3260 5237 3404 5293 καθὰ
3461 5236 3525 5291 τὺ
3578 5235 3677 5289 τοῦ

2101 5329 2343 5399 μεγάλου
2364 5328 2501 5384 Θεοῦ
2534 5329 2707 5399 ὄνομα
2739 5329 2828 5382 διὰ
2858 5330 2987 5391 τοὺς
3023 5328 3098 5400 μὴ
3134 5328 3377 5391 ἐνθέους,
3406 5327 3550 5382 οὕτω
3578 5327 3677 5382 καὶ

2096 5421 2157 5474 τὸ
2176 5420 2270 5474 τοῦ
2296 5421 2505 5491 κόσμου
2519 5420 2609 5476 διὰ
2629 5422 2757 5486 τοὺς
2787 5422 3091 5491 ἀκόσμουςθ
3118 5422 3297 5475 ὁποῖοι
3324 5421 3421 5475 καὶ
3436 5421 3500 5474 τὸ
3520 5419 3676 5481 ἐθνος

2094 5514 2196 5581 τῆς
2232 5512 2599 5579 ὑποκρίσεως,
2628 5513 2679 5566 οἳ
2701 5512 2801 5583 τὴν
2826 5511 3105 5582 ἀκοσμίαν
3126 5511 3271 5582 ὑπὲρ
3294 5512 3404 5565 πᾶν
3426 5509 3556 5566 ἄλλο
3573 5506 3678 5577 φῦ.

2096 5603 2189 5657 λον
2230 5602 2500 5672 τεχνῶντο
2515 5620 2556 5671 ι,
2593 5601 3037 5674 παραποιοῦντες
3059 5601 3118 5655 τὸ
3152 5601 3255 5671 τῆς
3303 5601 3521 5671 φύσεως
3542 5600 3674 5653 κόσ-

2101 5710 2243 5764 μιον.
2261 5692 2379 5747 Ἐπ’
2401 5693 2583 5759 ἄλλοις
2600 5694 2705 5766 γὰρ
2722 5694 3097 5764 πεπλασμένοι
3123 5693 3387 5764 κοσμίως,
3408 5692 3483 5757 ὡς
3499 5693 3528 5746 6
3549 5705 3671 5746 κοσο
