3926 6200
335 204 439 267 399

1030 200 1458 264 EUSTATHII
1497 201 2262 266 THESSALONICENSIS
2295 196 2861 266 METROPOLlTJZ

3378 166 3569 263 ~me

336 319 620 393 postquam
655 308 811 364 malis
843 308 1052 364 artibus
1071 309 1184 378 iam
1219 312 1562 367 mendacium
1595 312 1900 382 complevit,

2010 316 2099 371 τόν
2122 314 2414 370 ἀπατεῶνα
2445 314 2538 369 καὶ
2594 313 3058 385 ψευδεπίγραφον.
3091 311 3244 383 Ἔχει
3270 310 3327 364 δὲ
3355 311 3578 380 διπλόην

337 403 670 472 invaluitque
702 401 978 471 decipiens
1012 409 1381 467 occurrentes,
1413 417 1476 457 ac
1507 405 1557 457 in
1592 405 1795 460 sanctis
1821 413 1904 459 est

333 504 634 565 roputatus,
667 492 883 547 tandem
916 492 1153 545 abluitur
1203 492 1500 561 hypocrisi,
1541 492 1729 562 sicque
1750 508 1904 561 pror-

335 602 427 639 sus
453 586 625 640 factus
656 582 982 638 daemonium
1015 581 1068 635 in
1104 582 1358 637 selatens
1392 584 1646 647 ostendit,
1675 592 1750 643 et.
1773 598 1906 639 con-

334 678 493 731 victis
524 674 871 738 mirantibus,
898 674 1028 744 quid
1060 675 1129 729 ab
1158 675 1278 745 ipso
1309 674 1531 729 scenico
1556 674 1901 728 sanctitatem

333 766 740 827 restimaverint,
768 767 914 834 quod
946 777 1065 820 erat
1090 781 1269 834 prava!
1299 777 1505 820 natura:
1528 780 1904 835 perversaque

336 859 457 909 vitae
526 855 925 910 manifestatur.
1001 855 1093 909 Vel
1150 857 1260 910 cito
1319 855 1442 911 boni
1501 855 1900 911 simulationem

333 961 550 1000 omnem
585 947 812 1012 veritus,
850 949 925 1000 uti
950 962 1171 1017 gravem
1221 947 1513 1017 ipsumque
1563 946 1901 1018 fatigantem,

332 1041 397 1090 ad
425 1038 835 1093 similitudinem
871 1038 988 1108 ejus
1012 1039 1128 1108 qui,
1164 1038 1345 1113 debile
1375 1054 1570 1107 corpus
1598 1039 1808 1096 habens
1836 1039 1904 1094 ad

333 1144 550 1183 scenam
578 1132 815 1197 graviter
854 1138 1215 1197 armatorum,
1261 1130 1313 1184 in
1367 1128 1721 1186 loricatorum
1766 1132 1904 1186 mili-

334 1237 443 1275 tum
491 1223 658 1276 arntis
706 1224 995 1293 impeditus
1040 1233 1267 1292 apparet
1318 1224 1448 1293 (non
1482 1226 1626 1279 enim
1681 1225 1903 1280 omnino

334 1325 506 1380 potest
562 1315 826 1370 concinne
874 1318 1101 1381 moveri,
1160 1317 1519 1385 plurimorum
1573 1317 1901 1372 talentorum

334 1415 626 1459 armaturae
653 1408 892 1475 pondere
907 1407 1319 1479 circumdatus),
1345 1410 1516 1476 ipsam
1549 1407 1768 1477 quidem
1794 1407 1905 1461 vir-

334 1499 463 1550 tutis
496 1497 865 1565 apparentiam
930 1500 1085 1567 quasi
1134 1514 1350 1568 gravem
1393 1510 1445 1553 et
1507 1497 1901 1553 intolerabilem

331 1587 541 1655 lliljiCil,
591 1589 790 1643 exinde
836 1604 967 1644 vero
1028 1589 1286 1658 fugitivus
1318 1589 1496 1645 factus
1549 1589 1602 1642 in
1632 1589 1905 1644 evidentia

330 1681 586 1750 peccandi
625 1683 774 1736 brevi
810 1682 1131 1737 restituitur.

330 1780 531 1848 ἀρετῆς
569 1780 645 1843 ὡς
671 1779 809 1849 βαρὺ
841 1783 937 1835 καὶ
988 1779 1350 1845 ἀϐάστακτον,
1388 1778 1898 1834 ἀποκαθίσταταιδέ
1936 1778 2305 1849 δραπετεύσας
2333 1777 2539 1831 ἐκεῖθεν
2594 1775 2762 1847 ταχὺς
2832 1778 2910 1840 είς
2959 1776 3018 1830 sb
3077 1774 3372 1844 προφανῶς

334 1894 409 1944 μα
419 1894 563 1946 ρτον.

399 1968 488 2021 30.
535 1967 599 2021 Et
627 1969 707 2022 sic
766 1976 994 2036 uterque
1051 1947 1612 2034 sitnulationi'servit;
1647 1968 1740 2040 qui
1778 1982 1900 2038 per—

330 2068 546 2112 several
566 2042 620 2113 et
652 2060 739 2128 qui
766 2058 1030 2128 fugitivus
1050 2068 1135 2114 est
1162 2074 1354 2129 puram
1384 2059 1904 2115 retinentsimilitu-

328 2150 511 2203 dinem
532 2164 658 2202 eum
692 2163 755 2204 eo
776 2150 870 2220 qui
900 2149 1169 2219 principio
1190 2152 1369 2221 paruit
1386 2150 1906 2220 ltypocrita,scilicet

329 2242 792 2310 antiquiSsimum.
841 2240 939 2297 llic
993 2242 1135 2296 enim
1197 2242 1611 2313 qualiscunque,
1673 2244 1718 2297 si
1761 2241 1902 2297 forte

317 2334 651 2402 eontigi-sct
697 2343 754 2386 ut
791 2332 952 2389 homo
985 2348 1247 2402 personas
1280 2335 1528 2389 Iteroieas
1564 2334 1897 2401 imitaretur,

334 2424 531 2479 deinde
562 2433 682 2494 post
704 2440 922 2481 scenam
953 2425 1005 2480 in
1040 2425 1297 2481 humilem
1350 2436 1406 2479 ut
1438 2425 1595 2495 prius
1624 2425 1900 2481 hominem

328 2517 537 2569 redibat
567 2532 583 2571 :
614 2517 898 2586 hypocrita
943 2530 1072 2570 vero
1103 2518 1427 2578 monachus,
1475 2525 1763 2586 postquam
1790 2515 1902 2570 vir—

330 2618 502 2662 tntem
543 2608 949 2677 quomodolibct
998 2608 1188 2671 illusit,
1223 2608 1317 2663 ille
1370 2623 1560 2664 rursus
1598 2617 1778 2664 manet
1809 2606 1903 2675 qui

328 2710 455 2754 ante
490 2700 1021 2769 reprmsentationem
1052 2708 1169 2754 erat
1196 2710 1476 2770 peccator.
1537 2699 1901 2755 Ascribantur

322 2806 457 2859 ergo
492 2792 629 2846 tales
662 2792 909 2849 homines
938 2792 1151 2845 comico
1190 2792 1426 2859 tbeatro,
1474 2802 1527 2845 et
1567 2792 1900 2847 subordinati

328 2882 546 2951 quidem
608 2881 928 2934 ordinentur
962 2881 1015 2932 in
1048 2878 1372 2948 simpliciter
1420 2878 1667 2933 scenicos
1695 2891 1902 2947 eosque

327 2989 434 3027 non
488 2971 822 3037 concinnos;
875 2971 1186 3038 superiores
1238 2978 1417 3023 autem
1473 2977 1791 3037 reputentur
1844 2966 1900 3020 in

330 3064 528 3117 theatri
585 3061 772 3125 duces,
842 3060 1041 3129 iSliqtte
1121 3059 1466 3129 imperfectas
1523 3055 1900 3112 simulationes

341 3155 583 3216 rideant,
612 3151 997 3221 rOgitationcm
1047 3150 1289 3219 expertis
1317 3153 1692 3220 suggerentes,
1716 3148 1902 3217 quales

340 3259 462 3297 cum
508 3252 734 3296 tonsura
788 3241 1001 3309 quidem
1070 3239 1439 3310 apparuerint,
1490 3237 1680 3311 quales
1714 3249 1895 3296 autem

329 3342 454 3404 post
518 3334 680 3386 breve
738 3343 949 3401 tempus
1002 3331 1331 3387 manil‘estati
1381 3332 1509 3388 sint.
1561 3332 1902 3390 Simularunt

330 3425 473 3479 enim
527 3433 699 3482 totum
755 3423 945 3493 fugere
1004 3423 1258 3477 mundum
1310 3433 1363 3479 et
1414 3434 1808 3495 consequenter
1837 3439 1901 3480 ea

329 3531 449 3586 quae
508 3516 867 3582 comitantur,
907 3516 1046 3569 inter
1081 3531 1199 3585 quae
1237 3525 1363 3570 sunt
1407 3525 1659 3586 parentes
1701 3515 1903 3588 aliique
1944 3506 1951 3513 ’

330 3607 649 3663 familiares.
700 3606 1112 3662 Constituerunt
1152 3618 1334 3662 autem
1368 3622 1585 3680 quoque
1647 3608 1749 3663 sibi
1785 3624 1903 3664 mo-

336 3697 567 3752 dcstiam
622 3707 675 3752 et
735 3713 1053 3753 successum
1103 3708 1157 3751 et
1223 3701 1447 3754 omnino
1501 3708 1896 3766 paupertatem,

328 3788 566 3860 ideoque
590 3789 722 3844 nihil
742 3796 964 3861 prorsus
984 3790 1171 3857 partiri
1192 3799 1441 3860 possunt.
1467 3790 1736 3857 Quidnam
1755 3792 1900 3849 enim

327 3881 687 3948 partirentur,
735 3883 827 3949 qui
870 3880 1006 3936 nihil
1049 3882 1250 3937 habere
1298 3882 1605 3951 tinxerunt;
1664 3897 1767 3937 nec
1823 3883 1904 3937 ul-

328 3971 438 4024 lum
487 3971 648 4025 alium
700 3971 970 4027 hominem
1013 3984 1210 4042 praeter
1261 3973 1782 4042 semetipsosvidere
1812 3988 1903 4030 as-

329 4064 470 4117 sueti
514 4063 685 4119 sunt"!
740 4061 1049 4132 ‘Postquam
1095 4073 1275 4121 autem
1344 4066 1468 4119 huic
1525 4080 1699 4121 scena:
1781 4080 1901 4120 sese

332 4154 613 4221 paululum
660 4152 939 4208 dedissent
1012 4156 1652 4224 repraesentavissentque
1713 4156 1902 4212 drama

332 4250 491 4319 quasi
542 4249 644 4318 ipsi
694 4248 915 4318 clioragi
984 4248 1182 4314 forent,
1224 4249 1440 4303 sibimet
1497 4265 1559 4304 ac
1611 4251 1902 4309 levioribus

328 4341 610 4410 placentes
656 4334 1076 4405 spectatoribus,
1134 4353 1301 4393 unum
1354 4338 1528 4392 solum
1574 4356 1639 4395 ex
1688 4342 1900 4399 actione

329 4432 625 4486 dramatica
679 4429 923 4501 plerique
988 4445 1159 4500 usque
1211 4431 1276 4485 ad
1336 4432 1495 4486 finem
1535 4433 1896 4500 retinuerunt,

2014 409 2040 460 ὁ
2062 409 2297 471 τοιοῦτος
2324 408 2658 478 ἐκφάνσεως.
2704 407 2772 460 ’Ἦ
2798 407 2903 475 γάρ
2932 404 3135 467 ἀνύσας
3185 403 3287 475 ήδη
3319 404 3580 472 τεχνικῶς

2012 500 2111 571 τὴν
2138 501 2447 572 ὑπόκρισιν,
2482 501 2578 555 καὶ
2605 497 2828 569 ίσχύσας
2881 496 3223 566 ἐξαπατῆσαι
3272 495 3399 557 τοὺς
3429 511 3580 547 τετυ·

2012 593 2269 662 χηκότας,
2305 592 2400 644 καὶ
2454 588 2729 658 λογισθεὶξ
2774 591 2830 641 ἐν
2858 588 3056 656 ἁγίοις,
3105 585 3433 639 ἀπολούεται
3480 585 3582 647 τὴν

2013 685 2303 752 ὑπόκρισιν
2351 681 2445 735 τοῦ
2477 679 2685 734 λοιποῖν
2723 680 2817 732 καὶ
2848 678 3082 749 καθαρός
3115 677 3257 729 οὑτω
3287 678 3579 746 γενόμενος

2010 776 2254 844 ἐκφαίνει
2302 774 2360 826 sb
2388 775 2445 825 ἐν
2474 772 2621 843 αὑτῷ
2670 772 2965 842 δαιμόνιον,
3002 770 3097 823 καὶ
3142 770 3573 839 πληροφορήσας

2009 866 2137 930 τοὺς
2167 864 2481 931 θεαθέντας,
2510 865 2593 918 ὅτι
2623 863 3035 933 κατετάχθησαν
3068 862 3160 914 ὑπ’
3190 859 3356 914 αὑτσῦ
3388 876 3583 927 σκηνο-

2013 957 2371 1027 ϐατὴσαντος,
2432 954 2531 1025 τὴν
2605 955 2915 1023 ἁγιωσύνην
2985 952 3370 1013 διαδείκνυται,
3444 950 3581 1018 ὅπερ

2009 1039 2078 1116 ἦν
2112 1044 2392 1113 ἐκφύσεως
2456 1042 2548 1096 καὶ
2586 1042 2797 1112 φαύλης
2837 1042 3100 1112 βιώσεως.
3140 1041 3214 1092 Ἦ
3253 1038 3390 1092 ἀλλά
3427 1039 3585 1090 εὑλαο

2013 1138 2199 1208 ϐηθεὶς
2243 1136 2433 1206 τάχιον
2482 1137 2580 1206 τὴν
2626 1136 2761 1197 ὅλως
2807 1134 3098 1201 ὑπόκρισιν
3146 1132 3239 1185 τοῦ
3267 1129 3451 1194 καλοῦ,
3506 1129 3585 1190 ὡς

2012 1230 2108 1284 καὶ
2180 1227 2347 1298 αὑτὴν
2382 1227 2603 1298 βαρεῖαν
2634 1226 2727 1279 καὶ
2780 1223 3193 1278 καταπονοῦσαν
3228 1222 3391 1275 αὑτὸν
3445 1220 3587 1289 πρὸς

2010 1319 2317 1388 ὁμοιότητα,
2344 1318 2436 1371 τοῦ
2472 1320 2530 1370 ἐν
2563 1319 2778 1385 ἀγεννεῖ
2808 1315 2883 1384 τῷ
2918 1314 3130 1386 σώματι
3180 1313 3315 1383 πρὸς
3378 1312 3588 1365 ὁπλιτι-

2013 1412 2115 1480 κὴν
2142 1411 2341 1482 σκηνὴν
2361 1410 2770 1478 ἐνδεικνυμένου
2786 1407 2855 1461 τὰ
2874 1408 2981 1461 τῶν
3000 1407 3398 1476 καταφράκτων
3419 1422 3591 1473 στραφ

2014 1501 2222 1555 τιωτῶν
2255 1501 2395 1572 (οὑδέ
2424 1500 2532 1569 γάρ
2562 1500 2681 1554 οὑδὲ
2707 1500 2913 1562 ἐκεῖνος
2944 1497 3231 1567 εὐρύθμως
3258 1495 3432 1550 διόλου
3464 1495 3582 1564 ἔχει

2015 1590 2307 1654 κινεῖσθαι,
2341 1590 2805 1663 περιϐεϐλημένος
2831 1587 2995 1659 βάρος
3028 1587 3290 1649 ὁπλίσεως
3344 1584 3586 1639 πολυτά-

1937 1677 1979 1731 Β
2007 1679 2240 1751 λαντον),
2269 1680 2595 1754 ἀπορρίπτει
2625 1682 2723 1750 μὲν
2768 1680 2863 1733 καὶ
2899 1678 3029 1732 αὑτὸ
3056 1678 3116 1731 sb
3144 1677 3440 1748 πρόσχημα
3484 1673 3590 1744 τῆς

3451 1770 3591 1842 ἐφά-

2078 1967 2142 2024 λ’.
2195 1968 2306 2022 Καὶ
2332 1966 2504 2030 οὑτως
2556 1965 2807 2036 ἑκάτεροι
2836 1962 3010 2018 δοῦλοι
3052 1963 3152 2033 τῆς
3213 1961 3589 2032 ὑποκρίσεως,

2005 2061 2034 2115 δ
2066 2078 2125 2114 τε
2163 2059 2479 2131 παράμονος
2507 2059 2601 2110 καὶ
2630 2058 2659 2110 ό
2692 2057 2891 2127 φυγὰς,
2957 2054 3303 2119 ἀποσὼζουσι
3334 2056 3591 2127 καθαρὰν

2006 2152 2254 2206 εἰκασίαν
2287 2151 2422 2222 πρὸς
2450 2148 2541 2204 τὸν
2568 2148 2944 2219 πρωτοφανῶς
2972 2146 3295 2217 ὑποκριτὴν,
3352 2148 3444 2199 τὸν
3475 2164 3592 2202 πα-

2004 2243 2254 2297 λαίτατον
2275 2238 2761 2311 δηλαδή.Ἐκεῖνός
2792 2254 2852 2290 τε
2903 2235 3011 2307 γὰρ
3037 2239 3065 2290 ό
3109 2236 3309 2306 τυχὼν,
3378 2236 3431 2288 εί
3478 2253 3591 2289 που

2006 2336 2099 2388 καὶ
2130 2333 2285 2404 λάχοι
2320 2332 2603 2402 ἄνθρωπος
2642 2329 2717 2383 ὢν
2767 2329 2863 2383 καὶ
2926 2326 3304 2399 μιμησάμενος
3361 2324 3588 2395 ήρωῐκά

2004 2425 2294 2500 πρόσωπα,
2331 2419 2448 2477 εἶτα
2477 2422 2614 2493 μετά
2646 2423 2744 2492 τὴν
2776 2428 2985 2490 σκηνὴν
3018 2419 3095 2481 είς
3118 2416 3210 2469 τὸν
3236 2414 3427 2487 πρῴην
3478 2431 3585 2468 τα-

2006 2516 2190 2571 πεινὸν
2213 2515 2498 2586 ἄνθρωπον
2542 2513 2860 2583 ἀνέκαμπτε
2883 2527 2898 2543 ’
2930 2511 3023 2565 καὶ
3049 2511 3078 2563 ό
3129 2506 3252 2563 καθ’
3285 2505 3586 2575 ὑπόκρισιν

2002 2610 2059 2664 δέ
2119 2607 2351 2679 μοναχδς
2380 2606 2479 2678 τὴν
2507 2604 2708 2675 ἀρετὴν
2745 2602 2942 2671 παίξας
2980 2600 3065 2671 ἐφ’
3096 2597 3403 2665 ὁποσονοῦν,
3434 2599 3587 2652 ἐκεῖ·

2005 2716 2094 2763 νος
2148 2694 2305 2759 αὖθις
2362 2694 2512 2766 μένει
2565 2695 2593 2747 ό
2657 2693 2753 2747 καλ⁸
2807 2691 2911 2763 πρὸ
2962 2694 3064 2764 τῆς
3128 2689 3586 2762 σκηνοϐατήσεως

2012 2787 2362 2861 ἁμαρτωλός.
2411 2784 2969 2857 Ἀποκληρούσθωσαν
2995 2782 3061 2854 δὴ
3087 2782 3183 2836 καὶ
3234 2782 3286 2835 οῖ
3346 2779 3588 2834 τοιοῦτοι

2008 2881 2288 2951 ἄνθρωποι
2332 2880 2398 2949 τῇ
2458 2878 2791 2948 παιγνήμονι
2834 2876 3063 2949 θυμέλῃ,
3100 2877 3192 2930 καὶ
3222 2873 3587 2927 ὑποτακτικοὶ

2012 2972 2112 3043 μὲν
2143 2970 2298 3033 ὄντες
2343 2968 2692 3039 τετάχθωσαν
2739 2968 2817 3029 είς
2864 2965 3052 3029 ἁπλῶς
3110 2962 3456 3035 θυμελικοὺς,
3480 2961 3588 3014 καὶ

2007 3063 2205 3127 αὑτοὺς
2234 3062 2333 3116 οὑκ
2360 3061 2618 3133 ἐμμελεῖς
2644 3075 2658 3090 ·
2684 3057 3128 3129 ὑπερκαθήμενοι
3160 3056 3213 3109 δὲ
3242 3052 3587 3118 λογιζέσθω-

1921 3142 1978 3238 ὀ
2008 3172 2110 3211 σαν
2135 3154 2209 3220 ὡς
2243 3155 2323 3217 είς
2371 3152 2614 3225 θυμέλης
2642 3151 3033 3223 προάρχοντας,
3061 3147 3131 3231 οἳ¹
3159 3149 3252 3202 καὶ
3304 3146 3596 3216 γελάσθω-

2007 3263 2107 3304 σαν
2138 3244 2247 3299 τῶν
2272 3245 2332 3298 οὑ
2368 3242 2671 3298 σπουδαίων
2715 3242 3082 3313 ὑποκρίσεων,
3108 3228 3313 3295 ἔννοιαν
3343 3239 3453 3300 τοῖς
3479 3255 3587 3290 πε-

2003 3336 2356 3407 πειραμένοις
2387 3334 2796 3399 ὑποϐάλλοντες,
2851 3326 2952 3386 οἷοι
3012 3331 3112 3402 μὲν
3170 3331 3285 3401 ἅμα
3312 3332 3375 3401 τῇ
3403 3331 3589 3402 κουρᾷ

2004 3428 2363 3501 ἐξεφάνησαν,
2416 3422 2519 3480 οἶοι
2577 3426 2634 3480 δὲ
2665 3426 2801 3496 μετά
2830 3428 3019 3499 χρόνον
3049 3424 3109 3477 οὑ
3150 3423 3317 3477 πολὺν
3351 3423 3581 3476 ἀπεδεί-

2005 3519 2234 3591 χθησαν.
2284 3517 2683 3587 ’Υπεκρίναντο
2721 3518 2820 3588 μὶν
2859 3517 2989 3587 γὰρ,
3018 3517 3109 3570 τὸν
3141 3515 3255 3587 βίον
3290 3516 3588 3586 πρός-,αντα

2006 3613 2218 3685 φυγεῖν,
2250 3608 2557 3673 ἀκολούθως
2581 3608 2638 3662 δέ
2672 3610 2764 3662 καὶ
2788 3609 2856 3663 τά
2883 3608 3263 3679 παρεπόμενα,
3292 3607 3352 3658 ἐν
3376 3602 3459 3671 οἷς
3482 3608 3589 3661 καὶ

2004 3705 2053 3758 oi
2088 3702 2225 3775 πρὸς
2264 3703 2452 3771 γένους
2478 3706 2572 3755 καὶ
2626 3702 2673 3755 ol
2704 3702 2878 3767 ἄλλως
2925 3699 3177 3770 γνωστοί.
3208 3698 3503 3765 Ἐτάξαντο
3529 3701 3588 3755 δέ

2004 3794 2097 3846 καὶ
2132 3791 2357 3860 ἀτυφίαν
2387 3792 2481 3845 καὶ
2512 3791 2841 3859 ἐκτοπισμὸν
2891 3789 2985 3843 καὶ
3014 3789 3074 3843 sb
3105 3790 3242 3853 ὅλως
3292 3789 3466 3854 ἄϐ;ον,
3497 3790 3588 3843 διὸ

2004 3883 2106 3936 οὑκ
2124 3882 2192 3935 ἂν
2224 3882 2322 3935 καὶ
2372 3881 2700 3952 μετάδωσιν.
2731 3883 2888 3944 Τίνος
2944 3880 3052 3952 γὰρ
3088 3879 3153 3935 ἂν
3208 3881 3485 3955 μεταδοῖεν
3531 3882 3582 3942 οι

2010 3974 2176 4046 μηδὲν
2232 3974 2378 4044 ἔχειν
2418 3974 2941 4047 προσποιησάμενοι,
2984 3972 3078 4026 καὶ
3101 3972 3238 4044 μηδέ
3283 3972 3581 4040 ἄνθρωπον

2008 4068 2228 4139 βλέπειν
2254 4065 2412 4122 ἄλλον
2450 4064 2821 4136 κυρώσαντες,
2853 4065 2934 4117 δτι
2966 4063 3041 4136 μὴ
3074 4063 3267 4135 μόνους
3325 4064 3580 4129 ἐαυτούς;

2004 4159 2217 4231 Μικρὸν
2240 4160 2297 4214 δέ
2330 4162 2397 4231 τῇ
2428 4161 2598 4230 σκηνῇ
2636 4158 2808 4229 ταύτῃ
2863 4157 3355 4228 ἐμμελετήσαντες,
3385 4158 3480 4209 καὶ
3519 4156 3584 4208 sb

2003 4252 2189 4322 δρᾶμα
2220 4250 2643 4321 ἐπιδειξάμενοι,
2669 4249 2744 4313 ὡς
2780 4248 2934 4302 αὑτοὶ
2967 4248 3337 4323 ἐχορήγησαν,
3360 4247 3585 4310 ἑαυτοῖς

2005 4344 2099 4397 καὶ
2159 4346 2271 4407 τοῖς
2345 4342 2728 4413 ἀϐαθεστέροις
2780 4340 2994 4404 θεαταῖς
3044 4339 3470 4411 εὑηρεστηκότες
3523 4338 3586 4400 ἐν

2010 4434 2170 4504 μόνον
2200 4433 2301 4504 τῆς
2332 4434 2774 4506 δραματουργίας
2828 4434 3245 4504 παρακατέσχον
3307 4435 3385 4496 είς
3423 4431 3586 4494 τέλος

327 4523 727 4594 praetiguratam
763 4522 1163 4578 lamentabilem
1197 4523 1505 4593 nigritiam;
1550 4529 1767 4581 caeteris
1796 4543 1897 4583 au-

2010 4527 2056 4579 οί
2109 4526 2345 4593 πλείους,
2374 4505 2477 4598 τὴν
2503 4525 2971 4605 προφαινομένηνν
2999 4523 3262 4595 πένθιμον
3293 4524 3582 4605 μελανίαν’

327 4629 433 4672 tem
466 4619 869 4682 abstinuerunt,
907 4631 1015 4671 non
1045 4616 1192 4685 quod
1227 4616 1488 4673 ludebant
1528 4631 1893 4688 remanentes,

324 4722 429 4764 nec
494 4709 657 4765 etiam
707 4708 776 4763 ad
840 4707 1021 4778 priora
1061 4718 1416 4775 revertentes,
1459 4711 1551 4765 sed
1580 4711 1632 4765 in
1682 4712 1897 4784 pejores

329 4798 734 4866 transformati,
765 4800 1024 4855 mundum
1059 4800 1193 4855 adeo
1228 4801 1333 4855 sibi
1359 4803 1632 4872 proprium
1665 4805 1894 4874 operati,

326 4901 385 4943 nt
416 4889 560 4945 illius
602 4889 774 4960 magis
808 4906 967 4960 quam
1001 4895 1173 4947 sanctl
1224 4893 1539 4947 monasterii
1592 4907 1715 4948 esse
1753 4893 1896 4949 vide-

325 4994 537 5038 rentur.

397 5071 489 5126 51.
524 5070 699 5125 Antea
756 5070 971 5139 quidem
1033 5072 1233 5125 etenim
1296 5072 1378 5127 vel
1428 5072 1675 5141 quaedam
1722 5074 1895 5130 victus

328 5161 581 5232 quaestio,
619 5158 705 5215 vel
739 5159 1077 5230 publicitatis
1105 5160 1278 5231 pudor
1309 5163 1453 5232 ipsos
1483 5164 1660 5218 arcuit
1687 5179 1714 5218 a
1751 5164 1890 5219 foro.

325 5252 705 5310 Fastidiebant
725 5250 869 5305 enim
903 5250 1043 5305 inter
1072 5251 1266 5306 multos
1305 5252 1499 5321 videri,
1532 5254 1745 5324 plurimi
1777 5255 1895 5323 qui-

330 5349 453 5400 dem
481 5345 606 5415 quia
642 5342 916 5398 mundana
950 5344 1365 5399 conversatione
1402 5360 1505 5398 non
1541 5357 1697 5400 erant
1744 5347 1891 5418 digni

323 5436 416 5502 qui
448 5437 934 5508 conspicerentur;
971 5435 1153 5505 plures
1183 5443 1359 5490 autem
1388 5436 1549 5490 etiam
1577 5436 1646 5492 ob
1673 5437 1891 5507 aliquod

328 5528 540 5582 facinus
577 5530 921 5598 probrosum,
951 5540 984 5583 ο
1023 5525 1220 5597 quibus
1248 5526 1451 5595 aliquot
1491 5542 1681 5584 carcer
1703 5527 1895 5583 celavit

332 5616 758 5684 maletacientes,
806 5629 860 5674 et
912 5619 992 5675 sic
1040 5619 1297 5675 abscondi
1328 5633 1433 5673 non
1471 5619 1703 5675 libenter
1757 5621 1894 5674 ohti-

2008 4620 2117 4671 τῶν
2143 4616 2198 4671 δὲ
2228 4618 2429 4670 λοιπῶν
2468 4617 2784 4687 ἀπέσχοντο,
2817 4616 2914 4687 μὴ,
2970 4616 3107 4687 ὅπερ
3168 4604 3411 4687 ἔπαιζον,
3464 4614 3589 4685 μεί-

2007 4726 2217 4779 ναντες,
2248 4708 2340 4763 καὶ
2370 4708 2505 4780 μηδὲ
2533 4708 2611 4771 είς
2637 4708 2703 4761 τὰ
2751 4707 2987 4781 πρότερα
3008 4707 3136 4775 γοῦν
3167 4706 3588 4760 ἀποκαταστάν-

2007 4819 2121 4869 τες,
2147 4802 2282 4854 ἀλλὰ
2330 4799 2788 4874 μεταποιηθέντες
2813 4801 2891 4864 είς
2925 4798 3198 4871 χείρονας,
3229 4797 3321 4851 sbv
3371 4798 3588 4867 κόσμον

2004 4896 2062 4957 ἐς
2091 4891 2345 4947 τοσοῦτον
2383 4893 2818 4963 οἱκειωσάμενοι,
2844 4892 2919 4957 ὡς
2967 4893 3174 4946 ἐκείνου
3205 4890 3405 4961 μᾶλλον
3439 4886 3587 4947 εἶναι

2001 4985 2199 5053 δοκεῖν,
2230 4984 2261 5056 ἢ
2291 4983 2382 5037 τοῦ
2423 4985 2580 5052 ἁγίου
2635 4983 3072 5055 φροντιστηρίου.

2071 5076 2177 5129 λα.
2261 5075 2468 5143 Ἰὀπρὶν
2512 5075 2610 5143 μέν
2671 5076 2778 5144 γὰρ
2819 5075 2853 5147 ή
2890 5073 3005 5144 βίου
3073 5071 3302 5149 ζήτησις
3349 5071 3582 5145 ἡτισοῦν

2002 5166 2217 5235 ἀπῆγεν
2255 5154 2453 5229 αὑτοὺς
2475 5166 2574 5235 τῆς
2596 5166 2822 5239 ἀγορᾶς,
2854 5163 2887 5235 ἢ
2911 5163 3145 5241 ἐντροπὴ
3190 5164 3579 5235 προφάνσεως.

2006 5256 2235 5308 Ὦκνουν
2270 5255 2378 5325 γάρ
2402 5255 2503 5327 τὴν
2526 5257 2583 5309 ἐν
2624 5256 2736 5319 τοῖς
2767 5254 2983 5317 πολλοῖς
3052 5253 3210 5307 θέαν·
3271 5255 3319 5306 οῖ
3356 5252 3581 5314 πλείους

2008 5348 2108 5417 μὲν
2144 5346 2231 5399 διὰ
2274 5345 2334 5398 τὸ
2365 5346 2465 5415 τῆς
2495 5343 2637 5397 κατά
2671 5344 2875 5415 κόσμον
2899 5341 3162 5413 ἀναϐολῆς
3196 5343 3296 5395 οὑκ
3324 5341 3581 5405 ἀξιοθέα-

2003 5450 2117 5505 τον,
2153 5436 2337 5491 πολλοὶ
2369 5437 2426 5491 δέ
2459 5436 2663 5490 καὶδιά
2695 5435 3033 5507 κακουργίαν
3085 5432 3467 5504 αἱσχὺνουσαν,
3500 5423 3586 5485 ὧν

2001 5528 2064 5598 δή
2091 5544 2240 5591 τινας
2269 5529 2361 5582 καὶ
2393 5526 2672 5598 κάθειρξις
2730 5526 3046 5596 ἐπέκρυπτε
3105 5521 3582 5593 κακουργοῦντας,

2002 5621 2094 5673 καὶ
2125 5618 2265 5673 ὅὺτω
2296 5619 2667 5691 λαγχάνοντας
2697 5620 2756 5672 sb
2803 5618 2947 5673 οὑτω
2978 5617 3317 5689 κρύπτεσθαι
3342 5616 3400 5667 οὑ
3442 5610 3577 5665 καθ’
