4034 6206
343 391 458 454 409
1334 386 1637 448 CONTRA
1674 380 2174 447 INJUllIARUM
2218 371 2665 442 MEMORIAM.
3492 380 3598 443 410

342 503 606 571 ἔχουσαν.
632 498 744 554 Καὶ
790 496 951 551 τοῦτο
981 497 1041 551 οὐ
1072 499 1208 568 πρδς
1247 498 1539 566 φιλαυτίαν
1571 495 1646 565 (τί
1690 494 1797 564 γάρ
1830 510 1921 563 μοι

2050 503 2119 544 ὐε
2148 499 2294 544 Sum.
2325 488 2389 543 Et
2421 490 2524 544 hoc
2582 504 2688 544 non
2721 498 2908 545 amore
2940 489 3044 543 mei
3093 487 3246 561 (quid
3276 489 3420 543 enim
3466 493 3599 546 mihi

349 593 522 662 μέλον
559 590 959 660 σκιαγραφίαις,
988 591 1035 642 εί
1064 588 1316 658 ψεύδοιτο
1360 589 1459 658 μὲν
1496 590 1556 643 τὸ
1587 588 1928 657 στερέμνιον,

2050 596 2177 635 :ura:
2208 578 2350 634 foret
2384 581 2621 649 pictura,
2653 582 2696 635 si
2745 583 3069 637 mentiretur
3094 582 3309 651 quidem
3341 583 3600 650 solidum,

349 683 622 753 βλάπτειν
675 681 733 734 δὲ
781 681 934 749 λέγει
982 678 1220 750 ούδὲνς),
1254 680 1369 733 ἀλλ’
1403 680 1493 733 ἶνα
1550 677 1626 750 μὴ
1660 677 1933 748 παραϐλέ-

2053 671 2173 726 tiliil
2227 680 2406 726 autem
2441 673 2615 726 nocivi
2666 673 3045 742 itidicareti),
3108 675 3201 729 sed
3265 688 3332 728 ne
3369 677 3460 743 qui
3505 691 3604 730 no-

350 787 555 833 ποντες
586 772 634 823 οἱ
659 770 726 823 τὰ
751 772 1003 841 ἡμέτερα
1035 770 1474 841 ζωγραφοῦντες,
1502 772 1597 825 καὶ
1627 772 1706 834 εἰς
1736 771 1932 841 λοιπὴν

350 864 614 932 ἀτεχνίαν
665 864 1029 916 ἐκπίπτοιενι
1066 863 1202 933 ὅπερ
1246 862 1573 935 είσμάλιστα
1604 864 1789 916 δάκνει
1839 879 1930 931 με,

349 954 408 1005 εἴ
448 971 556 1023 περ
585 953 762 1016 ἄλλως
794 953 1228 1022 πεπαιδευμένοι
1260 953 1329 1006 τὰ
1368 953 1447 1016 είς
1494 954 1593 1023 τὴν
1631 952 1929 1023 γραφικὴν,

344 1042 458 1095 καὶ
472 1044 686 1111 ιτρανὲς
723 1042 781 1095 δὲ
813 1044 887 1104 ὡς
926 1043 1188 1095 ἑκάστοτε
1221 1042 1509 1111 βλέποντες
1550 1042 1610 1095 ού
1652 1040 1929 1111 βλέπουσι,

352 1137 450 1189 καὶ
475 1123 706 1188 τοιΞῦτα
738 1136 877 1205 πρὸς
910 1136 1225 1206 ἀκρίϐειαν,
1254 1136 1350 1189 καὶ
1379 1133 1625 1197 νοοῦντες
1652 1135 1928 1189 ὲκϐαἱνουυ

356 1244 444 1279 σιν
474 1228 559 1290 είς
597 1226 910 1282 ἀλλόκοτον.
1914 1260 1918 1264 Α

425 1324 498 1387 γ’.
554 1318 868 1388 Ἐξενίκησε
918 1319 1119 1389 δέιμε,
1151 1320 1248 1374 καὶ
1301 1321 1382 1383 είς
1433 1321 1551 1374 τόδε
1591 1318 1932 1389 ἀντιγραφῆς

354 1411 728 1480 παρήγαγεν,
784 1412 870 1464 δτι
928 1409 1004 1482 μὴ
1040 1411 1201 1480 μόνον
1247 1414 1306 1464 ἐν
1356 1413 1483 1481 τῇδε
1530 1416 1595 1481 τῇ
1631 1413 1784 1466 πόλει
1833 1413 1932 1483 τὴν

355 1504 549 1555 εἰκόνα
584 1504 764 1574 ημῶν,
817 1503 879 1556 τὸ
924 1504 1213 1557 Δαυίτικὸν
1253 1505 1449 1570 εἰπεῖν,
1496 1503 1861 1570 ὲξουδὲνωσαν
1884 1505 1935 1557 oi.

355 1591 470 1643 εἴτε
500 1593 828 1662 γράφοντες,
867 1593 979 1646 εῐτε
1014 1593 1415 1663 διαγράφοντες
1453 1597 1622 1666 ἡμᾶς,
1670 1595 1809 1649 ἀλλὰ
1836 1593 1957 1665 τὴνι

357 1682 815 1750 φαυλεπίφαυλον
855 1683 1035 1737 αὐτῶν
1075 1683 1286 1747 εἰκόνα,
1346 1687 1471 1738 καθ’
1520 1685 1588 1755 ἢν
1639 1687 1787 1755 ἡμᾶς
1834 1685 1936 1737 οὐκ

355 1774 770 1843 ἀνεστήλωσαν,
796 1774 959 1840 λέγω,
1001 1773 1116 1827 ἀλλ’
1149 1773 1564 1842 ὲστηλίτευσαν,
1598 1775 1701 1837 ἕως
1733 1777 1824 1828 καὶ⁸
1856 1777 1935 1839 εἰς

357 1866 463 1934 τὴν
490 1865 755 1936 μεγίστην
780 1865 899 1917 ίτὼν
935 1864 1145 1919 πόλεων
1192 1868 1555 1934 περιήγαγον.
1597 1866 1753 1919 Ἐστι
1791 1866 1848 1919 δὲ
1876 1867 1938 1920 τὸ

357 1956 571 2008 τούτων
599 1956 848 2024 δείκηλον
871 1969 887 1987 ⁸
940 1974 959 2008 ι
998 1955 1356 2025 Μνησίκακος
1397 1956 1555 2024 ἀνὴρ,
1596 1958 1941 2031 ἐπιγεγραμ-

360 2049 528 2117 μένος
561 2051 641 2112 εἰς
672 2050 935 2120 ἀρχιερέα
980 2048 1390 2119 Θεσσαλονίκης
1415 2048 1506 2102 τὸν
1554 2049 1713 2120 ἀρτιν
1740 2071 1760 2100 ι
1797 2049 1941 2119 Πρὸς

362 2141 392 2192 ὃ
426 2141 493 2208 δὴ
526 2140 726 2209 βρέτας
756 2141 1043 2211 (παικτέον
1075 2141 1181 2210 γάρ
1208 2158 1262 2193 τι
1290 2140 1429 2195 κατὰ
1454 2141 1552 2210 τῆς
1578 2140 1786 2209 φαύλης
1813 2140 1942 2209 τέχ-

362 2230 487 2300 νης)
541 2232 610 2285 τὰ
642 2232 835 2302 πρῶτα
868 2230 969 2302 μὲν
1002 2232 1325 2300 ἐντρανίσας
1357 2231 1592 2298 ἐγέλασα
1613 2249 1626 2263 ο
1667 2226 1788 2284 εἶτα
1818 2248 1942 2284 συν-

363 2320 595 2389 αγαγὼν
649 2322 883 2392 ἐμαυτὸν
918 2324 997 2386 εἰς
1027 2320 1179 2388 νοῦν,
1228 2320 1326 2374 καὶ
1370 2320 1680 2390 ἐθαύμασα,
1718 2322 1866 2382 ὅπως
1915 2322 1943 2373 ὁ

366 2413 670 2475 παναξολος
699 2414 893 2483 χρόνος
937 2412 1177 2481 παράγει
1219 2411 1322 2481 μὲν
1374 2411 1470 2464 καὶ
1503 2412 1572 2464 τά
1621 2410 1942 2478 καινοφανῆ,

365 2490 535 2575 γεννᾷ
560 2505 616 2557 δὲ
650 2507 801 2575 ὅμως
829 2506 931 2558 οὐκ
963 2505 1118 2573 ὀλίγα
1152 2504 1226 2568 ὡς
1256 2499 1367 2557 οἷον
1397 2503 1456 2555 ὲν
1498 2502 1816 2572 ἀνακάμψει
1848 2502 1944 2556 καὶ

366 2597 508 2667 πρὸς
545 2599 784 2662 παλαιὰς
823 2599 1173 2669 ὁμοιότητας,
1218 2600 1313 2653 καὶ
1341 2596 1522 2651 αὐτῶν
1559 2596 1657 2659 τὰς
1695 2594 1795 2666 μὲν
1825 2595 1944 2658 οἵας

368 2690 740 2754 ἐπαινεῖσθαι,
772 2691 869 2752 τάς
908 2689 966 2742 δὲ
995 2689 1165 2758 λήθης
1203 2690 1440 2759 ἐσχάτης
1469 2690 1644 2755 ἀξίας.
1677 2687 1785 2740 Καὶ
1826 2686 1945 2757 ἀμα

370 2777 754 2847 ὲνῖνοησάμην
780 2778 880 2841 τὰς
910 2777 1020 2830 τῶν
1063 2777 1566 2831 ἀποκαταστάσεων
1610 2775 1947 2845 θρυλλουμέ-

372 2885 471 2930 νας
516 2868 1035 2932 πεντακοσιοστύας,
1078 2863 1154 2922 ὧν
1180 2868 1341 2940 ἔργον
1383 2869 1576 2937 φασὶν,
1618 2866 1742 2919 ἐπεὶ
1770 2882 1949 2936 παρα-

374 2960 654 3028 δράμοιεν,
696 2961 1089 3029 ὲπανατρέχειν
1143 2963 1224 3022 εἰς
1281 2958 1349 3012 τὰ
1395 2957 1679 3026 φθάσαντα
1733 2955 1810 3018 ὡς
1857 2950 1949 3008 οἷα

375 3051 474 3104 καὶ
507 3050 962 3122 παραδείγματα,
1001 3053 1099 3105 καὶ
1129 3052 1304 3104 ποιεῖν
1349 3045 1506 3111 αὖθις
1539 3046 1720 3116 ἀγαθά
1754 3063 1814 3099 τε
1853 3046 1950 3101 καὶ

2030 771 2147 817 stra
2181 763 2439 832 pingunt,
2474 777 2569 832 per
2596 764 2865 833 ignaviam
2903 764 3085 819 denuo
3119 766 3173 818 in
3206 764 3343 819 artis
3386 766 3605 835 imperi-

2035 854 2436 909 tiamdeeidant
2468 870 2485 909 :
2530 857 2672 924 quod
2708 857 2758 909 in
2795 856 2989 927 primis
3022 872 3109 911 me
3154 871 3347 924 vexat;
3390 858 3438 912 si
3483 859 3605 927 qui-

2035 947 2155 1005 dem
2189 961 2274 1001 res
2306 947 2597 1016 graphicus
2624 948 2768 1004 satis
2795 950 2935 1004 docti
2967 949 3217 1020 clareque
3245 949 3358 1005 fere
3386 966 3604 1018 semper

2037 1030 2315 1097 videntes,
2357 1049 2505 1088 nunc
2553 1035 2770 1104 quidem
2824 1039 3122 1094 caecutiunt
3170 1047 3227 1096 et
3267 1056 3381 1110 prae
3433 1042 3599 1096 nimia

2033 1123 2248 1177 cautela
2272 1122 2614 1181 descendunt
2650 1128 2705 1181 in
2727 1128 3044 1185 absurdum.

2107 1301 2160 1356 5.
2184 1302 2388 1359 Devicit
2417 1316 2592 1360 autem
2625 1320 2710 1363 me
2735 1322 2961 1378 prorsus
2982 1319 3036 1365 et
3062 1310 3117 1366 iu
3143 1312 3280 1367 hanc
3303 1314 3602 1371 accusatio-

2037 1408 2158 1447 nem
2197 1397 2430 1463 induxit,
2460 1399 2603 1468 quod
2634 1415 2737 1454 non
2773 1401 2946 1455 solum
2976 1402 3029 1457 in
3065 1404 3170 1459 hac
3204 1408 3336 1461 urbe
3359 1419 3602 1464 nostram

2038 1483 2350 1553 imaginem,
2377 1488 2534 1556 juxta
2561 1490 2875 1546 Davidicum
2911 1492 3229 1558 dictum;ad
3256 1497 3483 1551 nihilum
3520 1514 3605 1552 re-

2038 1573 2299 1642 degerunt
2343 1577 2439 1645 qui
2491 1593 2589 1633 nos
2637 1580 2753 1633 sive
2803 1583 3048 1650 pingunt,
3087 1584 3203 1639 sive
3261 1587 3598 1649 describunt,

2053 1664 2149 1720 sed
2180 1666 2493 1722 vilissimum
2531 1668 2772 1738 ipsorum
2819 1672 3128 1743 imaginem,
3175 1690 3269 1743 per
3296 1692 3459 1746 quam
3501 1694 3603 1734 nos

2041 1755 2180 1810 haud
2204 1757 2255 1811 in
2283 1758 2497 1828 cippum
2521 1761 2889 1827 elevavernnt,
2914 1765 3057 1830 dico,
3081 1766 3177 1820 sed
3211 1767 3262 1820 in
3285 1768 3442 1837 cippo
3464 1769 3606 1824 male

2044 1858 2392 1913 notaverunt,
2430 1861 2709 1921 postremo
2733 1853 2787 1906 in
2817 1855 3032 1908 urbium
3063 1857 3352 1913 maximam
3377 1859 3612 1913 circuat-

2041 1939 2330 1996 duxerunt.
2369 1942 2466 1998 Est
2510 1956 2688 1999 autem
2738 1945 2952 2000 illorum
2983 1948 3199 2019 imago:
3239 1968 3259 2002 ι
3294 1949 3503 2007 Memor
3530 1952 3612 2006 in-

2041 2030 2307 2097 iuriarum
2344 2035 2446 2100 vir,
2491 2046 2782 2105 provectus
2825 2039 2882 2093 in
2957 2050 3277 2108 prmsentem
3322 2042 3613 2100 Thessalos

2046 2122 2181 2176 nica:
2207 2123 2697 2195 archiepiscopum.
2737 2144 2758 2179 ι
2789 2126 2869 2181 Ad
2901 2129 3044 2197 quod
3091 2120 3459 2186 simulacrum.
3491 2133 3614 2201 (ali.

2045 2214 2285 2282 qualil'er
2312 2216 2453 2270 enim
2484 2217 2775 2273 ludendum
2798 2229 2883 2274 est
2901 2221 3157 2276 adversus
3181 2222 3372 2277 malam
3396 2227 3611 2295 artem),

2045 2306 2221 2374 primo
2250 2307 2493 2376 quidem,
2535 2310 2706 2363 oculis
2746 2309 2799 2362 in
2837 2310 2889 2363 id
2922 2312 3203 2380 conjectis,
3251 2315 3378 2381 risi;
3416 2316 3613 2372 deinde

2047 2396 2361 2466 recolligens
2387 2408 2642 2466 mentem,
2683 2400 2839 2455 valde
2861 2402 3021 2456 etiam
3060 2404 3285 2458 miratus
3320 2420 3437 2460 sum
3478 2422 3610 2476 quo-

2048 2488 2212 2542 modo
2250 2497 2552 2556 temporum
2603 2494 2836 2548 varietas
2879 2506 3013 2548 nova
3042 2495 3289 2565 quaedam
3335 2499 3402 2552 ad
3432 2497 3607 2553 lucem

2047 2578 2335 2644 producat,
2378 2592 2483 2633 non
2515 2594 2681 2647 pauca
2721 2591 2896 2637 tamen
2954 2594 3177 2653 generet
3231 2597 3488 2654 tauquam
3554 2589 3606 2642 in

2053 2670 2410 2723 renovatione
2451 2673 2860 2741 secundumque
2930 2683 3141 2729 veteres
3204 2678 3611 2741 similitudines.

2047 2775 2275 2830 quarum
2308 2761 2425 2816 alias
2461 2763 2677 2829 quidem
2712 2763 2871 2818 laude
2908 2766 3081 2834 dignae
3132 2778 3280 2833 sunt,
3319 2768 3441 2823 alite
3485 2785 3614 2825 vero

2061 2852 2301 2905 ninnium
2328 2852 2620 2907 oblivione.
2643 2853 2708 2908 Et
2733 2854 2892 2908 simul
2917 2856 2967 2909 in
2995 2864 3229 2912 mentem
3255 2860 3501 2929 revocavi
3529 2875 3618 2912 ce—

2060 2942 2381 2999 leberrimos
2419 2945 2827 3001 restitutionum
2878 2948 3201 3018 quingentos
3249 2965 3444 3018 annos,
3484 2967 3619 3020 quos

2054 3049 2168 3088 rum
2213 3034 2444 3090 alliciunt
2483 3046 2591 3104 est,
2631 3038 2802 3102 aiunt,
2851 3052 2975 3093 cum
3023 3040 3348 3097 transierunt
3377 3081 3392 3106 ,
3439 3044 3504 3097 ad
3550 3059 3615 3097 ea

378 3143 528 3195 κακὰ
572 3144 776 3208 ἐκεῖνα,
834 3144 981 3206 ὅσοις
1026 3145 1054 3194 ὁ
1085 3139 1371 3212 προλαόὼν
1415 3140 1523 3194 τῶν
1568 3138 1946 3193 πεντακοσίων

2051 3139 2171 3194 quae
2214 3140 2614 3196 praecesserunt
2659 3143 2937 3185 recurrere
2978 3138 3228 3200 tanquam
3268 3132 3618 3200 exemplaria,

374 3234 515 3288 ἑτῶν
542 3234 821 3304 suum;
850 3233 1175 3305 ὲνδιέτριψεε

448 3480 509 3553 δ’.
555 3498 763 3568 Χρόνος
786 3483 880 3553 οὖν
909 3495 1077 3553 πάλαι
1110 3496 1241 3550 ποτὲ
1274 3486 1449 3568 διέϐη,
1478 3494 1606 3550 καθ’
1637 3495 1695 3549 ὃν
1725 3496 1859 3549 ἀλλα
1888 3510 1949 3548 τε

375 3592 501 3637 τινα
536 3585 758 3654 φαύλως
805 3585 1214 3657 ἐθεωρήθησαν.
1260 3586 1354 3639 καὶ
1395 3585 1456 3638 τὸ
1510 3584 1732 3638 σύννουν
1765 3583 1823 3637 δὲ
1856 3583 1950 3636 καὶ

367 3677 716 3745 φυλακτικὸν
750 3676 972 3742 ἑαυτοῦ,
1009 3678 1104 3729 καὶ
1131 3676 1207 3747 μὴ
1237 3676 1437 3749 ῥᾳδίως
1463 3677 1576 3739 τοῖς
1608 3674 1950 3746 βλάπτεσθαι

379 3770 662 3824 ἑθέλουσιν
680 3766 997 3840 ἀναχρωννύ
1006 3785 1184 3838 μενον,
1211 3770 1292 3830 είς
1315 3766 1415 3820 οὐκ
1447 3766 1648 3835 ἀγαθὸν
1673 3766 1948 3835 ἐνεγράφη

381 3864 495 3924 τοῖς
529 3876 595 3929 γε
625 3858 1069 3931 παῳθεωροῦσι.
1095 3860 1204 3915 Καὶ
1227 3860 1291 3930 δὴ
1319 3859 1417 3913 καὶ
1451 3860 1545 3912 νῦν
1577 3858 1771 3928 χρόνος
1797 3852 1950 3937 οὗτος

384 3953 639 4023 ἐξεφάνη,
667 3954 897 4022 γράφων
936 3953 1017 4015 εἰς
1040 3952 1371 4022 χαρακτῆρα
1420 3949 1605 4020 ὅμοιον
1654 3948 1749 4000 καὶ
1781 3947 1948 4017 ἡμᾶς,

385 4045 463 4096 δτι
496 4043 837 4114 προσέχομεν
874 4045 1010 4113 ἡμῖν
1055 4045 1242 4105 αὐτοῖς
1292 4044 1387 4097 καὶ
1445 4040 1821 4111 σκεπτόμεθα,
1876 4042 1952 4111 μὴ

389 4136 731 4206 βαλλώμεθα,
770 4136 863 4187 καὶ
899 4134 1284 4205 φυλαττόμεθα
1321 4134 1389 4188 τά
1423 4134 1521 4205 τῆς
1561 4133 1811 4203 διαϐολῆς
1842 4134 1952 4202 ἀμ-

390 4227 713 4297 φίϐληστρα,
763 4229 861 4278 καὶ
915 4224 1361 4295 ἀνακαθαίρομεν
1391 4265 1407 4291 ,
1467 4224 1840 4289 εύθετίζοντες
1884 4223 1956 4277 τὰ

386 4319 583 4388 πτερὰ,
614 4318 669 4370 εἴ
691 4335 830 4380 πως,
861 4310 935 4371 ὧν
968 4309 1376 4389 πεπειράμεθα,
1422 4304 1677 4386 παγίδων,
1710 4316 1955 4387 ὑπερπε-

391 4415 607 4483 τόμενοι
644 4410 981 4481 σωζοὶμεθα.

464 4507 521 4559 ε’.
572 4503 709 4572 Φέρε
751 4501 840 4571 δὴ,
889 4500 1160 4572 χρώματα
1206 4499 1398 4571 τρίψας
1440 4496 1509 4553 δι’
1546 4492 1620 4553 ὧν
1658 4497 1839 4589 ἔχοιμι
1890 4497 1956 4552 ἂν
1988 4532 2033 4589 D

392 4593 627 4664 ὲμαυτὸν
662 4592 1012 4663 μεταγράψαι
1048 4594 1130 4655 εἰς
1163 4592 1300 4662 ὅπερ
1331 4591 1449 4661 εἰμὶ
1495 4590 1577 4662 (ού
1624 4591 1732 4660 γὰρ
1762 4588 1958 4644 λανθά-

393 4702 555 4754 νομαι
593 4683 887 4754 κατόπτρῳ
921 4681 1262 4753 κεχρημένος
1309 4681 1369 4736 ὲν
1413 4675 1457 4749 ᾧ
1504 4679 1792 4750 χαρακτὴρ
1828 4678 1960 4749 ἐμὸς

394 4780 740 4848 ἐμφαίνεται,
785 4776 843 4828 δι
889 4777 922 4846 ἡ
975 4774 1122 4845 ψυχὴ
1167 4773 1412 4826 ἑκάστων
1456 4772 1745 4841 γράφουσα
1787 4773 1845 4824 ὲν
1882 4770 1961 4841 τῷ

394 4873 623 4943 βάπτειν
672 4872 753 4935 είς
803 4868 1112 4938 συνείδησιν
1159 4867 1414 4938 προῖστᾷ,
1457 4864 1596 4918 ὥστε
1642 4864 1737 4916 καὶ
1782 4862 1961 4926 ἄλλοις

394 4964 709 5034 βλέπεσθαι,
743 4962 838 5014 καὶ
871 4959 1246 5031 διακρίνεσθαι
1278 4956 1496 5011 τά’κατ’
1518 4952 1672 5026 ἦθος,
1702 4954 1795 5008 καὶ
1817 4951 1962 5007 οὕτω

393 5053 796 5125 περιποιεῖσθαι
830 5053 930 5122 μὲν
970 5054 1041 5103 τὰ
1066 5042 1243 5119 ὀρθῶς
1280 5048 1498 5118 ἔχοντα,
1527 5043 1876 5116 διορθοῦσθαι
1904 5043 1967 5097 δὲ

390 5149 458 5199 τὰ
481 5146 554 5208 ὡς
586 5146 789 5214 ἑτέρως
822 5141 1207 5208 ἐκπίπτοντα),
1253 5137 1700 5210 διακρισώσομαι
1744 5137 1803 5189 τὸ
1831 5134 1964 5205 ἐμὸν

397 5241 545 5309 παρά
578 5240 694 5298 τοίς
744 5230 976 5291 ἐνταῦθα
1027 5236 1339 5304 εἰκόνισμα,
1371 5233 1439 5287 τὰ
1481 5230 1580 5301 μὲν
1631 5226 1765 5284 ἄλλα
1818 5228 1962 5279 πάνυ

396 5327 858 5405 ἀπηκριϐωμένον
918 5327 1061 5380 κατά
1112 5326 1241 5387 τοὺς
1310 5322 1412 5393 ἐμὲ
1476 5321 1617 5390 πρὸς
1688 5319 1963 5388 ἁμαρτίαν

395 5421 708 5490 γράφοντας
737 5418 939 5489 (φαίνω
962 5418 1070 5488 γὰρ
1107 5417 1216 5470 ἰδοὺ
1243 5412 1482 5485 ἐμαυτὸν
1518 5411 1694 5473 ἄλλως
1731 5407 1828 5479 μὲν
1858 5409 1965 5460 ότι-

399 5513 546 5581 μάλα
573 5511 1030 5583 διεστραμμένον,
1071 5511 1167 5564 κα)⁸
1213 5507 1404 5578 ἁγαθῴ
1455 5505 1649 5575 μηδενὶ
1692 5498 1966 5570 ὲλλαμπό·

394 5623 562 5675 μενον
631 5608 711 5668 εἰς
780 5605 1198 5675 εὐπρόσωπονγ
1261 5602 1322 5655 τὺ
1386 5601 1570 5671 μέντοι
1629 5595 1966 5666 μνησίκακον

397 5701 453 5758 ἐς
484 5701 542 5749 τὸ
572 5698 680 5750 πᾶν
708 5696 1016 5766 διαγράφω,
1054 5698 1149 5749 καὶ
1179 5694 1451 5762 ἐξαλείφω
1503 5693 1600 5762 τῆς
1632 5689 1867 5752 εἰκόνος.
1899 5686 1966 5757 ἣν

389 5789 706 5859 ἀνέστησάν
742 5805 834 5859 μοι
856 5791 923 5843 τὰ
960 5789 1099 5844 καλά
1126 5786 1286 5842 τέκνα
1336 5783 1493 5855 τῆσδε
1534 5783 1632 5852 τῆς
1664 5780 1891 5841 πόλεως.

1972 3184 2019 3245 c
2054 3184 2338 3287 denuoque
2384 3221 2682 3288 producere
2733 3222 2876 3277 bona
2922 3184 3009 3276 vel
3069 3184 3205 3276 mala
3254 3184 3619 3294 illa,quibns

2052 3296 2295 3381 elapsum
2347 3314 2764 3383 quingentorum
2815 3329 3082 3368 annorum
3136 3315 3371 3384 spatium
3426 3318 3619 3372 immu~

2057 3411 2234 3457 ratum
2287 3411 2390 3458 est.
2788 3420 2789 3423 ‘

2123 3495 2180 3549 4.
2225 3492 2462 3562 Tempus
2505 3495 2669 3563 igitur
2721 3494 2850 3550 olim
2895 3490 3187 3563 aliquando
3217 3497 3453 3564 transiit,
3490 3511 3619 3567 quo,

2057 3600 2180 3641 cum
2207 3585 2384 3654 aliqua
2415 3592 2609 3639 cit-tera
2643 3621 2659 3649 ,
2694 3593 2802 3639 tum
2859 3584 3145 3653 prudentia
3178 3584 3374 3653 suique
3405 3601 3625 3641 consen

2057 3678 2203 3733 vatio
2231 3690 2396 3747 prave
2425 3660 2767 3731 considerata
2814 3687 2969 3739 sunt,
3018 3685 3072 3730 et
3105 3692 3210 3730 non
3252 3676 3427 3732 facilis
3461 3692 3492 3731 a
3523 3693 3621 3733 ηοι

2056 3782 2184 3824 cere
2230 3766 2536 3821 volentibus
2584 3765 3004 3821 decolorationis
3046 3765 3263 3834 opilit-io
3310 3767 3361 3821 in
3396 3782 3502 3822 non
3528 3770 3625 3822 bo-

2056 3872 2192 3917 num
2219 3856 2408 3913 saltem
2437 3871 2469 3910 a
2496 3857 2637 3910 male
2662 3856 3037 3924 iudicantibus
3067 3855 3390 3923 imputatum
3423 3866 3526 3911 est.
3561 3858 3625 3911 Et

2058 3948 2305 4020 profecto
2334 3961 2479 4001 nunc
2520 3946 2662 4000 istud
2699 3955 2908 4015 tempus
2942 3945 3161 4007 reluxit,
3213 3944 3378 3998 simili
3426 3948 3623 4001 chara-

2059 4050 2210 4095 ctere
2256 4052 2355 4093 nos
2400 4035 2562 4091 etiam
2590 4037 2840 4106 pingens,
2876 4048 2942 4089 eo
2969 4036 3112 4103 quod
3149 4035 3496 4103 providemus
3531 4052 3626 4092 noa

2063 4130 2145 4185 bis
2172 4139 2225 4185 et
2270 4144 2339 4183 ne
2375 4108 2690 4197 deﬁciamur
2734 4138 3013 4189 cavemus,
3064 4133 3118 4179 et
3169 4124 3452 4179 calumniae
3486 4137 3619 4182 rem

2063 4219 2339 4289 fugimus,
2393 4226 2450 4272 et.
2506 4217 2623 4271 alas
2675 4224 2923 4284 aptantes
2959 4228 3330 4285 repurgamus,
3383 4214 3428 4269 si
3484 4216 3625 4270 forte

2063 4326 2232 4381 super
2294 4311 2450 4373 retia,
2489 4308 2686 4378 quibus
2733 4306 2922 4364 tentati
2953 4321 3168 4372 sumus,
3219 4305 3483 4372 volantes,
3515 4310 3625 4361 sal-

2069 4417 2131 4457 va
2141 4402 2229 4457 ndi
2262 4401 2454 4456 simus.

2132 4492 2187 4547 5.
2227 4493 2339 4561 Age
2362 4505 2521 4561 porro
2540 4528 2556 4556 ,
2589 4488 2737 4543 tritis
2758 4483 3050 4553 coloribus,
3080 4486 3278 4557 quibus
3307 4500 3391 4541 me
3422 4488 3623 4557 possim

2065 4585 2225 4640 talem
2294 4582 2471 4652 qualis
2525 4593 2647 4636 sum
2693 4580 2913 4649 pingere
2961 4579 3106 4650 (non
3144 4579 3289 4634 enim
3334 4579 3628 4633 obliviscor

2065 4678 2141 4730 uti
2170 4675 2409 4743 speculo,
2450 4676 2596 4727 unde
2629 4686 2742 4725 mea
2773 4670 2945 4726 forma
2988 4669 3211 4732 relucet,
3255 4670 3397 4738 quod
3444 4670 3625 4722 anima

2061 4768 2325 4836 cujusque
2380 4764 2609 4833 pingens
2681 4762 2974 4816 colorando
3037 4760 3449 4827 conscientiam,
3500 4770 3628 4815 ante

2061 4876 2119 4915 se
2145 4858 2296 4929 ponit
2316 4866 2372 4911 ut
2392 4872 2420 4910 a
2443 4854 2652 4910 caeteris
2673 4865 2953 4918 cernatur,
2978 4853 3140 4921 inque
3159 4851 3450 4905 moralibus
3477 4852 3617 4915 αιμι-

2064 4953 2295 5019 dicetur,
2316 4960 2370 5005 et
2394 4950 2472 5005 sic
2499 4951 2831 5003 retineantur
2854 4960 2916 5001 ea
2937 4947 3150 5015 quidem
3176 4960 3291 5013 quae
3312 4954 3453 4999 recta
3477 4951 3625 5006 sunt,

2064 5039 2407 5107 corrigantur
2452 5051 2669 5091 errores
2720 5035 3081 5103 commissi);
3132 5033 3408 5103 perﬁciam
3451 5047 3622 5085 meam

2063 5145 2244 5185 coram
2288 5128 2375 5182 hic
2422 5125 2778 5195 praesentibus
2814 5123 3139 5192 imaginem;
3173 5125 3237 5177 de
3275 5133 3469 5178 caetero
3499 5124 3622 5190 qni-

2064 5226 2185 5278 deni
2219 5236 2443 5291 proratIs
2472 5230 2779 5274 accuratam
2813 5215 3107 5270 secundum
3137 5230 3234 5272 ens
3263 5217 3355 5286 qui
3390 5230 3471 5267 me
3502 5227 3624 5282 pec—

2063 5313 2398 5370 caininosutn
2448 5310 2676 5381 pingunt
2713 5310 2861 5378 (ecce
2888 5310 3036 5363 enim
3084 5307 3368 5376 metipsum
3411 5303 3625 5356 aliunde

2064 5405 2280 5474 quidem
2314 5402 2697 5465 deformatum,
2726 5400 2864 5455 etad
2893 5400 3174 5471 pulchram
3217 5397 3445 5451 formam
3478 5392 3626 5446 nullo

2066 5500 2209 5553 bono
2246 5496 2569 5550 relucentem
2594 5493 2868 5561 ostendo);
2896 5493 3035 5546 hanc
3058 5498 3234 5544 autem
3266 5483 3392 5538 mali
3421 5496 3631 5538 memo-

2066 5593 2200 5646 riam
2224 5587 2445 5644 omnino
2472 5586 2621 5642 deleo
2643 5595 2698 5639 et
2729 5583 2917 5637 aufero
2944 5583 3008 5635 ab
3039 5583 3139 5634 huc
3170 5579 3425 5646 imagine,
3454 5591 3617 5647 quam

2068 5682 2195 5738 mihi
2223 5679 2390 5752 hujus
2421 5677 2567 5744 urbis
2598 5675 2718 5732 boni
2746 5677 2892 5730 cives
2915 5678 3220 5725 erexerunt.
