4034 6206
189 199 302 264 ω’]

1186 205 1496 267 CONTRA
1539 206 2032 272 lNIUl‘tlARUM
2067 211 2501 276 MEMORIAM.

3361 217 3465 281 418

189 315 517 388 βούλεσθαι,
566 315 662 370 καὶ
711 316 898 370 πέττει
939 317 1040 372 τὸν
1074 319 1252 390 χόλονο
1285 325 1380 376 καὶ
1423 322 1494 376 τά
1553 325 1780 394 κύματα

1889 325 2089 379 derium
2139 327 2190 379 in
2247 327 2523 383 voluntate
2577 327 2785 396 reponit
2861 329 3127 398 bilemque
3177 331 3358 398 coquit
3411 342 3468 387 et

185 409 502 474 θραύουσα,
521 410 631 470 ,οὐκ
655 409 940 478 ἐξαφρίζει
975 413 1054 475 εἰς
1085 413 1256 482 θυμὸν
1288 415 1525 484 ἀκρατῆ.
1553 417 1664 469 Καὶ
1689 416 1783 468 οὖ-

184 520 303 564 τως
334 503 395 567 ἐξ
421 504 691 568 ἀναλόγου
711 503 1047 574 δευτερεύει,
1084 508 1336 578 καθάπερ
1367 510 1782 580 εὐεργετοῦντος

186 594 396 666 ἀνδρὸς
425 595 550 648 κατ’
589 595 875 665 ἐνέργειαν
906 600 933 650 ὁ
958 599 1251 668 ἱστάμενος
1285 602 1342 652 ἐν
1380 602 1525 671 μόνῳ
1554 603 1632 674 τῷ
1663 603 1783 655 ἐθέ-

186 690 310 740 λειν
366 689 678 757 εὐεργετεῖν
721 688 864 742 οὕτω
911 691 1007 742 καὶ
1059 692 1154 745 τοῦ
1217 695 1556 762 μνησικάκου
1628 697 1782 766 ἐνερ-

184 779 427 847 γοῦντος
453 781 550 850 τὴν
575 783 820 835 κάκωσιν
843 785 869 835 6
893 784 1092 836 ἐθέλων
1120 785 1242 854 μὲν,
1270 787 1481 857 ἐπέχων
1508 788 1563 840 δὲ
1587 789 1779 843 εἰσέτι.

189 873 403 934 Aen-.6;
429 873 483 926 δέ
517 875 612 925 καὶ
643 873 826 943 τρίτος
852 875 1152 940 κάνταῦθα,
1178 877 1369 948 ὥσπερ
1402 882 1461 932 ἐν
1489 881 1601 944 τοῖς
1637 882 1780 934 κατὰ

191 964 526 1032 εὐεργεσίαν
545 967 574 1017 6
615 966 912 1037 ἐπίρρητος
937 971 1031 1022 καὶ
1076 971 1352 1040 ἐπάρατος
1379 972 1429 1041 (ό
1465 973 1600 1042 μήτε
1630 972 1783 1042 ἐνερ-

194 1055 316 1120 γῶν
343 1058 410 1108 τὰ
453 1057 800 1127 εὐεργετικά,
837 1060 974 1130 μήτε
1015 1061 1119 1130 μὴν
1147 1063 1495 1132 αἱρούμενος,
1531 1066 1666 1118 ἀλλά
1688 1069 1781 1119 καὶ

196 1150 751 1218 προσεπισλάπτων),
778 1152 938 1205 οὕτω
961 1154 1054 1206 καὶ
1096 1157 1154 1206 ἐν
1183 1157 1296 1219 τοῖς
1338 1158 1417 1218 είς
1462 1156 1706 1210 κάκωσιν
1754 1159 1780 1210 6

197 1239 285 1290 ἀλί
301 1257 378 1299 ως
417 1243 476 1305 ἐξ
515 1243 762 1295 ἐναντίου
805 1246 899 1296 καὶ
943 1245 1180 1296 ἐπαίνων
1221 1246 1372 1310 ἀξιος
1403 1247 1498 1298 καὶ
1529 1247 1723 1317 εὐχῶν,
1751 1249 1780 1301 δ

203 1331 344 1396 μετά
375 1332 625 1384 κάκωσιν
651 1332 851 1403 δηλαδὴ
877 1335 1184 1400 ἐφθακυϊαν
1214 1341 1349 1407 μήτε
1386 1340 1691 1406 ἐνεργήσας
1714 1339 1781 1392 τά

199 1423 276 1482 είς
305 1422 546 1489 ἄμυναν,
613 1428 750 1492 μήτε
801 1426 909 1496 μὴν
948 1427 1168 1493 ἐθέλων,
1222 1430 1362 1500 ἀλλ’⁹
1416 1432 1469 1484 εἴ
1501 1425 1630 1484 ποτε
1683 1435 1780 1485 καὶ

201 1514 483 1580 μεμνῷτο,
539 1515 665 1584 χοῦν
713 1516 791 1586 τῷ
838 1519 997 1587 κακῷ
1041 1521 1324 1591 ἐπιφορῶν
1367 1523 1463 1575 καὶ
1500 1525 1552 1577 ετ
1582 1525 1634 1575 τί
1677 1541 1780 1578 που

197 1605 443 1668 ἐεοζέσει
495 1608 735 1672 κακίας,
784 1611 1043 1678 χωννύων
1101 1614 1234 1666 αὐτὸ
1284 1616 1365 1676 εἰς
1414 1616 1622 1686 λήθην,
1685 1617 1780 1669 καὶ

200 1699 618 1768 μυσαττόμενος
649 1703 744 1753 καὶ
773 1704 871 1772 τὴν
906 1706 1130 1776 μνήμην
1157 1707 1346 1777 αὑτήν.

264 1876 347 1931 ιδ’.
376 1877 439 1930 Εἰ
464 1879 648 1935 τοίνυν
669 1880 827 1934 ταῦθ’
845 1881 1018 1948 οὓτως
1044 1885 1158 1955 ἔχει
1187 1886 1320 1956 (ἔχει
1351 1887 1406 1940 δὲ
1431 1889 1651 1954 πάντως
1677 1893 1780 1946 οὐκ

197 1968 417 2038 ἄλλως),
451 1970 714 2040 ἔσφαλται
740 1975 847 2047 ἀρα
869 1976 960 2029 τοῦ
991 1980 1071 2042 είς
1099 1978 1259 2048 ὀρθὸν
1283 1981 1490 2050 βαίνειν
1520 1984 1780 2053 ἀληθείας

195 2062 221 2111 6
266 2061 330 2113 τὸ
422 2065 738 2133 μεμνῆσθαι
796 2070 970 2122 κακοῖν
1065 2072 1145 2132 είς
1221 2073 1424 2126 ταύτὸν
1495 2077 1644 2142 ἄγων
1713 2082 1776 2149 τῇ

196 2149 476 2218 ἁμαρτάδι
509 2154 610 2221 τῆς
646 2156 1088 2221 ἀντικακώσεως.
1125 2159 1292 2226 Δῆλον
1328 2160 1455 2230 γὰρ,
1492 2165 1568 2227 ώς
1599 2163 1721 2218 οὕτε
1752 2170 1781 2221 6

203 2243 427 2310 μνήμην
453 2245 777 2314 εὐεργεσίας
800 2248 1080 2302 ἀναλαϐὼν
1110 2251 1290 2323 πάντῃ
1324 2253 1538 2318 πάντως
1561 2257 1783 2326 εὐεργε-

204 2337 312 2397 τεῖ,
344 2338 471 2391 οὐδὲ
504 2340 612 2410 μὴν
641 2342 668 2394 6
702 2344 998 2404 κακώσεως
1031 2344 1410 2413 μνησάμενος,
1444 2347 1546 2418 ἤδη
1572 2351 1666 2402 καὶ
1699 2352 1781 2413 εἰς

205 2424 394 2494 βόθρον
425 2429 522 2480 τοῦ
555 2432 935 2486 ἀντικακῶσαι
976 2433 1196 2491 ὤλισθε.

271 2525 350 2571 ιε’.
393 2521 900 2589 Κεφαλαιώσασθαι
929 2527 984 2580 δέ
1011 2530 1071 2582 τὸ
1103 2531 1252 2601 χῦμα
1276 2532 1371 2585 τοῦ
1401 2533 1567 2586 τόπου
1591 2532 1742 2586 τοῦδε
1765 2549 1778 2564 ο

212 2612 521 2680 μεμνῆσθαι
576 2616 676 2683 μέν
729 2634 877 2682 τινος
932 2621 1298 2688 ἀγαθύνοντος
1353 2627 1446 2678 καὶ
1497 2625 1564 2678 αὖ
1619 2626 1781 2678 πάλιν

210 2704 633 2767 κακοποιοῦντος
657 2707 1052 2779 ἀντικειμένως
1075 2713 1313 2783 ἔχουσιν,
1347 2716 1490 2768 οὕτω
1506 2716 1566 2768 ’δὲ
1604 2719 1697 2768 καὶ
1722 2718 1780 2770 τὸ

209 2794 519 2862 εόεργετεῖν
542 2814 558 2829 ⁸
585 2799 612 2851 δ
645 2801 709 2869 δή
750 2819 892 2864 τινες
925 2805 1124 2860 οἴονται
1160 2810 1381 2880 μνήμης
1405 2809 1612 2880 ἀγαθῆς
1647 2813 1782 2862 ἀπο-

207 2886 466 2955 τέλεσμα.
501 2891 598 2943 καὶ
632 2892 692 2943 τὸ
734 2899 1050 2948 κακοποιεῖν
1076 2897 1153 2961 δὲ,
1190 2901 1326 2969 ὅπερ
1357 2902 1406 2953 οἱ
1447 2903 1588 2954 νοεῖν
1617 2902 1781 2955 δεινοὶ

209 2977 361 3030 τόκον
389 2980 568 3035 οἴδασι
607 2982 703 3034 τοῦ
741 2986 960 3057 μνήμην
991 2989 1256 3044 ἀπόθετον
1287 2992 1428 3062 ἔχειν
1458 2995 1774 3061 κακώσεως,

211 3068 286 3128 είς
315 3069 592 3123 ἀντίθεσιν
622 3073 943 3141 ἀσύμϐατον
984 3077 1334 3147 ἀφορίζονται
1355 3099 1368 3112 ’
1396 3082 1533 3151 πρὸς
1572 3083 1626 3135 δὲ
1654 3082 1780 3135 τού·

211 3176 316 3218 τοις
368 3162 467 3214 καὶ
525 3163 586 3215 τὸ
643 3165 853 3218 ἐθέλειν
913 3168 1013 3237 μὲν
1064 3170 1386 3240 εὐεργεσίαν
1445 3175 1652 3234 ποιεῖν,
1709 3175 1784 3243 μὴ

215 3251 483 3321 ἐξισχύειν
520 3255 608 3319 δὲ,
637 3258 730 3310 καὶ
763 3258 925 3312 πάλιν
961 3261 1231 3334 ἑτέρωθεν
1266 3265 1325 3317 τὺ
1360 3264 1647 3332 βούλεσθαι
1687 3267 1786 3334 μὲν

213 3344 612 3413 ἀντικακῶσαι,
645 3352 720 3421 μὴ
755 3353 902 3421 ἔχειν
931 3353 1009 3415 δὲ,
1051 3355 1147 3408 καὶ
1184 3356 1322 3410 αὑτά
1350 3360 1428 3420 εἰς
1460 3358 1654 3427 μοῖραν
1693 3358 1788 3410 ἀν-

215 3437 439 3491 τίπαλον
474 3441 755 3505 ἰδιάζουσι.
795 3447 902 3497 Καὶ
936 3446 1071 3499 εἰσὶν
1099 3447 1314 3517 ἀγαθῆς
1347 3449 1446 3517 μὲν
1472 3449 1786 3517 συστοιχίας,

222 3532 270 3582 τὺ
307 3534 627 3603 μεμνῆσθαι
655 3538 1036 3605 ἀγαθοποιίας,
1064 3542 1154 3594 καὶ
1180 3541 1240 3594 τὸ
1270 3541 1340 3593 δι’
1370 3541 1542 3612 αὐτὴν
1566 3542 1790 3612 εὐεργε⁴

223 3624 363 3673 τεῖνο
407 3625 502 3678 καὶ
539 3627 727 3696 τρίτον
761 3629 824 3681 τὸ
877 3631 1104 3695 ἐθέλειν,
1156 3631 1204 3683 εἰ
1249 3631 1338 3684 καὶ
1381 3632 1457 3700 μὴ
1511 3631 1565 3684 αἱ
1608 3635 1790 3702 χεῖρες

217 3711 469 3766 δύνανται
495 3717 1090 3787 συνεπιλαμϐάνεσθαι.
1111 3721 1220 3791 Τῆς
1237 3722 1436 3791 ἑτέρας
1453 3723 1509 3776 δὲ
1533 3722 1790 3791 φατρίας.

216 3804 313 3872 ὅση
340 3806 623 3873 λογίζεται
654 3811 735 3872 είς
766 3813 1104 3875 ἐναντίωσιν,
1138 3813 1197 3864 τὸ
1235 3812 1446 3882 βαρέως
1477 3813 1791 3883 μεμνῆσθαι

217 3896 514 3964 κακώσεως
534 3914 548 3929 '
586 3903 684 3954 καὶ
708 3903 960 3975 δεύτερον
986 3905 1169 3969 εὐθὺς,
1199 3905 1259 3958 τὸ
1287 3905 1353 3958 δι’
1389 3905 1560 3974 αὐτὴν
1591 3904 1791 3958 αὐτίκα

218 3984 358 4042 εἷναί
387 3995 514 4044 τινὰ
540 3997 852 4049 κακωτικόν
871 4015 885 4028 ·
916 3997 1010 4049 καὶ
1035 3998 1125 4050 ἐπὶ
1147 3997 1265 4049 δυσὶ
1286 3995 1496 4058 τούτοις
1513 3998 1573 4049 τὸ
1596 4012 1792 4066 προαι-

222 4081 431 4150 ρεῖσθαι
475 4084 610 4154 μὲν,
652 4089 873 4155 ἀτυχεῖν
917 4089 973 4140 δὲ
1012 4088 1260 4141 ὁπωσοῦν
1307 4088 1404 4158 τὴν
1442 4089 1789 4160 προαίρεσιν.

220 4173 328 4225 Καὶ
355 4175 498 4229 οὕτω
533 4179 632 4246 μὲν
661 4179 769 4231 τών
801 4179 1147 4250 ἑκατέρωθεν
1178 4174 1461 4249 βαθμίδων
1503 4183 1556 4234 αἱ
1591 4179 1795 4252 ὑψηλό-

218 4276 392 4328 τεραι,
481 4265 582 4332 μὲν
603 4266 831 4320 εὐκταία
855 4269 976 4320 κατ’
994 4268 1200 4336 ἀρετὴν
1217 4271 1328 4330 τοῖς
1347 4269 1792 4341 προσϐαίνουσιν,

1885 413 2078 469 ﬂuctus
2109 417 2431 484 reprimens,
2459 434 2561 472 non
2593 419 2646 472 in
2691 419 2822 473 iram
2858 420 3206 488 impotentem
3241 419 3468 474 cﬂ'crve-

1884 507 2006 561 scit.
2043 507 2108 562 Et
2152 509 2228 562 sic
2285 523 2350 562 ex
2399 509 2644 579 analogia
2699 512 3154 579 quemadmodum
3198 513 3468 568 secundus

1885 607 1968 651 est
2025 599 2092 652 ab
2167 598 2388 654 homine
2446 600 2539 668 qui
2603 606 2899 655 secundum
2961 603 3254 657 ciﬁcaciam
3330 604 3467 658 bene

1888 687 2056 753 fecit,
2118 688 2209 744 ille
2267 690 2358 758 qui
2417 692 2566 744 sistit
2623 693 2673 744 in
2732 692 3010 748 voluntate
3057 695 3459 757 benefaciendi,

1886 777 1958 829 ita
2010 794 2225 847 quoque
2283 783 2554 835 secundus
2589 791 2672 836 est
2731 784 2798 836 ab
2839 799 2902 836 eo
2932 785 3022 852 qui
3089 786 3214 839 mali
3256 801 3464 840 memo-

1887 873 2017 924 riam
2050 872 2117 926 ad
2145 874 2394 928 effectum
2431 876 2600 940 ducit,
2631 878 2717 931 ille
2735 879 2824 948 qui
2858 895 3053 934 nocere
3081 883 3294 949 quidem
3329 883 3464 945 vult,

1885 965 2061 1018 adhuc
2103 981 2282 1019 autem
2319 970 2578 1023 abstinet.
2610 970 2798 1024 Restat
2825 982 3002 1023 autem
3036 971 3123 1025 hic
3152 974 3315 1027 etiam
3355 984 3461 1026 ter-

1885 1055 2012 1119 tius,
2060 1057 2203 1111 sicut
2259 1060 2309 1111 in
2365 1061 2428 1112 iis
2463 1075 2583 1128 quae
2636 1070 2761 1115 sunt
2814 1062 3218 1128 beneﬁcentiae,
3255 1067 3467 1132 vitupc.

1889 1146 2118 1210 randus,
2147 1157 2198 1200 et
2248 1151 2602 1205 esset-rabilis
2660 1152 2746 1206 ille
2782 1154 2891 1221 (qui
2924 1169 3025 1207 nec
3062 1155 3318 1208 beneﬁcia
3376 1171 3464 1208 re.

1885 1237 1998 1305 ipsa
2026 1240 2236 1294 confert
2263 1256 2363 1293 nec
2392 1243 2616 1295 reddere
2649 1248 2861 1311 gaudet,
2881 1246 2974 1298 sed
3007 1247 3169 1299 etiam
3207 1247 3460 1316 injuriam

1884 1327 2114 1399 adjicit),
2151 1331 2224 1383 ita
2269 1346 2486 1402 quoque
2525 1335 2576 1386 in
2610 1335 2693 1387 his
2724 1350 2841 1402 quia:
2879 1336 2941 1388 ad
2975 1338 3312 1389 vexationem
3345 1354 3465 1405 spe-

1885 1428 2057 1483 ctant,
2095 1421 2182 1473 Ille
2209 1425 2299 1490 qui
2339 1436 2594 1478 caeterum
2632 1441 2662 1479 e
2703 1427 2978 1480 contrario
3010 1428 3256 1480 laudibus
3289 1437 3341 1482 et
3374 1431 3464 1481 be-

1885 1509 2286 1566 nedictionibus
2316 1514 2514 1582 dignus
2545 1523 2648 1579 est,
2678 1517 2768 1584 qui
2800 1526 2922 1584 post
2953 1518 3294 1570 Vexationem
3329 1533 3462 1571 sane

1885 1601 2244 1668 prtehabitam
2281 1621 2454 1673 neque
2482 1622 2600 1676 qua!
2631 1607 2880 1663 vindictae
2928 1617 3052 1662 sunt
3079 1619 3336 1675 oneratur
3365 1625 3462 1662 nee

1805 1689 1848 1744 Β
1878 1709 1981 1760 que
2007 1691 2220 1764 quaerit,
2248 1698 2366 1760 sed,
2403 1701 2447 1755 si
2485 1701 2625 1756 forte
2659 1704 2926 1767 meminit,
2954 1717 3205 1773 aggerem
3238 1705 3462 1770 opponit

1882 1786 2050 1852 malo,
2084 1797 2137 1843 et
2173 1790 2217 1844 si
2254 1791 2381 1858 quid
2413 1794 2520 1847 olet
2552 1795 2850 1861 malitiam,
2889 1797 3017 1850 illud
3050 1796 3108 1849 in
3133 1795 3461 1850 oblivionem

1881 1889 1931 1931 et
1968 1882 2398 1938 recordationem
2430 1885 2601 1954 ipsam
2635 1903 2665 1942 e
2699 1898 2882 1942 mente
2917 1889 3109 1957 rejicit.

1956 1973 2042 2026 Η.
2074 1973 2196 2030 ΙΙωο
2228 1976 2390 2046 igitur
2418 1979 2461 2032 si
2494 1979 2565 2033 ita
2591 1981 2696 2035 sint
2722 1983 3105 2051 (proculdubio
3131 1991 3310 2036 autem
3343 1997 3460 2035 om-

1883 2065 2015 2118 uiuo
2053 2067 2226 2138 sunt),
2264 2071 2614 2125 convincitur
2668 2073 2720 2127 in
2783 2085 2932 2128 recto
2963 2076 3210 2128 veritatis
3246 2075 3462 2129 tramite

1883 2171 1985 2210 non
2018 2159 2296 2216 ambulare
2338 2163 2428 2232 qui
2487 2165 2920 2220 recordati0nem
2971 2167 3097 2220 mali
3149 2167 3214 2220 ad
3253 2167 3458 2220 malum

1881 2248 2024 2300 male
2070 2251 2481 2306 retribuendum
2516 2254 2750 2308 reducit.
2796 2253 3142 2308 Manifestum
3192 2263 3272 2309 est
3307 2254 3457 2308 enim

1881 2337 2024 2404 quod
2057 2354 2232 2408 neque
2277 2342 2526 2398 beneﬁcii
2566 2345 2884 2400 recordatus
2931 2346 3130 2414 ubique
3163 2343 3456 2409 benefacit,

1881 2444 2055 2499 neque
2091 2431 2179 2500 qui
2220 2435 2518 2488 vexationis
2577 2435 2743 2490 illam
2777 2437 3040 2501 meminit,
3091 2437 3200 2505 jam
3239 2451 3304 2492 eo
3333 2437 3456 2507 ipso

1882 2519 1934 2573 in
1964 2523 2217 2591 abyssum
2275 2525 2426 2577 mala:
2469 2525 2719 2579 vindicta:
2747 2525 3000 2592 delapsus
3030 2537 3134 2580 est.

1954 2611 2041 2664 15.
2077 2614 2206 2684 Age,
2240 2613 2352 2683 jam
2389 2630 2730 2671 resmnamus
2767 2619 2924 2686 hujus
2959 2616 3269 2684 argumenti
3305 2631 3456 2670 sum—

1883 2720 2027 2758 mam
2065 2723 2078 2759 :
2116 2708 2431 2762 meminisse
2472 2709 2688 2776 quidem
2722 2708 2950 2776 alicujus
2987 2708 3124 2762 bene
3177 2707 3450 2765 facientis.

1880 2804 1935 2848 et
1992 2811 2207 2849 rursum
2267 2796 2409 2850 male
2476 2797 2686 2865 agentis
2715 2795 3016 2862 recordari,
3055 2795 3454 2865 nppositionem

1883 2884 2081 2937 habent
2107 2903 2122 2953 ;
2159 2896 2212 2939 ut
2249 2895 2464 2941 econtra
2495 2889 2656 2940 etiam
2687 2887 3030 2948 benefacere,
3061 2888 3199 2955 quod
3229 2885 3447 2954 quidam

1884 2976 2037 3030 bona:
2060 2976 2328 3029 memoria:
2345 2975 2596 3038 etfectum
2621 2991 2742 3042 esse
2763 2986 2972 3047 putant,
3006 2986 3059 3032 et
3089 2977 3226 3030 male
3248 2975 3454 3037 facere,

1885 3069 2028 3140 quod
2081 3067 2351 3138 sapientes
2404 3079 2740 3123 conservam
2794 3069 2918 3123 mali
2981 3069 3254 3122 memoriae
3306 3067 3452 3121 l'ruc-

1886 3165 1998 3211 tum
2023 3167 2270 3225 censent,
2298 3160 2596 3216 insociabili
2623 3159 2906 3215 intervallo
2940 3169 3285 3230 separantur.
3307 3159 3460 3212 lusu-

1887 3265 1980 3322 per
2034 3262 2212 3312 autem
2251 3254 2386 3307 velle
2440 3255 2655 3321 quidem
2698 3268 2958 3308 exercere
3016 3252 3455 3313 beneﬁcentiam,

1889 3343 1982 3398 sed
2031 3361 2132 3398 non
2195 3347 2746 3414 posse;‘itermnque
2791 3347 2930 3402 alias
2981 3362 3180 3415 cupere
3237 3346 3456 3416 quidem

1895 3435 2094 3490 malum
2130 3453 2228 3506 pro
2272 3438 2416 3490 malo
2460 3438 2722 3504 reddere,
2767 3453 2946 3508 neque
2990 3454 3116 3492 vero
3167 3453 3362 3506 posse,
3407 3439 3460 3491 in

1891 3538 2097 3595 partem
2160 3531 2489 3582 contrariam
2550 3530 2664 3599 ipsa
2729 3532 3155 3600 distinguuntur.
3213 3530 3307 3585 Est
3360 3530 3462 3583 bo-

1891 3621 1942 3672 ni
1971 3621 2186 3688 quidem
2215 3622 2424 3676 ordinis
2479 3623 2642 3678 simul
2694 3623 3067 3678 beneﬁcentiae
3113 3623 3459 3685 meminisse,

1891 3721 1943 3767 et
1975 3712 2044 3766 ob
2085 3713 2228 3767 illam
2258 3714 2612 3779 benefacere,
2646 3727 2702 3770 et
2731 3717 2947 3769 tertium
2979 3730 3132 3768 meus
3175 3716 3454 3778 benevola,

1891 3805 1994 3859 etsi
2038 3821 2228 3860 manus
2276 3809 2536 3874 perﬁcere
2581 3823 2683 3860 non
2715 3807 2948 3860 valeant.
2984 3807 3223 3860 Alterius
3270 3818 3453 3860 autem

1892 3897 2108 3958 classis,
2150 3911 2268 3965 qua:
2313 3907 2592 3966 reputatur
2633 3896 2684 3949 in
2731 3897 3146 3965 oppositionem,
3178 3906 3262 3950 est
3294 3911 3457 3948 vexa-

1894 3989 2057 4043 tionis
2087 3989 2332 4053 dolenter
2371 3989 2720 4056 meminisse;
2759 3989 3055 4043 secundum
3108 3991 3216 4042 cito
3244 3998 3459 4057 proritet

1895 4081 2038 4134 illam
2072 4081 2431 4148 maiefacere;
2469 4091 2521 4135 et
2555 4095 2719 4150 super
2747 4081 2830 4135 bis
2856 4081 3084 4146 duobus,
3133 4079 3233 4133 sibi
3270 4094 3466 4148 propo-

1895 4189 2026 4228 nere
2057 4175 2297 4244 quidem,
2337 4174 2430 4228 sed
2458 4175 2792 4244 prepositum
2828 4187 3152 4241 quocunque
3174 4171 3333 4224 modo
3359 4184 3465 4224 non

1897 4265 2182 4337 attingere.
2213 4265 2279 4318 Et
2309 4267 2380 4320 ita
2421 4267 2638 4335 quidem
2660 4305 2672 4328 ,
2707 4281 2772 4320 ex
2816 4265 3060 4333 utrisque
3087 4262 3344 4334 gradibus
3375 4277 3467 4315 su-

219 4357 252 4423 ἡ
289 4354 347 4408 δέ
371 4396 385 4419 ,
423 4356 616 4409 όποίαν
657 4357 958 4429 ἀπεύχεται
995 4361 1022 4411 ό
1064 4360 1309 4430 φρονῶν,
1357 4360 1586 4428 ἔσχατον
1631 4365 1787 4430 αὐτὸς

1899 4356 2142 4426 perieres
2191 4367 2354 4421 sunt,
2417 4371 2556 4410 unus
2598 4356 2817 4427 quidem
2858 4356 3155 4420 secundum
3212 4355 3466 4414 virtutem

223 4447 430 4515 βαθμὸν
463 4447 820 4516 αἱρούμενος,
849 4450 996 4520 ἤπερ
1036 4451 1376 4516 ἀναϐαίνειν,
1403 4455 1523 4508 ὅθεν
1551 4455 1665 4508 ἐστι
1694 4473 1793 4508 κα-

220 4540 696 4611 τακρημνισθῆναι
721 4545 800 4603 εἰς
817 4542 936 4593 δλεθ
947 4559 1064 4613 ρον·
1092 4545 1141 4596 οί
1167 4544 1351 4612 μέντοι
1368 4546 1570 4598 τούτων
1588 4546 1797 4615 πυθμέ-

222 4647 309 4692 νες
341 4631 622 4684 ἀνάπαλιν
650 4631 852 4701 ἔχουσι.
892 4633 1001 4687 Καὶ
1037 4635 1095 4687 τὸ
1131 4635 1231 4704 μὲν
1271 4635 1376 4699 ἔξω
1410 4637 1631 4706 μνήμης
1665 4637 1796 4706 βάλ-

221 4723 334 4774 λειν
367 4723 431 4774 τὸ
463 4722 836 4794 εὐεργέτημα,
883 4725 979 4778 καὶ
1020 4726 1320 4796 ἀχάριστον
1354 4722 1515 4788 εἶναι,
1552 4728 1646 4781 καί
1691 4747 1796 4781 που

223 4817 316 4867 καὶ
351 4812 643 4884 δακνηρῶς
675 4815 986 4884 ἐμφύεσθαι
1017 4817 1094 4886 τῷ
1129 4818 1554 4888 εὐεργετηκότι,
1589 4820 1662 4883 ώς
1703 4823 1798 4872 καὶ

221 4904 570 4973 ἀποτρώγειν
589 4904 796 4958 ἐθέλειν
813 4907 922 4959 τῶν
943 4907 1108 4960 αὐτοῦ
1128 4909 1368 4979 σαρκῶν,
1395 4909 1422 4962 ὃ
1447 4909 1510 4979 δὴ
1533 4915 1623 4963 καὶ
1648 4913 1798 4966 κάτω

223 4994 452 5063 ἔσχατον
481 4994 720 5048 ὖποστάθ
731 5014 838 5065 μης
862 4997 1005 5067 λόγῳ
1029 4998 1086 5050 ἐν
1111 4999 1178 5068 τῇ
1199 5000 1420 5052 ἐπαινου
1430 4999 1568 5071 μένῃ
1586 5017 1649 5052 συ
1660 5017 1802 5052 στοι·

224 5087 316 5157 χία
350 5087 554 5149 εκειτο,
588 5087 1036 5156 φαυλεπίφαυλόν
1068 5091 1215 5142 ἐστιν
1244 5090 1414 5153 ὅντως
1441 5093 1533 5143 καὶ
1567 5109 1802 5162 μεμιση-

227 5179 392 5248 μένον
413 5177 495 5247 τῷ
519 5180 616 5232 καὶ
651 5178 852 5249 πρώτῳ
876 5182 970 5232 καὶ
995 5181 1238 5250 μεγίστῳ
1263 5181 1593 5252 διδασκάλῳ,
1619 5178 1679 5235 οὗ
1704 5183 1802 5251 τῆς

231 5268 530 5338 μαθητείας
559 5270 587 5322 ό
616 5271 924 5341 νενοσηκὼς
961 5272 1093 5324 αὐτὸ
1137 5271 1489 5340 Ἰσκαριώτης
1521 5273 1800 5338 ἐξέπεσεν.

236 5359 537 5431 Ἐτέρωθεν
583 5361 637 5414 δέ
679 5379 740 5430 γε
791 5364 852 5417 τὸ
890 5365 1111 5434 μνήμην
1151 5366 1248 5433 μὲν
1303 5363 1578 5436 π[ἀσχε]ιν
1614 5365 1802 5418 κακώ·

233 5470 400 5516 σεως,
434 5456 662 5524 ἀμελεῖν
694 5455 751 5508 δὲ
784 5456 1236 5519 ἀντικακώσεως,
1269 5457 1346 5518 εις
1381 5457 1408 5510 ὃ
1442 5457 1504 5526 δὴ
1537 5457 1800 5528 περιέστη

230 5543 303 5603 ὡς
350 5537 568 5597 οἴακαὶ
609 5545 690 5608 εἰς
729 5545 959 5616 τρυγίαν
993 5548 1116 5600 τινά
1151 5547 1184 5617 ἡ
1221 5545 1455 5616 κακίστη
1494 5547 1805 5616 συστοιχεέα

232 5632 328 5690 τοῦ
361 5637 676 5707 μεμνῆσθαι
703 5639 1039 5708 κακωθῆναι,
1067 5640 1156 5696 καὶ
1185 5641 1251 5711 τῇ
1285 5639 1388 5710 μνή
1401 5655 1476 5710 μη
1508 5638 1684 5710 ταύτῃ
1711 5656 1810 5692 καη

1895 4449 2298 4504 ambulantibns
2347 4450 2744 4516 desiderabilis,
2802 4447 2940 4501 alius
3003 4455 3184 4499 autem
3239 4445 3362 4500 talis
3409 4454 3468 4498 ut

1894 4557 2016 4596 eum
2048 4543 2373 4610 deprecatur
2405 4543 2664 4609 prudens,
2698 4539 2946 4593 ultimum
2972 4538 3084 4607 ipse
3110 4537 3333 4607 gradum
3368 4550 3466 4604 po-

1903 4635 2006 4687 tius
2037 4634 2264 4701 eligens,
2299 4648 2458 4701 quam
2511 4634 2803 4687 ascendere
2851 4646 3088 4694 rursum,
3127 4629 3268 4682 unde
3321 4626 3468 4681 deci-

1899 4724 2027 4777 dere
2056 4722 2273 4777 debebit
2321 4723 2372 4776 in
2436 4724 2691 4787 ruinam:
2748 4721 2896 4776 fundi
2933 4730 3110 4774 tamen
3165 4717 3383 4771 illorum
3435 4731 3466 4771 e

1904 4813 2182 4868 contrario
2236 4813 2482 4866 veniunt.
2539 4811 2607 4866 Ει
2639 4812 2856 4884 quidem
2922 4821 3076 4867 extra
3146 4810 3465 4864 memoriam

1899 4904 2166 4972 projicere
2191 4903 2538 4968 beneﬁcium,
2576 4912 2629 4957 et
2674 4904 2946 4972 ingratum
3005 4915 3166 4964 esse,
3215 4900 3466 4970 forteque

1907 4997 2178 5050 mordicus
2213 4995 2292 5050 sic
2341 4996 2606 5061 inhaarere
2661 4995 3014 5054 benefactori,
3058 5002 3117 5046 ut
3156 4993 3334 5047 taliter
3392 4992 3474 5046 af-

1903 5086 2080 5141 fectus
2127 5087 2290 5141 etiam
2349 5087 2497 5140 illius
2529 5102 2727 5142 carnes
2791 5089 3072 5142 comedere
3127 5086 3287 5151 velit,
3328 5087 3477 5155 quod

1906 5179 2159 5232 deorsum
2204 5181 2255 5232 in
2310 5178 2500 5234 ordine
2535 5179 2818 5242 laudabili,
2879 5180 3024 5233 Iaacis
3076 5178 3198 5233 loco
3233 5177 3472 5248 iacebat,

1907 5271 2088 5341 reipsa
2119 5271 2504 5340 pravissimum
2538 5281 2621 5326 est
2659 5273 3018 5340 odiosumque
3048 5275 3224 5342 primo
3253 5284 3472 5337 utaguo-

1907 5375 2012 5431 que
2046 5358 2329 5428 Magistro,
2363 5375 2393 5414 e
2422 5360 2576 5428 cujus
2602 5361 2928 5430 discipulam
2970 5363 3057 5431 qui
3098 5365 3340 5416 senserat
3367 5359 3469 5410 huc

1909 5452 2166 5508 lscariota
2236 5453 2462 5508 excidit.
2499 5452 2730 5509 Aliunde
2752 5469 2882 5508 vero
2905 5453 3221 5507 memoriam
3253 5449 3470 5518 quidem

1911 5543 2185 5598 sustinere
2211 5545 2538 5608 vexationis,
2575 5546 2850 5600 abstinere
2903 5558 3033 5598 vero
3063 5558 3090 5595 a
3131 5540 3257 5594 mali
3319 5543 3475 5592 retri-

1911 5637 2158 5703 butione,
2198 5637 2263 5691 ad
2295 5637 2437 5707 quod
2469 5638 2660 5706 vergit,
2697 5645 2952 5705 tanquam
3007 5635 3072 5689 ad
3125 5633 3358 5703 aliquam
3387 5631 3480 5686 Lc-
