4034 6206
547 205 653 270 419

1221 203 1565 264 EUSTATH
1580 202 1650 262 ῐΙ-
1671 202 1959 264 TIIESSA
1970 203 2430 266 LONICENSIS
2472 201 3028 266 M'ETROPOLIT/E

3678 197 3790 261 423

551 332 667 370 cem
706 315 934 384 pessima
978 315 1169 371 classis
1197 330 1300 384 qua
1335 314 1462 368 mali
1499 313 1623 367 facti
1658 323 1870 369 leuetur
1904 329 2110 369 mento-

2235 323 2475 379 ιοποιεῖν.
2511 321 2542 390 ῆ
2575 320 2780 372 ἐθέλειν
2808 315 3150 377 κακοποιεῖν,
3185 312 3386 383 ἀρίστη
3423 310 3484 364 τέ
3517 309 3653 370 ἐστι,
3694 310 3791 360 καὶ

551 407 652 474 ria,
683 409 891 477 hacque
919 407 1171 463 memoria
1207 407 1401 460 malum
1424 408 1620 476 agitur,
1640 409 1720 461 vel
1743 408 2108 463 malefacieudi

550 498 1072 557 voluntasliabetur.
1109 498 1221 550 lucc
1251 496 1346 550 iter
1390 499 1524 552 bona
1564 510 1642 553 est
1678 511 1731 552 et
1782 499 1889 554 Deo
1936 509 2111 568 grata,

551 597 606 642 ct
629 598 975 658 peccatorum
1009 588 1264 652 deletrix,
1299 605 1362 642 eo
1393 592 1533 658 quod
1574 592 1685 659 ipsa
1729 591 1869 646 delet
1900 607 1964 645 ex
1996 592 2114 645 ani-

554 696 637 731 ma
675 695 777 731 non
814 679 1222 732 convenientem
1256 681 1570 734 vindictam.
1609 681 1778 750 Hujus
1811 691 1987 734 autem
2023 697 2114 735 ac-

553 769 782 822 cidentis
834 785 994 823 causa
1053 781 1174 833 est.
1226 775 1366 841 quod
1416 774 1634 842 quidem
1701 774 2112 828 beneﬁcentiam

555 877 776 928 prorsus
805 861 1076 928 oblivisci,
1109 864 1396 918 ordinatur
1435 865 1576 918 inter
1607 865 1904 932 composita
1955 880 2114 933 supe-

554 953 668 1003 rius
725 951 892 1016 bona,
942 955 994 1010 in
1029 965 1295 1020 quantum
1323 957 1636 1017 nefandum,
1661 967 1713 1009 et
1737 957 1804 1009 ob
1835 957 1883 1008 id
1918 956 1968 1008 in
1989 956 2116 1010 odio

552 1050 655 1100 est,
683 1051 734 1094 et
761 1042 810 1094 in
847 1044 1108 1095 malitiam
1160 1047 1481 1112 imputatur;
1516 1046 1701 1112 procul
1730 1055 1906 1098 autem
1937 1045 2118 1112 jacere

555 1131 871 1189 vindictam.
906 1143 958 1183 et
999 1132 1132 1185 velle
1164 1148 1268 1185 non
1309 1134 1640 1199 meminisse,
1671 1136 1716 1187 si
1742 1135 1880 1201 quod
1910 1134 2116 1192 illatum
2161 1158 2170 1162 -

554 1219 724 1272 fuerit
760 1221 979 1284 malum,
1033 1224 1112 1277 vel
1169 1223 1213 1278 si
1263 1223 1404 1278 forte
1457 1227 1718 1280 memoria
1766 1235 2034 1286 servetur,
2066 1225 2117 1276 in

557 1312 788 1362 animam
824 1313 1102 1366 introitum
1126 1313 1322 1367 vindici
1350 1315 1718 1370 maleficentize
1737 1315 2120 1378 intercludere,

559 1399 660 1452 hoc
693 1400 902 1455 duobus
937 1404 1000 1456 de
1032 1419 1137 1470 quo
1172 1405 1418 1472 superius
1458 1406 1715 1473 peccatis,
1752 1405 2038 1470 obnititur,
2070 1417 2119 1460 et

559 1490 771 1544 illorum
801 1493 1033 1546 declinat
1053 1495 1300 1548 ordinem
1327 1513 1341 1561 ;
1363 1508 1415 1550 et
1438 1495 1750 1565 relinquens
1772 1495 1874 1551 ista
1893 1497 2121 1550 damoni

560 1580 725 1642 malo,
769 1582 880 1648 ipsa
929 1582 1034 1636 Deo
1078 1586 1494 1652 appropriatur,
1546 1597 1600 1641 et
1641 1587 1693 1640 in
1733 1585 2125 1655 virtutem-pu-

561 1669 790 1729 ritieata,
827 1669 1084 1726 Sublimis
1116 1672 1181 1725 ad
1220 1673 1558 1727 Altissimum
1583 1674 1806 1730 volitat.

629 1760 716 1813 16.
754 1759 815 1814 Et
845 1763 924 1816 sic
952 1762 1112 1817 habet
1141 1779 1200 1819 se
1235 1766 1556 1820 naturaliter
1584 1782 1706 1830 res,
1752 1768 1893 1822 sicut
1929 1775 1982 1821 et
2030 1766 2123 1820 do-

559 1863 770 1904 ctorum
798 1855 978 1920 regula
1009 1855 1178 1908 novit.
1215 1855 1290 1910 Ex
1323 1857 1405 1910 bis
1428 1857 1569 1912 enim
1594 1858 2124 1921 duobuscontrariis,

561 1942 832 1997 oblivione
854 1945 1320 2011 benefaciendi,et
1355 1948 1548 2002 iterum
1581 1947 1954 2008 malefaciendi
1986 1949 2126 2002 obli-

562 2033 743 2096 vione,
772 2037 1029 2104 quoniam
1060 2053 1224 2093 unum
1261 2054 1487 2108 pravum
1537 2055 1660 2094 cum
1715 2040 1807 2102 sit.
1838 2040 1940 2095 sub
1987 2040 2126 2093 bona

563 2123 711 2180 felici
768 2135 916 2180 sorte
977 2129 1193 2195 cecidit,
1255 2130 1484 2184 alterum
1534 2147 1664 2200 ergo
1716 2131 1953 2185 divinum
2005 2145 2125 2182 cum

564 2219 656 2281 sit,
687 2228 740 2272 et
779 2220 952 2288 ipsum
989 2222 1087 2275 sub
1127 2222 1283 2276 aliam
1321 2223 1516 2278 seriem
1551 2223 1748 2278 malam
1785 2225 2027 2278 intravit.
2069 2223 2131 2276 Et

565 2310 748 2376 aliquo
792 2313 970 2378 modo,
1013 2314 1102 2381 qui
1163 2330 1266 2369 non
1316 2315 1487 2370 voluit
1534 2315 1838 2384 intelligere
1880 2325 1936 2368 ut
1995 2314 2130 2369 bene

564 2411 774 2470 ageret,
803 2403 957 2470 juxta
982 2404 1351 2470 Psalmistam,
1379 2405 1707 2460 abundantis
1735 2405 1908 2458 medio
1936 2405 2131 2458 messis

565 2502 726 2545 enata
767 2494 919 2558 spina
956 2505 1259 2563 reputatur,
1284 2488 1527 2558 scilicet,
1565 2497 1616 2550 in
1651 2496 1790 2551 serie
1840 2494 2149 2549 beneficio-

567 2602 710 2640 rum.
751 2587 855 2652 Qui
891 2604 1016 2641 vero
1044 2604 1150 2644 non
1191 2603 1288 2657 pro
1333 2588 1474 2642 malo
1509 2586 1709 2640 malum
1759 2585 1954 2652 reddit,
2006 2601 2128 2641 rosa

563 2677 860 2748 iudicatur,
896 2696 1034 2748 qum,
1059 2679 1242 2748 spinas
1269 2679 1392 2734 mali
1429 2678 1706 2733 memoria:
1737 2679 2004 2742 devitans,
2037 2676 2132 2731 bo-

569 2787 694 2831 uum
759 2772 1046 2824 innocuum
1088 2773 1362 2841 proponit.
1403 2771 1585 2840 Itaque
1624 2771 1744 2838 jure
1777 2770 1885 2825 dici
1933 2778 2131 2839 potest,

568 2863 710 2924 quod
743 2862 1044 2925 :uubulaut,
1081 2863 1277 2916 bonum
1311 2862 1528 2930 quidem
1560 2860 1691 2915 illud
1719 2875 1940 2928 corpus,
1971 2860 2135 2923 benc-

571 2950 816 3005 ﬁciorum
850 2953 1007 3016 'ordo,
1052 2955 1216 3007 veluti
1265 2953 1407 3007 malo
1438 2953 1592 3021 pede,
1645 2952 1876 3016 scilicet,
1911 2951 2134 3021 ingrati-

573 3046 818 3109 tudinis;
853 3045 1052 3097 malum
1101 3055 1279 3098 autem
1320 3044 1480 3109 istud,
1518 3043 1646 3098 mali
1685 3043 1964 3106 memoria,
1995 3043 2135 3098 lieno

572 3139 728 3206 lede,
777 3137 1071 3189 secundum
1125 3135 1384 3188 malitiam
1426 3133 1705 3189 ambulare
1763 3135 2028 3193 tardante.
2069 3131 2139 3186 Ut

573 3229 731 3282 aliter
768 3227 967 3290 dicam,
1010 3227 1096 3281 hic
1134 3226 1596 3296 complantantur,
1639 3227 1778 3281 sicut
1807 3240 1925 3278 cum
1971 3225 2139 3277 virtu-

575 3323 718 3374 ii’nus
750 3319 970 3384 malitia,
1008 3318 1086 3372 sic
1125 3334 1247 3371 cum
1284 3321 1482 3373 virtute
1514 3333 1711 3387 magna
1748 3316 1896 3370 vitia.
1925 3314 2133 3370 Etenim

573 3411 689 3479 ejus
719 3413 809 3482 qui
845 3414 979 3466 bene
1013 3411 1139 3466 fecit
1168 3406 1480 3465 meminisse
1503 3450 1518 3476 ,
1549 3409 1913 3476 beneficiaque
1948 3420 2134 3460 revera

573 3507 900 3582 retribuere,
929 3517 1088 3575 atque
1132 3505 1295 3559 etiam
1342 3513 1528 3558 mutua
1577 3503 1691 3557 vice
1725 3499 2137 3555 beneficentiam

573 3607 832 3673 przcstare
857 3599 1015 3663 velle,
1045 3597 1282 3666 ejusdem
1313 3596 1520 3651 ordinis
1543 3595 1598 3650 in
1627 3595 1820 3648 virtute
1845 3602 2005 3656 sunt;
2047 3591 2143 3643 bo—

573 3678 782 3753 iuiuum
818 3700 995 3758 autem
1027 3705 1188 3766 prava
1232 3689 1480 3743 voluntas
1530 3687 1614 3742 his
1655 3684 1897 3756 pulchris
1927 3682 2140 3736 arbori-

577 3783 678 3837 lius
698 3783 926 3838 inseruit
971 3782 1216 3843 fruticem
1244 3781 1641 3849 pravissimum,
1678 3773 2142 3846 ingratitudinem,

577 3889 739 3944 quam
773 3889 964 3943 parere
997 3875 1132 3927 solet
1166 3855 1552 3949 beneficiorum
1594 3869 1816 3948 oblivio.

651 3967 732 4020 17.
773 3967 836 4020 Ει
872 3967 941 4020 ita
989 3967 1203 4035 quidem
1243 3945 1483 4019 excrevit
1523 3945 1852 4028 exiillarum
1883 3959 2143 4016 virtutum

574 4059 858 4134 ordinibus
889 4074 994 4110 una
1029 4058 1286 4126 pravitas,
1318 4067 1371 4109 et
1406 4071 1468 4108 ex
1501 4054 1601 4108 alia
1636 4061 1803 4123 parte,
1831 4052 2010 4121 gravis
2034 4066 2147 4112 me-

576 4135 753 4204 moria
796 4150 1141 4223 injuriarum,
1197 4157 1250 4200 ct
1287 4148 1353 4200 ab
1391 4147 1479 4200 illa
1517 4162 1681 4217 prava
1719 4145 2005 4202 retributio
2048 4160 2146 4222 per

583 4221 1056 4294 malefaciendum.
1105 4238 1209 4292 Sed
1242 4239 1354 4290 lucc
1387 4237 1486 4290 tria
1524 4238 1660 4308 mala
1695 4236 1854 4290 simul
1894 4217 2144 4290 ordinata

2212 410 2330 479 Θεῷ
2367 411 2515 480 φίλη,
2558 413 2653 463 καὶ
2687 407 2972 479 ἁμαρτιῶν
3003 404 3378 471 ἐξαλειπτικὴ.
3409 401 3492 453 ὅτι
3523 401 3620 452 καὶ
3649 398 3791 463 αὐτὴ

2215 497 2512 566 ἀπαλείφει
2559 499 2656 564 τῆς
2680 497 2856 567 ψυχῆς
2885 496 2944 549 τὸ
2970 489 3027 547 ἐν
3057 494 3132 564 μὴ
3152 494 3330 545 δέοντι
3353 487 3676 559 ἀμυντικὸν.
3704 488 3798 541 Aie

2211 606 2328 642 τιον
2363 589 2417 640 δέ
2454 590 2606 642 τοῦδε
2646 589 2738 641 τοῦ
2773 586 3219 656 συμπτώματος,
3251 587 3334 637 ὅτι
3375 583 3436 635 τὸ
3481 583 3580 649 μὲν
3611 579 3794 648 πάντῃ

2214 679 2566 748 ἐπιλελῆσθαι
2607 678 2967 745 ἀγαθοποιίας
3003 674 3336 744 ἐνήλλακται
3367 672 3506 740 πρὸς
3539 670 3608 723 τὰ
3647 671 3796 722 ἀνω-

2212 773 2357 842 τέρω
2393 771 2781 840 συστοιχοῦντα
2827 767 3077 838 χρηστὰ,
3109 768 3185 828 είς
3220 766 3347 818 ὅσον
3388 765 3662 834 ἇῤῥητον,
3697 761 3797 814 καὶ

2213 864 2300 918 διὰ
2328 864 2486 916 τοῦτο
2522 865 2784 932 μισεῖται,
2821 862 2916 914 καὶ
2947 860 3026 922 είς
3055 860 3258 913 κακίαν
3285 859 3706 925 ἀπογράφεταγ
3736 852 3800 905 τὸ

2213 958 2271 1010 δέ
2293 957 2575 1026 γεοπόρῤω
2605 954 2819 1024 βάλλειν
2846 953 2908 1005 τὸ
2927 951 3261 1019 ἀμυντικὸν,
3297 949 3393 1002 καὶ
3421 947 3628 1000 ἐθέλειν
3660 946 3804 1015 μηδὲ

2221 1045 2564 1116 μεμνῆσθαι,
2601 1045 2655 1098 εῖ
2695 1044 2749 1096 τί
2793 1061 2896 1098 που
2937 1042 3104 1096 πάθοι
3151 1041 3352 1101 κακὸν,
3389 1041 3438 1091 εί
3469 1038 3526 1091 δέ
3562 1055 3668 1090 που
3700 1037 3802 1090 καὶ

2223 1155 2328 1207 μνη
2341 1137 2485 1207 ςθείη
2509 1177 2524 1197 ,
2555 1136 2863 1189 ἀποκλείειν
2885 1140 2982 1205 τὴν
3003 1137 3058 1196 ἐς
3077 1132 3256 1202 ψυχὴν
3300 1131 3504 1183 εἴσοδον
3527 1131 3596 1198 τῇ
3623 1131 3808 1196 ἀμυνρ

2218 1231 2344 1298 τικῇ
2375 1227 2668 1296 κακοειτοιίερ⁵
2690 1265 2706 1290 ,
2735 1226 2897 1279 τοῦτο
2930 1227 3041 1288 τοῖς
3069 1222 3328 1292 ἀνωτέρω
3359 1221 3514 1274 δυσὶν
3539 1221 3807 1288 ἀμαρτήτ

2225 1338 2391 1390 μασιν
2417 1320 2472 1383 ἐς
2500 1319 2561 1372 τὸ
2583 1317 2844 1379 παντελὲς
2869 1315 3206 1374 ἀντιπίπτει,
3241 1312 3336 1365 καὶ
3361 1310 3460 1379 τὴν
3489 1311 3626 1378 πρὸς
3658 1308 3807 1360 αὑτά

2224 1412 2459 1484 φατρίαν
2494 1411 2765 1465 ἐκκλίνει·
2802 1409 2897 1462 καὶ
2931 1405 3322 1476 ἀποκληροῦσα
3355 1405 3539 1456 ἐκεῖνα
3570 1400 3649 1469 τῷ
3682 1399 3805 1452 δαί-

2229 1523 2369 1576 μονι.
2395 1501 2691 1557 οἰκειοῦται
2721 1501 2860 1570 αὐτὴ
2888 1499 2968 1568 τῷ
2999 1498 3143 1568 Θεῷ,
3184 1499 3280 1552 καὶ
3316 1495 3396 1559 είς
3425 1493 3628 1564 ἀρετὴν
3656 1494 3806 1545 ἀπο-

2225 1596 2584 1658 λεπτυνθεῖσα
2618 1592 2796 1663 κούφη
2835 1590 3203 1663 πτερύσσεται
3249 1587 3384 1658 πρὸς
3411 1587 3504 1639 τὸν
3547 1584 3804 1654 ὕψιστον.

2299 1779 2376 1836 ις’
2407 1773 2513 1825 Καὶ
2551 1771 2662 1840 ἔχει
2702 1768 2846 1823 οὕτω
2880 1768 3095 1838 φύσεως
3129 1766 3189 1820 τὸ
3219 1767 3475 1834 πρᾶγμα,
3517 1763 3664 1816 καθά
3711 1762 3810 1813 καὶ

2226 1864 2512 1932 φιλόσοφος
2548 1858 2654 1916 οἶδε
2689 1862 2888 1916 κανών.
2927 1861 3085 1912 Δυοῖν
3112 1858 3220 1926 γὰρ
3253 1856 3470 1910 τούτοιν
3501 1853 3808 1914 ἐναντίοιν,

2226 1957 2394 2026 λήθης
2423 1972 2480 2008 τε
2503 1954 2594 2008 τοῦ
2621 1953 2933 2020 ἀγαθύνειν,
2962 1951 3055 2004 καὶ
3079 1949 3148 2003 αὖ
3167 1948 3329 2002 πάλιν
3358 1944 3813 2014 ἐπιλησμοσύνης

2225 2048 2321 2101 τοῦ
2352 2047 2664 2101 κακοποιεῖν
2684 2052 2712 2107 ,’
2732 2045 2854 2098 ἐπεὶ
2890 2043 2951 2096 τὸ
2989 2041 3046 2094 ἓν
3068 2081 3084 2107 ,
3112 2040 3316 2109 φαῦλον
3349 2038 3429 2102 ὃν,
3463 2038 3655 2105 ἔλαχεν
3704 2035 3814 2086 ὑπὸ

2227 2143 2293 2194 τὰ
2319 2134 2533 2209 χρηστά
2559 2137 2745 2189 πεσεῖν
2777 2135 3056 2204 σύστοιχα,
3078 2133 3140 2185 ,τὸ
3169 2131 3280 2201 ἄρα
3310 2128 3518 2192 λοιπὸν,
3548 2128 3698 2181 θεῖον
3727 2126 3811 2188 ὃν,

2229 2229 2359 2283 αὐτὸ
2385 2227 2485 2296 τὴν
2512 2225 2707 2297 ἑτέραν
2739 2223 3056 2292 συστοιχίαν
3087 2220 3255 2273 ὑπέδυ
3291 2218 3389 2286 τὴν
3421 2215 3657 2284 φαύλην.
3701 2213 3814 2265 Καί

2230 2338 2346 2383 πως
2367 2319 2395 2371 ὁ
2419 2317 2516 2388 μέν
2542 2317 2616 2387 μὴ
2648 2313 2927 2385 βουληθεὶς
2958 2311 3199 2368 συνιέναι
3222 2308 3316 2362 τοῦ
3343 2306 3634 2374 ἀγαθῦναι,
3664 2303 3816 2358 κατὰ

2230 2413 2321 2466 τὸν
2355 2408 2648 2480 ψαλμῳδὸν
2680 2407 2760 2470 είς
2793 2404 3037 2463 ἄκανθαν
3064 2401 3341 2471 λογίζεται
3371 2398 3510 2467 ληῖῳ
3541 2411 3814 2464 παραπεο

2233 2505 2468 2572 φυκυῖαν
2509 2499 2746 2570 εύφόρῳ,
2780 2498 2860 2567 τῷ
2891 2495 3031 2550 κατὰ
3065 2495 3164 2566 τὴν
3195 2490 3553 2561 εύεργετικὴν
3586 2505 3814 2540 συστοι-

2230 2593 2355 2665 χίαν
2377 2609 2392 2625 ·
2413 2593 2442 2645 ὀ
2463 2593 2518 2646 δέ
2539 2592 2613 2662 μὴ
2635 2588 3023 2652 ἀνταποδιδοὺς
3047 2589 3161 2650 τοῖς
3189 2584 3525 2646 κακώσασιν,
3555 2583 3638 2643 είς
3656 2579 3818 2649 ῥόδον

2233 2686 2576 2759 ἐγκρίνεται,
2604 2683 2631 2736 ὃ
2667 2682 2764 2746 τὰς
2802 2680 3043 2741 ἀκάνθας
3096 2677 3333 2748 ἐκφυγὸν
3381 2673 3476 2728 τοῦ
3535 2689 3819 2742 μνησικα-

2233 2781 2350 2832 κεῖν
2415 2777 2617 2846 ἀγαθὸν
2675 2775 2882 2829 ἄλυπον
2931 2772 3239 2842 πρόκειται.
3286 2766 3496 2822 Οὐκοῦν
3543 2769 3640 2818 καὶ
3695 2765 3817 2814 ἔστι

2236 2873 2373 2941 πρὸς
2393 2869 2712 2937 ἀστειότητα
2737 2866 2926 2934 φάναι,
2947 2865 3018 2928 ὡς
3045 2864 3306 2932 βαίνουσι,
3327 2859 3488 2914 καλὴν
3512 2856 3613 2927 μὲν
3631 2857 3819 2908 έκεῖνο

2238 2963 2416 3032 σῶμα,
2450 2963 2516 3014 τὰ
2545 2957 2865 3029 εὐεργετικά
2897 2958 3174 3023 σύστοιχα,
3211 2953 3285 3014 ὡς
3313 2945 3400 3004 οἷα
3434 2947 3628 3018 φαύλῳ
3659 2947 3816 3006 ποδὶ,

2239 3053 2318 3122 τῷ
2346 3053 2440 3106 τοῦ
2471 3052 2810 3122 ἀχαριστεῖν,
2836 3048 3005 3102 κακὸν
3032 3047 3077 3099 δ’
3104 3044 3260 3106 αὖθις
3289 3044 3492 3104 ἐκεῖνο,
3551 3039 3614 3092 τὸ
3673 3056 3818 3107 μνη·

2245 3145 2496 3211 σίκακον,
2551 3142 2742 3212 ἀγαθῷ
2805 3141 2961 3206 ποδὶ,
2998 3137 3358 3208 ἐπεμϐαίνειν
3386 3131 3638 3186 ὀκνοῦντι
3675 3128 3818 3199 πρὸς

2243 3239 2510 3306 κᾴκωσιν.
2537 3237 2746 3307 Φράσαι
2771 3235 2827 3289 δέ
2860 3233 3036 3295 ἄλλως
3062 3249 3077 3267 ·
3109 3231 3482 3301 παραπέπηγε
3505 3222 3817 3284 κάνταῦθα,

2243 3331 2435 3402 ὥσπερ
2469 3329 2688 3400 ἀρεταῖς
2722 3327 2913 3389 κακία,
2950 3323 3094 3378 οὕτω
3122 3323 3216 3382 καὶ
3246 3322 3414 3392 ἀρετῇ
3449 3316 3821 3388 φαυλότητες.

2241 3420 2571 3491 Μεμνῆσθαι
2612 3418 2711 3488 μὲν
2747 3417 2857 3487 γὰρ
2894 3414 2988 3479 τοῦ
3021 3415 3485 3486 εὐεργετήσαντος
3510 3449 3522 3468 .
3563 3408 3660 3459 καὶ
3713 3404 3822 3472 μὴν

2243 3515 2654 3583 ἀντευεργετεῖν
2682 3511 2825 3564 κατὰ
2855 3511 3038 3580 ἔργον,
3071 3507 3153 3561 ἔτι
3182 3506 3241 3559 δέ
3275 3507 3368 3560 καὶ
3401 3504 3608 3562 ἐθέλειν
3650 3501 3822 3570 5.13:9-

2244 3603 2434 3674 γεσίαν
2465 3599 2792 3666 ἀντιδοῦναι,
2835 3596 3182 3668 συστοιχοῦσι
3214 3594 3336 3650 κατ’
3367 3592 3592 3664 ἀρετήν.
3626 3589 3824 3656 Φαύλη

2245 3697 2302 3749 δὲ
2335 3693 2653 3766 προαίρεσις
2687 3691 3004 3762 ἀνθρωπίνη
3035 3686 3320 3760 παρέπηξε
3343 3686 3555 3746 τούτοις
3575 3682 3823 3749 δένδροις

2247 3787 2456 3852 καλοῖς,
2484 3785 2652 3854 φυτὸν
2687 3782 3042 3852 φαυλότατον,
3075 3782 3137 3834 τὸ
3160 3779 3478 3851 ἀχάριστον,
3511 3777 3654 3845 ὅπερ
3685 3773 3826 3826 ἀπο-

2248 3879 2452 3938 τίκτειν
2483 3873 2625 3932 οίδεν
2660 3876 2693 3946 ὴ
2731 3873 2870 3945 λήθη
2899 3874 3011 3928 τῶν
3041 3870 3392 3942 εὐεργεσιῶν.

2325 3971 2410 4036 ιζ’.
2463 3969 2577 4028 Kal
2621 3967 2764 4021 οὕτω
2813 3967 2910 4036 μὲν
2961 3965 3264 4034 συστοίχοις
3314 3961 3539 4021 ταύταις
3593 3957 3824 4027 ἀρεταῖς

2249 4067 2420 4142 κακία
2451 4067 2550 4135 μία
2592 4064 2982 4132 παραπέφυκε,
3020 4058 3212 4129 βαρεῖα
3245 4056 3288 4109 δ’
3320 4053 3585 4124 ἑτέρωθεν
3624 4051 3823 4142 μνήμη

2249 4159 2564 4224 κακώσεως.
2609 4156 2704 4209 καὶ
2745 4154 2780 4224 ἡ
2809 4153 2892 4206 ἐπ’
2925 4151 3063 4219 αὐτῇ
3102 4147 3474 4207 ἀντικάκωσις
3506 4141 3824 4210 κακοποιῆ-

2253 4270 2363 4307 (αι.
2403 4248 2567 4310 Ἀλλά
2596 4246 2766 4300 ταῦτα
2801 4243 2926 4312 τρία
2957 4239 3106 4294 κακά
3135 4239 3396 4309 σύστοιχα
3431 4235 3582 4305 παρὰ
3616 4234 3822 4303 θύραν,

584 4331 650 4384 ad
676 4341 907 4400 portam,
939 4339 994 4381 ut
1024 4330 1198 4390 aiunt,
1229 4328 1601 4382 assimilantur
1633 4329 1721 4382 uni
1758 4328 1968 4394 virtuti,
1998 4326 2134 4381 scili-

2247 4339 2274 4390 ὃ
2300 4353 2487 4408 φασιν,
2513 4336 2740 4404 ἥκουσιν
2773 4333 2942 4401 ἀρετῇ
2965 4329 3086 4399 μιᾷ,
3118 4329 3184 4397 τῇ
3209 4327 3303 4379 τοῦ
3337 4324 3411 4395 μὴ
3441 4323 3646 4376 ἐθέλειν
3682 4322 3826 4383 ὅλως

584 4435 690 4488 cet,
719 4440 822 4476 non
857 4422 1075 4498 omnino
1119 4421 1253 4476 velle
1299 4419 1599 4474 vexationis
1646 4420 2004 4495 meminisse:
2059 4422 2146 4474 cui

585 4519 725 4570 louo
749 4514 1122 4594 mcuuetipsum
1147 4514 1260 4582 ipse
1281 4513 1526 4577 ascribo;
1556 4521 1608 4567 et
1643 4513 1722 4568 sic
1745 4527 1920 4582 neque
1950 4511 2146 4567 malum

585 4625 682 4690 pro
723 4608 866 4662 malo
889 4608 1144 4674 cuiquam
1178 4605 1452 4659 invenirer
1482 4604 1819 4669 reddidisse;
1863 4618 2037 4672 neque
2055 4619 2150 4657 vo-

582 4701 698 4753 lens
715 4699 957 4776 quidem,
983 4699 1076 4752 sed
1101 4713 1204 4752 non
1234 4696 1439 4762 valens,
1464 4695 1750 4750 vindictam
1766 4697 2146 4764 suspendisse:

583 4775 810 4868 quorum
848 4791 998 4872 prius
1030 4789 1244 4858 quidem
1281 4788 1601 4858 pessimum,
1653 4789 1924 4856 posterius
1967 4770 2146 4854 autem

585 4885 798 4938 virtutis
829 4881 1225 4964 simulationem
1259 4880 1494 4950 ingeniis
1526 4896 1631 4951 non
1660 4877 1944 4954 profundis
1979 4877 2152 4946 subji-

584 4991 708 5030 cere
747 4975 878 5028 vult.

662 5067 746 5122 18.
799 5067 854 5120 Si
899 5066 1020 5141 quis
1075 5074 1254 5119 autem
1307 5061 1506 5117 dixerit
1554 5060 1776 5130 vulgare
1824 5059 1948 5124 boc,
2025 5057 2155 5132 iis:

591 5160 684 5213 Iud
747 5159 906 5228 igitur
971 5157 1112 5210 unde
1163 5153 1506 5215 manifestum
1557 5153 1678 5207 est?
1709 5151 1887 5222 primo
1933 5151 2150 5220 quidem

587 5249 842 5304 disuttiat
870 5247 1034 5300 vitam
1081 5229 1342 5309 nostram,
1388 5244 1475 5313 ubi
1518 5257 1622 5296 non
1670 5242 1865 5312 poterit
1907 5241 2152 5294 invenire

585 5355 909 5413 quemquam
933 5355 961 5392 a
985 5338 1141 5393 nobis
1170 5336 1374 5416 aliquid
1399 5335 1691 5390 ulciscendi
1714 5349 1875 5390 causa
1901 5348 2148 5402 passum.

587 5435 788 5488 Deinde
840 5431 1234 5486 recentioribus
1284 5429 1484 5483 nostris
1535 5427 1851 5484 infortuniis
1896 5430 2156 5484 adhibeat

587 5526 901 5588 curam,'in
943 5523 1139 5592 quibus
1174 5535 1334 5576 nemo
1377 5534 1475 5574 nos
1513 5520 1721 5574 audivit
1767 5522 2008 5576 dicentes
2050 5523 2150 5575 ali-

511 5639 520 5648 -
590 5617 720 5684 quid
777 5617 844 5672 ad
894 5617 1151 5673 damnum
1187 5610 1348 5682 hujus
1391 5611 1591 5687 linguae
1639 5626 1735 5669 nos
1767 5613 2150 5671 calumniant’s

2255 4425 2569 4497 μεμνῆσθαι
2611 4419 2948 4483 κακώσεως·
2992 4413 3036 4486 ᾧ
3079 4418 3142 4489 δὴ
3176 4416 3366 4488 ἀγαθῴ
3425 4413 3661 4482 ἐμαυτὸν
3715 4411 3827 4478 ἐγὼ

2251 4518 2552 4589 ἀποκληρῶ
2577 4533 2592 4549 ο
2633 4516 2724 4570 καὶ
2749 4513 2870 4574 οὔτε
2907 4513 2973 4566 ἂν
3001 4509 3287 4581 εὑρεθείην
3312 4507 3484 4571 κακοῦ
3511 4505 3687 4577 κακόν
3721 4523 3830 4556 τινι

2251 4610 2586 4672 ἀνταποδούς
2611 4607 2791 4679 (τοῦτο
2817 4606 2882 4675 δὴ
2905 4605 2966 4658 τὸ
2994 4601 3318 4677 χείριστον),
3339 4593 3474 4656 οὐδὲ
3491 4598 3598 4668 μὴν
3623 4597 3829 4653 ἐθέλων

2256 4705 2376 4769 μὲν,
2411 4700 2681 4772 ἀδυναμίᾳ
2709 4699 2766 4752 δὲ
2795 4696 3095 4766 ἀπαιωρῶν
3124 4693 3222 4764 τὴν
3254 4693 3470 4763 ᾅμυναν
3491 4705 3505 4720 ·
3537 4690 3676 4758 ὅπερ
3702 4689 3832 4759 ἀρε-

2252 4795 2350 4860 τῆς
2380 4793 2672 4866 ὑπόκρισιν
2701 4789 3026 4864 ὑποϐάλλειν
3059 4786 3309 4860 βούλεται
3336 4785 3448 4859 τοῖς
3479 4782 3556 4853 μὴ
3579 4779 3832 4850 ἐμϐαθύ-

2255 4899 2456 4946 νουσιν.

2326 5067 2417 5130 ιη’.
2454 5059 2514 5114 Ei
2549 5059 2606 5113 δι
2639 5076 2721 5121 τις
2758 5057 2870 5130 ἔχει
2900 5059 3084 5127 λέγειν
3123 5057 3282 5120 τοῦτο
3314 5058 3379 5131 δὴ
3413 5059 3474 5112 τὸ
3505 5059 3834 5132 δημοτικὶν,

2254 5154 2314 5207 τδ
2411 5151 2583 5205 Πόθεν
2656 5146 2766 5204 ἇοα
2829 5151 2988 5209 τοῦτό
3060 5168 3122 5219 γε
3185 5152 3379 5221 δῆλον;
3481 5153 3675 5223 πρῶτα
3729 5154 3835 5220 μὲν

2256 5239 2607 5305 ὲπεξελθέτω,
2630 5232 2710 5302 οἷς
2741 5238 3109 5312 βεϐιώκαμεν,
3151 5243 3211 5306 ὲν
3239 5235 3319 5305 οἷς
3345 5243 3444 5294 οὐκ
3470 5242 3536 5296 ἂν
3569 5243 3834 5311 εὑρέσθαι

2258 5326 2474 5384 δύναιτο
2509 5332 2600 5383 τὸν
2648 5330 2706 5396 ἐξ
2759 5331 2917 5400 ἡμῶν
2965 5333 3274 5390 πεπονθότα
3318 5353 3372 5390 τι
3407 5338 3542 5406 πρὸς
3583 5336 3834 5405 ἄμυναν.

2257 5419 2390 5477 Εἶτα
2423 5422 2516 5475 καὶ
2545 5423 2659 5484 τοῖς
2698 5422 2926 5492 ἔναγχος
2960 5426 3251 5494 ἡμετέροις
3287 5427 3684 5498 ἐνδιατριψάτω
3725 5447 3838 5481 πα·

2257 5516 2518 5584 θήμασιν,
2555 5516 2612 5566 ἐν
2639 5507 2720 5577 οἷς
2749 5514 2923 5579 οὐδεὶς
2956 5518 3189 5588 ἤκουσεν
3225 5519 3372 5590 ἡμᾶς
3406 5519 3840 5583 ἀποπτύσαντὰς

2255 5627 2306 5662 τι
2356 5608 2490 5679 πρὸς
2531 5607 2733 5677 βλάσην
2772 5609 2870 5676 τῆς
2935 5610 3055 5664 καθ’
3087 5613 3246 5679 ἡμῶν
3301 5613 3548 5668 διαϐόλου
3583 5610 3848 5688 γλώττης
