4034 6206
412 233 523 305 423
1087 233 1508 297 EUSTATHII
1549 231 2304 297 THESSALONICENSIS
2344 232 2917 296 METROPOLITAE

3568 231 3679 296 424

483 349 574 406 22.
615 348 883 406 Praeterea
915 349 1019 416 vir,
1052 350 1107 406 in
1133 349 1428 422 legitimum
1457 351 1765 421 coniugium
1797 351 1978 406 sciens
2010 406 2011 411 η

2153 350 2259 420 κβκ
2286 351 2408 405 Ἔτι
2438 349 2563 404 οὔτε
2591 350 2759 421 ἀνὴρ,
2790 350 2848 412 ἐς
2876 347 2978 421 τὴν
3001 346 3228 415 ἔννομον
3252 343 3527 411 συζυγίαν
3558 343 3687 412 ηδι-

414 458 537 496 esse
569 452 847 512 peccatum
877 484 892 508 ,
921 457 1025 496 non
1072 442 1451 509 obliviscetur,
1511 451 1677 513 puto.
1738 443 1992 512 passione

2114 442 2302 514 ιῆσθαι
2346 442 2525 507 εἰδὼς,
2571 441 2793 495 λάθοιτο
2830 440 2901 494 ἂν
2944 440 3044 509 τῆς
3084 436 3484 507 οἰστροπλῆγος
3526 432 3687 503 οἶμαι

415 531 679 587 furentem
721 534 946 599 sociam,
982 541 1034 585 et
1060 535 1274 588 modum
1311 548 1418 603 quo
1440 533 1613 601 ipsum
1636 533 1906 597 tractavit,
1940 544 1994 586 et

2114 537 2381 607 τυννόμου,
2409 534 2495 590 οἶα
2519 538 2726 589 ἐκεῖνον
2743 535 2954 590 διέθετο
2978 549 2991 563 ·
3014 532 3104 600 ἐφ’
3133 524 3213 594 οἷς
3231 531 3327 584 καὶ
3352 528 3687 597 φυλάττοιτο

427 625 547 680 ideo
571 625 810 687 cavebit,
836 640 933 694 per
969 633 1134 679 t0tam
1166 627 1328 681 vitam
1364 641 1592 690 memor,
1616 640 1682 680 ne
1717 636 1997 685 revertens

419 715 984 786 iniquitssalutarem
1027 718 1328 786 disrumpat
1367 717 1844 774 discordiamﬁec
1881 734 1998 773 ma-

417 809 608 878 gister,
639 822 740 863 nec
771 806 1185 877 palerfamilias.
1225 809 1394 864 malos
1427 809 1685 865 habentes
1733 823 1990 876 comper-

420 909 525 964 tos,
570 915 709 952 unus
760 900 976 969 quidem
1017 899 1386 968 discipulum,
1418 899 1556 954 alter
1603 908 1784 952 autem
1820 898 1994 950 alum-

417 1004 544 1042 num
581 989 930 1060 peccantibus
947 1003 1043 1059 per
1074 988 1398 1043 oblivionem
1427 986 1639 1040 veniam
1677 987 1905 1048 darent,
1942 992 1994 1039 ct

419 1089 565 1133 certe
590 1095 691 1133 nec
733 1080 833 1147 ipsi
870 1080 999 1134 trito
1034 1078 1312 1134 memoriae
1346 1077 1553 1141 colore,
1582 1076 1683 1129 sub
1717 1073 1845 1128 mali
1878 1089 1994 1128 me-

419 1189 632 1227 morum
676 1173 1004 1242 imaginibus
1041 1172 1427 1243 piugerentur;
1457 1178 1644 1224 verum
1683 1184 1823 1222 unus
1869 1168 1992 1236 qni-

419 1266 542 1323 dem
578 1266 860 1321 vocabitur
889 1265 1127 1336 conjugii
1163 1264 1390 1329 zelatur,
1431 1263 1567 1318 alius
1606 1269 1788 1321 autem
1818 1261 1997 1320 bonus

424 1357 703 1426 magister,
743 1369 799 1412 et
828 1356 963 1411 alter
995 1357 1232 1427 prudens
1279 1370 1492 1419 eorum,
1531 1368 1762 1422 quorum
1819 1350 1995 1406 admig

422 1448 797 1504 nistrationem
849 1447 1035 1511 habet,
1084 1460 1418 1501 meonomus.
1448 1443 1644 1499 Eadem
1674 1458 1803 1497 vero
1839 1442 1998 1510 plane

422 1537 633 1591 ratione
694 1539 871 1593 viator
901 1536 995 1606 qui
1024 1552 1243 1605 pravum
1274 1534 1485 1591 itineris
1514 1534 1767 1591 comitem
1797 1532 2000 1591 invenit

2092 628 2178 691 ἂν,
2217 625 2568 697 μεμνημένος
2596 624 2686 678 διὰ
2714 625 2835 694 βίου
2865 623 3091 686 παντὸς,
3137 622 3211 691 μὴ
3243 620 3336 673 καὶ
3368 617 3691 686 ἀνακυκλήο

2097 735 2239 773 σασα
2282 718 2315 786 ἠ
2363 717 2530 771 κακία
2573 715 2833 786 διαζεύξῃ
2873 714 2975 784 τὴν
3016 713 3189 781 καλὴν
3225 711 3517 782 ἁρμονίαν.
3552 708 3688 762 Ούτ⁹

2094 809 2162 862 ἂν
2194 808 2536 871 διδάσκαλος,
2569 807 2690 861 οὐδὲ
2722 806 2829 877 μὴν
2855 805 3268 873 οἰκοδεσπότης.
3294 805 3501 865 κακοὺς
3529 802 3687 866 ἐξευρ-

2097 902 2361 975 ρηκότες,
2389 902 2418 955 6
2451 900 2551 971 μὲν
2581 900 2674 954 τὸν
2707 898 3038 968 μυούμενον,
3066 898 3095 950 6
3119 896 3176 949 δὲ
3198 894 3290 948 τὸν
3318 894 3685 965 τρεφόμενον,

2095 993 2352 1064 ἀμελοῖεν
2389 993 2456 1047 ἂν
2494 992 2667 1061 λήθης
2701 991 2850 1061 λόγῳ
2885 989 2998 1042 τῶν
3034 986 3510 1057 πλημμελούντων
3536 1002 3552 1017 ·
3586 984 3689 1037 καὶ

2094 1086 2196 1141 οὐκ
2226 1086 2327 1156 ήδη
2357 1085 2467 1138 οὐδ’
2499 1085 2690 1148 αὐτοὶ,
2725 1081 3213 1154 παρατρισομένου
3239 1078 3334 1131 τοῦ
3372 1076 3515 1130 κατά
3542 1077 3686 1146 μνή-
3762 1100 3775 1105 —

2100 1194 2208 1247 μην
2268 1176 2559 1249 χρώματος
2590 1216 2607 1240 ,
2674 1176 2975 1245 γράφοιντο
3029 1172 3097 1226 ἂν
3159 1173 3240 1235 εἰς
3317 1169 3687 1241 μνησικάκων

2097 1269 2334 1330 εἰκόνας.
2378 1267 2517 1320 Ἀλλ’
2547 1269 2574 1320 6
2606 1267 2703 1336 μὲν
2736 1266 2892 1319 ἔσται
2923 1263 3263 1333 καλούμενος
3293 1261 3687 1330 φιλοσύζυγος,

2096 1358 2126 1411 6
2153 1358 2198 1410 δ’
2232 1357 2435 1427 ἀγαθὸς
2466 1356 2791 1420 διδάσκαλος
2810 1395 2827 1422 ,
2856 1358 2885 1410 6
2913 1355 2970 1409 δὲ
2999 1354 3222 1418 συνετὸς
3253 1354 3539 1422 οἰκονόμος
3560 1390 3576 1415 ,
3610 1345 3719 1404 ὤν’

2099 1452 2486 1507 οίκοδσσποτεῖ.
2511 1450 2617 1503 Τὸν
2638 1450 2694 1503 δὲ
2716 1450 2903 1518 ὅμοιον
2928 1447 3090 1516 λόγον
3121 1447 3218 1500 καὶ
3239 1444 3521 1514 ὁδοιπόρος
3546 1442 3692 1513 φαῦ-

2099 1544 2190 1597 λον
2215 1543 2336 1598 ὁδοῦ
2366 1542 2625 1597 κοινωνὸν
2665 1539 2941 1611 ἐξευρὼν,
2986 1540 3083 1595 καὶ
3125 1539 3296 1608 συχνὰ
3329 1536 3692 1608 ὑφορώμενος

421 1642 655 1696 eumque
681 1629 752 1683 ob
783 1628 914 1682 illud
942 1629 1271 1697 suspicatur,
1299 1627 1537 1695 prudens
1568 1626 1832 1681 dicendus
1872 1625 1996 1689 erit.

2114 1636 2192 1689 τὸν
2219 1636 2388 1704 ἄνδρα
2407 1635 2548 1688 κατᾶ
2572 1636 2818 1704 μνήμην,
2847 1632 3097 1702 ἐχέφρων
3124 1631 3189 1684 ἂν
3217 1630 3458 1693 καλοῖτο,
3493 1630 3592 1683 καὶ
3621 1630 3687 1682 ού

427 1734 531 1772 non
584 1720 711 1773 mali
751 1736 982 1777 memor.
1026 1721 1292 1803 Mercator
1322 1729 1502 1775 autem
1553 1720 1643 1788 qui
1692 1727 1999 1773 consortem

2114 1727 2493 1799 μνησικακῶν.
2548 1726 2831 1797 Ἐμπορος
2876 1724 2933 1778 δὲ
2984 1722 3389 1792 συλλαϐόμενος
3429 1720 3688 1791 μέτοχον,

426 1822 768 1880 assumptum
797 1814 1065 1882 comperit
1097 1813 1296 1868 bonmn
1326 1827 1613 1869 commune
1640 1812 1827 1868 furtim
1852 1826 2007 1867 exsu-

427 1909 675 1966 gentem,
722 1902 903 1968 arguit
940 1917 1005 1957 ac
1053 1904 1370 1971 exprobrat,
1403 1901 1617 1970 sibique
1661 1911 1855 1968 cavet;
1908 1901 2005 1957 sed

429 2004 536 2045 non
569 1992 633 2044 de
669 1991 878 2048 ultione
910 1994 1178 2048 notandus
1223 2003 1329 2050 est.
1362 1991 1626 2048 Novimus
1669 1992 2004 2049 tumulorum

431 2082 745 2150 violatores,
790 2095 847 2141 et
895 2101 1112 2156 semper
1157 2088 1394 2153 odimus,
1433 2098 1490 2142 et
1525 2097 1782 2156 tanquam
1833 2087 2004 2142 malos

429 2174 692 2241 vitamus,
734 2188 789 2232 et
822 2193 925 2232 non
961 2182 1271 2234 desinemus
1316 2195 1438 2236 esse
1494 2183 1650 2245 tales,
1701 2180 1877 2235 donec
1916 2180 2002 2234 isti

432 2263 571 2320 talus
604 2274 927 2325 manserint.
960 2270 1017 2325 Si
1062 2272 1185 2340 quis
1220 2271 1386 2340 igitur
1431 2272 1556 2326 mali
1588 2286 1856 2326 memores
1906 2287 2006 2327 nos

431 2355 615 2411 dicere
657 2358 791 2426 vult,
821 2362 1016 2416 audeat
1045 2370 1102 2417 et
1135 2363 1281 2416 dicat
1313 2370 1370 2419 et
1393 2363 1710 2417 irrideatur.
1744 2362 1873 2416 Hzec
1910 2378 2007 2416 an-

433 2456 539 2500 tem
572 2461 651 2503 est
681 2451 841 2506 etiam
864 2454 1074 2508 cameris
1100 2453 1476 2524 iniquitatibus
1505 2453 1814 2523 esplicatio.
1837 2454 2009 2511 Fura.

432 2545 522 2589 tur
554 2537 804 2595 vicinus:
844 2552 1132 2613 suspectus
1170 2551 1290 2609 est;
1329 2543 1454 2604 mali
1498 2559 1705 2599 memor
1741 2560 1870 2615 ergo
1914 2545 2005 2615 qui

430 2626 607 2685 furem
632 2631 946 2698 suspicatus
964 2644 1067 2689 est.
1090 2635 1243 2691 Alius
1268 2635 1642 2702 homicidium,
1659 2636 2004 2706 sacrilegium

432 2719 611 2787 alter,
668 2726 857 2779 tertius
904 2737 1086 2781 autem
1144 2728 1481 2797 impietatem
1534 2731 1912 2796 perpetravit:
1956 2730 2002 2786 si

434 2810 561 2867 inde
607 2815 828 2881 odium,
865 2819 991 2873 mali
1043 2822 1362 2876 memoriam
1408 2821 1791 2891 experiuntur.
1842 2821 2005 2879 Errat

433 2903 506 2957 ita
541 2909 781 2963 sentiens
819 2920 874 2963 et
898 2913 1250 2979 semetipsum
1276 2913 1499 2984 decipit.

2108 1821 2206 1883 xui.
2231 1819 2492 1891 φωράσας
2525 1817 2776 1879 ὑπούλως
2798 1816 2860 1870 τὸ
2880 1816 3061 1870 κοινὸν
3094 1814 3446 1885 ὲκμυζῶντα,
3472 1813 3691 1880 ἐλέγξει
3796 1852 3807 1855 -

2111 1914 2207 1985 μὲν
2254 1914 2348 1966 καὶ
2395 1912 2670 1984 μέμψεται
2716 1911 2813 1965 καὶ
2862 1908 3195 1977 φυλάξεται·
3243 1906 3349 1960 οὐκ
3394 1906 3460 1960 ἂν
3506 1904 3563 1958 δὲ
3607 1906 3693 1971 εἰς

2110 2005 2480 2077 μνησικακίαν
2544 2004 2831 2071 ἀπάγοιτο.
2922 2000 3164 2069 Οἴδαμεν
3248 1997 3689 2068 τυμϐωρύχους,

2107 2102 2203 2154 καὶ
2246 2098 2515 2169 μισοῦμεν
2547 2095 2665 2161 ἀεὶ,
2707 2094 2801 2148 καὶ
2840 2093 3164 2156 ἐκκλίνομεν
3207 2092 3283 2154 ὡς
3312 2090 3520 2151 κακοὺς
3543 2129 3558 2151 .
3591 2088 3693 2151 καὶ

2106 2191 2214 2244 οὐδ’
2259 2191 2325 2244 ἂν
2365 2187 2723 2259 παυσαίμεθα
2761 2187 2954 2245 τοιοίδε
2999 2186 3188 2248 ²ὅντες.
3238 2184 3344 2246 ἓως
3382 2182 3448 2237 ἂν
3484 2182 3690 2233 ἐκεῖνοι

2107 2283 2339 2345 τοιοῦτοι
2387 2284 2618 2353 μένοιεν.
2663 2282 2726 2334 Εἰ
2780 2279 2912 2348 γοῦν
2952 2296 3035 2341 τις
3086 2275 3261 2329 ἐθέλει
3311 2274 3691 2346 μνησικάκους

2105 2376 2288 2444 λέγειν
2319 2375 2486 2445 ἡμᾶς,
2519 2373 2774 2442 τολμάτω
2802 2371 2894 2429 καὶ
2936 2370 3140 2437 λεγέτω
3171 2368 3264 2420 καὶ
3302 2365 3574 2435 γελάσθω.
3619 2365 3691 2416 Ἦ

2107 2467 2153 2520 6‘
2194 2467 2333 2537 αύτὴ
2363 2466 2459 2520 καὶ
2481 2467 2574 2521 ἐπὶ
2606 2463 2717 2517 τῶν
2751 2461 2929 2516 ἄλλων
2959 2459 3170 2514 κακιῶν
3202 2458 3412 2526 ἔφοδος.
3441 2457 3690 2511 Κλέπτει

2108 2560 2340 2629 γείτων·
2428 2554 2821 2611 ὑποπτεύεται.
2912 2550 3267 2621 Μνησίκακος
3341 2549 3453 2620 άρα
3506 2551 3535 2602 6
3589 2549 3687 2601 τὸν

2109 2654 2413 2709 κλέπτοντα
2442 2650 2817 2721 ὑπειδόμενος.
2861 2647 3184 2718 Ἐφόνευσεν
3211 2644 3422 2713 ἕτερος,
3465 2640 3686 2711 ἱεροσύ-

2107 2748 2272 2818 λησεν
2300 2745 2479 2808 ἄλλος,
2506 2747 2533 2798 6
2564 2743 2621 2798 δέ
2643 2760 2728 2806 τις
2758 2740 3148 2810 ὲθεομάχησεν.
3174 2738 3239 2792 Εἰ
3268 2735 3334 2806 δὴ
3368 2732 3686 2804 μισοῦνται,

2110 2837 2597 2912 μνησικακοῦνται.
2658 2830 3097 2906 Παραλογίζεται
3144 2832 3173 2884 6
3228 2827 3444 2899 φρονῶν
3501 2824 3687 2893 οὕτω,

2108 2932 2204 2985 καὶ
2232 2929 2393 2993 αὐτὸς
2418 2927 2612 2982 ἑαυτὸν
2642 2920 2874 2996 ἀπατᾷ.’

502 2996 597 3051 25.
627 2998 843 3067 Adhuc,
878 3003 921 3056 si
967 3005 1185 3073 quidem
1224 3006 1625 3061 contrariorum
1679 3008 1866 3062 eadem
1918 3017 1999 3061 est

2180 3020 2287 3091 κγ’.
2339 3023 2460 3075 Ἔτι
2492 3020 2649 3089 εἰπερ
2679 3018 2789 3071 τῶν
2841 3016 3101 3071 ἐναντίων
3136 3016 3170 3086 ή
3203 3012 3343 3085 αὐτὴ
3394 3012 3687 3083 ἐπιστήμη

433 3089 661 3144 scientia
717 3091 1058 3163 cognitioque
1098 3094 1207 3165 (est
1258 3106 1439 3151 autem
1502 3098 1768 3169 omnino),
1816 3098 2005 3154 eadem

436 3180 542 3234 erit
611 3186 812 3253 accepti
880 3184 1124 3245 beneﬁcii
1193 3190 1429 3260 malique
1484 3191 1640 3249 illati.
1689 3191 1790 3259 Qui
1872 3209 2001 3261 ergo

430 3269 642 3340 judicat
687 3275 756 3329 ab
792 3276 1030 3333 humana
1091 3278 1273 3333 anima
1306 3280 1743 3336 recordationem
1783 3296 2012 3352 prorsus

435 3365 846 3432 eradicandam,
882 3383 1005 3424 cum
1056 3368 1263 3441 aliquid
1318 3370 1444 3426 mali
1494 3386 1691 3441 passus
1721 3384 1827 3436 eat,
1864 3374 2008 3444 opti-

439 3470 582 3509 mam
628 3472 846 3527 quoque
888 3459 1155 3531 plantam,
1209 3462 1605 3527 beneﬁciorum
1666 3464 2007 3530 memoriam,

439 3548 600 3605 simul
629 3552 975 3625 exstirpabit,
1012 3564 1068 3611 et
1096 3556 1407 3626 paradisum
1437 3558 1709 3628 quinobis
1741 3558 1884 3612 inest
1913 3558 2010 3611 de-

441 3642 725 3710 vastabit;
762 3653 817 3699 et
855 3645 968 3715 jam
1019 3662 1124 3702 non
1157 3647 1355 3718 aliquis
1389 3649 1826 3707 animadvertere
1861 3659 2013 3719 pote-

441 3735 532 3798 rit,
565 3747 621 3791 ut
664 3740 730 3793 de
758 3737 899 3794 malo
946 3739 1195 3807 tolerato,
1247 3743 1328 3798 sic
1359 3742 1427 3797 de
1464 3743 1734 3803 beneﬁcio
1774 3754 2012 3814 recepto.

443 3827 641 3885 Eadem
672 3832 819 3887 enim
850 3833 1083 3888 scientia
1117 3833 1271 3889 novit
1300 3842 1597 3905 utrumque
1630 3850 1726 3904 per
1757 3837 2016 3891 recorda-

443 3924 666 3979 tionem.
697 3923 753 3978 Si
783 3926 907 3994 quis
937 3936 1119 3982 autem
1151 3926 1314 3982 unius
1357 3928 1675 3984 memoriam
1718 3943 1825 3984 non
1856 3927 2018 3984 habet

444 4016 871 4090 suscipiendam,
905 4027 1057 4075 certe
1109 4035 1210 4076 nec
1258 4019 1511 4077 alterius.
1541 4020 1607 4077 Et
1648 4021 1729 4077 sic
1779 4021 2018 4076 humana

444 4106 712 4177 perfectio
748 4109 971 4165 defecit.

514 4199 606 4252 24.
647 4197 842 4264 Porro,
890 4202 1203 4258 meminisse
1239 4203 1369 4258 mali
1401 4203 1724 4274 simpliciter
1747 4205 1813 4258 ad
1853 4204 2020 4259 multa

2111 3114 2209 3169 xei
2249 3115 2451 3182 γνῶσις
2504 3112 2653 3165 ἐστὶν
2695 3110 2834 3178 (ἔστι
2862 3110 2919 3164 δὲ
2951 3108 3218 3176 πάντως),
3251 3105 3337 3177 εἴη
3366 3105 3432 3160 ἃν
3477 3108 3510 3174 ή
3541 3104 3688 3174 αὑτὴ

2110 3209 2203 3262 καὶ
2228 3206 2320 3260 τοῦ
2344 3202 2757 3275 εύεργετεῖσθαι
2788 3201 2884 3255 καὶ
2908 3199 3003 3254 τοῦ
3032 3198 3362 3254 κακοῦσθαι.
3405 3197 3465 3249 '0
3497 3196 3689 3251 τοίνυν

2110 3297 2278 3363 ἀξιῶν
2316 3295 2675 3367 ὲκριζοῦσθαι
2710 3294 3064 3348 παντάπασιν
3106 3292 3205 3358 τῆς
3239 3290 3361 3345 κατ’
3396 3288 3690 3357 ἄνθρωπον

2111 3390 2289 3462 ψυχῆς
2320 3389 2380 3442 τὸ
2409 3388 2743 3460 μεμνῆσθαι,
2779 3386 2856 3448 ὡς
2904 3384 3092 3447 κακῶς
3122 3381 3289 3437 ποθεν
3331 3380 3524 3443 ἔπαθε,
3562 3396 3694 3431 συν-

2113 3479 2383 3534 εκσπάσοι
2405 3479 2472 3534 ἂν
2503 3477 2597 3531 καὶ
2626 3476 2685 3529 τὸ
2713 3474 3002 3529 κάλλιστον
3040 3473 3227 3542 φυτὸν,
3250 3472 3359 3544 τὴν
3396 3470 3505 3525 τῶν
3530 3468 3693 3538 εὓερτ

2115 3570 2315 3641 γεσιῶν
2352 3570 2594 3641 μνήμην,
2645 3567 2742 3622 καὶ⁸
2789 3569 2881 3621 τὸν
2935 3567 2994 3619 ὲν
3025 3564 3159 3635 ἡμῖν
3196 3564 3477 3636 ἐρημώσει
3505 3560 3692 3629 παρά·

2113 3663 2328 3717 δεισον·
2383 3660 2478 3714 καὶ⁵
2549 3658 2734 3712 οὐκέτι
2788 3656 2856 3712 άν
2916 3674 3001 3721 τις
3058 3655 3227 3726 εἰδείη
3284 3652 3694 3725 αἰσθήσεσθαι,

2115 3753 2305 3823 ὥσπερ
2358 3747 2456 3804 τοῦ
2507 3748 2856 3816 κακωθῆναι,
2894 3747 3071 3810 οὓτως
3114 3746 3238 3813 οὐδὲ
3272 3744 3366 3798 τοῦ
3396 3746 3698 3815 εύεργετητ

2118 3843 2297 3914 θῆναι.
2343 3842 2409 3893 Ἦ
2437 3840 2545 3908 γάρ
2589 3839 2731 3911 αὐτὴ
2782 3841 2949 3909 ἄμφω
2999 3833 3142 3892 οἰδεν
3188 3835 3250 3902 ἐξ
3298 3836 3694 3904 ἀναμνήσεως.

2119 3936 2181 3991 Εἰ
2210 3935 2266 3990 δέ
2297 3951 2381 3997 τις
2422 3934 2652 4003 θατέρου
2694 3932 2919 4002 μνήμην
2969 3930 3071 3990 οὐκ
3114 3927 3230 4000 ἔχει
3259 3926 3699 4004 ἀναλαμϐάνειν,

2119 4028 2219 4084 ούκ
2248 4028 2316 4082 ἂν
2352 4026 2473 4081 οὐδὲ
2521 4025 2616 4078 τοῦ
2649 4024 2863 4095 ἑτέρου.
2913 4022 3023 4076 Καὶ
3046 4020 3223 4085 οὕτως
3249 4021 3282 4089 (ia
3321 4020 3442 4086 κατ’
3480 4020 3703 4094 ἄνθρω-

2124 4137 2226 4175 πον
2278 4118 2552 4187 τελειότης
2591 4116 2926 4171 ἐκλέλοιπεν.

2193 4212 2294 4266 κδ’.
2323 4212 2445 4264 Ἔτι
2484 4210 2547 4264 τὸ
2604 4207 2914 4280 μεμνῆσθαι
2947 4206 3124 4261 κακοῦ
3186 4206 3269 4267 εἰς
3320 4205 3492 4260 πολλὰ
3522 4206 3705 4260 ἐθέλει

447 4298 623 4354 potest
644 4289 831 4345 referri
862 4307 877 4346 :
907 4307 1012 4345 non
1042 4293 1186 4347 enim
1214 4292 1501 4347 indivisum
1535 4304 1640 4349 est.
1668 4294 1878 4364 Aliquis
1905 4308 2011 4349 mc-

2126 4301 2453 4358 διπλοῦσθαι·
2508 4302 2570 4354 ού
2621 4301 2731 4370 γάρ
2783 4300 2932 4351 ἐστιν
2966 4298 3210 4368 ἀσχιδές.
3251 4296 3407 4367 Ἐχει
3436 4315 3520 4360 τις
3563 4300 3709 4367 μνή-

446 4386 623 4439 moria
685 4393 866 4450 tenet,
921 4385 1067 4455 quod
1127 4386 1474 4456 :egrotaverit
1540 4385 1626 4455 (si
1686 4401 1821 4442 sane
1886 4385 2011 4455 quid

2125 4412 2255 4466 μην,
2286 4396 2363 4458 ὡς
2390 4393 2608 4463 νοσήσοι
2653 4391 2786 4449 ποτὲ
2820 4391 2892 4459 (εἰ
2933 4390 2998 4460 δή
3037 4407 3092 4444 τι
3138 4387 3371 4459 κακδνή
3420 4388 3599 4454 νόσος)
3626 4389 3710 4451 ὡς

451 4474 579 4529 mali
608 4476 680 4529 sit
703 4474 1014 4545 aegritudo),
1042 4476 1187 4547 quod
1233 4476 1497 4531 ceciderit
1542 4475 1598 4532 in
1633 4490 1782 4531 mare
1830 4474 2011 4532 furens

2125 4480 2418 4550 περιπέσοι
2453 4482 2763 4552 μαινομένῃ
2805 4478 3057 4553 θαλάσσῃ
3100 4479 3197 4537 καὶ
3237 4478 3554 4555 πειρωμένῃ
3606 4496 3713 4533 καφ

450 4574 507 4622 et
569 4570 635 4622 ad
681 4568 956 4623 infernum
1003 4568 1281 4624 attrahere
1328 4574 1578 4634 tentans;
1631 4567 1776 4638 quod
1840 4566 2023 4636 gravis

451 4658 605 4729 plaga
652 4659 815 4715 fuerit
855 4659 1073 4716 incussa
1120 4674 1291 4728 ense,
1337 4674 1445 4716 non
1491 4659 1711 4726 alieno,
1758 4659 1853 4716 sed
1899 4674 2025 4727 pro-

451 4752 572 4819 prio
639 4766 733 4821 per
783 4751 1020 4822 aliquem
1062 4752 1157 4808 fati
1211 4767 1439 4819 casum,
1493 4754 1636 4824 quod
1696 4753 1749 4809 in
1799 4750 2026 4823 proiun-

454 4841 578 4895 dam
604 4840 813 4896 foveam
832 4857 899 4897 ex
921 4842 1253 4900 oli'endiculo
1278 4844 1494 4915 lapsus,
1522 4844 1668 4914 quod
1695 4842 1797 4899 rivi
1825 4842 2028 4899 ﬂuento

454 4942 766 5001 pertractus
796 4933 982 4991 fuerit.
1027 4935 1159 4992 Haec
1204 4935 1370 5005 igitur
1397 4937 1666 5008 perpessi,
1700 4936 1817 4991 sive
1863 4950 2028 5003 unus,

459 5024 578 5078 sive
600 5025 803 5093 plures,
865 5042 969 5091 non
1028 5030 1278 5092 omnino,
1329 5045 1377 5087 st
1432 5029 1780 5087 meminerint
1834 5027 2033 5097 quibus

461 5118 805 5173 occurrerint
870 5120 1068 5188 malis,
1112 5121 1237 5177 mali
1301 5123 1580 5177 memoria
1635 5120 1814 5175 reatui
1864 5117 2034 5188 subji-

463 5217 734 5275 cerentur,
793 5210 920 5275 nisi,
967 5214 1057 5281 qui
1123 5213 1264 5269 male
1305 5213 1618 5284 loquuntur.
1678 5213 1760 5266 sic
1830 5211 2034 5281 impro-

466 5299 585 5368 prie
609 5300 794 5355 dicere
824 5300 1017 5358 velint.
1049 5304 1239 5374 itaque
1288 5320 1383 5374 per
1408 5305 1716 5375 analogiam
1747 5318 1813 5358 ex
1842 5303 2033 5357 eodem

466 5392 592 5450 loco
621 5407 723 5448 nec
753 5394 1047 5450 recordans
1085 5396 1288 5465 aliquid
1316 5413 1374 5454 se
1401 5398 1526 5451 mali
1559 5411 1781 5466 passum
1820 5410 1849 5449 a
1897 5406 2036 5463 quo-

466 5486 589 5541 dam
622 5487 811 5555 i'uisse,
837 5502 1096 5557 perverse
1118 5490 1381 5547 dicendus
1402 5500 1488 5546 est
1516 5489 1642 5543 mali
1678 5503 1905 5551 memor,
1939 5486 2035 5542 sed

468 5573 667 5644 aliquis
708 5578 1022 5645 recordans,
1053 5580 1217 5647 sicut,
1241 5597 1364 5650 quze
1398 5596 1590 5650 passus
1612 5590 1717 5641 est,
1748 5577 2034 5644 malorum,

470 5665 556 5723 sic
586 5668 749 5724 etiam
796 5686 985 5729 eorum
1034 5687 1153 5738 quae
1200 5682 1327 5728 sunt
1378 5687 1409 5729 ο
1456 5673 1753 5730 contrario.
1792 5670 1846 5737 Si
1901 5686 2033 5737 vero

2125 4573 2434 4631 τασπάσειν
2500 4573 2638 4644 πρὸς
2693 4573 2867 4645 ᾅδην·
2924 4571 3000 4636 ὡς
3071 4572 3309 4642 πληγείη
3374 4570 3519 4641 ξίφει
3569 4571 3710 4642 προς

2129 4665 2356 4736 βαρεῖαν
2419 4664 2701 4727 κάκωσιν,
2750 4662 2853 4717 οὐκ
2908 4660 3218 4736 ἀλλοτρίῳ,
3272 4660 3411 4714 ἀλλὰ
3469 4660 3548 4730 τῷ
3601 4661 3713 4716 ἀνά

2127 4759 2319 4830 χεῖρας
2370 4757 2608 4811 ἐκποθι
2641 4755 2813 4827 τύχης
2874 4755 3054 4819 τινός·
3099 4755 3176 4818 ὡς
3212 4756 3369 4825 βαθεῖ
3408 4755 3586 4829 βόθρῳ
3624 4758 3713 4826 ﬁte

2131 4853 2253 4921 φεὶς
2298 4853 2361 4904 ὲκ
2410 4850 2867 4921 προσκόμματος·
2910 4849 2987 4912 ὡς
3043 4848 3401 4918 παρασυρείη
3434 4852 3713 4917 ποταμοῖο

2133 4942 2391 5015 ῥεύματι.
2429 4942 2488 4996 ’0
2516 4942 2699 4995 τοίνυν
2725 4940 2953 5001 τοιαῦτα
2981 4940 3192 5005 παθὼν.
3224 4940 3337 4994 εἴτε
3362 4936 3443 5003 εἷς
3474 4943 3712 5006 ἐκεῖνος,

2133 5033 2248 5087 eice
2289 5034 2496 5101 πολλοὶ,
2530 5035 2633 5088 οὐκ
2680 5033 2747 5088 ἂν
2781 5033 3030 5098 πάντως,
3066 5034 3117 5086 εἰ
3170 5032 3483 5102 μέμνηνται
3515 5036 3714 5098 κακοῖς

2134 5123 2530 5194 ἔγκύρσαντες,
2618 5126 2684 5194 τῇ
2776 5121 2872 5189 τοῦ
2964 5125 3331 5192 μνησικακεῖν
3400 5125 3717 5196 κακηγορίᾳ

2136 5215 2558 5283 ὑποπεσοῦνται,
2620 5216 2670 5268 εἰ
2718 5215 2793 5284 μή
2847 5231 2899 5266 τι
2955 5214 3177 5284 ἀκύρως
3223 5216 3275 5267 οἱ
3332 5214 3519 5278 κακῶς
3572 5215 3714 5281 ἁγο-

2139 5307 2391 5378 ρεύοντες
2447 5309 2738 5376 ὀνομάζειν
2805 5306 3103 5375 βούλοιντο.
3161 5306 3373 5360 Οὐκοῦν
3427 5306 3717 5374 ἀναλόγως

2138 5401 2203 5452 ὲκ
2243 5397 2339 5453 τοῦ
2386 5399 2554 5455 αὐτοῦ
2597 5400 2765 5453 τόπου
2811 5398 2921 5452 οὐδ’
2952 5399 2980 5451 6
3013 5397 3395 5467 μνημονεύων,
3428 5397 3621 5451 παθεῖν
3657 5415 3717 5452 τι

2139 5490 2277 5561 πρός
2341 5508 2436 5545 του
2516 5492 2708 5559 κακὸν,
2797 5488 3136 5556 κακολογοῖτ*
3205 5487 3273 5541 ἂν
3354 5488 3718 5556 μνησίκακος,

2142 5582 2291 5635 ἀλλά
2325 5598 2409 5645 τις
2468 5581 2736 5652 μνήμων,
2803 5580 3017 5650 ὥσπερ,
3058 5572 3133 5633 ὧν
3188 5578 3467 5643 πεπόνθοι,
3501 5580 3717 5651 κακῶν,

2142 5674 2284 5727 οὓτω
2319 5671 2415 5727 καὶ
2454 5673 2561 5725 τῶν
2597 5671 2888 5728 ἀνάπαλιν.
2924 5673 2985 5725 Ei
3013 5671 3069 5726 δέ
3100 5688 3162 5741 γε
3195 5672 3292 5725 καὶ
3330 5671 3541 5743 ᾇμυναν
3564 5671 3721 5743 ὲκεζγ
