3926 6200
274 277 380 344 4Ξ5

1259 294 1559 356 CONTRA
1604 298 2093 362 lNJURIARUM
2125 302 2564 364 MEMORIAM.

3409 305 3514 369 426

273 409 362 454 νος
394 393 620 464 μελετᾷ,
653 397 752 450 καὶ
777 397 1034 454 τίσασθαι
1064 404 1306 472 τυρεύει,
1339 407 1434 460 καὶ
1468 411 1638 464 κακὸν
1677 413 1835 465 αντα-

1944 429 2157 484 qunque
2205 416 2498 471 vindictam
2547 418 2635 471 illa
2690 419 3006 483 meditatur,
3059 416 3512 488 machinaturquc

271 486 527 540 ποῖοῦναι
587 487 782 556 κακοῦ,
839 493 1014 546 ἐκεῖνό
1065 496 1248 563 ἐστιν,
1301 493 1346 552 ὧ
1399 493 1584 568 οὗτοι,
1647 520 1840 575 μνησι·

271 580 486 630 κακείν.

340 673 442 721 κε’.
477 667 602 722 Ἔτι
641 671 1205 744 ἐντεθησαυρισμένου
1239 679 1316 748 τῷ
1354 681 1494 732 κατὰ
1529 683 1706 753 ψυχὴν
1743 701 1840 737 τα-

271 757 432 826 μιείῳ
459 760 646 815 θεόθεν
678 763 773 815 καὶ
805 764 900 817 τοῦ
938 767 1036 836 τῆς
1067 769 1312 840 μνήμης.
1327 771 1496 826 καλοῦ
1522 775 1604 836 είς
1635 775 1839 845 μυρίαν

269 851 619 920 εὐεργεσίαν,
645 857 712 926 ἢν
735 858 992 913 ἐκθέσθαι
1027 860 1442 934 βιόλιογραφίας
1466 865 1550 934 είη
1586 866 1652 920 ἂν
1674 866 1838 936 ἔργον

269 946 512 1014 μακρᾶς,
542 947 625 1009 τίς
653 947 720 1001 ἂν
745 949 890 1004 οὕτω
919 959 1370 1027 κατεπιχειρήσοι
1400 961 1668 1028 στεγανῆς
1697 958 1835 1012 ταύ-

265 1052 363 1103 της
415 1041 837 1109 ταμιειουχίας.
872 1043 948 1108 ὡς
976 1046 1194 1117 ὀργάνῳ
1249 1048 1422 1119 λήθης
1473 1050 1727 1118 ἐξορύξαι
1774 1051 1837 1103 τὸ

267 1122 555 1191 φύλαγμα,
588 1127 682 1180 καὶ
707 1128 1038 1186 ἀπώσασθαι
1072 1135 1171 1203 μὲν
1194 1135 1254 1188 τδ
1285 1137 1450 1190 καλὸν
1479 1139 1582 1208 τῆς
1613 1143 1837 1210 μνήμης

267 1215 686 1288 πτερυξαμένης
746 1222 856 1275 ἄνω
913 1241 1016 1278 που
1058 1226 1194 1296 πρὸς
1240 1229 1562 1299 Ὄλυμπον,
1617 1233 1836 1284 ἀντεισ-

267 1311 502 1375 αγαγεῖν
561 1309 619 1362 δὲ
674 1311 776 1382 τὴν
831 1314 1086 1384 κίϐδηλον
1135 1318 1339 1388 λήθην,
1407 1320 1504 1392 τὴν
1561 1322 1622 1375 τδ
1671 1322 1835 1374 καλὸν

269 1397 501 1466 πλάσμα
526 1399 622 1452 τοῦ
651 1400 788 1453 Θεοῦ
812 1403 1346 1473 ἀπανθρωπίζουσαν
1372 1426 1387 1471 ;

331 1497 453 1554 σις’.
495 1490 639 1560 Ἐγὼ
664 1487 760 1547 οὖν
794 1495 1108 1567 μεμνῄμην,
1142 1497 1244 1552 Θεὲ
1271 1498 1468 1570 σῶτερ,
1497 1502 1606 1554 ἀεί·
1633 1503 1836 1574 κεκλή-

268 1597 372 1646 μην
422 1579 571 1634 οὕτω
604 1581 761 1645 εἰδώς
801 1600 858 1635 τε
900 1585 995 1637 καὶ
1029 1589 1372 1658 ἐπιστήμων,
1412 1593 1505 1644 καὶ
1533 1593 1834 1663 διακρίνειν

265 1670 481 1738 μαθὼν,
527 1674 626 1726 καὶ
673 1675 736 1727 τ’)
791 1675 912 1728 ὅλον
969 1678 1187 1741 εἰπεῖν,
1247 1679 1550 1750 ἄνθρωπος·
1602 1683 1697 1736 καὶ⁵
1757 1685 1833 1754 μὴ

1944 505 2160 559 modum
2194 507 2510 571 ulciscendi,
2563 525 2770 565 necnon
2811 512 3014 564 malum
3063 525 3161 580 pro
3211 509 3352 564 malo
3383 512 3507 564 red-

1942 596 2126 661 dcndi,
2161 598 2262 652 hoc
2291 607 2372 652 est
2397 613 2524 652 vere
2560 600 2686 653 mali
2723 602 3058 655 meminisse.

2009 685 2100 739 25.
2150 687 2304 750 Item,
2370 689 2736 742 thesaurizato
2789 692 2841 743 in
2889 691 3085 776 anima:
3133 693 3510 762 promptuario

1941 776 2195 831 divinitus
2247 779 2520 832 memoriae
2565 781 2705 834 bono
2745 781 2795 834 in
2845 781 2988 836 mille
3042 783 3342 847 beneficia,
3379 799 3512 852 qun-

1943 884 2059 923 rum
2135 870 2400 938 expositio
2457 871 2674 941 longum
2725 886 2862 940 opus
2920 883 3097 935 esset,
3152 875 3274 943 quis
3319 890 3509 928 manus

1943 961 1996 1014 in
2051 959 2191 1015 banc
2235 962 2609 1016 absconditam
2647 965 3012 1032 provisionem
3041 965 3120 1018 sic
3151 965 3416 1032 injiceret,
3453 977 3511 1018 nt

1939 1049 2229 1106 oblivionis
2277 1052 2639 1106 instrumento
2691 1055 3024 1107 reconditum
3072 1053 3332 1108 effoderet
3389 1056 3509 1108 the-

1939 1155 2184 1206 saurum,
2213 1152 2272 1195 ut
2323 1154 2534 1197 arceret
2577 1145 2792 1212 quidem
2823 1146 3022 1198 bonum
3057 1146 3337 1199 memoriae
3383 1161 3510 1198 sur-

1938 1247 2056 1286 sum
2119 1234 2399 1289 volitantis
2455 1235 2520 1289 ad
2551 1233 2862 1304 Olympum,
2912 1235 3281 1290 introduceret
3327 1246 3505 1289 autem

1939 1323 2057 1392 ejus
2113 1321 2233 1378 loco
2278 1325 2513 1378 scoriam
2565 1325 2874 1388 oblivionis,
2914 1339 3033 1393 qua:
3068 1325 3360 1396 pulchrum
3415 1326 3507 1381 Dci

1940 1410 2144 1479 plasma
2177 1411 2492 1466 deformat?

2007 1500 2100 1558 26.
2133 1500 2244 1571 Ego
2268 1517 2417 1566 vero,
2447 1501 2586 1556 Deus
2620 1503 2879 1567 salvator,
2917 1505 3124 1559 utinam
3163 1504 3504 1560 meminerim

1937 1594 2187 1660 semper!
2229 1590 2399 1647 Vocer
2439 1593 2508 1646 ita
2539 1595 2715 1648 sciens
2742 1603 2796 1648 et
2823 1589 3073 1660 noscens,
3111 1605 3164 1650 ct
3192 1597 3508 1650 discernere

1939 1684 2147 1749 doctus,
2181 1694 2232 1738 et
2265 1699 2372 1739 uno
2408 1686 2596 1750 verbo,
2631 1688 2818 1740 homo!
2853 1685 2967 1741 Non
3005 1698 3292 1742 convertar
3341 1688 3392 1741 in
3429 1687 3510 1741 ie-

262 1761 635 1830 ἑκστραφείην
669 1765 750 1826 είς
783 1762 1078 1836 λήθαργον,
1111 1769 1248 1838 μηδὲ
1282 1772 1720 1843 μεταπλασθείην
1755 1775 1835 1837 είς

1941 1777 2262 1844 tbargicum,
2305 1790 2404 1831 nec
2450 1784 2783 1831 transmuter
2815 1778 2865 1831 in
2901 1779 3147 1843 stultum,
3176 1789 3269 1832 aut
3299 1777 3504 1832 Meliti-

262 1855 688 1922 Μαμμὰκουθὸν
735 1873 900 1923 τινα,
949 1860 982 1928 ἢ
1040 1861 1368 1931 Μελιτίδην,
1431 1864 1462 1933 ἢ
1509 1866 1600 1918 τὸν
1642 1867 1832 1937 ’ἕτερον

261 1945 554 2016 Κόροιόον,
587 1947 619 2016 ἦ
656 1949 734 2012 είς
770 1949 1076 2021 Πολύωρονο
1110 1953 1248 2022 μηδὲ
1283 1956 1591 2029 κορυζῴην,
1618 1957 1692 2022 ὡς
1729 1974 1833 2028 μη-

257 2036 345 2089 δὲν
378 2038 586 2090 εἰδέναι
646 2039 877 2108 κρίνειν,
931 2041 1050 2094 ἀλλ’
1099 2045 1180 2106 είς
1215 2045 1556 2116 ἀνδρείκελον
1596 2066 1833 2122 μεταπετ

264 2129 510 2184 πλάσθαι
531 2172 544 2195 ,
579 2130 676 2184 καὶ
722 2131 812 2184 τὸν
848 2134 1066 2202 λογικὸν
1100 2136 1415 2205 ψεύδεσθαι.
1447 2141 1606 2212 Δοίης
1640 2143 1696 2195 δέ
1743 2161 1834 2213 μοι

258 2223 397 2292 πρὸς
430 2224 500 2294 τῇ
539 2225 731 2296 μνήμῃ
759 2225 868 2279 τῶν
900 2227 964 2278 ὲκ
986 2226 1204 2296 φύσεως
1246 2230 1342 2283 καὶ
1370 2231 1432 2283 τὸ
1463 2232 1538 2301 μὴ
1566 2235 1834 2304 κατεργάο

259 2315 480 2378 ζεσθαι,
518 2317 653 2384 μηδὲ
696 2319 778 2380 είς
821 2319 1116 2373 κακοποιὸν
1161 2321 1376 2391 ἄμυναν
1405 2323 1711 2392 τρίϐεσθαι,
1737 2327 1834 2379 καὶ

258 2399 374 2457 οἷον
417 2405 884 2461 ἁπολεοντοῦσθαι
935 2411 1074 2464 κατὰ
1112 2411 1221 2464 τῶν
1261 2413 1492 2482 ἐχθρῶν,
1523 2415 1835 2486 ἐρεθιζόμε-

258 2516 354 2550 νον
383 2501 551 2553 ὁποῖα
583 2503 677 2552 καὶ
701 2500 904 2573 ἀλκαίᾳ
926 2507 1035 2557 τινὶ
1060 2507 1183 2568 ταῖς
1209 2505 1302 2558 ’τοῦ
1341 2507 1684 2577 θυμουμένου
1733 2509 1836 2578 τῆς

257 2591 445 2660 ψυχῆς
495 2593 874 2663 ὕποκινήσεσι,
905 2594 974 2647 δι’
1011 2588 1086 2649 ὧν
1139 2596 1308 2666 θνμδς
1344 2598 1700 2670 ῥιπιξόμενος
1753 2602 1836 2665 είς

261 2685 412 2753 μέγα
447 2684 623 2737 κακὸν
661 2684 986 2749 ἀνάπτεται,
1029 2688 1124 2742 καὶ
1163 2688 1294 2742 αὐτὸ
1334 2689 1364 2759 ἢ
1419 2690 1655 2760 μονῆρες
1693 2691 1836 2745 κατά

257 2793 306 2829 τι
359 2774 621 2836 ὓπουλον,
668 2775 700 2846 ἢ
736 2777 832 2831 καὶ
883 2778 1326 2850 ἐπαμφοτερίζον
1367 2781 1460 2834 διὰ
1493 2782 1555 2834 τὸ
1587 2782 1836 2852 ἀντερεί-

256 2868 377 2919 δειν
405 2865 842 2936 φιλονεικότερον
866 2883 881 2899 ⁶
930 2870 1025 2922 καί
1077 2886 1144 2939 με
1188 2871 1514 2941 συντηροίης
1561 2873 1619 2925 ἐν
1649 2875 1727 2943 τῷ
1762 2875 1837 2945 μὴ

256 2959 479 3012 ἐθέλειν
512 2958 952 3021 ἀνταποδιδόναι,
1001 2962 1096 3013 καὶ
1132 2961 1430 3024 συνετίζοις
1471 2962 1838 3028 φυλάττεσθαι

1936 1872 2078 1934 dem,
2101 1877 2192 1922 aut
2215 1869 2442 1922 altermn
2488 1868 2799 1934 Coroebum,
2829 1881 2918 1922 aut
2946 1870 3268 1940 Polyoruml
3304 1885 3403 1925 nec
3433 1870 3506 1923 ita

1933 1961 2226 2032 gravedine
2253 1960 2515 2025 laborem,
2549 1973 2606 2014 ut
2642 1961 2776 2015 nihil
2804 1963 3054 2030 judicare
3089 1964 3284 2028 sciam,
3318 1963 3412 2016 sed
3449 1962 3504 2016 in

1935 2052 2168 2108 hominis
2219 2051 2443 2122 ﬁguram
2502 2055 2878 2118 transformer,
2925 2063 2978 2109 et
3037 2054 3300 2110 rationem
3354 2070 3507 2110 men-

1935 2147 2077 2200 tiar!
2105 2144 2177 2199 Da
2210 2159 2340 2200 vero
2374 2145 2506 2200 mihi
2539 2161 2660 2199 cnm
2702 2148 2962 2201 memoria
2993 2163 3172 2202 rerum
3202 2162 3267 2202 ex
3302 2158 3499 2202 natura

1935 2237 2240 2299 fluentium,
2298 2253 2403 2292 non
2451 2237 2672 2301 conﬁci,
2705 2253 2803 2292 nec
2849 2241 2914 2290 ad
2966 2240 3252 2307 malignam
3297 2239 3504 2293 conteri

1934 2327 2261 2391 vindictam,
2307 2335 2360 2380 et
2399 2327 2553 2396 quasi
2605 2325 2814 2381 leonem
2853 2327 2966 2380 ﬁeri
3003 2337 3187 2381 contra
3230 2327 3505 2392 inimicos,

1934 2416 2269 2472 stimulatum
2305 2416 2451 2471 velut
2482 2418 2796 2472 suavissimis
2823 2418 3014 2472 anima:
3034 2418 3284 2482 motibus,
3313 2417 3508 2486 quibus

1936 2511 2015 2564 ira
2053 2524 2317 2566 succensa
2354 2523 2603 2579 magnum
2633 2508 2687 2562 in
2713 2509 2910 2562 malum
2941 2508 3275 2572 accenditur,
3305 2506 3506 2569 ethoc,

1937 2602 2020 2656 vel
2069 2601 2393 2664 solitarium,
2427 2615 2523 2670 per
2553 2598 2770 2654 modum
2806 2598 3036 2664 alicujus
3059 2596 3507 2652 dissimulationis

1937 2693 2018 2749 vel
2055 2694 2198 2748 inter
2223 2691 2358 2747 duos
2382 2692 2658 2755 libratum,
2693 2704 2792 2760 per
2809 2689 3059 2744 aemulum
3081 2687 3361 2743 resistendi
3389 2685 3510 2741 ani-
3527 2706 3565 2738 κ

1938 2800 2104 2839 mum.
2153 2782 2421 2838 Conserva
2473 2797 2558 2837 me
2613 2783 2666 2836 in
2725 2780 3002 2836 voluntate
3036 2795 3143 2834 non
3173 2776 3508 2833 retribuendi

1939 2877 2162 2940 malum,
2192 2881 2247 2929 et
2281 2875 2413 2929 doce
2438 2887 2525 2927 me
2555 2885 2745 2928 cavere
2772 2871 3148 2940 dcclinareque
3196 2886 3224 2923 a
3255 2870 3426 2930 malis,
3449 2880 3508 2920 nt

1940 2984 1969 3022 a
1987 2967 2124 3022 facie
2147 2967 2356 3023 colubri
2381 2965 2637 3036 fugimus,
2663 2979 2730 3020 ne
2751 2963 2910 3019 sicuti
2939 2962 3137 3032 vipera
3166 2962 3507 3014 snbs'dentes

255 3055 393 3115 τοὺς
442 3052 652 3109 κακοὺς
717 3050 812 3105 καὶ
860 3052 1170 3120 ἐκκλίνειν,
1220 3055 1294 3117 ὠς
1354 3053 1545 3122 φεύγει
1594 3072 1678 3118 τις
1730 3055 1835 3109 ἀπὸ

1943 3061 2182 3130 irrepant
2202 3067 2256 3114 et
2279 3058 2506 3113 latenter
2532 3072 2632 3112 nos
2651 3062 2914 3126 exsugant
2934 3063 2988 3110 et
3017 3054 3282 3108 occidam.

253 3144 467 3212 ὄφεως,
501 3145 578 3214 μὴ
604 3145 698 3198 καὶ
725 3142 800 3208 ὡς
831 3143 1034 3212 ἔχιδναι
1065 3146 1358 3214 ὑφειμέναι
1387 3147 1715 3218 παρέρπωσι
1743 3147 1838 3202 καὶ

250 3239 476 3310 λὴοωσι
505 3236 756 3298 πίνοντές
793 3253 860 3305 με
894 3238 990 3290 κα)⁵
1021 3236 1350 3298 κτείνοντες.

320 3327 439 3392 κζ’.
503 3328 622 3379 Ἔτι
680 3329 706 3379 ὁ
747 3328 912 3394 ἀξιῶν
951 3330 1171 3398 μηδαμῆ
1213 3329 1476 3399 μηδαμῶς
1506 3331 1837 3399 μεμνῆσθαι,

254 3423 306 3474 εἴ
343 3439 437 3484 τις
491 3421 628 3483 ὅλως
658 3420 820 3474 πάθοι
851 3421 1040 3485 κακὸν,
1067 3423 1296 3474 κάκεῖνα
1316 3422 1462 3474 δοκεῖ
1488 3422 1838 3492 προσαξιοῦν.

266 3511 657 3580 Ἐπικρὰνθης
702 3512 1140 3582 ἀψινθιζόμενος·
1177 3513 1373 3566 οὐκοῦν
1405 3513 1712 3584 περιτυχὼν
1743 3515 1840 3584 μέ-

253 3604 357 3658 λιτι
394 3604 663 3666 ὲκΜθοῦ,
695 3607 743 3655 εί
774 3602 972 3672 πικρὸν
1011 3605 1103 3656 ἐπὶ
1136 3604 1221 3655 σοι⁸
1260 3604 1318 3655 τὸ
1370 3603 1634 3672 ἀψίνθιον.
1672 3603 1837 3659 Νενο-

255 3715 464 3766 σηκας,
494 3695 793 3766 ἁρῤὡστως
824 3694 1014 3748 παθὼν
1035 3697 1162 3766 περί
1203 3714 1255 3749 τι
1303 3697 1484 3766 μέλος,
1527 3697 1624 3750 καὶ
1667 3696 1841 3766 ἤλγη-

257 3807 374 3853 κας·
416 3788 542 3844 ἀλλ’
589 3788 671 3850 είς
725 3788 936 3853 ὑγίειαν
965 3787 1312 3858 ἐπαναχθεὶς,
1345 3789 1538 3859 μηκέτ’
1587 3790 1644 3840 ὲν
1677 3787 1838 3856 θυμῷ

255 3885 368 3952 ἕλε,
420 3884 478 3936 εί
529 3881 700 3933 κακὸν
744 3882 776 3948 ὴ
818 3881 991 3942 νόσος.
1045 3881 1185 3946 Ἐγὼ
1229 3881 1286 3933 δὲ
1331 3882 1409 3950 τῷ
1458 3881 1687 3947 τοιούτῳ
1735 3880 1838 3948 μὲν

255 3975 426 4045 λόγῳ,
476 3973 572 4027 καὶ
600 3973 718 4025 ὅσοι
769 3971 1000 4026 τοιοῦτοι
1038 3973 1245 4041 (πολλοὶ
1281 3972 1338 4025 δέ
1372 3973 1499 4040 εἰσι)
1541 3972 1837 4041 προσχοίην

256 4068 356 4122 οὐκ
392 4067 492 4121 ἄν’
529 4065 872 4136 τεχνὼσαιμι
914 4064 992 4129 δὲ,
1023 4066 1115 4120 τὸν
1165 4065 1289 4118 νοῦν
1318 4064 1615 4133 ἀπερείσας
1650 4067 1730 4127 είς
1769 4065 1837 4118 τὰ

254 4159 348 4214 τοῦ
384 4159 615 4229 μέλιτος
639 4196 656 4222 ,
694 4157 790 4210 καὶ
820 4157 879 4208 τὸ
915 4158 1056 4210 κατὰ
1112 4158 1334 4228 μνήμην
1371 4157 1568 4226 πικρὸν
1601 4155 1835 4226 ὲκχυμί-

257 4265 354 4312 σας
414 4249 689 4319 ἀντιθέτῳ
743 4247 1114 4318 γλυκάσματι.
1157 4248 1314 4301 Οὕτω
1346 4248 1526 4301 δὲκαὶ
1569 4250 1633 4316 τῇ
1693 4247 1834 4316 νόσῳ

255 4337 674 4409 προσενεχθεὶς,
714 4337 839 4392 οὔτε
899 4338 1020 4392 κατ’
1054 4339 1223 4406 αὐτῆς
1281 4337 1532 4406 λυττήσω
1595 4352 1831 4404 σκιαμαε

2008 3331 2099 3386 27.
2120 3329 2408 3399 Deinceps,
2430 3328 2520 3397 qui
2551 3327 2860 3382 nullatenus
2879 3340 2977 3380 nec
2996 3337 3231 3394 unquam
3259 3329 3516 3392 oportere

1940 3425 2257 3478 meminisse
2286 3421 2503 3484 statuit,
2534 3419 2579 3474 si
2631 3421 2754 3490 quis
2780 3418 3006 3473 omnino
3047 3429 3240 3486 passus
3287 3413 3359 3468 sit
3391 3427 3508 3467 ma—

1937 3514 2070 3577 lum,
2103 3514 2204 3567 ista
2253 3528 2470 3583 quoque
2505 3514 2740 3582 probare
2777 3511 2994 3564 videtur
3027 3527 3041 3564 :
3080 3507 3407 3562 amarieatns
3449 3519 3512 3558 es

1937 3607 2210 3662 absinthio
2252 3615 2471 3675 potatus
2498 3622 2512 3658 :
2538 3619 2668 3674 ergo
2709 3617 3002 3658 recurrens
3075 3601 3140 3654 ad
3178 3599 3279 3652 mel
3321 3597 3514 3653 oblivi-

1941 3710 2118 3760 scere,
2163 3697 2306 3764 qnod
2347 3710 2592 3749 amarum
2628 3694 2726 3749 tibi
2771 3691 3214 3748 sitabsinthium.
3252 3689 3538 3756 Egrota-v

1940 3788 2090 3853 visti,
2115 3788 2297 3855 aliquo
2338 3788 2581 3841 membro
2625 3785 2864 3839 dolorem
2912 3799 3122 3852 passus,
3165 3793 3217 3837 et
3247 3780 3462 3837 doluisti
3495 3799 3510 3835 :

1937 3881 2003 3933 ad
2050 3879 2336 3932 sanitatem
2386 3891 2662 3938 reversus,
2710 3890 2812 3929 non
2844 3873 2954 3942 jam
2991 3875 3188 3927 habeas
3222 3872 3274 3925 in
3307 3870 3508 3932 animo,

1938 3973 2080 4041 quod
2141 3971 2340 4026 malum
2397 3973 2467 4025 sit
2529 3973 2772 4024 morbus.
2831 3968 2942 4038 Ego
2999 3981 3130 4020 vere
3196 3962 3512 4034 huiusmodi

1937 4063 2131 4118 rationi
2188 4071 2242 4116 et
2275 4077 2464 4117 omnes
2503 4063 2710 4117 similes
2744 4060 2927 4131 (multi
2976 4069 3153 4112 autem
3211 4054 3357 4124 sunt)
3405 4069 3512 4110 non

1936 4154 2298 4218 adhaererem;
2326 4164 2442 4208 arte
2477 4168 2603 4208 vero
2631 4168 2861 4208 conarer
2893 4163 3131 4208 mentem
3165 4150 3228 4204 ad
3262 4148 3511 4203 dulcedi-

1941 4261 2065 4301 nem
2103 4245 2280 4300 mellis
2306 4244 2605 4314 applicare,
2651 4260 2858 4300 necnon
2889 4241 3306 4298 amaritudinem
3343 4255 3372 4295 e
3402 4243 3516 4294 dic-

1938 4335 2134 4401 moria,
2175 4335 2421 4405 opposita
2463 4335 2770 4400 dulcedine,
2813 4336 3137 4404 exprimere.
3183 4332 3275 4388 Sic
3334 4339 3514 4384 autem

251 4431 386 4499 κῶν,
415 4429 545 4482 οὔτε
579 4429 638 4482 τὸ
665 4432 805 4484 κατὰ
837 4429 994 4482 νόσον
1023 4427 1262 4498 ἡλγηκος
1307 4429 1496 4496 μέρος,
1542 4426 1602 4490 ἐξ
1643 4419 1704 4479 οὗ
1738 4443 1834 4478 xa-

1941 4427 1994 4480 in
2021 4429 2270 4480 morbum
2308 4425 2512 4495 lapsus,
2556 4439 2657 4480 nec
2703 4429 2965 4480 adversus
3016 4425 3168 4478 illum
3220 4438 3340 4477 cum
3391 4435 3514 4474 nm-

249 4521 362 4585 κῶς
395 4517 553 4590 εἶχεν
596 4520 629 4588 ἠ
668 4519 838 4589 ψυχὴ,
888 4519 1206 4590 ἑκτέμοιμι,
1237 4515 1555 4587 χορδεύσας,
1590 4518 1618 4570 ὃ
1651 4533 1835 4583 φασιν,

247 4612 522 4682 ἑμαυτέν·
575 4608 884 4678 ἀνάμνησιν
920 4609 977 4661 δέ
1019 4626 1145 4661 ποτε
1184 4609 1326 4678 σχὼν
1358 4608 1572 4659 ἐκείνου
1619 4607 1711 4659 τοῦ
1743 4605 1838 4658 ἄλ-

245 4722 406 4771 γους.
438 4701 876 4770 ἁντιπαραθὴσω
914 4701 975 4753 τὸ
1023 4699 1116 4753 τοῦ
1167 4699 1436 4766 ὑγιαίνειν
1464 4698 1586 4767 ἡδὺ,
1625 4700 1714 4750 καὶ
1757 4697 1837 4765 τῷ

248 4795 453 4868 xtl.sz
486 4793 646 4848 πάθει
698 4794 958 4864 ἑξωθήσω
997 4792 1058 4844 τὸ
1101 4791 1286 4860 ἀηδές.
1329 4790 1562 4858 Ὁμοίως
1605 4789 1661 4842 δὲ
1703 4790 1837 4841 πᾶν·

244 4905 381 4954 τως,
436 4885 550 4941 τῶν
598 4885 1038 4939 κακοποιούντων
1077 4885 1129 4936 ετ
1156 4901 1258 4936 που
1299 4881 1548 4951 συμϐαίη
1595 4883 1836 4950 ἐπιμνηο

249 4979 457 5049 σθῆναι
505 4995 598 5047 με,
641 4978 735 5030 τοῦ
766 4977 1068 5049 καρδιακοῦ
1103 4975 1382 5046 θησαυροῦ
1431 4975 1836 5043 ἀναλεξάμενος

246 5071 316 5121 τὰ
370 5070 444 5122 ὲκ
497 5068 600 5136 τῆς
625 5072 782 5140 νίκης
829 5071 923 5122 καὶ
959 5069 1053 5122 τοῦ
1094 5068 1478 5138 περιγενέσθαι
1533 5068 1691 5127 καλὰ,
1737 5065 1834 5135 τὴν

250 5163 492 5230 μνήμην
551 5161 653 5230 μὲν
683 5161 907 5214 ἐκείνων
940 5162 1211 5231 ἀφορίσω.
1253 5161 1467 5231 φιλήσω
1493 5159 1548 5212 δὲ
1582 5163 1649 5211 τὰ
1678 5159 1835 5211 ὓστε-

251 5270 349 5320 ρον
386 5253 595 5322 ἁγαθάο
651 5246 726 5304 ὧν
785 5254 1221 5321 ἀντισηκούντων
1281 5253 1378 5305 καὶ
1433 5252 1606 5321 ῥοπὴν
1639 5249 1836 5303 καθελ-

245 5344 470 5398 κόντων
502 5343 756 5412 ἀγαθὴν,
809 5345 890 5406 είς
931 5345 1194 5414 Ἀρπυῖας
1235 5343 1585 5414 ἀνερείψεται
1622 5341 1682 5393 τὸ
1731 5342 1832 5394 οὐκ

243 5437 462 5503 ἀγαθὸν
489 5437 667 5490 έκεῖνο
709 5435 1080 5506 μνημόσυνον.
1115 5437 1257 5508 Πρὸς
1287 5436 1498 5498 τούτοις
1528 5434 1832 5504 ἑπανακρί-

244 5545 322 5579 vro
387 5528 522 5590 τοὺς
573 5529 698 5596 ἐμοὶ
754 5527 1211 5599 σοφιστικὼτερον
1262 5527 1646 5595 ἐπικειμένους
1677 5566 1693 5591 ,
1734 5526 1830 5578 καὶ

241 5617 458 5670 οὔκουν
546 5619 820 5687 ἀξιώματι
905 5623 1035 5689 περὶ
1113 5622 1478 5691 μνησικακὴς
1547 5635 1828 5689 προτεινο-

243 5706 479 5775 μένους,
517 5710 658 5764 ἀλλὰ
707 5710 911 5778 τυφλὸν
950 5707 1062 5764 οἷον
1119 5714 1324 5780 αἴτημα
1375 5709 1824 5782 προϊσχομένους,

544 5807 816 5871 PATROL.
869 5810 986 5870 Gn.
1021 5810 1112 5870 CX
1129 5809 1362 5869 XXVI.

1940 4517 2038 4570 bra
2079 4531 2323 4587 pugnans
2375 4517 2634 4582 furerem,
2694 4530 2793 4570 nec
2837 4515 3138 4569 membrum
3187 4511 3512 4573 morbidum,

1939 4623 2006 4662 ex
2037 4623 2145 4676 quo
2177 4609 2385 4676 patitur
2407 4610 2609 4674 anima,
2636 4616 3002 4676 amputarem,
3041 4604 3309 4668 minutal,
3337 4614 3394 4655 nt
3425 4602 3512 4655 di-

1937 4701 2104 4764 citur,
2142 4715 2205 4754 ex
2249 4715 2334 4754 me
2382 4699 2629 4754 faciens:
2668 4700 2763 4753 sed
2805 4699 3126 4753 memoriam
3175 4695 3335 4766 hujus
3356 4694 3514 4749 dolo-

1939 4791 2014 4844 ris
2061 4787 2358 4857 aliquando
2394 4789 2657 4851 retinens,
2692 4790 2792 4858 ipsi
2825 4787 3079 4843 sanitatis
3113 4784 3513 4852 iucunditatem

1937 4894 2228 4948 opponam,
2247 4891 2299 4931 et
2330 4893 2542 4934 amoena
2571 4880 2884 4935 sensatione
2915 4878 3175 4947 repellam
3204 4876 3511 4932 molestam.

1936 4969 2168 5026 Prorsus
2197 4979 2378 5025 autem
2413 4972 2687 5036 similiter,
2718 4969 3131 5046 malignantium
3164 4970 3209 5025 si
3245 4968 3391 5025 forte
3427 4985 3513 5020 me

1939 5059 2253 5114 meminisse
2282 5059 2569 5129 Contingit,
2614 5070 2666 5114 et
2692 5077 2722 5114 e
2743 5062 2930 5116 cordis
2994 5062 3256 5114 thesauro
3287 5071 3512 5112 sumens

1937 5153 2075 5208 bona
2112 5168 2232 5221 qua:
2273 5153 2342 5208 de
2389 5153 2613 5208 victoria
2667 5154 3048 5222 triumphoque
3093 5158 3256 5212 sunt,
3308 5160 3510 5202 memo-

1936 5245 2074 5297 riam
2115 5243 2334 5312 quidem
2377 5242 2594 5297 illorum
2661 5243 2882 5307 arcebo,
2932 5242 3152 5312 diligam
3192 5248 3369 5292 autem
3416 5246 3512 5302 po-

1937 5335 2171 5389 steriora
2206 5336 2371 5397 bona,
2419 5336 2620 5405 quibus
2665 5334 3150 5402 compensantibus
3201 5337 3256 5383 et
3309 5330 3504 5380 bonam

1936 5427 2373 5484 subducentibns
2401 5430 2632 5492 lancem,
2665 5429 2730 5483 ad
2755 5427 3019 5498 Harpyias
3047 5421 3362 5479 sustollelur
3387 5417 3504 5470 haec

1933 5536 2043 5576 non
2077 5522 2216 5575 bona
2265 5523 2592 5576 recordatio.
2631 5520 2806 5590 Super
2856 5521 2942 5573 his
2980 5512 3325 5582 interrogabo
3375 5508 3506 5564 mihi

1934 5615 2234 5686 scphisticc
2268 5615 2552 5676 instantes,
2589 5621 2642 5666 et
2676 5628 2784 5668 non
2819 5611 3016 5680 placito
3045 5608 3110 5661 de
3141 5604 3264 5658 mali
3301 5617 3508 5693 memo-

1933 5711 2012 5764 ria
2055 5709 2485 5778 prepositionem
2529 5715 2815 5777 ponentes,
2861 5703 2954 5756 sed
2997 5713 3196 5755 caecum
3249 5694 3510 5752 videlicet

3116 5795 3191 5854 iis
