4034 6206
413 323 508 378 427

1090 321 1504 380 ΕΗΞΤΑΤΙΠΙ
1547 322 2300 383 TIIESSALONICENSIS
2344 321 2896 381 METROI’ULI'LE

3553 317 3655 378 4Ξί

414 438 694 506 ιιιιξῡδίιιὶιιι
727 439 1108 508 prolueentes,
1143 439 1287 508 quod
1343 455 1370 494 a
1407 441 1564 494 docto
1601 441 1820 496 vixdum
1855 455 1976 509 pro-

2103 439 2113 491 ί
2153 438 2410 507 δυσχερὲς
2470 438 2535 491 ἂν
2575 437 2662 506 εἴη
2719 437 2965 492 δεδόσθαι
2992 441 3129 508 πρός
3161 453 3224 506 γε
3285 437 3379 491 τοῦ
3427 440 3655 508 emori,-

415 543 726 600 poneretur.

479 623 570 676 28.
611 622 710 688 Qui
745 637 829 678 me
880 623 1118 678 instituit
1166 634 1220 680 et
1253 625 1436 681 docuit
1489 641 1642 680 sacer
1672 636 1980 695 etmagnns

415 713 502 767 ille
530 714 633 776 vir,
687 715 810 768 hinc
846 716 1063 784 quidem
1114 718 1252 770 ictus
1303 717 1570 772 inferebat
1601 719 1896 772 rationales
1927 727 1982 769 et

415 805 530 858 sine
569 806 766 873 quibus
797 815 941 860 recta
988 809 1070 860 via
1110 822 1213 862 non
1244 809 1522 864 incederet
1561 810 1650 877 qui
1683 810 1736 861 in
1763 809 1982 862 institu-

343 952 348 960 ι
417 896 578 949 tionis
605 899 829 951 semitas
857 898 1258 964 introducitur;
1297 900 1444 953 illinc
1469 909 1649 953 autem
1686 898 1822 952 forte
1866 899 1983 966 (re-

417 1003 536 1040 rum
567 987 852 1042 dicendum
880 990 986 1060 est)
1020 991 1100 1044 ira
1137 1000 1457 1061 Suggercnte
1483 1030 1499 1054 ,
1543 1001 1695 1045 extra
1739 989 1981 1058 regulam

419 1077 638 1145 (licebat
661 1079 828 1149 enim)
853 1082 1238 1151 castigationes
1277 1083 1670 1136 modulabatur.
1710 1081 1847 1146 Quid
1879 1081 1984 1149 igi-

419 1174 509 1218 tur
547 1179 652 1219 non
697 1169 990 1222 meminero
1023 1174 1256 1224 maxime
1303 1171 1449 1224 illius
1482 1169 1810 1238 disciplinae,
1857 1175 1983 1224 bea-

421 1265 640 1326 tumque
699 1259 1001 1326 przcdicaho
1056 1260 1263 1322 vitum,
1324 1259 1622 1312 meminero
1675 1274 1800 1313 vero
1848 1259 1988 1312 forte

418 1363 630 1415 qunque
671 1350 832 1418 hujus
867 1351 1174 1408 severioris.
1197 1359 1272 1413 et,
1306 1358 1363 1403 ut
1390 1351 1517 1404 mihi
1548 1361 1657 1403 tum
1682 1351 1986 1415 videbatur,

419 1439 730 1493 inveteratae
776 1455 1073 1509 parumque
1125 1441 1513 1504 convenientis,
1567 1452 1619 1496 et
1653 1441 1790 1495 hanc
1815 1441 1985 1510 ipsam

420 1527 713 1596 in'gratain
759 1532 970 1586 habebo
1017 1533 1377 1587 memoriam?
1424 1531 1673 1588 Nondum
1707 1535 1810 1590 hoc
1864 1534 1988 1588 mali

418 1623 677 1676 memoria
730 1632 832 1678 est.
885 1623 1042 1678 Esset
1081 1635 1260 1680 autem
1325 1627 1451 1680 mali
1484 1627 1766 1691 memoria,
1803 1627 1850 1682 si
1879 1643 1988 1681 non

417 1729 540 1766 rum
575 1716 879 1770 urbanitate
930 1719 1196 1772 modulate
1227 1719 1989 1788 meminissem,exasperatus

420 1819 596 1860 autem
637 1819 690 1860 et
728 1809 891 1872 ultor,
921 1811 995 1864 illi
1030 1811 1377 1866 insultarem.

490 1900 579 1954 29.
618 1899 961 1958 Meminimus
988 1905 1150 1958 etiam
1186 1908 1313 1973 (non
1351 1921 1452 1970 ego
1482 1906 1646 1969 solus,
1683 1907 1774 1961 sed
1812 1917 1984 1960 totum

421 1993 770 2064 auditorium)
827 2004 1024 2064 quanta
1063 1997 1203 2050 mala
1235 1997 1387 2051 nobis
1426 2000 1666 2052 omnium
1705 2014 1988 2068 supremus

422 2092 476 2136 et
504 2084 708 2151 primus
758 2087 1011 2156 magister
1063 2085 1202 2143 Deus
1245 2104 1308 2142 ex
1342 2088 1532 2144 Latina
1565 2099 1706 2145 terra
1747 2100 1991 2145 recentcr

423 2173 478 2225 in
510 2175 847 2230 vexationem
899 2177 1083 2233 inferri
1136 2181 1416 2248 permisit,
1463 2191 1517 2236 et
1558 2198 1661 2237 non
1708 2184 1993 2238 oblivisce-

424 2282 566 2322 mur.
627 2268 768 2334 Quid
825 2271 1006 2337 igitur,
1063 2274 1368 2327 vexationis
1423 2290 1710 2340 memores,
1765 2291 1991 2332 succen-

424 2360 666 2415 sebimus
695 2361 842 2416 Deo?
872 2363 1017 2418 dicat
1047 2365 1267 2434 aliquis,
1296 2367 1343 2420 si
1380 2366 1479 2434 ipsi
1508 2367 1701 2436 placet.
1759 2369 1826 2423 Et
1856 2371 1989 2424 mihi

425 2463 552 2508 sunt
583 2454 724 2508 inter
748 2471 940 2512 manus
963 2458 1232 2513 sermonis
1258 2473 1429 2524 arma,
1465 2460 1783 2531 giadiusque
1807 2463 1991 2533 biceps

427 2546 530 2616 ipsi
580 2549 812 2602 addetur
855 2565 1024 2614 usque
1069 2552 1135 2604 ad
1187 2551 1455 2621 insignem
1499 2553 1806 2610 victoriam.
1864 2555 1994 2610 Ver-

427 2638 647 2691 tendum
703 2647 783 2693 est
816 2649 996 2695 autem
1033 2640 1191 2696 aliter
1248 2642 1389 2695 idem
1443 2643 1781 2714 cogitatum:
1847 2657 1994 2702 certe

429 2723 568 2778 Deus
600 2726 766 2781 malos
794 2743 902 2782 non
930 2729 1279 2784 obliviscetur
1315 2748 1434 2786 esse
1478 2734 1670 2796 malos,
1721 2745 1772 2786 et
1813 2747 1992 2791 tamen

428 2832 536 2870 non
583 2833 611 2871 a
661 2818 784 2873 boni
833 2821 1068 2877 inimicis
1100 2822 1224 2876 mali
1265 2839 1472 2878 memor
1506 2826 1836 2882 diﬂamatur.
1887 2828 1994 2881 Ta-

428 2909 567 2964 libus
605 2928 697 2965 nra
751 2897 1186 2970 claudantur.'Si
1235 2931 1364 2971 vero
1413 2933 1624 2986 quoque
1647 2920 1844 2985 sciens,
1884 2939 1997 2977 me-

430 3004 614 3056 mnriae
643 3004 780 3064 loco.
817 3021 936 3071 quae
965 3006 1050 3059 isti
1085 3017 1311 3072 peccant
1341 3011 1391 3062 in
1425 3011 1621 3078 ipsum,
1641 3011 1992 3067 afﬂictionein

429 3090 588 3142 addui
609 3100 686 3151 at,
724 3093 846 3160 quis
877 3094 1011 3148 adeo
1043 3096 1235 3164 plenus
1265 3099 1488 3151 audacia
1520 3110 1685 3163 esset,
1721 3110 1775 3154 ut
1803 3103 1996 3157 exinde

432 3181 558 3234 muli
601 3185 862 3237 memoria
905 3186 1006 3254 ipsi
1059 3188 1428 3243 tribueretur?
1471 3189 1834 3247 Obseraretur
1861 3210 1994 3264 quo-

428 3283 534 3337 que
587 3269 692 3323 tale
726 3286 810 3336 os,
874 3273 1017 3328 sicut
1045 3290 1105 3329 os
1158 3279 1302 3345 quod
1354 3278 1620 3347 vituperat
1659 3281 1990 3350 judicantcs,

428 3374 550 3413 cum
578 3360 680 3430 ipsi
705 3363 924 3430 quidem
951 3365 1126 3421 civilia
1154 3368 1532 3426 discernentes
1561 3387 1654 3426 eos
1671 3374 1760 3442 qui
1784 3389 1996 3445 sempzr

431 3451 553 3503 mali
579 3463 704 3506 sunt
728 3464 780 3509 et
802 3471 952 3510 suam
969 3461 1283 3515 memoriam
1306 3463 1404 3516 fori
1424 3463 1698 3530 judicialis
1713 3466 1997 3520 animabus

430 3551 691 3610 perpetuo
710 3543 1008 3612 insinuant,
1024 3547 1160 3616 sequi
1181 3543 1441 3604 memoria
1465 3561 1880 3619 persequantur;
1904 3555 1992 3621 qui

430 3644 558 3683 vero
580 3641 820 3688 amentes
840 3646 966 3689 sunt
990 3637 1113 3692 mali
1133 3652 1399 3695 memores
1423 3655 1544 3696 esse
1567 3641 1704 3710 juris
1731 3642 1996 3710 interpre-

431 3732 510 3776 tes
527 3736 850 3781 censentur:
875 3729 1113 3784 divinam
1136 3745 1260 3786 vere
1279 3743 1452 3786 remet
1482 3747 1674 3788 nomen
1695 3732 1998 3787 adulteran-

436 3828 534 3881 tes,
578 3817 655 3871 vel
690 3817 824 3873 falso
847 3831 1138 3886 mutantes,
1180 3823 1264 3877 vel
1290 3824 1690 3893 subripientes:
1720 3823 1866 3893 quod
1893 3840 1996 3876 non

433 3906 739 3978 diligerent,
792 3927 966 3982 neque
989 3913 1152 3967 divini
1184 3915 1306 3976 viri.
1351 3932 1524 3986 neque
1560 3916 1702 3970 Deus
1733 3917 1847 3985 ipse
1877 3916 1996 3984 qui,

435 4011 577 4068 smpe
611 3998 910 4066 fraudatus,
938 4019 1039 4058 non
1068 4020 1254 4059 amare
1282 4008 1587 4064 rectissime
1611 4021 1889 4065 censetur.

2088 547 2272 599 μονος.

2153 622 2262 690 κη’.
2307 623 2368 676 '0
2394 621 2692 684 παιδεύσας
2725 638 2790 690 με
2818 621 2911 673 καὶ
2937 619 3151 683 διδάξας
3185 619 3330 689 ἱερὸς
3359 619 3453 671 καὶ
3483 617 3657 687 μέγας

2083 716 2294 778 lascivo;
2343 713 2606 783 άνὴρ,τὰ
2659 711 2758 781 μὲν
2817 713 3057 765 ἐπετίθει
3103 709 3322 780 πληγὰς
3375 709 3656 778 ὲλλόγους,

2084 807 2179 859 καὶ
2211 799 2287 859 ὧν
2336 806 2466 861 ἄνευ
2491 805 2591 856 οὐκ
2620 797 2690 857 ἂν
2725 804 2812 872 εῐη
2837 803 2952 871 -τῆς
2977 801 3148 872 ὀρθῆς
3175 799 3430 869 γενέσθαι
3457 802 3550 854 τὸν
3577 801 3659 863 είς

2083 899 2328 967 ἀτραπὸν
2363 896 2698 958 παιδεύσεως
2742 897 3092 964 ίναγόμενον·
3125 895 3194 946 τὰ
3231 891 3288 946 δέ
3334 911 3437 946 που
3478 893 3660 964 (είρή-

2086 990 2199 1044 σθω
2245 990 2354 1060 γὰρ
2409 989 2660 1058 τάληθὲς)
2711 989 2807 1041 καὶ
2845 987 3020 1058 θυμοῦ
3077 985 3495 1050 ὑποϐάλλοντας,
3551 987 3660 1051 ἔξω

2086 1081 2310 1144 κανόνος
2339 1082 2487 1151 (ἐξῆν
2525 1081 2658 1150 γὰρ)
2699 1080 2896 1132 θλίὸων
2931 1078 3258 1150 ὲρῤὗθμιζε.
3296 1080 3364 1132 Τί
3394 1079 3488 1133 οὖν
3521 1081 3661 1148 μνή-

2088 1188 2251 1241 σομαι
2308 1173 2542 1242 μάλιστα
2591 1172 2690 1242 μὲν
2732 1172 2830 1240 τῆς
2878 1170 3042 1240 ἄλλης
3094 1171 3356 1239 ἀγωγῆς,
3410 1171 3506 1225 καὶ
3555 1188 3662 1240 μα-

2089 1262 2270 1331 καριῶ
2302 1261 2392 1314 τὸν
2431 1261 2623 1329 ἄνδρα,
2659 1261 2938 1332 μνήσομαι
2963 1261 3020 1312 δέ
3058 1275 3164 1311 που
3199 1261 3294 1312 καὶ
3332 1261 3432 1327 τῆς
3457 1260 3662 1329 δριμυ-

2086 1354 2270 1422 τέρας.
2323 1352 2435 1415 καὶ,
2473 1351 2548 1414 ὡς
2605 1350 2730 1419 ἐμοὶ
2767 1350 2946 1402 ἐδόκει
2979 1348 3124 1413 τότε,
3157 1347 3661 1418 παρεξηυλημένης

2089 1443 2182 1495 καλ⁵
2227 1443 2328 1495 οὐκ
2358 1443 2660 1510 ἔμμούσου,
2719 1441 2816 1494 καὶ
2881 1439 3191 1510 μεθοδεύσω
3222 1440 3316 1491 κα)⁵
3371 1439 3543 1507 αὐτὴν
3577 1439 3664 1501 είς

2092 1531 2311 1602 μνήμην
2358 1532 2721 1600 εὐχάριστον;
2789 1530 2898 1583 Καὶ
2947 1529 3102 1583 οὔπω
3155 1528 3314 1582 τοῦτο
3390 1529 3664 1598 μνησίκα-

2090 1639 2206 1676 κον.
2262 1617 2370 1676 Ἶίν
2420 1624 2463 1675 δ’
2496 1621 2560 1674 ἂν
2623 1621 2990 1691 μνησικακίας
3052 1619 3151 1687 τῆς
3207 1619 3410 1681 ὅντως,
3467 1621 3516 1671 εἶ
3583 1619 3662 1688 μὴ

2095 1717 2190 1768 σὺν
2226 1717 2528 1784 ἀστειότητι
2551 1715 2801 1784 ἐμμελῶς
2831 1714 3042 1784 ὲμεμνή
3055 1730 3181 1782 μην,
3215 1713 3350 1765 ἀλλὰ
3369 1712 3664 1780 aptant-:6-

2097 1821 2255 1875 μενος
2283 1804 2585 1874 ὲνηλλόμην
2609 1804 2803 1872 ὲκείνῳ
2821 1843 2838 1869 ,
2878 1802 3262 1872 φαπαστικῶς
3292 1803 3662 1871 ἀμυνόμενος.

2166 1894 2269 1949 κθ’.
2306 1894 2653 1965 Μεμνήμεθα
2710 1896 2828 1963 (καὶ
2884 1895 2945 1946 οὐ
2983 1894 3143 1964 μόνος
3203 1893 3317 1961 ἐγὼ
3348 1931 3364 1957 ,
3410 1893 3546 1948 ἀλλὰ
3601 1894 3669 1943 τὸ

2098 1987 2320 2057 σύμπαν
2384 1987 2792 2057 ἀκροατήριον),
2845 1980 2936 2040 οἷα
2994 1987 3141 2038 κακὰ
3187 1987 3317 2055 ἡμῖν
3375 1987 3404 2037 ό
3446 1985 3670 2038 πάντων

2098 2079 2298 2140 Strato;
2327 2079 2421 2130 καὶ
2466 2078 2681 2148 πρῶτος
2715 2077 3031 2140 διδάσκαλος
3075 2077 3207 2140 Θεὸς
3247 2076 3459 2145 ἀφῆκεν
3504 2076 3674 2144 ἔναγ-

2098 2170 2190 2239 χός
2221 2188 2321 2222 που
2375 2172 2438 2224 ἑκ
2480 2170 2580 2240 τῆς
2625 2171 2865 2240 Λατίνης
2896 2171 3001 2239 γῆς
3058 2170 3423 2239 ὲπεισφρῆσαι
3450 2172 3527 2233 είς
3563 2170 3676 2222 κά-

2099 2281 2292 2327 κωσιν,
2327 2266 2418 2315 καὶ
2451 2265 2559 2317 οὐδ’
2589 2266 2655 2319 ἂν
2703 2264 3086 2333 ὲκλαθοίμεθα.
3135 2265 3198 2316 Τί
3238 2265 3303 2333 δὴ
3331 2261 3424 2317 οὖν
3459 2282 3675 2335 μεμνη-

2104 2355 2254 2424 μένοι
2306 2357 2696 2417 κεκακῶσθαι,
2744 2357 3189 2426 μνησικακοῦμεν
3244 2357 3404 2425 Θεῷς
3459 2359 3675 2424 λεγέτω

2099 2463 2202 2518 τις,
2229 2446 2277 2498 εί
2310 2445 2619 2514 βουλομένῳ
2645 2445 2730 2515 είη
2762 2444 2932 2514 αὐτῷ,
2976 2445 3156 2514 Κάμοὶ
3202 2446 3338 2514 μετὰ
3379 2448 3568 2513 χεῖρας
3601 2446 3676 2496 τὰ

2100 2538 2192 2591 τοῦ
2248 2537 2403 2603 λόγου
2442 2537 2604 2602 ὅπλα,
2641 2537 2734 2589 καὶ
2777 2536 3034 2598 δίπαλτος
3088 2536 3154 2588 ἂν
3201 2535 3478 2604 ἑπιτεθείη
3518 2536 3674 2603 αύτῇ

2101 2631 2204 2692 ἓως
2243 2629 2337 2683 καὶ
2377 2630 2456 2692 είς
2485 2629 2644 2698 νίκην
2673 2629 2954 2698 λαμπράν.
2985 2629 3224 2698 Στρέψαι
3271 2630 3327 2681 δὲ
3363 2630 3459 2681 καὶ
3491 2627 3677 2690 ἄλλως

2099 2724 2159 2776 τὸ
2209 2723 2339 2775 αὐτὸ
2371 2721 2581 2791 νόημα’
2616 2721 2716 2775 οὐκ
2751 2721 2815 2775 ἂν
2847 2719 3170 2791 ἐπιλήσεται
3199 2723 3227 2772 ό
3277 2719 3409 2782 Θεὸς
3443 2720 3536 2773 τοῦ
3574 2739 3683 2773 κα-

2102 2817 2230 2876 κοὺς
2275 2811 2567 2876 εἶναιτοὺς
2603 2814 2826 2877 κακοὺς,
2864 2815 2958 2866 καὶ
2988 2815 3139 2880 ὅμως
3169 2815 3270 2867 οὐκ
3300 2814 3366 2867 ἂν
3397 2813 3530 2882 πρὸς
3562 2814 3680 2864 τῶν

2105 2906 2416 2972 μισοκάλων
2478 2905 2890 2976 κακηγορηθείη
2963 2907 3324 2975 μνησίκακος.
3413 2906 3679 2974 Ἐγκλει-

2105 2997 2280 3048 σθεῖεν
2328 2999 2442 3058 τοῖς
2489 2997 2756 3060 τοιούτοις
2787 2998 2856 3048 τὰ
2893 2998 3161 3066 στόματα.
3194 2997 3258 3052 Et
3286 2998 3343 3050 δὲ
3373 2998 3467 3050 καὶ
3491 2997 3680 3060 εἰδὼς,

2025 3142 2068 3198 C
2103 3087 2246 3158 λόγῳ
2272 3089 2431 3158 δῆθεν
2479 3091 2721 3158 μνήμης,
2759 3089 2904 3160 άπερ
2949 3090 3150 3143 ἐκεῖνοι
3195 3091 3682 3160 ἐξαμαρτάνουσιν

2102 3181 2181 3243 είς
2237 3181 2418 3243 αὐτὸν,
2455 3179 2716 3244 ἐπάξεται
2748 3181 3011 3246 κάκωσιν,
3055 3183 3136 3241 τίς
3169 3181 3347 3244 οὕτως
3379 3183 3682 3246 ἀνάπλεως

2102 3273 2341 3342 τόλμης,
2394 3271 2470 3333 ὡς
2523 3271 2770 3326 ὲντεῦοεν
2821 3273 2884 3326 τδ
2934 3274 3268 3344 μνησίκακον
3343 3275 3494 3344 αὐτῷ
3551 3277 3682 3330 ἐπι·

2102 3363 2294 3430 λέξαι;
2339 3364 2579 3432 Φραγείη
2629 3365 2724 3417 καὶ
2779 3365 2839 3417 τὸ
2896 3365 3136 3419 τοιοῦτον
3171 3367 3365 3434 στόμα,
3405 3368 3548 3421 καθὰ
3581 3371 3685 3422 καὶ

2103 3456 2164 3506 τὸ
2204 3455 2554 3523 μεμφόμενον
2607 3457 2731 3516 τοὺς
2778 3456 3122 3521 δικάζοντας,
3177 3457 3333 3526 εἴπερ
3373 3459 3527 3511 αὐτοὶ
3575 3461 3686 3527 μὲν

2104 3547 2171 3596 τὰ
2207 3543 2458 3597 πολιτικὰ
2496 3547 2937 3613 γνωματεύοντες
2962 3586 2978 3611 ,
3027 3545 3152 3606 τοὺς
3205 3548 3291 3598 ἀεὶ
3342 3550 3545 3609 κακοὺς
3583 3551 3688 3601 καὶ

2109 3640 2328 3706 μνήμην
2388 3637 2602 3690 ἑαυτῶν
2676 3639 2926 3709 ἐνδελεχῆ
2979 3639 3346 3703 ὲνοικίζοντας
3411 3643 3535 3703 ταῖς
3582 3644 3686 3694 τοῦ

2107 3731 2458 3800 δικαστηρίου
2490 3731 2691 3801 ψυχαῖς
2747 3732 3103 3803 μετέρχονται
3145 3733 3332 3802 μνήμῃ
3377 3733 3472 3785 τοῦ
3525 3734 3688 3785 διο-ι-

2106 3841 2236 3886 τος,
2311 3825 2360 3876 οί
2435 3825 2493 3877 δὲ
2581 3823 2987 3893 παρανοοῦντες
3073 3825 3447 3892 μνησικάκους
3532 3819 3689 3877 εἶναι

2106 3919 2232 3978 τοὺς
2280 3917 2378 3983 τῆς
2429 3917 2582 3986 δίκης
2643 3917 2928 3984 ὑποφήτας
2981 3918 3292 3987 ὁρίζονταιο
3329 3917 3473 3969 Θεῖον
3499 3917 3686 3980 ὅντως

2077 4009 2298 4080 ’χρῆμα
2330 4010 2423 4062 καὶ
2451 4010 2621 4078 ονομα
2657 4010 3197 4079 παραχαράττοντες.
3234 4009 3265 4079 ἢ
3301 4010 3692 4070 παραποιοῦν-

436 4106 550 4153 τες,
625 4091 659 4160 ἢ
711 4092 1176 4160 ἁποκλέπτοντεςσ
1235 4099 1373 4169 ὅπερ
1413 4101 1514 4152 οὐκ
1585 4101 1652 4154 ἂν
1730 4102 1933 4170 φιλοῖεν
2007 4099 2133 4155 οὔτε
2169 4101 2304 4155 θεῖοι
2351 4102 2566 4172 ἄνδρες,
2599 4101 2720 4154 οὔτε
2753 4101 2883 4164 Θεὸς
2912 4101 3093 4165 αὐτὸς,
3126 4102 3184 4166 ὃς
3217 4102 3294 4173 μὴ
3322 4103 3495 4170 φιλεῖν
3550 4103 3698 4157 πολ-

436 4182 592 4247 λάκις
618 4184 988 4256 κλεπτόμενος
1033 4189 1303 4257 ὀρθότατα
1335 4193 1787 4264 πεφιλοσόφηται.

507 4275 596 4328 50.
653 4277 917 4347 Agedum,
969 4281 1130 4335 etiam
1163 4282 1316 4352 juxta
1371 4287 1498 4353 quid
1537 4286 1720 4340 fictum
1749 4289 2004 4344 oratoria),

354 4447 360 4452 ﬁ
435 4367 554 4436 lege
609 4380 1042 4457 argumentatus,
1089 4374 1294 4443 pudore
1341 4377 1422 4431 sic
1481 4377 1714 4432 alliciam
1771 4394 1864 4434 eos
1909 4381 2000 4447 qui

2178 4286 2245 4342 λ’.
2294 4287 2457 4361 Φέρε¹
2496 4287 2559 4357 δὴ
2600 4289 2695 4340 καὶ
2744 4287 2890 4341 κατά
2936 4305 2990 4341 τι
3042 4289 3283 4343 πλαστὸν
3321 4291 3694 4360 ἐπιχειρήσας

2109 4381 2260 4449 νόμῳ
2295 4381 2607 4450 ῥητορείας,
2641 4381 2890 4450 ὲντρέψω
2930 4384 3021 4435 καὶ
3065 4382 3210 4435 οὕτω
3260 4385 3389 4445 τοὺς
3425 4385 3547 4452 ἐμοὶ
3583 4385 3693 4450 μὲν

440 4457 573 4510 mihi
609 4459 826 4527 quidem
851 4460 1036 4517 volunt
1057 4477 1176 4520 esse
1207 4465 1480 4533 sapientes
1511 4467 1577 4520 ad
1611 4469 1895 4533 malitiam,
1921 4483 1997 4524 me

2113 4469 2399 4531 ἐθέλοντας
2430 4463 2573 4520 εἶναι
2611 4469 2814 4538 σοφοὺς
2849 4470 2917 4522 τὰ
2955 4470 3015 4533 ἐς
3063 4471 3288 4536 κακίαν,
3321 4471 3423 4542 ἐμὲ
3467 4471 3524 4524 δὲ
3565 4491 3693 4540 μω·-

438 4561 566 4623 vero
620 4559 810 4617 putant
861 4551 913 4605 in
967 4561 1173 4608 tantam
1212 4556 1493 4610 naminum
1547 4559 2002 4626 permutationem

437 4641 674 4698 insanire
712 4646 1102 4724 stupidumque
1139 4663 1281 4712 esse,
1321 4664 1385 4704 ac
1427 4650 1592 4704 etiam
1632 4652 1771 4706 forte
1802 4651 2008 4720 gratias

439 4732 572 4801 ipsis
599 4735 821 4802 habere,
849 4740 1002 4808 quasi
1038 4755 1122 4794 me
1138 4741 1437 4810 sapientem
1475 4743 1548 4797 ita
1585 4743 1832 4810 reddant,
1865 4745 2008 4814 quod

441 4840 573 4878 sane
605 4843 712 4882 non
739 4843 897 4883 acute
955 4831 1262 4892 videntibus
1294 4833 1484 4890 insciis
1520 4834 1684 4890 facio.
1712 4833 1840 4890 Mihi
1865 4837 2009 4891 enim

443 4933 472 4970 a
495 4916 603 4972 Deo
631 4919 795 4976 multa
826 4924 1186 4994 venitgratia,
1205 4927 1594 4997 verissimeqne
1611 4930 1838 4996 gaudeo,
1868 4932 2011 4998 quod

443 5010 634 5078 pugnis
678 5013 963 5070 lacessitus
1006 5031 1114 5072 non
1145 5017 1324 5098 minus
1359 5019 1566 5087 integer
1594 5017 1743 5085 (iam,
1777 5027 1831 5072 et
1871 5019 2011 5072 lucta

441 5107 738 5170 uerutus,
777 5123 880 5162 non
933 5111 1240 5178 opprimar;
1289 5119 1344 5164 et
1387 5117 1533 5164 recta
1565 5110 1650 5164 via
1691 5125 1921 5180 pergens
1960 5122 2014 5166 et

444 5206 704 5260 tentatus,
760 5197 874 5253 sive
921 5199 1302 5254 scandalorum
1336 5199 1693 5269 depositione,
1743 5201 1858 5254 sive
1890 5216 2010 5252 cunt

377 5334 380 5336 γ
446 5289 682 5357 aliquis,
756 5289 908 5359 juxta
980 5293 1369 5360 proverbium,
1437 5307 1607 5344 cornu
1663 5293 1832 5358 petit,
1907 5309 2014 5346 non

448 5381 634 5442 λούειν,
676 5391 731 5435 et
789 5382 1055 5451 lapidibus
1103 5385 1156 5437 in
1205 5385 1515 5438 scandalum
1565 5384 1860 5452 projeclis,
1908 5402 2014 5442 non

449 5471 734 5537 deturber;
798 5484 854 5528 et
907 5473 1184 5529 fovearum
1240 5491 1534 5530 occurrens
1585 5484 1869 5544 aperturae,
1903 5480 2019 5532 sive

450 5563 558 5617 late
612 5566 987 5637 profundeqne
1041 5569 1336 5633 biantium,
1386 5569 1498 5621 sive
1557 5569 2018 5638 absconditarnm,

455 5664 515 5707 ut
583 5657 688 5710 lata
745 5670 929 5726 patere
979 5661 1228 5716 videatur
1294 5675 1426 5730 quae
1476 5660 1680 5714 lubrira
1743 5672 1823 5716 est
1890 5664 2018 5727 via,

457 5746 512 5798 in
575 5750 822 5805 manibus
870 5752 989 5816 eius
1023 5753 1430 5821 supervolitem.
1495 5754 1609 5820 lpsc
1642 5769 1874 5824 namque
1918 5758 2024 5809 tol-

2113 4563 2319 4630 ραίνειν
2367 4559 2658 4624 ἀξιοῦντας
2713 4562 2794 4625 είς
2842 4561 3115 4632 τοσαύτην
3171 4563 3455 4633 ὀνομάτων
3510 4564 3692 4617 ἐπάλ-

2109 4655 2264 4718 λαξιν
2290 4695 2305 4718 ,
2360 4655 2455 4706 καὶ
2493 4653 2870 4724 ἀναισθητεῖν,
2924 4655 3019 4708 καί
3062 4671 3164 4708 που
3211 4656 3306 4708 καὶ
3334 4656 3695 4726 εὐχαριστεῖν

2112 4745 2321 4807 αὐτοῖς,
2356 4740 2442 4796 οἷα
2469 4743 2616 4797 οὕτω
2656 4743 2938 4812 σοφίζουσί
2975 4761 3067 4814 με,
3106 4743 3134 4796 δ
3179 4743 3244 4814 δὴ
3285 4747 3377 4796 καὶ
3407 4744 3694 4797 λανθάνων

2112 4835 2238 4898 τοὺς
2261 4834 2335 4905 μὴ
2359 4835 2452 4898 ὀξὺ
2484 4834 2782 4904 βλέποντας
2813 4833 2972 4886 ποιῶ.
3001 4834 3172 4903 Χάρις
3200 4835 3309 4903 γάρ
3340 4850 3433 4903 μοι
3463 4835 3526 4886 ἐκ
3546 4833 3692 4886 Θεοῦ

2117 4927 2307 4996 πολλὴ,
2341 4927 2436 4980 καὶ
2465 4926 2645 4997 χαίρω
2668 4927 2803 4997 πρὸς
2837 4927 3123 4998 ἀλήθειαν,
3152 4927 3236 4978 ὅτι
3271 4926 3692 4979 καταπυκτευό-

2121 5035 2280 5087 μενος
2331 5019 2430 5070 οὐκ
2482 5018 2875 5088 ἀποθραύομαι
2937 5017 3038 5085 τῆς
3074 5017 3417 5085 ἀρτιότητος·
3454 5018 3548 5068 καὶ
3585 5033 3694 5067 πα·

2117 5109 2492 5180 λαιόμενος-οὖ
2529 5109 2970 5177 κατοιόᾀλλομοιι⁹
3001 5107 3095 5159 καὶ
3117 5107 3286 5176 ὀρθὴν
3318 5104 3560 5158 ἐλαύνων
3596 5104 3698 5156 καὶ

2121 5201 2508 5272 σκελιζόμενος
2533 5244 2548 5266 ,
2581 5202 2614 5271 ἢ
2660 5200 2956 5254 καταθέσει
2992 5197 3317 5252 σκανδάλων
3339 5235 3354 5260 ,
3385 5197 3418 5267 ἢ
3455 5199 3550 5248 καὶ
3598 5197 3694 5249 ὅτε

2119 5311 2202 5357 τις
2231 5294 2560 5364 κυρηϐάσει,
2592 5293 2730 5346 κατὰ
2771 5292 2862 5344 τὸν
2908 5290 3082 5354 οὕτως
3131 5291 3357 5344 εἰπόντα
3379 5330 3392 5352 ,
3423 5289 3483 5341 ού
3517 5304 3699 5341 κατα-

2122 5386 2484 5455 κάμπτομαισ
2531 5385 2627 5438 καὶ
2661 5383 2826 5435 λίθων
2885 5383 2943 5435 δὲ
3007 5381 3552 5452 παραρριπτομίνων
3608 5379 3698 5440 είς

2124 5478 2460 5546 πρόσκομμα
2489 5515 2504 5541 ,
2546 5476 2607 5528 οὐ
2653 5474 3160 5548 καταρῤιπτοῦμαιο
3206 5473 3300 5528 καὶ
3349 5470 3597 5542 amp-sset
3633 5469 3697 5520 δὲ

2128 5571 2337 5639 βόορων
2369 5569 2804 5639 περιτυγχάνων,
2851 5569 2960 5620 τῶν
3016 5567 3112 5636 μὲν
3142 5565 3565 5635 ὑποχασκόντων
3596 5561 3703 5611 καὶ

2127 5661 2304 5714 πλατὺ
2349 5663 2443 5714 καὶ
2495 5661 2672 5730 βαθὺ,
2708 5661 2818 5712 τῶν
2869 5660 2924 5712 δὲ
2971 5663 3066 5713 καὶ
3119 5652 3648 5723 ὲπικαλυπτομὲνων
3685 5692 3702 5709 ,

2128 5755 2204 5817 ὡς
2241 5755 2420 5809 δοκεῖν
2460 5754 2676 5810 εὐθεῖαν
2726 5751 2868 5807 εἶναι
2916 5752 3014 5823 τὴν
3053 5751 3354 5821 σῬαλεράν,
3392 5742 3707 5817 ὑπερκότο-
