4034 6206
438 345 547 408 4:79

1425 348 1727 417 CONTRA
1769 351 2269 417 INJUBIARUM
2312 336 2760 424 memorum.

3585 369 3690 432 430

442 482 540 536 μαι
572 465 668 519 ἐπὶ
696 465 1113 536 χειρῶνςαῦτοῦ.
1155 467 1393 535 Ἐκεῖνος
1433 470 1543 542 γὰρ
1568 473 1768 544 αἴρων,
1803 473 1899 527 καὶ
1930 470 2001 542 τῷ

2111 469 2247 537 lens,
2278 483 2332 529 et
2380 478 2569 547 angelo
2610 495 2731 546 suo,
2792 495 2989 552 magno
3044 484 3536 557 potentissimoque
3595 505 3693 544 no-

438 554 611 609 αύτοῦ
633 556 877 627 ἀγγέλῳ,
901 556 978 626 τῷ
1017 557 1241 629 μεγάλῳ
1283 561 1377 612 καὶ
1407 560 1687 633 κρατίστῳ
1721 559 1881 631 ἡμῶν
1919 558 2015 629 βα-

443 647 602 705 σιλεῖ,
645 651 773 716 περὶ
827 648 965 716 ἐμοῦ
1007 647 1411 717 ἐντελλόμενος,
1460 650 1822 720 διαφυλάσσει
1854 669 1920 721 με
1956 650 2015 703 ἐν

436 737 685 800 άπάσαις
720 738 860 802 ὁδοῖς
892 738 1083 793 αὑτοῦ.
1115 740 1176 793 El
1209 742 1264 795 δέ
1286 744 1400 804 τοῖς
1434 742 1734 812 ἀνεῳγόσιν
1758 785 1773 810 ,
1809 741 1884 806 ὡς
1913 742 2013 796 πέ-

434 849 707 901 φρασται,
728 831 1019 905 λάκκοιςῆ
1059 832 1274 897 λέοντες
1305 834 1715 906 ὑφεδρεύουσιν,
1749 834 1783 908 ἢ
1822 834 2012 890 σκόλο-

437 945 538 991 πες
570 927 722 993 ὀξέες
754 928 1174 999 ἐμπεπήγασιν,
1210 930 1242 1002 ἢ
1293 932 1347 984 εί
1394 950 1446 985 τι
1493 930 1737 986 τοιοῦτον
1764 930 2012 1003 ὀλέθριον

439 1021 569 1072 ἄλλο
591 1050 661 1059 —
684 1019 800 1072 ἀλλ’
824 1020 1037 1082 ἐκεῖνος
1063 1020 1351 1075 κάνταῦθα
1380 1025 1492 1085 τοῖς
1520 1022 1733 1092 ἐχθροῖς
1756 1023 1816 1076 τὸ
1844 1021 2013 1076 ὓπου-

435 1111 525 1164 λον
552 1113 724 1166 κακὸν
752 1115 1098 1185 περιτρέπει,
1139 1114 1440 1183 κηδόμενος
1472 1115 1691 1178 πάντως
1710 1154 1725 1179 ,
1783 1114 1880 1168 εἴτ’
1918 1110 2013 1183 οὖν

434 1203 752 1271 φειδόμενος
805 1206 907 1272 τῆς
941 1203 1100 1273 ἡμῶν
1150 1204 1460 1269 ἀσθενείας,
1504 1206 1578 1276 μὴ
1634 1205 1732 1259 καὶ
1778 1205 2013 1277 προσκό-

432 1295 637 1362 ψαντες
666 1293 699 1365 ἢ
733 1295 1092 1365 ἀπολώμεθα,
1129 1295 1162 1368 ἢ
1210 1297 1642 1368 παρενεχθῶμεν
1672 1300 1753 1361 είς
1783 1296 1846 1351 τὸ
1878 1297 2009 1368 βλά-

434 1403 672 1454 σφημον,
717 1388 815 1439 καλ⁵
876 1387 1016 1458 μηδέ
1076 1388 1127 1441 οἱ
1166 1388 1551 1461 ἐπιχαίροντες
1601 1390 1756 1460 ἡμῖν,
1807 1389 2008 1459 γέλωτι

434 1478 579 1532 κατὰ
624 1478 714 1532 τὸν
755 1479 983 1535 εἰπόντα
1019 1478 1311 1545 ἐκθάνωσι,
1369 1483 1552 1535 τέλεον
1585 1481 2010 1552 ἐγκαυχησάμε-

433 1589 534 1623 νοι.
574 1571 682 1625 Καὶ
740 1571 882 1624 οὕτω
930 1570 1030 1641 μὲν
1063 1570 1173 1641 ἐγὼ
1203 1573 1434 1643 χάριτας
1468 1572 1735 1642 ὁμολογῶ,
1767 1574 1864 1638 τὰς
1906 1572 2007 1643 μὲν

432 1662 562 1724 ὅλας
610 1661 686 1730 τῷ
731 1660 910 1732 βοηθῷ
952 1660 1091 1733 Θεῷ.
1141 1664 1206 1717 El
1251 1663 1309 1716 δέ
1358 1682 1409 1717 τι
1444 1665 1668 1735 χάριτος
1708 1665 2007 1719 διαϐαίνειν

2119 572 2233 617 stro
2267 565 2379 634 regi
2419 569 2484 619 de.
2517 584 2601 623 me
2626 573 2918 639 mandans,
2955 575 3190 628 custodit
3225 591 3313 631 me
3346 578 3396 631 iu
3442 580 3694 634 omnibus

2114 653 2218 706 viis
2254 657 2391 711 suis.
2447 657 2502 712 Si
2566 675 2693 716 vero
2728 666 3059 732 patentibus,
3093 678 3146 721 ut
3174 666 3377 722 dictum
3409 678 3511 734 est,
3549 672 3691 726 lacu-

2113 746 2215 800 bus
2245 748 2324 802 vel
2361 749 2545 806 leones
2575 753 2920 821 insidiantur,
2948 759 3027 812 vel
3052 761 3304 828 praeacuti
3329 759 3431 831 pali
3459 764 3692 833 derigan-

2113 843 2222 903 tur,
2253 839 2492 895 velaliud
2523 843 2650 914 quid
2684 845 2984 915 bujusmodi
3007 846 3311 906 lethilerum
3346 854 3437 916 Sit,
3466 853 3687 909 tumille

2112 945 2328 1000 quoque
2354 932 2459 988 hoc
2508 935 2744 991 inimicis
2777 938 3178 995 diSsimulatum
3213 943 3411 998 malum
3445 945 3690 1015 invertit,

2111 1018 2336 1071 omnino
2361 1035 2586 1086 curans,
2631 1024 2745 1079 sive
2775 1028 3049 1097 parcendo
3077 1040 3316 1086 nostram
3350 1035 3684 1092 debilitatem

2112 1124 2360 1175 servans,
2413 1127 2478 1166 ne
2528 1115 2842 1171 scandalum
2871 1122 3015 1189 passi
3061 1122 3144 1176 vel
3170 1121 3568 1193 dispereamns,
3605 1131 3689 1185 vel

2114 1197 2165 1251 in
2196 1198 2587 1270 blasphemiam
2633 1204 2978 1274 inducantur,
3030 1228 3204 1282 neque
3263 1216 3419 1269 nobis
3460 1216 3693 1273 irriden-

2111 1298 2214 1349 tes,
2238 1291 2349 1345 risu
2373 1292 2528 1360 juxta
2554 1298 2923 1365 proverbium,
2953 1302 3276 1369 moriantur,
3303 1305 3355 1359 in
3382 1305 3542 1361 linem
3573 1308 3689 1377 glo-

2110 1382 2336 1439 riantes.
2374 1385 2445 1440 Et
2473 1388 2546 1442 ita
2581 1390 2799 1458 quidem
2833 1408 2931 1467 ego
2953 1395 3157 1462 gratias
3181 1398 3470 1467 proﬁteor,
3503 1413 3557 1456 et
3588 1403 3687 1457 has

2109 1476 2325 1545 quidem
2361 1488 2500 1535 totas
2541 1483 2847 1538 auxiliatori
2882 1487 3016 1541 Deo.
3067 1487 3124 1542 Si
3157 1504 3286 1545 vero
3324 1493 3454 1562 qttid
3501 1496 3687 1562 gratiae

2110 1570 2347 1626 transire
2385 1572 2516 1626 velit
2546 1576 2710 1628 etiam
2740 1580 2805 1630 ad
2850 1593 2946 1633 eos
2977 1580 3067 1647 qui
3123 1595 3212 1637 me
3269 1597 3682 1652 persequuntur,

2108 1674 2296 1727 nemo,
2339 1672 2503 1730 puto,
2551 1665 2784 1721 faciliter
2832 1673 3051 1726 credere
3105 1674 3322 1741 potet-it,
3372 1673 3683 1734 discernere

432 1754 606 1806 ἐθέλει
647 1755 742 1806 καὶ
787 1754 866 1816 είς
909 1755 1038 1817 τοὺς
1080 1754 1204 1824 ἐμοὶ
1251 1754 1570 1824 ἐπέχοντας,
1620 1756 1720 1808 οὐκ
1760 1755 1825 1809 ἂν
1849 1751 2001 1826 οἶμαι

2107 1749 2488 1821 sciens,.quid
2535 1757 2607 1809 sit
2638 1760 2943 1826 gratitudo,
2987 1765 3363 1834 quowodoque
3409 1779 3518 1822 non
3552 1784 3684 1838 pos-

433 1844 633 1915 ῥαδίως
673 1845 953 1899 πιστεύειν
1006 1846 1103 1917 ἔχῃ
1139 1863 1257 1911 τις,
1304 1847 1459 1910 εἰδὼς
1493 1842 1817 1915 διακρίνειν,
1871 1844 1899 1901 ὅ
1949 1864 2001 1900 τι

2109 1838 2185 1892 sit
2242 1842 2447 1909 gratias
2506 1859 2666 1913 agere
2716 1847 2895 1902 laesus.
2949 1848 3113 1905 Juxta
3163 1853 3484 1909 charitatem
3536 1817 3682 1910 ernim

432 1939 561 1991 ποτὲ
593 1939 710 1992 ἐστι
753 1940 812 1992 τὸ
857 1940 1223 2010 εὐχάριστον,
1260 1941 1357 1994 καὶ
1404 1938 1479 2004 ὡς
1533 1939 1632 1993 οὐκ
1671 1939 1738 1995 ἂν
1786 1936 2003 1993 δύναιτο

430 2028 778 2100 εὐχαριστεῖν
818 2031 846 2082 ό
881 2028 1278 2099 βλαπτόμενος.
1319 2029 1631 2099 ’Ᾱγαπητὸν
1667 2029 1777 2100 γάρ
1819 2030 2004 2084 καὶτὸ

432 2117 651 2187 στέγειν
712 2118 1023 2189 ἀνοιμωκτὶ
1081 2119 1174 2172 καὶ
1217 2118 1394 2189 σιγᾷν
1431 2117 1491 2171 τὸ
1530 2119 1585 2171 δέ
1634 2119 1728 2173 καὶ
1762 2117 2001 2190 ὑπερεύ-

429 2209 649 2280 χεσθαι,
691 2206 835 2263 θεῖον
892 2210 994 2279 μέν
1032 2211 1126 2263 καὶ
1177 2209 1407 2266 ἀνυστὸν
1447 2209 1679 2279 ότιμάλα
1742 2204 2004 2281 Χριστια-

429 2303 541 2365 νοῖς
572 2301 822 2370 ἀγαθοῖς,
856 2301 1010 2355 eum)
1042 2302 1102 2355 δέ
1134 2304 1227 2356 καὶ
1253 2302 1473 2368 πάντως
1506 2303 1854 2375 εὐχάριστον.
1892 2304 2001 2356 Καὶ

428 2392 591 2446 τοῦτο
621 2393 721 2464 μὲν
760 2393 1025 2448 τοιοῦτον.

500 2482 605 2537 λα’.
648 2485 715 2538 Ἥ
758 2484 816 2541 δέ
851 2504 949 2555 μοι.
974 2486 1360 2560 ἐπηγγελμένη
1392 2482 1488 2540 τοῦ
1527 2486 1669 2541 κατὰ
1711 2486 1999 2557 ῥητορείαν

431 2573 674 2627 πλαστοῦ
728 2572 915 2644 ἔφοδος
962 2575 1191 2646 τοιαύτη
1243 2575 1327 2638 τίς
1382 2575 1553 2629 ἐστιν.
1600 2572 2000 2627 ’Υποτεθείαθω

431 2666 603 2729 δίοδος
630 2666 950 2736 κρύπτουσα
973 2666 1181 2732 δεινοὺς
1212 2664 1518 2730 ὁδοιδόκους
1538 2664 1766 2736 ληϊστὰς
1790 2664 2003 2735 ἀνθρωο

435 2757 591 2811 πίνου
620 2756 814 2827 φύλου,
853 2757 950 2811 καί
998 2764 1083 2821 τις
1115 2758 1330 2813 ἐκεῖθεν
1360 2756 1658 2828 ὁδοιπορῶν
1708 2756 1999 2825 ἀπέριττος

434 2850 721 2918 ἄνθρωπος
782 2847 1127 2915 περιπεσέτω
1177 2851 1290 2913 τοῖς
1336 2846 1600 2919 λοχίταις,
1633 2846 1726 2900 καὶ
1779 2845 2001 2900 παθέτω

434 2941 584 2995 δεινὰ
616 2941 742 3008 ὅσα,
785 2942 844 2995 ἐν
897 2938 977 3006 οἷς
1032 2943 1126 2995 καὶ
1158 2942 1224 2995 τδ
1255 2938 1706 3010 ἀποθραυσθῆναι
1745 2939 1855 2993 τῶν
1880 2955 2000 2992 και-

438 3034 715 3103 ριωτέρων
743 3033 802 3087 ἐν
839 3032 1080 3104 μέλεσιν.
1131 3032 1196 3087 El
1237 3031 1303 3105 δὴ
1346 3032 1455 3086 τῶν
1503 3051 1589 3097 τις
1620 3031 1849 3085 ἐκείνων
1898 3030 2000 3084 οὐκ

437 3126 792 3197 ἀγαθοεργῶν
833 3126 1284 3194 ἀνακτησάμενος
1331 3126 1499 3194 οἴκτῳ
1537 3124 1625 3177 τὸν
1674 3124 1997 3192 κατεαγότα,

437 3222 893 3292 παρερριμμὲνον
922 3210 1295 3290 ἀναλάδηται,
1326 3219 1422 3273 καὶ
1472 3217 1788 3283 δεξιώσεται
1819 3215 2002 3279 ἄλλοις

435 3314 492 3364 τέ
542 3330 652 3365 τισι
699 3312 796 3365 καλ⁸
840 3307 920 3375 οἷς
962 3312 1340 3382 βελτιούμενον
1376 3309 1436 3364 τὸ
1490 3308 1869 3363 κατακλασθέν
1924 3311 2004 3371 είς

436 3404 736 3474 ἀρτιότητα
767 3403 860 3456 τὸν
899 3400 1279 3474 βεϐλαμμένον
1328 3403 1598 3469 ἐπανάγει
1640 3399 1863 3470 (κωλύει
1890 3399 2002 3470 γὰρ

434 3494 607 3559 οὐδὲν,
636 3496 730 3548 καὶ
764 3494 964 3548 είδέναι
990 3492 1083 3547 τὸν
1109 3493 1314 3566 λῃστὴν
1352 3491 1559 3545 ἐκεῖνον
1592 3494 1883 3563 φάρμακα,
1920 3485 2003 3557 οἷς

436 3586 580 3639 ἔστιν
624 3585 879 3640 ἀκεῖσθαι
925 3585 994 3639 τὰ
1040 3585 1311 3654 τοιαῦτα),
1351 3585 1446 3638 καὶ
1491 3585 1519 3638 ό
1565 3583 2003 3657 θεραπευόμενος

434 3675 626 3744 λόγους
666 3676 1024 3746 εὐχαρίστους
1056 3676 1311 3747 προάγει,
1340 3675 1436 3730 καὶ
1453 3677 1663 3742 τούτοις
1688 3678 1825 3740 τέως
1846 3677 2004 3747 ἀμεί-

434 3765 593 3820 6εται
640 3766 732 3819 τὸν
778 3752 1122 3833 πατάξαντα,
1159 3766 1315 3829 τέλος
1349 3767 1404 3821 δέ
1439 3769 1532 3821 καὶ
1570 3767 1999 3839 ἐπανακληθεὶς.

351 3883 354 3885 λ
383 3872 389 3876 ‘
434 3860 512 3919 ei;
541 3859 681 3928 ὅπερ
711 3852 802 3930 ἦν,
837 3857 1120 3912 θεοκλυτεῖ
1159 3859 1559 3930 ἐπευχόμενος,
1601 3863 1697 3913 καὶ
1724 3861 2003 3930 ὑπισχνεῖ-

436 3966 523 4001 ται
551 3949 620 4001 τὰ
659 3949 855 4019 λῴονα,
912 3950 1009 4002 καὶ
1058 3949 1167 4020 πρὸ
1200 3948 1378 4003 ποδῶν
1424 3950 1631 4020 ῥίπτων
1671 3950 1862 4004 ἐαυτὸν
1902 3949 2000 4003 τοῦ

438 4040 782 4109 ἀκεσαμένου
825 4042 880 4102 ἐς
907 4041 1154 4108 γνήσιον,
1183 4039 1598 4109 ἁμφιπλέκεται
1636 4043 1763 4105 τοὺς
1805 4042 1997 4106 πόδας,

438 4132 528 4181 καί
571 4146 633 4198 γε
668 4128 993 4198 καταφιλεῖο
1021 4129 1051 4182 ό
1073 4130 1257 4184 τοίνυν
1288 4128 1527 4193 τοιοῦτος
1559 4130 1905 4201 ἀμνηστῆσαι
1932 4130 2000 4184 ἂν

437 4222 546 4293 ἔχοι
576 4223 672 4277 καὶ
691 4216 767 4279 ὧν
809 4223 971 4279 πάθοι
1004 4223 1135 4277 ποτέ
1168 4224 1382 4289 κακῶν,
1429 4224 1525 4277 καὶ
1568 4223 1867 4293 ἀπαλεῖψαι
1899 4224 1999 4294 μὲν

436 4313 571 4368 αὐτὰ
617 4312 716 4386 τῆς
769 4314 911 4368 κατὰ
959 4313 1139 4386 ψυχὴν
1170 4314 1385 4380 δέλτου,
1432 4315 1783 4385 ἀνάγραπτον
1819 4315 1876 4369 δέ
1904 4316 2002 4383 φέ-

441 4423 548 4475 ρειν
585 4405 745 4477 μόνον
794 4405 856 4458 τὸ
903 4404 1266 4473 ἀκεσώδυνον,
1316 4406 1419 4459 οὐκ
1465 4401 1619 4475 οἶμαί
1650 4422 1736 4474 γε,
1773 4398 1868 4461 καὶ
1897 4408 2000 4461 οὐκ

2106 1938 2213 1993 est,
2264 1932 2314 1991 in
2365 1944 2577 1990 secreto
2620 1950 2835 2007 gemere
2893 1941 3184 2013 silereque,
3239 1957 3335 2012 pro
3363 1946 3683 2002 laedentibus

2109 2033 2292 2075 autem
2326 2040 2504 2089 orare,
2534 2026 2780 2082 divinum
2809 2032 3023 2100 quidem
3052 2045 3134 2090 est
3157 2046 3211 2090 et
3236 2038 3513 2107 possibile,
3543 2054 3682 2107 prte-

2108 2116 2294 2168 sertim
2322 2116 2477 2172 bonis
2508 2118 2855 2190 Christianis,
2890 2127 3126 2183 nondum
3155 2143 3282 2183 vero
3318 2146 3537 2201 quoque
3567 2146 3683 2185 om-

2108 2205 2238 2260 nino
2268 2210 2472 2276 gratias
2498 2218 2679 2281 agere.
2724 2213 2788 2267 Et
2819 2216 2918 2269 hoc
2955 2218 3169 2287 quidem
3196 2229 3278 2275 est
3308 2222 3432 2276 tale.

2174 2468 2266 2525 51.
2291 2468 2386 2525 Illa
2424 2482 2551 2526 vero
2579 2484 2738 2542 quam
2768 2474 2991 2545 promisi
3023 2476 3321 2532 secundum
3345 2477 3675 2534 rhetoricam

2108 2560 2341 2617 lictionis
2393 2564 2482 2618 via
2542 2564 2664 2621 talis
2696 2575 2800 2621 est.
2860 2569 3207 2637 Supponatur
3234 2570 3499 2624 transitus
3528 2568 3676 2625 diros

2110 2652 2335 2706 humani
2380 2656 2596 2726 generis
2638 2658 2974 2725 praedatores
3006 2658 3209 2726 celans,
3240 2670 3293 2714 et
3321 2659 3541 2730 aliquis
3572 2661 3676 2714 iter

2111 2743 2235 2797 illac
2269 2744 2473 2800 faciens
2504 2746 2756 2803 incautus
2780 2749 2943 2804 homo
2979 2750 3182 2803 incidat
3218 2751 3269 2803 in
3301 2750 3673 2815 insidiatores,

2108 2835 2455 2905 crudeliaque
2513 2840 2787 2908 patiatur,
2853 2839 3050 2910 quibus
3105 2842 3347 2896 membra
3397 2841 3675 2896 letbsliter

2112 2929 2451 2981 sancientur.
2504 2928 2561 2983 Si
2613 2931 2737 3000 quis
2790 2941 2952 2999 porro
2998 2932 3222 2987 istorum
3255 2946 3361 2986 non
3399 2932 3676 2987 beneﬁco-

2110 3032 2231 3072 rum
2255 3058 2271 3083 ,
2322 3021 2699 3076 misericordia
2739 3025 3077 3079 vulneratum
3113 3025 3438 3095 suscipiens,
3470 3025 3673 3079 relevat

2109 3109 2398 3180 deiectum,
2419 3122 2474 3167 et
2493 3110 2815 3182 quibusdam
2840 3114 2960 3169 aliis
2983 3114 3295 3171 humaniter
3315 3117 3532 3186 excipit,
3552 3119 3674 3187 qni-

2117 3162 2137 3165 ν
2426 3162 2473 3167 υ
2498 3162 2815 3182 τ---η--ω
2840 3162 2958 3169 -----
2983 3162 3284 3171 πων-ην.
3316 3162 3532 3186 unum.
3554 3162 3642 3187 γη

2029 3162 2072 3221 c
2106 3201 2228 3267 bus,
2276 3210 2528 3271 reparato
2578 3203 2719 3275 quod
2767 3215 2987 3277 ruptum
3041 3216 3180 3273 erat,
3205 3209 3270 3261 ad
3302 3208 3667 3277 integritatem

2106 3290 2290 3344 Iasum
2335 3291 2559 3346 redueat
2606 3293 2768 3365 (nihil
2818 3296 2962 3350 enim
2992 3295 3189 3361 obstat,
3233 3298 3363 3366 quin
3406 3298 3673 3367 prmdator

2108 3383 2199 3437 ille
2217 3382 2457 3437 remedia
2489 3395 2700 3449 noscat.
2731 3388 2929 3455 quibus
2964 3388 3088 3442 talia
3118 3390 3343 3444 vulnera
3366 3392 3669 3460 curentur);

2103 3482 2159 3529 et
2205 3487 2426 3530 curatus
2477 3478 2677 3546 gratias
2718 3478 2867 3547 agit,
2920 3482 3115 3550 quibus
3168 3482 3332 3536 etiam
3380 3494 3673 3552 percusso-

2103 3576 2219 3620 rem
2291 3566 2666 3622 vicissitudine
2741 3572 2940 3633 donet,
2998 3568 3340 3640 ﬁnaliterque
3389 3576 3672 3627 restitutus

2103 3658 2158 3712 in
2215 3657 2268 3713 id
2302 3660 2445 3727 quod
2498 3660 2651 3729 prius
2694 3671 2833 3727 erat,
2891 3665 3111 3731 supplex
3162 3663 3330 3717 Deum
3378 3675 3703 3733 precatur;-

2103 3753 2308 3819 Optima
2348 3750 2673 3820 pollicetur,
2721 3762 2778 3808 et
2823 3762 2949 3808 ante
2992 3756 3155 3824 pedes
3217 3757 3409 3812 medici
3461 3757 3674 3812 sincere

2104 3855 2162 3896 se
2199 3844 2510 3912 proiiciens,
2542 3845 2659 3913 ejus
2687 3845 3029 3914 amplecritur
3063 3848 3226 3915 pedes
3267 3856 3321 3901 et
3347 3849 3668 3904 osculatur:

2102 3933 2223 3987 talis
2269 3934 2431 4004 igitur
2476 3936 2724 3992 oblivisci
2782 3937 2998 3994 debebit
3056 3952 3241 3996 eorum
3295 3956 3413 4012 quas
3480 3958 3669 4013 passus

2102 4034 2186 4079 est
2222 4026 2511 4095 malorum,
2537 4038 2590 4081 et
2615 4027 2704 4083 illa
2754 4031 2971 4099 quidem
2999 4047 3062 4086 ex
3092 4034 3287 4088 animte
3315 4033 3495 4089 tabula
3528 4035 3673 4089 dele-

2105 4130 2197 4179 re,
2263 4114 2521 4186 scriptum
2584 4130 2764 4174 autem
2811 4122 2987 4176 solum
3031 4138 3221 4194 gerere
3278 4126 3667 4195 lenimentum,

2103 4223 2212 4263 non
2273 4220 2423 4277 puto,
2468 4220 2522 4265 et
2580 4227 2684 4266 non
2738 4227 2838 4285 ego
2892 4214 3063 4282 solus,
3116 4217 3212 4272 sed
3261 4226 3314 4273 et
3365 4219 3503 4275 alius
3549 4221 3671 4290 qui-

2102 4314 2318 4369 cunque
2373 4302 2464 4357 sit.
2519 4304 2649 4360 Dico
2696 4320 2827 4360 vero
2879 4309 3019 4375 quod
3065 4309 3301 4378 primum
3338 4312 3555 4380 quidem
3600 4314 3669 4369 ad

2105 4404 2543 4462 unamquamque
2566 4397 2813 4465 corporis
2843 4399 3202 4465 curationem,
3236 4401 3433 4456 deinde
3449 4419 3665 4474 quoque

434 4499 592 4562 αὐτὸς
627 4498 762 4566 ἐγὼ,
795 4497 913 4552 ἀλλ’
941 4496 1064 4552 οὐδὲ
1116 4498 1273 4560 ἄλλος
1295 4538 1311 4564 ,
1364 4498 1514 4560 ὅστις
1547 4497 1665 4551 ποτ’
1694 4494 1810 4551 οὖν.
1839 4498 1997 4566 Λέγω

2105 4494 2224 4535 cum
2258 4482 2398 4539 forte
2436 4484 2511 4539 illi
2541 4484 2636 4555 qui
2676 4488 2893 4543 sanavit
2920 4488 3109 4544 obvius
3154 4490 3277 4555 lict,
3336 4491 3490 4561 juxta
3542 4509 3670 4550 tero

432 4590 506 4654 δέ,
539 4592 614 4654 ὡς
650 4592 841 4661 πρῶτα
888 4589 988 4661 μὶν
1026 4590 1149 4646 καθ’
1179 4591 1417 4661 ἑκάστην
1451 4591 1745 4662 θεραπείαν
1770 4591 1863 4644 τοῦ
1893 4590 1999 4643 σώ-

438 4698 625 4752 ματος,
662 4681 778 4735 εἶτα
826 4684 922 4736 καὶ
955 4683 1042 4735 ὅτε
1078 4698 1180 4734 που
1214 4681 1426 4752 ἐντύχοι
1466 4682 1544 4753 τῷ
1571 4680 1995 4753 θεραπεύσαντι,

433 4775 526 4825 καὶ
553 4770 695 4825 κατὰ
729 4772 923 4840 λοιπὴν
962 4768 1024 4823 δὲ’
1044 4758 1350 4841 ἀνάμνησιν
1373 4771 1662 4841 προτρέχοι
1688 4772 1753 4824 ἂν
1772 4772 1936 4824 αὐτοῦ
1962 4772 1996 4839 ἡ

436 4862 623 4931 μνήμη
668 4860 771 4927 τῆς
804 4858 1133 4922 κακοποιίας
1169 4858 1406 4929 ἐκείνης,
1438 4855 1507 4931 ἧς
1537 4856 1992 4928 ἀνακεκόμισται.

433 4954 685 5005 Μάλιστα
730 4951 833 5020 μὲν
866 4946 960 5004 οὖν
992 4950 1132 5003 κατὰ
1167 4950 1235 5002 τὰ
1269 4950 1762 5020 συνανεζυμωμένα
1801 4949 1834 5019 ἢ
1867 4962 1995 5003 συν-

430 5044 699 5114 τετηκότα
758 5043 867 5096 τῶν
927 5045 1217 5112 σωμάτων,
1272 5043 1366 5095 καὶ
1419 5042 1561 5094 οὕτω
1622 5041 1691 5093 δι’
1748 5041 1994 5111 ἀλλήλων

429 5134 652 5204 ἥκοντα,
684 5133 1029 5203 συμφύροιτο
1049 5133 1115 5185 ἂν
1135 5132 1230 5184 καὶ
1257 5133 1322 5202 τῇ
1351 5133 1447 5192 τῆς
1473 5131 1772 5202 θεραπείας
1804 5132 1993 5203 μνήμῃ

429 5229 461 5296 ἡ
512 5228 616 5295 τῆς
652 5225 1005 5287 κακοποιίας.
1059 5224 1171 5276 Καὶ
1206 5225 1597 5287 isonat-casu;
1630 5224 1660 5276 ό
1706 5222 1994 5294 ἄνθρωπος

428 5321 505 5381 είς
538 5319 600 5371 τὸ
659 5317 756 5388 τῆς
789 5317 1005 5385 φύσεως
1033 5312 1115 5381 εὖ,
1142 5314 1249 5368 οὐδ’
1271 5314 1442 5377 οὕτως
1476 5315 1542 5368 ἂν
1567 5313 1682 5386 ἔχει
1710 5315 1989 5382 λαθέσθαι,

427 5404 500 5464 ὧν
523 5408 716 5469 πάθοι.
775 5409 889 5462 Καί
924 5423 1031 5461 που
1063 5410 1142 5477 τῷ
1174 5409 1350 5479 λῃστῇ
1409 5407 1783 5478 Ἀσκληπιάδῃ
1814 5407 1993 5479 χρόνῳ

427 5503 559 5556 τοτὲ
618 5498 934 5573 περιτυχὼν
967 5500 1280 5554 ἀσπάσεται
1334 5498 1436 5569 μὲν
1473 5498 1668 5569 ἡδέως,
1723 5499 1994 5569 περιπτύ-

428 5594 601 5660 ξεται,
636 5592 977 5647 κατακλύσει
1018 5592 1288 5662 ῥεύμασιν
1321 5590 1585 5654 ἐπαίνων,
1639 5592 2009 5646 ποτνιάσεται·

425 5686 480 5740 δὲ
539 5687 635 5740 καὶ¹
698 5689 780 5749 είς
832 5682 1014 5749 ξενίαν
1054 5684 1205 5755 αὐτῷ
1246 5683 1565 5753 ἀφικέσθαι.
1606 5684 1720 5737 Καὶ
1775 5684 1988 5748 ἐκεῖνος

427 5777 704 5847 ἀφίξεται,
740 5777 836 5832 καὶ
865 5775 1109 5847 χαρίτων
1167 5776 1566 5833 συναπολαύσει
1630 5774 1721 5831 καὶ
1752 5775 1982 5848 φιλοτη-

2110 4584 2365 4630 ca-teram
2414 4579 2844 4648 recprtlationem
2908 4582 3307 4651 praeoccupabit
3353 4596 3475 4638 eum
3527 4585 3670 4639 illius

2107 4670 2366 4722 memoria
2424 4668 2622 4736 morbi,
2675 4686 2706 4725 ο
2755 4686 2864 4741 quo
2900 4684 3180 4730 revocatus
3224 4685 3327 4730 est.
3364 4674 3670 4732 Praesertim

2106 4771 2284 4816 autem
2311 4760 2525 4831 quidem
2567 4762 2611 4818 si
2644 4763 2883 4819 membra
2912 4765 3073 4822 simul
3103 4767 3584 4823 renuentesvereut
3615 4782 3672 4823 ut.

2108 4854 2474 4922 liquetierent,
2505 4864 2559 4909 et
2607 4855 2680 4909 ita
2712 4856 2845 4911 febri
2883 4868 3319 4926 penetrarentnr,
3375 4863 3670 4914 curationis

2104 4944 2382 4999 memOria:
2408 4948 2668 5000 memoria
2700 4947 2948 5003 maleﬁcii
2977 4950 3314 5004 misceretur.
3349 4950 3453 5005 Sed
3488 4955 3537 5004 in
3572 4953 3670 5003 bo-

2104 5048 2234 5090 nurn
2260 5047 2464 5091 naturae
2496 5047 2694 5092 statum
2724 5039 2885 5094 homo
2913 5040 3216 5105 restitutus,
3246 5058 3311 5097 nc
3343 5045 3421 5098 sic
3452 5044 3668 5109 quidem

2104 5128 2303 5195 poterit
2349 5142 2538 5182 eorum
2574 5145 2696 5199 qua:
2747 5146 2942 5201 pessus
2977 5143 3060 5186 est
3111 5135 3383 5189 oblivisci.
3431 5135 3498 5189 Et
3529 5133 3667 5186 forte

2104 5221 2389 5289 prat'datori
2424 5223 2637 5277 tandem
2668 5237 2962 5279 oecurreus
2988 5224 3318 5296 Esculapio,
3344 5240 3464 5280 cum
3496 5227 3668 5278 liben-

2106 5321 2188 5366 ter
2221 5315 2438 5380 qnidem
2470 5314 2647 5368 amice
2682 5314 2960 5382 salu‘tabit,
3009 5319 3493 5387 amplecteturque,
3546 5316 3665 5369 lau-

2102 5405 2230 5457 dum
2277 5403 2497 5461 ﬂuentis
2538 5408 2842 5473 exundans,
2893 5412 2987 5465 sed
3032 5422 3086 5464 et
3121 5408 3354 5478 rogabit,
3394 5418 3451 5459 ut
3486 5408 3539 5460 in
3571 5408 3668 5460 bu-

2102 5497 2324 5564 spitium
2358 5499 2424 5551 ad
2460 5513 2518 5552 se
2550 5498 2755 5553 veniat.
2792 5499 2862 5554 Et
2915 5499 3003 5554 ille
3051 5501 3250 5565 veniet,
3279 5509 3333 5552 et
3368 5514 3491 5553 eum
3533 5514 3663 5569 gra-

2101 5589 2194 5642 tiis
2234 5589 2398 5644 etiam
2434 5602 2694 5660 prospera
2718 5592 2895 5646 salute
2924 5593 3153 5648 lruetur.
3184 5590 3302 5647 1am
3330 5605 3458 5646 vero
3482 5592 3667 5662 hospi-

2101 5683 2235 5738 tium
2299 5684 2534 5738 vitissim
2568 5684 2714 5739 dabit
2738 5693 2792 5738 et
2821 5684 3070 5754 accipiet.
3117 5683 3171 5739 Si
3206 5700 3332 5740 vero
3364 5688 3486 5756 quis
3520 5690 3659 5741 inte-

2103 5789 2194 5829 rea
2241 5774 2563 5830 beneiolutu
2620 5775 2924 5845 hospitem,
2978 5775 3072 5847 qui
3116 5789 3350 5848 a-grotus
3413 5780 3659 5833 lticratet
