3926 6200
258 279 359 341 431

932 273 1384 339 EUSTATHII‘
1397 265 2157 333 TIIESSALONICENSIS
2196 261 2757 326 METROPOLITAE

3404 267 3507 335 432

264 407 481 449 rursum
519 394 586 450 ad
615 393 907 451 sanitatem
945 403 1252 460 revocatus,
1289 392 1672 462 interrogaret,
1717 388 1840 454 quis

1952 384 2067 448 σίας
2100 383 2391 454 λαμπρᾶς.
2426 383 2569 453 Ἤδη
2598 382 2656 436 δὲ
2690 383 2785 437 καὶ
2816 381 2969 450 ξένια
2996 381 3065 436 τὰ
3095 383 3196 454 μὲν
3233 383 3421 451 δώσει,
3444 386 3511 437 sit

260 496 315 541 et
349 485 494 542 unde
528 488 673 541 venit
708 487 807 557 ipsi
844 487 965 542 talis
1012 488 1230 556 hospes,
1273 500 1378 539 non
1428 484 1503 537 ita
1535 482 1692 538 dirus
1717 497 1842 535 eva-

263 575 420 631 deret
465 577 581 645 ipse
614 577 878 646 SOpItisla,
922 575 1050 645 quin
1078 574 1223 629 illius
1270 573 1400 628 mali
1428 572 1743 627 memoriam
1771 570 1840 625 iis

262 683 386 736 quae
409 668 634 733 diceret,
675 667 1097 722 iutenuisceret.
1156 664 1376 719 Diceret
1423 673 1602 718 autem
1660 676 1835 717 sane:

271 776 290 809 ι
329 760 549 812 Alienus
592 758 808 828 quidem
843 758 1073 812 odiosus
1125 755 1259 810 mihi
1305 763 1423 810 erat
1478 755 1677 824 hospes
1710 750 1835 815 iste,

264 866 387 905 cum
418 850 723 913 descendit.
766 860 821 905 et
869 849 1069 905 inferni
1120 849 1461 919 portitorem.
1490 856 1547 899 ut
1581 847 1835 900 deorsum

267 957 355 996 me
414 940 807 1007 trausduceret,
873 941 1145 995 invitavit.
1173 938 1401 1008 Jamque
1435 935 1631 1007 Pedum
1665 933 1837 987 altero

271 1031 574 1101 procedens
617 1036 722 1100 egu‘
766 1030 960 1083 morbo
1006 1028 1189 1099 gravis
1237 1027 1293 1081 in
1347 1023 1601 1093 scapham
1652 1034 1842 1073 ascen-

266 1128 475 1178 derant.
507 1120 711 1177 Ultimo
741 1133 922 1178 tamen
959 1123 1110 1187 ruitis
1145 1134 1273 1189 erga
1304 1134 1388 1173 me
1420 1117 1616 1180 lactus,
1671 1126 1839 1166 onere

266 1215 575 1279 sublevate,
652 1215 1079 1283 portitoremque
1147 1213 1453 1266 Charonem
1515 1207 1840 1276 deprecatus

271 1308 585 1378 patrocinio
618 1315 775 1361 terra:
808 1306 1067 1375 solisque,
1095 1304 1296 1374 quibus
1327 1309 1455 1356 ante
1497 1310 1709 1368 tempus
1750 1311 1839 1349 me

267 1402 575 1455 subducere
594 1398 841 1468 parabat,
900 1399 954 1452 in
1017 1398 1068 1450 id
1114 1396 1257 1465 quod
1299 1407 1446 1448 nunc
1478 1406 1598 1446 sum
1634 1405 1721 1443 tne
1752 1402 1838 1441 re-

267 1492 442 1556 duxit,
477 1500 526 1544 et
562 1489 681 1544 ideo
710 1490 911 1544 bonum
965 1489 1112 1543 hunc
1141 1486 1415 1541 hominem
1452 1481 1709 1538 benevole
1737 1481 1836 1535 ha-

271 1586 391 1637 beo.
429 1600 448 1634 »
480 1582 761 1652 Numquid
810 1582 924 1636 haec
953 1581 1143 1638 dicens
1176 1580 1374 1650 hospes
1406 1578 1500 1633 ille
1526 1578 1714 1645 sicque
1732 1574 1839 1630 dis-

269 1674 478 1740 positus
539 1670 883 1743 (supponitur
930 1682 1109 1726 autem
1151 1671 1222 1725 ita
1285 1674 1452 1739 esse),
1500 1667 1837 1723 simultatum

270 1779 480 1820 meumr
512 1765 656 1819 erit?

1939 475 1987 529 δ’
2016 474 2400 545 ἀντιλήψεται.
2432 475 2494 528 Ei
2543 476 2603 529 δὲ
2637 476 2731 528 καί
2761 493 2847 539 τις
2877 476 2936 528 ἐν
2964 476 3180 540 τούτοις
3217 477 3308 530 τὸν
3359 479 3514 546 φιλό-

1940 584 2115 639 φρονα
2148 567 2474 633 ξεινοδόκον,
2506 568 2598 621 τὸν
2625 564 2693 637 ἦν
2713 569 2801 620 ὅτε
2826 567 3217 638 παραλυθέντα
3236 571 3333 623 καὶ
3359 569 3513 634 αὖθις

1938 659 2261 715 συνδεθέντα
2292 663 2373 724 είς
2425 661 2599 728 ὑγιὲς,
2651 660 2853 731 ἔροιτο,
2888 661 2974 725 τίς
3013 661 3165 731 αὐτῷ
3196 664 3292 715 καὶ
3349 663 3514 718 πόθεν

1933 753 2061 823 ἥκει
2110 753 2139 805 6
2171 750 2412 816 τοιοῦτος
2447 755 2598 819 ξένος
2622 794 2638 820 ,
2698 753 2797 805 οὐκ
2825 751 2893 806 ἂν
2929 752 3075 806 οὕτω
3124 754 3302 818 δεινὸς
3350 756 3514 816 αὐτὸς

1940 844 2185 915 ἀποὸαίη
2223 845 2515 916 σοφιστὴς,
2551 846 2625 907 ὼς
2661 844 2738 916 μὴ
2770 845 3132 916 παραπλῆξαι
3164 849 3258 899 καὶ
3290 848 3517 918 μνήμην

1941 937 2157 990 ἐκείνου
2189 937 2284 990 τοῦ
2317 937 2517 1003 κακοῦ,
2551 933 2630 999 οἷς
2659 939 2795 1009 ἐρεῖ.
2850 938 3001 1006 Ἐρεῖ
3029 940 3086 991 δὲ
3135 940 3378 1003 πάντως,
3432 939 3518 993 ὅτι

1946 1047 1965 1080 ι
2000 1028 2188 1094 Ἄλλος
2216 1028 2315 1098 μὲν
2333 1027 2579 1099 ἔχθιστος
2608 1029 2732 1099 ἐμοὶ
2753 1031 2778 1080 6
2803 1029 2953 1095 ξένος
2979 1022 3133 1092 οὗτος
3154 1024 3221 1100 ἦν
3244 1028 3333 1082 ὅτε
3352 1029 3521 1096 άπεξ-

1947 1123 2069 1190 έθη,
2122 1123 2325 1175 καὶτὸν
2356 1125 2413 1175 ὲν
2436 1122 2565 1193 ᾇδου
2599 1122 2856 1193 πορθμέα
2883 1123 3253 1195 ναυστολῆσαί
3278 1140 3346 1195 με
3367 1124 3520 1177 κάτω

1943 1213 2401 1285 προύκαλέσατοο
2436 1215 2534 1268 καὶ
2568 1214 2672 1285 ήδη
2733 1216 2828 1268 καὶ
2871 1214 3091 1286 θατέρῳ
3141 1219 3253 1268 τοῖν
3301 1217 3518 1269 σκελοῖν

1947 1305 2147 1361 ἐπιϐὰς
2174 1304 2288 1374 ἐγὼ
2319 1305 2494 1376 βαρὺς
2522 1306 2682 1375 νόσῳ,
2709 1306 2771 1358 τὸ
2799 1306 3100 1377 πορθμεῖον
3136 1307 3514 1375 ἐσκάμὸευσα.

1946 1397 2218 1469 ’Ὕστερον
2261 1400 2360 1467 μέν
2385 1415 2468 1452 τοι
2498 1397 2837 1467 γαληνιάσας
2866 1400 2953 1452 ἐπ’
2982 1399 3128 1470 ἐμοὶ,
3161 1401 3258 1453 καὶ
3282 1399 3376 1452 τοῦ
3414 1399 3514 1470 βάο

1949 1502 2081 1557 ρους
2131 1487 2535 1557 ἀνακουφίσας,
2568 1489 2665 1541 καὶ
2700 1489 2791 1541 τὸν
2829 1489 3087 1561 πορθμέα
3146 1488 3382 1562 Χάρωνα
3415 1509 3518 1543 πα-

1951 1580 2359 1650 ραιτησάμενος
2418 1581 2564 1634 αἰδοῖ
2622 1581 2721 1651 τῆς
2748 1598 2809 1634 τε
2842 1581 2947 1651 γῆς
2984 1580 3080 1635 τοῦ
3128 1598 3189 1633 τε
3221 1581 3398 1651 ἡλίου,
3441 1574 3517 1636 ὧν

1950 1669 2178 1740 ἔμελλεν
2209 1672 2525 1741 ἀπαγαγεῖν
2559 1690 2627 1743 με
2679 1676 2789 1744 πρὸ
2817 1673 2991 1745 ὥρας,
3020 1675 3388 1745 περιήγαγεν,
3436 1676 3517 1737 είς

1950 1761 2089 1835 ὅπερ
2123 1763 2241 1834 είμὶ
2272 1764 2423 1833 ἄρτι,
2454 1764 2552 1817 καὶ
2580 1764 2735 1819 τοῦδε
2768 1768 2933 1836 χάριν
2963 1765 3396 1838 φιλοφρονοῦμαι
3426 1767 3518 1820 τὸν

268 1856 437 1909 καλὸν
470 1855 661 1909 τοῦτον
708 1855 1020 1927 ἄνθρωπον.
1068 1856 1237 1911 Ταῦτ’
1276 1855 1447 1910 εἰπὼν
1505 1859 1534 1910 6
1601 1851 1902 1923 ξενοδόχης,
1944 1854 2037 1907 καὶ
2068 1853 2213 1909 οὕτω
2269 1856 2619 1926 διακείμενος
2652 1857 2965 1925 (ὑπόκειται
3024 1858 3081 1911 δὲ
3111 1859 3330 1931 ἀληθῶς
3359 1859 3505 1913 οὕτω

270 1947 688 2019 διατεθεῖσθαι),
728 1945 847 2019 ’ἆρα
899 1948 1276 2020 μνησικακοίη
1319 1950 1426 2017 ἇν;

338 2041 431 2096 32.
474 2041 612 2098 Ecce
642 2041 910 2097 luctamen
959 2042 1013 2096 in
1046 2043 1393 2100 ratiociniis:
1426 2042 1517 2111 qui
1554 2040 1717 2103 volet,
1754 2038 1846 2092 ad-

2024 2035 2126 2107 λβ’.
2172 2034 2340 2102 Ἰδοὺ,
2366 2034 2510 2107 πάλη
2542 2037 2598 2091 ἐν
2630 2034 2811 2104 λόγοις
2838 2052 2852 2066 θ
2896 2038 2979 2091 κα¹
3014 2037 3042 2089 6
3073 2035 3400 2107 βουλόμενος
3426 2037 3522 2093 ἁν-

270 2147 485 2187 versum
513 2146 598 2187 me
624 2132 898 2202 procedat.
930 2131 1156 2187 Habebit
1185 2144 1365 2188 autem
1391 2133 1636 2202 pala'stra
1672 2134 1843 2188 lenem

274 2227 614 2279 substratum
643 2224 949 2295 pulverem,
982 2233 1063 2289 ut,
1097 2226 1140 2279 si
1170 2224 1311 2280 forte
1339 2224 1645 2295 dejiciatur,
1678 2225 1853 2281 resul-

273 2323 352 2368 tet
380 2328 570 2382 sanus,
600 2322 656 2369 et
683 2328 915 2385 surgens
946 2316 1224 2384 abstergat
1253 2330 1400 2382 eum,
1449 2325 1496 2370 et
1553 2326 1683 2382 stet,
1738 2333 1842 2371 non

268 2420 400 2461 casu
450 2407 633 2463 laesus.
681 2408 814 2462 Dico
856 2408 1001 2462 enim
1051 2407 1195 2477 (quis
1245 2407 1678 2479 contradicet2),
1718 2423 1845 2477 gra-

270 2495 378 2550 tias
426 2494 638 2551 sincere
693 2504 940 2568 agentem
1009 2495 1334 2569 iniuriarum
1394 2512 1683 2552 memorem
1740 2498 1844 2554 dici

272 2600 583 2662 nonposge.
644 2586 761 2641 Non
816 2587 980 2658 igitur
1030 2587 1157 2643 mali
1209 2588 1473 2643 memoria
1522 2590 1846 2660 simpliciter

271 2686 357 2730 est
389 2676 512 2731 mali
558 2677 886 2744 recordatio,
942 2679 1038 2733 sed
1086 2681 1393 2736 recordatio
1445 2680 1694 2736 vindictae
1722 2692 1844 2737 stu-

273 2766 461 2833 diosa,
507 2766 623 2823 sive
660 2767 980 2836 praesentis,
1030 2770 1145 2823 sive
1190 2767 1495 2839 promptae,
1512 2784 1647 2839 quas
1681 2770 1843 2827 etiam

275 2857 463 2911 ambas
494 2872 526 2911 a
562 2860 717 2914 nobis
751 2856 891 2913 Deus
922 2866 1154 2924 avertat,
1186 2874 1292 2913 non
1323 2868 1500 2913 autem
1529 2859 1728 2925 solum,
1748 2862 1842 2927 sed

272 2955 326 2998 et
348 2944 414 2998 ab
432 2947 579 2999 omni
609 2946 751 3001 bono
778 2946 1125 3003 Christiano!
1162 2948 1216 3003 Si
1246 2948 1368 3017 quis
1402 2949 1841 3018 autem_0ppouit,

273 3037 461 3106 quod:
517 3035 618 3094 Hic
670 3038 837 3093 etiam
892 3039 986 3109 qui
1046 3040 1373 3094 videbantur
1412 3040 1629 3112 maligni
1678 3040 1845 3097 fuisse

273 3130 592 3197 praedones,
641 3129 780 3185 bona
827 3130 1054 3198 faciunt,
1108 3131 1204 3186 tibi
1251 3148 1395 3186 nunc
1433 3130 1614 3197 Salve,
1667 3132 1844 3203 rabbi,

276 3223 606 3286 clamantes,
657 3220 950 3278 adorantes
1014 3223 1131 3289 vel,
1192 3223 1335 3277 sicut
1375 3222 1569 3292 aliquis
1618 3226 1843 3291 diceret,

272 3310 455 3366 cancri
488 3310 762 3366 humiliter
788 3311 1068 3381 prostrati,
1086 3321 1368 3383 poscentes
1393 3313 1844 3382 misericordiam,

277 3404 489 3457 veniam
546 3404 957 3475 supplicantes;
1016 3403 1068 3458 in
1113 3403 1305 3471 primis
1351 3404 1568 3473 quidem
1610 3420 1639 3456 a
1686 3386 1914 3459 nobisc

277 3495 482 3561 discat,
544 3499 688 3565 quod
752 3495 855 3552 hoc
897 3512 1042 3567 saepe
1094 3511 1218 3552 cum
1265 3499 1573 3564 jurameuto
1618 3496 1848 3566 profes~i

277 3587 543 3657 ejusmodi
585 3588 893 3659 sapientes,
945 3603 1047 3645 nos
1080 3588 1270 3645 faciles
1312 3599 1560 3657 repertos
1611 3598 1665 3644 et
1708 3590 1848 3644 tlcxu

280 3680 513 3744 dociles,
551 3680 711 3751 paulo
754 3690 877 3751 post
918 3680 1191 3751 pejoribus
1233 3696 1333 3736 nos
1378 3683 1853 3738 circurnveneruut

279 3773 743 3843 sOphismatibus,
783 3783 837 3829 et
882 3775 1140 3829 dixerunt
1177 3773 1443 3845 quidem:
1492 3774 1654 3841 Ecce,
1700 3786 1850 3846 post-

277 3882 442 3936 quam
475 3864 740 3933 ltesimus,
772 3867 1088 3922 sanas-intus
1116 3876 1171 3922 et
1200 3868 1369 3921 multa
1402 3876 1594 3922 contra
1641 3869 1851 3923 calum-

282 3960 543 4012 uiatorem
596 3958 863 4025 diximus;
917 3973 1021 4012 uou
1080 3959 1248 4012 multo
1302 3966 1423 4026 post
1453 3968 1632 4013 autem
1667 3958 1852 4014 inean-

284 4048 353 4102 lis
416 4049 684 4103 irruentes
738 4048 890 4116 plura
963 4049 1319 4117 gravioraque
1386 4050 1680 4105 iunxerunt
1736 4050 1850 4105 rul-

286 4154 452 4201 uera,
515 4152 615 4192 uec
671 4138 970 4204 sanabilia;
1028 4138 1416 4208 dcpulsumque
1470 4139 1731 4196 latronem
1789 4157 1854 4198 ac

287 4230 639 4298 praedatorem
677 4227 995 4284 maledicum
1026 4244 1123 4297 per
1153 4230 1415 4284 modicam
1439 4233 1657 4301 quidem
1691 4249 1853 4303 aper-

284 4334 462 4376 turam
511 4322 599 4376 vix
648 4321 799 4377 exire
846 4320 1245 4391 permiserunt,
1296 4323 1363 4376 ad
1420 4338 1617 4380 novum
1669 4338 1852 4382 autent

284 4414 515 4469 reditum
545 4430 643 4487 per
674 4429 923 4485 magnam
961 4413 1184 4485 januatu
1210 4423 1396 4486 aperte
1426 4430 1634 4473 rursum
1679 4418 1854 4475 intro-

282 4510 568 4564 duxerunt.

355 4604 444 4658 '55.
470 4604 676 4659 Deinde
705 4612 883 4657 mente
911 4610 1161 4669 reputent
1190 4600 1281 4671 qui
1308 4590 1495 4655 couti‘a
1518 4616 1616 4656 nos
1634 4603 1852 4673 quidem

1947 2126 2217 2192 τεπεξίτω
2274 2144 2386 2192 μοι.
2428 2128 2586 2199 ’Ἐχοι
2616 2127 2670 2181 δὲ
2704 2129 2737 2196 ἡ
2774 2128 3086 2199 παλαίστρα
3129 2128 3277 2182 κόνιν
3303 2128 3525 2200 ἁπαλὴν

1948 2221 2398 2290 ύπεστρωμὲνην,
2426 2221 2480 2275 εἴ
2499 2238 2612 2286 πως
2644 2220 2972 2275 καταπεσὼν
3000 2222 3332 2293 ἁναπεδήσει
3358 2224 3528 2286 σῶος.

1946 2311 2041 2364 καὶ
2072 2310 2312 2372 ἀναστὰς
2339 2309 2510 2381 αὐτὴν
2537 2310 2910 2380 ἁποψήσεται,
2952 2310 3047 2363 καὶ
3094 2310 3407 2382 ἑστήξεται,
3444 2313 3529 2383 μὴ

1946 2401 2355 2472 καταθρυφθεὶς
2375 2401 2454 2471 τῷ
2483 2401 2763 2472 πτώματι.
2795 2403 2941 2472 Φημὶ
2970 2405 3082 2472 γὰρ
3117 2401 3239 2470 (οὐκ
3274 2402 3341 2456 ιν
3368 2404 3528 2457 ἅντι-

1947 2490 2259 2560 λεγοίμην),
2301 2489 2377 2554 ὡς
2417 2492 2446 2544 6
2476 2491 2814 2562 εὐχαριστῶν
2842 2491 2980 2560 πρὸς
3006 2491 3271 2563 ἀλήθειαν
3320 2492 3421 2545 οὐκ
3453 2492 3526 2546 ἂν

1948 2582 2310 2652 μνησικακεῖν
2349 2580 2588 2649 λέγοιτο.
2634 2582 2710 2635 Ού
2746 2581 2929 2636 τοίνυν
2962 2582 3148 2644 ἁπλῶς
3182 2583 3529 2652 μνησικακία

1945 2671 2008 2724 ού
2060 2671 2232 2725 κακοῦ
2283 2690 2427 2738 τινος
2474 2675 2700 2745 μνήμη,
2752 2674 2889 2728 ἀλλὰ
2936 2675 2969 2745 ἡ
3019 2675 3153 2745 πρὸς
3206 2675 3528 2747 ἑντρέχειαν

1945 2763 2273 2836 ἀμυντικὴν,
2303 2766 2337 2837 ἦ
2370 2766 2469 2835 τὴν
2498 2765 2721 2832 αὐτίκα,
2773 2766 2807 2836 ἢ
2839 2767 2940 2838 τὴν
2974 2766 3281 2833 είσέπειτα,
3337 2768 3531 2836 ἇσπερ

1946 2859 2040 2911 καὶ
2068 2856 2235 2928 ἄμφω
2267 2857 2425 2927 ἡμῶν
2455 2857 2735 2927 ἀπαγάγοι
2757 2857 2912 2922 Θεὸς,
2949 2861 3043 2912 καὶ
3064 2859 3126 2912 οὐ
3161 2859 3346 2929 μόνον,
3379 2858 3530 2911 ἀλλὰ

1948 2951 2042 3003 καὶ
2079 2950 2280 3013 παντὸς
2310 2949 2473 3020 ὀρθοῦ
2500 2949 2856 3022 Χριστιανοῦ.
2895 2949 3040 3004 Εἰδέ
3069 2968 3155 3014 τις
3209 2950 3527 3020 ἁντιθήσει,

1946 3040 2021 3104 ὡς
2078 3041 2209 3095 Ἰδοὺ
2265 3039 2541 3095 κάνταῦθα
2594 3043 2644 3095 oi
2700 3041 2981 3104 δοκοῦντες
3025 3041 3322 3116 λῃστεύσαι
3379 3042 3531 3112 πρὸς

1949 3129 2191 3184 κάκωσιν
2246 3130 2425 3199 ἀγαθὰ
2477 3130 2743 3198 ποιοῦσιν,
2798 3131 2889 3183 ἐπὶ
2939 3133 3023 3185 σο)⁵
3076 3132 3289 3203 άρτιτδ
3324 3133 3531 3204 Χαῖρε,

1960 3222 2181 3289 'Pa66l,
2214 3222 2696 3294 προτφωνοῦντες,
2747 3223 3206 3295 ύποκυρτοῦντες.
3266 3225 3333 3295 ἡ,
3374 3227 3531 3282 καθά

1947 3330 2032 3376 τις
2077 3315 2205 3385 ἔφη,
2243 3311 2594 3383 καριδοῦντες
2627 3314 2858 3381 ἑαυτοὺς
2892 3317 3371 3387 προσκυνητικῶς,
3429 3320 3527 3371 αἰ-

1946 3405 2198 3477 τούμενοι
2234 3406 2295 3459 τδ
2328 3406 2635 3478 συμπαθὲς,
2676 3408 3105 3479 προκαλούμενοι
3144 3408 3525 3480 συγχώρηπινυ

1949 3501 2007 3552 ἐν
2038 3496 2277 3568 πρώτοις
2312 3498 2411 3569 μὲν
2467 3499 2605 3552 ῐστω
2650 3500 2841 3569 μαθὼν
2874 3501 2933 3566 ἐξ
2990 3503 3171 3572 ἡμῶν,
3229 3503 3304 3565 ὡς
3354 3501 3528 3556 τοῦτο

1949 3590 2211 3653 πολλάκις
2246 3591 2470 3661 ἔνορκοι
2512 3590 2942 3661 μεθοδεύσαντες
2967 3595 3014 3648 ei
3042 3596 3110 3647 τά
3164 3593 3390 3648 τοιαῦτα
3429 3610 3534 3648 σοι

1950 3682 2061 3750 φοὶ,
2088 3683 2184 3736 καὶ
2214 3682 2360 3753 ἡμᾶς
2391 3681 2645 3746 εὐκόλους
2666 3683 3024 3755 ὲξευρηκότες
3042 3685 3137 3738 καὶ
3155 3684 3535 3755 εύστρέπτους

1949 3779 2027 3841 εἰς
2059 3777 2290 3848 κάμψιν,
2325 3778 2450 3849 μετ’
2477 3778 2537 3830 ού
2571 3778 2708 3831 πολὺ
2739 3777 3064 3845 δεινοτέροις
3110 3776 3257 3845 ἡμᾶς
3293 3777 3537 3844 περιῆλ-

1950 3870 2042 3923 θον
2077 3870 2376 3941 σοφίσμασι
2396 3885 2410 3900 '
2443 3870 2537 3923 καὶ
2569 3864 2729 3922 εἷπον
2759 3869 2879 3935 μὲν,
2912 3867 2989 3931 ὼς
3036 3866 3144 3919 ἰδοὺ
3178 3866 3227 3918 οί
3260 3866 3532 3935 τρῶσανο-

1950 3979 2042 4025 τες
2072 3959 2369 4030 ὲξιώμεθα,
2415 3961 2512 4015 καὶ
2572 3959 2760 4030 μακρὰ
2807 3959 2901 4011 τοῦ
2935 3956 3188 4011 διαὸόλου
3223 3956 3533 4024 καταλέγο-

1955 4068 2055 4122 μεν
2084 4068 2098 4082 ·
2134 4053 2250 4120 μετ’
2284 4050 2467 4119 ὀλίγον
2518 4050 2576 4103 δὲ
2606 4050 2941 4119 ἀφυλάκτοις
2980 4045 3133 4101 οὖσιν
3165 4049 3535 4100 ἐπεισπεσόνο

1951 4159 2065 4211 τες,
2098 4143 2267 4197 πλείω
2328 4144 2423 4196 καὶ
2459 4140 2736 4213 βαρύτερα
2783 4140 3042 4209 ἐνέτηξαν
3070 4138 3381 4211 τραύματα,
3433 4140 3542 4193 καὶ

1952 4236 2075 4290 οὐδὲ
2104 4234 2486 4306 θεραπεύσιμα
2515 4250 2530 4266 ·
2586 4235 2686 4287 καὶ
2742 4232 2828 4287 τιν
2880 4231 3253 4302 ἐξωθούμενον
3280 4231 3541 4302 κλέπτην

1956 4328 2050 4379 καὶ
2077 4326 2281 4398 λῃστὴν
2310 4325 2557 4380 διάϐολον
2583 4324 2671 4378 διὰ
2705 4327 2907 4396 μικρᾶς
2934 4323 3033 4393 μέν
3054 4340 3199 4384 τινος
3224 4322 3363 4392 ὀπῆς
3387 4322 3547 4393 ἀφῆ-

1955 4436 2058 4473 καν
2087 4421 2246 4489 μόγις
2275 4419 2536 4486 ἐξελθεῖν,
2568 4421 2637 4488 τῇ
2698 4418 2750 4471 δὲ
2778 4418 3098 4486 ἀνακάμψει
3158 4418 3249 4471 διὰ
3278 4419 3543 4488 μεγάλης

1955 4510 2130 4582 θύρας
2162 4510 2654 4583 παρῤησιαστικῶς
2680 4511 3097 4581 ἀντεισήγαγον.

2028 4601 2131 4671 λγ’.
2167 4602 2401 4655 Ἔπειτα
2461 4600 2907 4671 ἑνθυμείσθωσαν
2951 4603 2999 4654 oi
3050 4601 3171 4654 καθ’
3205 4601 3364 4671 ἡμῶν
3433 4602 3543 4670 μὲν

282 4712 551 4750 memores
589 4705 713 4749 sunt
743 4694 1056 4756 mendaces,
1111 4708 1141 4746 a
1167 4692 1325 4747 uobis
1359 4702 1537 4748 autem
1580 4693 1846 4748 meritoria?

1957 4692 2189 4764 ψεῦσται
2233 4693 2533 4763 μνήμονες,
2565 4692 2725 4762 ἡμῶν
2753 4692 2808 4744 δὲ
2841 4692 3193 4761 ἀφορίζοντες
3234 4692 3295 4744 τὸ
3327 4693 3544 4758 ἀγαθὸν

283 4790 507 4851 bonum,
538 4788 822 4856 pulchrum
859 4796 1069 4839 natura:
1108 4786 1330 4850 donum,
1358 4799 1669 4858 segregant,
1703 4787 1849 4857 quod

284 4894 384 4948 ego
426 4892 566 4946 saepe
630 4878 888 4933 adversus
957 4879 1178 4932 callidas
1251 4879 1615 4945 adorationes,
1685 4881 1856 4934 veluti

288 4972 552 5042 quasdam
594 4982 1013 5040 cornupetarum
1064 4974 1467 5041 aggressiuues,
1515 4974 1853 5028 incautorum

286 5074 505 5117 ventres
566 5059 947 5131 ell'riugentes,
1015 5079 1118 5118 non
1178 5064 1400 5117 omnino
1439 5064 1633 5119 stolide
1677 5066 1856 5119 decla-

284 5154 461 5219 mari,
515 5150 790 5218 falsaque
844 5150 1246 5221 genuﬂexioues
1306 5152 1673 5206 demonstravi
1728 5161 1850 5206 tan-

284 5263 443 5314 quam
473 5246 801 5299 luctatorum
830 5243 1105 5296 hominum
1124 5252 1290 5310 artes,
1319 5244 1636 5299 conantium
1657 5242 1857 5297 utrius-

289 5357 393 5408 que
420 5341 595 5394 cruris
619 5340 867 5409 amplexu
906 5338 1192 5403 iahazrere,
1215 5350 1266 5392 ct
1303 5339 1453 5393 illum
1482 5341 1566 5392 cui
1594 5347 1859 5407 parantur

289 5430 495 5487 insidia:
538 5440 906 5503 prosternere.
937 5429 1050 5484 Illis
1076 5438 1255 5483 autem
1302 5431 1394 5500 qui
1427 5443 1640 5497 semper
1664 5427 1855 5497 hujus-

289 5524 433 5576 modi
489 5534 650 5590 sunt,
704 5524 938 5596 compati
997 5530 1053 5578 et
1085 5522 1368 5594 ignoscere
1424 5520 1672 5589 suspicor
1730 5520 1859 5603 quid

288 5616 429 5685 apud
455 5616 599 5684 ipsos
633 5619 942 5688 signiﬁcare
984 5617 1129 5672 velit.
1168 5616 1380 5672 Etenim
1412 5612 1647 5683 compati
1678 5620 1730 5667 et
1768 5627 1860 5667 ve-

291 5706 439 5762 niam
466 5704 594 5762 dat‘e
616 5724 720 5764 non
749 5724 869 5765 esse
895 5720 1077 5780 posset
1107 5708 1171 5765 ad
1205 5710 1254 5762 id
1292 5706 1491 5775 aliquid
1522 5720 1641 5759 cum
1673 5704 1857 5772 aliquo

1963 4783 2319 4855 μνημονικὸν,
2351 4783 2411 4836 τὸ
2443 4782 2605 4836 καλὸν
2628 4782 2801 4854 δῶρον
2827 4783 2931 4852 τῆς
2960 4782 3196 4852 φύσεως,
3223 4783 3307 4835 ὅτι
3337 4782 3548 4835 πολλά·-

1962 4894 2050 4939 κις
2078 4874 2190 4943 ἐγὼ
2210 4874 2691 4945 κατερῤητόρευσα
2721 4875 2782 4927 οὐ
2803 4873 2944 4929 πάνυ
2966 4890 3019 4927 τι
3042 4875 3226 4943 ἀφυῶς
3242 4873 3350 4925 τῶν
3377 4891 3552 4946 στρε-

1962 4964 2106 5018 ϐλῶν
2138 4966 2638 5034 προσκυνημὰτων,
2676 4963 2751 5025 ὠς
2800 4958 2887 5017 οἷα
2934 4964 3209 5017 καίτινων
3257 4966 3551 5034 κυριγμά-

1961 5073 2070 5111 των
2102 5054 2562 5127 άναρῤηγνύντων
2597 5054 2693 5116 τὰς
2724 5054 2831 5108 τῶν
2854 5054 3071 5122 ἀφελῶν
3106 5055 3401 5123 γαστέρας,
3442 5057 3552 5107 καὶ

1965 5147 2064 5209 τὰς
2098 5145 2311 5215 ψευδεῖς
2335 5147 2726 5213 γονυπετήσεις
2758 5145 3039 5215 ἐθεώρησα
3057 5144 3192 5197 ὡσεὶ
3221 5147 3317 5198 καὶ
3336 5148 3551 5215 τέχνας

1972 5237 2383 5308 παλαιστρικῶν
2417 5237 2649 5306 ἀνδρῶν,
2672 5239 3032 5307 τεχνωμένων
3065 5239 3306 5307 κνήμαιν
3329 5238 3553 5306 ἀμφοῖν

1965 5330 2337 5399 περιπλέγδην
2363 5329 2697 5400 ἐμφύεσθαι,
2730 5331 2824 5384 καὶ
2853 5333 3250 5403 καταῤῥιπτεῖν
3286 5330 3374 5386 τὸν
3409 5335 3554 5383 ἑπι-

1967 5423 2377 5495 6ουλευόμενον.
2414 5424 2485 5475 Τὸ
2509 5424 2564 5476 δέ
2594 5440 2656 5492 γε
2692 5423 3002 5493 συμπαθεῖν
3023 5427 3132 5486 τοῖς
3159 5425 3336 5476 εἰσαεὶ
3363 5423 3564 5474 τοιού-

1956 5533 2078 5589 ,τοις
2099 5517 2192 5570 καὶ
2220 5518 2524 5585 συγχωρεῖν
2556 5516 2623 5569 δι’
2659 5516 2894 5586 ὑποψίας
2930 5516 3068 5584 ἄγω,
3099 5516 3153 5569 τί
3174 5516 3376 5588 δήποτε
3404 5516 3557 5584 παρ’

1968 5592 2179 5679 αὐτοῖς
2215 5612 2353 5662 νοεῖν
2413 5608 2684 5679 βούλεται.
2734 5605 3050 5676 Συμπαθεῖν
3106 5606 3206 5675 μὲν
3266 5607 3378 5677 γὰρ
3444 5604 3563 5659 καὶ

1970 5704 2271 5773 συγχωρεῖν
2316 5701 2415 5756 οὐκ
2452 5702 2519 5756 ἂν
2551 5701 2612 5754 τὸ
2650 5699 2746 5755 σύν
2774 5717 2881 5754 τινι
2914 5699 3103 5754 παθεῖν
3139 5700 3235 5757 καὶ
3290 5700 3384 5753 σύν
3428 5713 3564 5753 τινι
