4034 6206
403 398 510 463 433

1401 398 1707 460 CONTRA
1741 397 2236 461 INJUBIARUM
2272 394 2722 460 MEMORIAM.

3572 396 3679 461 ιοι

404 514 604 583 χωρεῖν
637 511 717 574 είς
773 511 891 565 τόδε
932 527 1009 564 τι.
1088 505 1227 579 Ἐγὼ
1255 510 1311 564 δὶ
1342 512 1443 566 οὐκ
1470 511 1538 566 ἂν
1584 511 1730 566 οὕτω
1762 513 1978 576 παθεῖν,

2088 511 2197 581 pati
2244 519 2299 566 et
2341 511 2393 566 ei
2437 511 2488 564 in
2519 510 2704 581 aliquo
2737 507 2951 566 cedere.
2987 507 3099 581 Ego
3153 522 3283 564 vero
3310 524 3418 565 non
3463 511 3538 567 ita
3569 518 3678 584 pati

403 601 517 652 οὐδ’
551 599 619 654 ἂν
650 599 794 653 οὓτω
831 601 1033 670 χωρεῖν
1067 599 1330 672 ἐθέλοιμι,
1366 601 1448 655 δτι
1488 602 1614 673 μηδ’
1655 604 1816 667 ἄλλος
1875 603 1988 657 τῶν

405 691 756 760 φρονεόντων
791 695 873 755 είς
897 692 1128 762 ἀγαθόν.
1166 695 1265 758 Τίς
1306 695 1414 766 γάρ
1442 695 1509 749 ἂν
1533 697 1782 768 ὲχέρφων
1815 697 1990 750 ἕλοιτο

409 787 606 840 παθεῖν
630 786 732 839 σύν
756 803 862 839 τινι
891 787 954 838 τδ
1002 787 1101 857 τῆς
1141 785 1369 858 γνώμης
1409 788 1664 856 ἄστατον,
1695 790 1730 859 ἢ
1765 792 1986 860 χωρεῖν,

401 879 604 930 ταύτὸν
637 877 682 930 δ’
716 878 896 931 εἰπεῖν
929 879 1108 950 ὁρμᾷν
1142 879 1241 932 σύν
1269 896 1398 944 τινι,
1433 882 1571 949 πρὸς
1600 880 1746 951 άπερ
1777 884 1806 935 ό
1836 898 1990 934 συνε-

403 971 497 1029 τὸς
531 968 878 1039 άπεύχεται;
915 969 1073 1022 Οὕτω
1103 969 1234 1038 γοῦν
1275 970 1534 1034 ὑπόπτως
1567 971 1706 1043 ἔχων
1737 972 1873 1044 πρὸς
1926 973 1988 1026 τὸ

403 1063 597 1125 ἁπλῶς
651 1063 747 1115 καὶ
785 1061 1102 1132 συμπαθεῖν
1129 1063 1226 1116 καὶ
1255 1067 1584 1134 συγχωρεῖν,
1629 1065 1856 1134 διαιρῶν
1889 1064 1987 1133 τὴν

406 1156 531 1210 καθ’
563 1155 890 1226 ὁμωνυμίαν
937 1155 1226 1224 σύγχυσιν,
1260 1156 1354 1209 καὶ
1378 1158 1700 1228 διευκρινῶν
1748 1163 1806 1210 ὲν
1835 1157 1987 1227 ὀρθό-

403 1265 550 1317 τητι,
593 1246 942 1317 ’γνωματεύω
966 1247 1089 1300 κατ’
1118 1249 1261 1318 ἐμὴν
1283 1249 1585 1319 ἐπίκρισιν,
1609 1250 1685 1312 ὡς
1715 1250 1986 1320 θελήματι

408 1339 512 1408 μὲν
546 1337 739 1409 ἀγαθῷ
766 1341 1095 1409 συγχωρεῖν,
1121 1339 1216 1392 καί
1247 1343 1390 1394 κατὰ
1417 1341 1589 1404 πάθος
1620 1340 1680 1394 εὖ
1697 1340 1820 1411 ἔχον
1847 1359 1984 1412 συμ-

409 1431 606 1484 παθεῖν
637 1431 732 1484 καὶ
769 1433 984 1502 στέργω
1019 1431 1118 1485 καὶ
1160 1429 1424 1501 εὔχομαι⁹
1452 1434 1548 1486 κα)⁸
1599 1432 1982 1503 προκαλούμε-

403 1541 494 1586 νος
533 1522 784 1593 χωρῆσαι
813 1524 912 1576 καὶ
939 1522 1132 1578 παθεῖν
1159 1524 1398 1595 ἐποίμην
1435 1525 1526 1588 ἂν,
1560 1525 1657 1578 καὶ
1693 1525 1982 1596 πάσχοιμι,

403 1616 457 1677 ἐς
492 1615 616 1666 ὅσον
647 1613 888 1684 ἐξαρκῶ,
918 1615 1013 1670 καὶ
1042 1617 1141 1668 οὐκ
1164 1615 1230 1669 ἂν
1254 1615 1592 1685 ἐλεγχθεῐην,
1617 1614 1693 1686 μὴ
1716 1615 1859 1668 οὕτω
1892 1614 1986 1668 καὶ

405 1705 710 1776 συγχωρῶν
736 1706 831 1757 καί
853 1703 1178 1774 συμπαθῶν.
1210 1705 1320 1758 Καί
1360 1723 1452 1774 μοι
1482 1706 1758 1776 μάρτυρες
1775 1704 1984 1759 τούτων

407 1798 458 1850 οἱ
492 1797 590 1867 τῆς
623 1797 834 1860 πόλεως
881 1797 1090 1867 ταύτης
1118 1797 1317 1864 ἁγαθοὶ
1349 1797 1563 1868 ἄνδρες,
1603 1794 1689 1860 οἷς
1723 1796 1982 1850 πλειστά-

2093 617 2196 657 nec
2239 604 2310 656 ita
2341 600 2539 657 cedere
2568 601 2784 666 vellem,
2817 600 2913 656 sed
2950 613 3050 655 nec
3078 600 3220 657 alius
3253 601 3394 657 bene
3421 604 3680 660 cordatus

2093 695 2515 765 qualiscunque.
2563 693 2699 758 Quis
2746 693 2892 747 enim
2943 694 3184 763 prudens
3253 695 3676 751 inconstantiam

2091 784 2376 840 sententiae
2403 799 2529 839 cum
2561 781 2744 852 aliquo
2781 784 2891 853 pati
2938 786 3302 852 consentiret,
3338 787 3420 842 vel
3462 789 3677 853 cedere,

2091 891 2185 931 seu
2217 877 2361 947 quod
2396 876 2536 930 idem
2569 884 2676 941 est,
2711 874 2840 930 ierri
2867 890 2992 930 cum
3027 876 3208 948 aliquo
3244 879 3310 933 ad
3341 894 3402 934 ea
3431 895 3552 951 quae
3583 895 3678 935 ex-

2091 981 2216 1037 pers
2231 966 2567 1022 detestatur?
2591 965 2684 1021 Sic
2701 966 2866 1037 igitur
2882 969 3135 1038 suspicax
3154 972 3218 1024 ad
3264 971 3405 1027 istud
3423 973 3680 1042 simplici-

2094 1064 2176 1110 ter
2202 1057 2638 1127 eompatiendum
2657 1058 3162 1126 etconcedendum,
3190 1075 3380 1116 vocum
3413 1062 3673 1118 similium

2093 1147 2414 1204 discernens
2451 1147 2824 1205 conlusionem
2855 1159 2909 1205 et
2952 1161 3094 1208 recte
3119 1153 3460 1223 dijudicans,
3495 1165 3675 1213 statuo

2083 1237 2235 1305 juxta
2259 1253 2444 1295 meum
2468 1240 2738 1311 judicium
2763 1243 2908 1312 quod
2952 1242 3212 1300 voluntati
3259 1248 3476 1317 quidem
3521 1249 3676 1305 bona:

2089 1331 2407 1397 concedere,
2445 1333 2712 1404 juxtaque
2742 1334 2938 1388 bonam
2975 1339 3287 1404 passionem
3312 1340 3548 1409 compati
3583 1359 3674 1396 na—

2092 1421 2252 1474 turali
2285 1421 2652 1492 propensione
2685 1423 3017 1493 complector
3045 1433 3110 1480 et
3130 1425 3402 1493 desidero,
3422 1441 3674 1501 rogatus-

2095 1525 2202 1580 que
2226 1512 2422 1568 cedere
2445 1527 2509 1567 ac
2534 1514 2643 1582 pati
2667 1527 2931 1584 sequerer
2953 1523 3008 1572 et
3027 1528 3244 1587 paterer
3261 1532 3522 1590 quantum
3549 1537 3673 1592 pos-

2086 1615 2224 1671 sem,
2260 1617 2362 1659 nec
2390 1605 2822 1675 reprehenderer-
2848 1607 3012 1663 veluti
3038 1609 3116 1664 sic
3140 1625 3248 1664 non
3290 1611 3593 1668 concedens
3619 1625 3672 1668 et

2086 1695 2442 1764 compatiens.
2477 1695 2650 1768 Hujus
2683 1707 2864 1753 autem
2895 1700 2970 1754 rei
3005 1701 3136 1755 mihi
3162 1711 3325 1757 testes
3349 1711 3476 1760 sunt
3508 1705 3671 1774 hujus

2088 1787 2246 1842 urbis
2260 1786 2384 1842 boni
2419 1789 2547 1855 viri,
2575 1789 2774 1859 quibus
2797 1804 2938 1861 saepe
2996 1795 3061 1845 ad
3088 1793 3258 1849 bonas
3280 1795 3396 1851 vias
3419 1797 3672 1851 et-hone-

406 1907 494 1952 κις
522 1887 988 1959 προκαλουμένοις
1013 1888 1093 1951 είς
1117 1889 1330 1956 ἀγαθάς
1359 1887 1511 1950 ὁδοὺς
1532 1890 1626 1942 καὶ
1659 1888 1739 1951 εὶς
1767 1887 1982 1959 χρηστά

2089 1886 2201 1932 stas
2255 1880 2500 1934 actiones
2549 1880 2976 1936 exltortantibns
3023 1893 3080 1938 et
3131 1875 3376 1940 conc‘essi
3422 1897 3476 1942 et
3521 1903 3670 1944 com-

403 1982 554 2048 πάθη
591 1979 686 2033 καὶ
719 1980 1077 2050 συνεχθρησα
1103 1979 1202 2031 καὶ⁵
1238 1978 1544 2032 συνέπαθον
1571 1995 1587 2010 ο
1623 1980 1690 2034 τὰ
1722 1979 1893 2033 πολλὰ
1921 1979 1979 2033 δὲ

405 2077 498 2126 καὶ
530 2074 594 2125 οὐ
632 2072 769 2142 πρὸς
796 2071 1054 2143 δύναμιν,
1082 2071 1223 2138 ἀλλ’,
1251 2071 1629 2146 ἀποστολικῶς
1665 2074 1867 2138 εἰπεῖν,
1899 2074 1982 2135 είς

405 2166 720 2238 ὑπερϐολήν
743 2203 758 2218 .
795 2167 905 2218 Καὶ
931 2163 1075 2218 οὕτω
1103 2167 1204 2235 μὲν
1239 2164 1512 2236 συγχωρῶ
1543 2165 1640 2218 καὶ
1675 2163 1979 2235 συμπαθῶ⁶

404 2259 730 2328 διαφωτίσαι
756 2257 813 2310 δὲ
867 2261 966 2319 τὰς
1012 2257 1186 2322 λέξεις
1235 2255 1442 2319 ταύτας
1505 2257 1585 2320 είς
1619 2255 1680 2309 τὸ
1740 2255 1979 2326 καίριον,

409 2350 730 2422 συνεξορμῶ
757 2353 853 2406 καὶ
888 2351 1198 2421 συμπάσχω
1229 2352 1339 2413 τοῖς
1369 2349 1609 2420 χωροῦσι
1662 2349 1864 2421 δηλαδὴ
1892 2351 1986 2402 καὶ

404 2446 735 2513 πάσχουσιν,
774 2443 877 2496 ὅσα
913 2442 1090 2512 χρεὼν
1117 2459 1132 2474 ο
1177 2443 1382 2511 ἑτέρως
1433 2441 1492 2495 δὲ
1541 2443 1850 2512 συγχωρεῖν
1890 2442 1984 2493 καὶ

406 2535 736 2607 συμπαθεῖν,
768 2535 848 2598 είς
883 2534 1026 2606 άπερ
1057 2533 1340 2588 ἐθέλουσιν
1386 2535 1434 2587 ol
1492 2533 1700 2600 πολλοὶ,
1743 2533 1982 2604 ἀπεύχο·

408 2645 528 2698 μαι.
562 2627 656 2699 Μὴ
685 2626 797 2697 γάρ
830 2644 921 2698 μοι
952 2626 1392 2697 δυσπραγηθείη,
1423 2626 1618 2679 παθεῖν
1680 2625 1780 2678 σὺν
1837 2623 1984 2677 ὲκεί-

405 2738 512 2783 νοις
551 2721 645 2772 καὶ
675 2722 774 2774 σὺν
839 2719 1073 2780 ἐκείνοις
1122 2721 1344 2789 χωρεῖν,
1397 2720 1478 2781 εἰς
1507 2719 1608 2771 ὅσα
1642 2718 1719 2788 μὴ
1745 2717 1987 2786 πρεπού-

407 2829 526 2864 σιν·
559 2811 700 2866 άλλὰ
726 2810 985 2865 τάναντία
1011 2810 1224 2878 γένοιτό
1255 2827 1368 2880 μοι,
1404 2811 1640 2880 πάσχειν
1689 2826 1746 2862 τε
1781 2808 1980 2876 καλῶς,

407 2906 498 2958 καὶ
541 2905 742 2974 χωρεῖν
773 2903 872 2972 τὴν
922 2904 1066 2956 κατὰ
1095 2901 1230 2954 Θεὸν
1279 2902 1417 2968 ὁδὸν,
1460 2903 1556 2955 καὶ
1597 2905 1672 2972 μὴ
1705 2901 1982 2971 συμφέρε-

405 2997 533 3051 σθαι
560 2997 812 3066 φαύλοις,
845 2997 937 3050 καὶ
969 2995 1343 3066 συμπάσχειν,
1379 2995 1525 3066 ἆπερ
1568 2995 1723 3048 αὐτοί
1745 3012 1758 3026 ⁸
1798 2999 1856 3048 ἐν
1905 2991 1984 3058 οἷς

408 3093 498 3144 καὶ
530 3093 590 3144 τὸ
609 3088 870 3152 ἀναιτίως
924 3088 1257 3153 ἐπικεῖσθαι,
1289 3083 1397 3152 οἷος
1429 3089 1489 3140 οὐ
1545 3087 1726 3158 θέμις,
1756 3087 1850 3139 καὶ
1889 3103 1984 3156 μεο

407 3180 564 3251 λετᾷν
586 3180 832 3251 δεσμεῖν,
855 3180 908 3232 εῐ
930 3180 1013 3242 τίς
1043 3195 1147 3231 που
1171 3179 1401 3242 δίκαιος,
1435 3177 1524 3230 διὰ
1555 3179 1615 3230 τὸ
1640 3176 1981 3246 δύσχρηστος

2088 1983 2281 2037 passus
2325 1985 2484 2034 sum,
2516 1987 2579 2026 ac
2621 1974 2946 2044 plerumque
2985 1989 3090 2030 non
3148 1979 3445 2034 secundum
3500 1980 3670 2037 facul-

2089 2060 2279 2130 tatem,
2313 2065 2602 2134 sed,juxta
2635 2068 2838 2122 dictum
2870 2069 3247 2139 apostolicum,
3277 2071 3328 2126 in
3362 2087 3665 2134 excessum.

2089 2153 2152 2208 Et
2185 2156 2256 2210 ita
2315 2157 2534 2228 Quidem
2587 2162 2825 2217 concedo
2873 2164 3283 2235 compatiorque
3321 2183 3353 2223 ε,
3397 2177 3454 2222 ut
3485 2179 3666 2226 autem

2091 2249 2195 2302 has
2223 2263 2386 2305 voces
2432 2254 2791 2321 opportunius
2845 2255 3162 2322 dilucidem,
3203 2273 3475 2317 concurro
3516 2279 3669 2318 com-

2088 2339 2373 2410 patiurque
2405 2344 2752 2398 currentibus
2803 2345 3003 2416 ubique
3045 2349 3485 2422 patientibusque
3529 2355 3670 2410 sicut

2108 2439 2352 2497 oportet;
2404 2431 2563 2487 aliter
2603 2449 2734 2490 vero
2773 2439 3073 2494 concedere
3102 2455 3166 2496 ac
3197 2444 3455 2513 compati,
3509 2447 3575 2500 ad
3605 2464 3666 2502 ea

2088 2537 2209 2591 quae
2243 2523 2489 2594 plerique
2523 2525 2733 2594 volunt,
2782 2529 2984 2585 abnuo.
3019 2530 3136 2587 Non
3173 2534 3317 2588 enim
3357 2537 3487 2592 mihi
3519 2541 3668 2594 acci-

2089 2616 2201 2678 dat,
2227 2628 2286 2670 ut
2314 2617 2496 2687 patiar
2532 2635 2653 2672 cum
2703 2620 2843 2686 istis,
2902 2632 3114 2679 etcum
3167 2625 3286 2682 istis
3332 2630 3541 2697 cedam,
3597 2634 3668 2688 ad

2096 2707 2266 2762 multa
2303 2725 2422 2778 qua:
2451 2726 2557 2766 non
2593 2713 2959 2769 conveniunt!
3019 2715 3147 2772 Mihi
3194 2729 3375 2775 autem
3407 2739 3437 2776 e
3475 2734 3682 2780 contra.

2088 2802 2302 2856 eveniat
2328 2813 2380 2857 et
2405 2804 2538 2858 bene
2575 2805 2707 2874 pati,
2735 2815 2787 2860 et
2821 2807 3015 2864 cedere
3051 2809 3210 2880 juxta
3257 2813 3352 2868 Dei
3405 2815 3571 2885 viam,
3610 2829 3667 2874 et

2091 2903 2196 2943 non
2218 2893 2526 2946 consentire
2554 2893 2735 2959 malis,
2801 2911 2900 2951 nec
2961 2903 3201 2970 compati
3237 2919 3359 2960 cum
3408 2906 3518 2962 illis
3561 2908 3667 2968 ini-

2090 2981 2245 3050 quis;
2275 2985 2415 3037 inter
2444 3000 2566 3055 qua:
2596 2997 2916 3042 numeratur
2941 2991 3145 3064 absque
3166 3009 3326 3050 causa
3353 2999 3669 3060 incumbere

2091 3077 2289 3146 quibus
2323 3092 2428 3142 non
2481 3081 2636 3144 licet,
2686 3082 3048 3154 meditarique
3085 3086 3314 3143 vinculis
3345 3102 3586 3160 nectere,
3620 3095 3667 3150 si

2090 3168 2214 3237 quis
2246 3168 2386 3225 forte
2419 3171 2489 3225 sit
2538 3171 2739 3241 justus,
2784 3175 2911 3245 quia
2946 3176 3084 3233 male
3107 3179 3476 3252 dirigentibus
3509 3195 3667 3244 actus

511 3233 523 3251 .
600 3233 605 3234 ν
686 3233 699 3251 .
817 3233 831 3245 ι
993 3233 1010 3242 υ
1363 3233 1399 3242 τ.
1839 3233 1850 3245 .
1966 3233 1975 3236 -

407 3269 545 3326 εἶναι
580 3275 693 3335 τοῖς
752 3273 828 3343 μὴ
864 3271 1046 3334 καλῶς
1072 3270 1567 3340 διαχειριζομένοις
1594 3271 1676 3324 cf
1702 3271 1978 3341 πρακτέα.

2088 3259 2436 3329 importunus
2469 3273 2573 3319 est.

474 3363 571 3419 λδ⁹.
604 3365 743 3435 Φέρε
778 3363 970 3416 εἴπατε
1004 3365 1142 3433 πρὸς
1179 3363 1344 3416 αὑτοῦ
1397 3365 1491 3416 τοῦ
1527 3361 1700 3428 Θεοῦ,
1735 3365 1784 3415 εί
1837 3362 1918 3432 μὴ,
1954 3363 1981 3415 ὁ

406 3459 710 3530 φιλάγαθος
767 3458 796 3510 ὁ
822 3458 1149 3526 αὐτόχρημα
1181 3457 1336 3518 Θείος
1369 3457 1532 3525 νόμος
1558 3457 1587 3508 ὁ
1615 3456 1979 3525 αὐτοκράτωρ

406 3553 740 3621 ἐπεκάμφθη
773 3550 1175 3618 φιλανθρώπως
1209 3550 1360 3619 ημῖν,
1397 3551 1490 3600 καὶ
1521 3546 1696 3600 ταῦτα
1737 3547 1903 3617 μηδέν
1927 3563 1980 3598 τι

407 3644 946 3712 ἀπολογησαμένοις,
981 3642 1055 3711 μὴ
1082 3642 1176 3692 καὶ
1202 3643 1302 3710 τὴν
1335 3640 1520 3693 θεόθεν
1547 3639 1730 3706 ὀξεῖαν
1758 3641 1981 3690 ἐπικου-

410 3732 530 3802 ρίαν
585 3729 994 3801 ἀμϐλυνοῦμεν,
1050 3723 1131 3792 οἷς
1185 3730 1327 3812 ὑπὲρ
1367 3731 1524 3800 ἡμῶν
1569 3731 1748 3783 αὐτῶν
1798 3729 1980 3782 λαλεῖν

407 3824 638 3893 ἔσχομεν
678 3823 973 3893 (γογγύσαι
995 3822 1104 3892 γάρ
1135 3839 1186 3874 τι
1219 3822 1352 3892 παρ’
1373 3821 1525 3892 αὑτῴ
1552 3822 1695 3874 κατὰ
1714 3822 1821 3876 τῶν
1849 3822 1981 3874 ὑπε-

409 3915 661 3979 ναντίων,
691 3917 787 3967 καὶ
818 3916 897 3978 είς
932 3914 1175 3984 μιασμόν
1205 3916 1337 3984 ἡμῖν
1366 3913 1621 3984 ἐλογίσθη
1663 3914 1978 3983 στόματος),

410 4006 510 4059 ποῦ
543 4007 663 4060 ποτ’
699 4006 766 4060 ἂν
797 4002 945 4076 ἦμεν
988 4007 1113 4075 ἄρτι
1143 4022 1158 4069 ς
1195 4007 1293 4058 Ποῖ
1343 4005 1400 4059 δὲ
1447 4005 1618 4075 τύχης
1674 4006 1978 4077 ἑστηκότας

409 4101 554 4167 ἡμᾶς
579 4099 810 4151 ἑδλεπον
834 4099 902 4152 ἂν
930 4101 979 4151 oi
1032 4099 1350 4170 ἄνθρωποις
1383 4099 1456 4151 Οὐ
1499 4099 1699 4163 τοίνυν,
1731 4095 1812 4162 οἷς
1843 4103 1870 4153 ό
1897 4100 1980 4154 ἐν·

411 4189 519 4252 θεος
548 4189 827 4260 βασιλεὺς,
855 4187 992 4240 Θεοῦ
1014 4187 1371 4256 λαλήσαντος.
1406 4188 1486 4250 εἰς
1521 4187 1620 4256 τὴν
1648 4186 1814 4240 αὐτοῦ
1843 4205 1981 4258 καρ-

410 4281 521 4334 δίαν
558 4285 689 4352 ἡμῖν
742 4281 1028 4344 ἐπένευσε,
1085 4279 1240 4333 ταῦθ’
1299 4280 1445 4349 ἡμᾶς
1477 4278 1768 4334 άθωοῦσιν.
1839 4279 1979 4332 Ἀλλ’

408 4376 608 4437 ἐκεῖνος
650 4373 751 4437 μὲν
809 4376 906 4426 καὶ
934 4372 1001 4426 δι’
1028 4375 1175 4442 ἡμᾶς
1232 4373 1494 4442 ὑμνητὸς,
1541 4372 1639 4424 καὶ
1682 4372 1979 4442 εὐλογητὸν

409 4469 498 4518 καὶ
528 4464 646 4534 Θεῷ
675 4466 773 4517 καὶ
802 4462 1114 4533 ἀνθρώποις
1171 4462 1232 4514 τὸ
1285 4461 1454 4515 αὐτοῦ
1486 4461 1678 4530 ὄνομα.
1752 4461 1895 4530 Ἐγὼ
1923 4461 1979 4514 δὲ

2156 3359 2247 3414 54.
2288 3358 2483 3430 Agite,
2541 3363 2592 3417 in
2651 3364 2824 3433 ipsius
2872 3366 2964 3421 Dei
3018 3367 3238 3425 nomine
3296 3370 3503 3441 dicite,
3562 3376 3665 3431 nisi

2092 3449 2311 3504 virtutis
2337 3467 2554 3518 amans,
2587 3453 2812 3523 ipsaque
2839 3454 3020 3510 divina
3080 3456 3188 3523 lex,
3216 3457 3560 3526 Dominator,
3599 3463 3667 3518 ad

2087 3557 2186 3596 nos
2212 3543 2522 3599 humaniter
2544 3545 2938 3614 descendisset,
2971 3559 3025 3603 et
3055 3548 3180 3618 hoc,
3214 3553 3344 3622 quin
3374 3553 3483 3608 ullo
3508 3559 3666 3611 modo

2088 3633 2380 3691 fuissemus
2405 3636 2714 3707 justiﬁcati,
2762 3653 2831 3693 ne
2890 3648 3202 3711 promptum
3235 3657 3264 3695 a
3315 3641 3429 3698 Deo
3459 3645 3670 3701 minue-

2088 3742 2271 3783 remus
2306 3729 2596 3795 auxilium,
2656 3745 2752 3800 per
2781 3745 2847 3785 ea
2887 3745 3009 3801 quae
3039 3747 3138 3802 pro
3167 3733 3324 3788 nobis
3352 3735 3484 3805 ipsis
3518 3736 3665 3807 loqui

2085 3825 2400 3886 poteramus
2457 3821 2826 3888 (murmurare
2882 3838 3120 3891 namque
3161 3825 3459 3894 quidquam
3522 3831 3665 3898 apud

2086 3909 2262 3976 ipsum
2291 3911 2340 3964 in
2371 3913 2740 3977 adversarios,
2773 3915 2826 3968 in
2858 3915 2969 3968 oris
2996 3913 3465 3985 inquinamentum
3509 3921 3667 3976 nobis

2087 4014 2393 4072 reputatum
2428 4005 2557 4074 est),
2587 4005 2808 4060 ubinam
2834 4022 3082 4062 essemus
3110 4008 3310 4064 hodie?
3343 4011 3398 4066 ln
3426 4027 3532 4081 quo
3549 4012 3664 4067 fur-

2087 4106 2228 4150 tunae
2263 4107 2406 4152 statu
2441 4113 2582 4152 nunc
2623 4113 2722 4152 nos
2762 4098 3007 4153 viderent
3041 4101 3328 4157 homines?
3360 4100 3478 4157 Non
3516 4106 3662 4159 enim

2084 4191 2228 4258 quod
2261 4191 2483 4244 numine
2523 4189 2738 4247 afﬂatus
2781 4192 3100 4260 imperator,
3132 4191 3244 4248 Deo
3272 4196 3338 4250 ad
3371 4211 3467 4251 cor
3493 4197 3663 4268 ipsius

2085 4278 2266 4333 locuto
2320 4295 2420 4333 nos
2468 4281 2700 4351 benigne
2756 4282 3024 4350 respexit,
3083 4286 3185 4339 hoc
3237 4299 3336 4339 nos
3371 4284 3660 4355 iustiﬁcat.

2083 4367 2335 4424 Attamen
2371 4370 2462 4425 ille
2500 4372 2718 4440 quidem
2754 4384 2974 4441 propter
3000 4389 3099 4430 nos
3129 4375 3452 4434 exaltaudus
3478 4389 3582 4444 est,
3609 4391 3664 4436 et

2085 4459 2254 4528 ipsius
2279 4476 2472 4515 nomen
2498 4461 2605 4518 Deo
2627 4461 3051 4534 hominibusque
3074 4466 3527 4524 benedicendum.
3552 4471 3664 4541 Ego

410 4556 638 4624 ἀγαπῶν
666 4557 911 4625 ἀγάπην,
935 4553 1031 4624 τὴν
1053 4553 1381 4623 ἀναγκαίαν,
1403 4553 1502 4624 τὴν
1530 4554 1830 4624 πάνδημον,
1855 4553 1976 4607 οὔτε

2093 4566 2218 4606 vero
2245 4553 2475 4622 diligens
2497 4555 2840 4622 charitatem,
2867 4562 3259 4624 necessariam,
3289 4575 3660 4628 communem,

407 4653 545 4702 κατὰ
579 4650 780 4702 κακίαν
813 4649 943 4718 ὑμῖν
1004 4649 1142 4709 ὅλως
1205 4646 1625 4716 προσενέξομαι,
1687 4647 1810 4700 οὐδὲ
1874 4649 1980 4716 μὴν

402 4742 616 4810 ἀφελῶς
649 4742 830 4811 πάντη
873 4739 1012 4792 κατά
1041 4741 1225 4794 πίστιν
1256 4740 1592 4808 άᾳύλακτον,
1626 4739 1780 4792 οὐδέν
1817 4733 1981 4790 τιλό-

403 4853 497 4905 χου
552 4835 936 4903 ὑφορωμένην,
979 4833 1113 4885 ἀλλὰ
1151 4833 1290 4902 μετὰ
1327 4833 1600 4894 συνέσεως
1629 4830 1982 4902 ἐμϐριθεστέ-

405 4944 500 4996 pa..-
552 4926 626 4989 ὡς
651 4922 764 4978 οἷόν
793 4944 874 4989 τε,
906 4927 1000 4978 καὶ
1029 4926 1118 4978 οῖα
1141 4929 1251 4989 τοῖς
1290 4924 1668 4979 πολυπαθέσιν
1700 4925 1831 4994 ἡμῖν
1865 4925 1983 4976 ὲπι-

402 5019 606 5088 πρέπει
640 5019 780 5089 πρὸς
804 5018 928 5081 τοὺς
957 5019 1095 5086 ἄγαν
1132 5018 1512 5088 ὲστυμμένους
1540 5018 1635 5072 καὶ
1670 5017 1982 5086 αὐστηροὺς

405 5112 495 5163 καὶ
529 5113 924 5180 ἐντρεπτικοὺς
974 5113 1073 5180 τῆς
1125 5109 1306 5180 ἡμῶν,
1363 5110 1453 5162 ὅτε
1491 5109 1710 5162 καλέσει
1767 5110 1978 5178 καιρὸς,

401 5203 655 5271 ἀφελείας
675 5219 733 5254 τε
751 5202 848 5254 καὶ
873 5203 1206 5273 ἁπλότητος,
1222 5202 1288 5273 ἢν
1318 5204 1432 5264 τοῖς
1453 5201 1677 5271 ἀληθέσι
1701 5201 1980 5271 φίλοιςζ(οὐ

401 5296 506 5363 γὰρ
524 5295 699 5363 δήπου
716 5293 811 5344 καὶ
827 5294 937 5354 τοῖς
959 5292 1232 5360 τυχοῦσιν)
1258 5291 1630 5361 ἐμφανίζομεν
1648 5292 1981 5360 προάγοντες

401 5387 780 5456 εὐηθέστερον,
813 5383 1324 5454 ἀνακεκαλυμμένῳ
1351 5381 1632 5452 προσώπῳ
1675 5383 1858 5445 αὐτοῖς
1880 5384 1981 5452 ἒμ-

402 5479 712 5542 ϐλέποντες,
733 5478 794 5530 οὐ
813 5477 1164 5546 ’νεφελοῦντες
1197 5476 1311 5545 ιρῶς
1335 5475 1531 5545 ὅψεως,
1561 5475 1620 5527 οὐ
1646 5474 1986 5540 τοξοποιοῦν-

399 5586 484 5634 τες
516 5569 713 5640 ὀφρῦς,
741 5570 801 5622 οὑ
825 5562 1441 5639 σεμνοπροσωποῦντες,
1472 5565 1508 5620 ἃ.
1527 5567 1590 5636 δὴ
1615 5569 1722 5629 toi,
1757 5565 1981 5636 περιέρ-

396 5677 509 5726 γοις
528 5660 778 5724 πολίταις
810 5662 1177 5730 φαντάζομεν.
1202 5662 1264 5713 Εἰ
1289 5661 1344 5712 δὲ
1371 5661 1462 5712 καὶ⁸
1485 5659 1596 5712 δέει
1615 5658 1792 5728 φίλοις
1815 5657 1982 5728 λαλῆ-

397 5769 517 5817 σαι,
573 5754 676 5806 οὐκ
739 5753 1168 5823 άποτορεύοντες
1217 5752 1414 5818 λέξεις,
1465 5751 1586 5804 οὐδὲ
1628 5749 1982 5820 σμιλεύοντες

399 5843 605 5909 ἑννοίας
648 5844 768 5899 οὐδὲ
829 5843 1316 5915 βυσσοδομεύοντες
1360 5846 1428 5898 τὰ
1473 5845 1553 5908 είς
1593 5844 1811 5916 φράσιν,
1859 5842 1978 5896 ἀλλ’

2090 4657 2190 4697 nec
2219 4659 2314 4711 per
2343 4644 2600 4699 malitiam
2633 4645 2792 4702 vobis
2820 4663 3046 4718 prorsus
3071 4652 3368 4717 inlimrebo,
3401 4669 3502 4708 nec
3531 4654 3664 4710 sint,

2085 4736 2298 4806 pliciter
2329 4736 2526 4806 ubique
2550 4752 2650 4807 per
2679 4737 2838 4794 [idem
2869 4741 3146 4797 incautam
3171 4744 3460 4818 nullasque
3483 4752 3663 4820 suspie

2085 4837 2298 4880 Cantem
2355 4828 2604 4894 insidias,
2647 4831 2741 4884 sed
2798 4846 2920 4886 cum
2957 4834 3208 4900 graviore
3259 4841 3499 4906 quadam
3530 4857 3663 4910 pru-

2086 4919 2288 4981 dentia,
2324 4921 2503 4988 qualis
2535 4921 2700 4976 multa
2729 4938 2891 4992 passo
2927 4925 3056 4980 ltlllll
3107 4932 3368 4985 convenit
3394 4946 3523 5001 erga
3581 4936 3664 4990 ni-

2086 5010 2188 5061 mis
2215 5011 2440 5064 acerbos
2473 5021 2527 5065 et
2554 5022 2804 5068 austeros
2834 5026 3263 5088 avocatoresque
3295 5033 3502 5081 nostrae
3529 5025 3660 5079 sim-

2087 5101 2342 5167 plicitatis
2365 5102 2855 5174 ingenuitatisque,
2871 5110 3173 5165 secundum
3195 5117 3657 5184 opportunitatem

2088 5195 2284 5248 habitae
2329 5210 2491 5265 quam
2528 5211 2654 5252 cum
2691 5200 2834 5254 veris
2867 5204 3058 5258 amicis
3103 5205 3234 5276 (non
3268 5224 3389 5264 cum
3430 5209 3658 5276 quibus-

2087 5288 2324 5356 cunque)
2369 5288 2780 5346 maniIeStamus
2821 5293 3141 5364 simpliciter
3163 5299 3539 5368 procedentes,
3561 5314 3659 5358 eos

2089 5380 2324 5434 revelata
2351 5379 2486 5436 facie
2508 5393 2849 5452 contuentes,
2879 5403 2983 5442 nou
3012 5389 3188 5444 vultus
3219 5391 3399 5445 lumen
3425 5393 3660 5446 obnubi-

2089 5472 2281 5539 lantes,
2315 5490 2420 5528 non
2456 5477 2809 5546 supercilium
2851 5491 3160 5543 arcusntcs,
3189 5493 3248 5535 ut
3275 5482 3328 5535 in
3359 5483 3663 5550 negotiosis

2086 5566 2296 5620 civibus
2349 5569 2613 5624 videmus.
2677 5569 2732 5624 Si
2785 5587 2910 5626 vero
2938 5587 3151 5641 quoque
3192 5589 3312 5627 cum
3367 5576 3559 5632 amicis
3590 5579 3664 5633 sit

2089 5657 2438 5728 loquendum,
2461 5676 2569 5716 non
2596 5665 2862 5730 polientes
2893 5664 3248 5729 locutionem,
3277 5682 3384 5723 non
3407 5671 3664 5726 calantes

2088 5755 2496 5822 cogitationem,
2520 5773 2624 5810 non
2658 5757 2898 5825 phrasim
2922 5759 3258 5828 exultantes,
3291 5765 3386 5816 scd
3411 5764 3665 5819 rusticius

2091 5856 2438 5916 apparentes,
2483 5857 2537 5902 et
2569 5849 2848 5919 scapham,
2909 5861 2967 5906 ut
2997 5853 3218 5923 dicitur,
3269 5855 3525 5924 scapham
3580 5854 3664 5910 di-
