  <div class='ocr_page' id='page_1' title='image "/cluster/home/n/w/nwhite01/storage/ocr_20150623/136/hvd.32044054100201/225.png"; bbox 0 0 4034 6206; ppageno 0'>
   <div class='ocr_carea' id='block_1_1' title="bbox 305 399 414 464">
    <p class='ocr_par' dir='ltr' id='par_1_1' title="bbox 305 399 414 464">
     <span class='ocr_line' id='line_1_1' title="bbox 305 399 414 464; baseline -0.055 0"><span class='ocrx_word' id='word_1_1' title='bbox 305 399 414 464; x_wconf 75' lang='grc'><strong>435</strong></span> 
     </span>
    </p>
   </div>
   <div class='ocr_carea' id='block_1_2' title="bbox 973 365 2787 458">
    <p class='ocr_par' dir='ltr' id='par_1_2' title="bbox 973 365 2787 458">
     <span class='ocr_line' id='line_1_2' title="bbox 973 365 2787 458; baseline -0.014 -7"><span class='ocrx_word' id='word_1_2' title='bbox 973 392 1392 458; x_wconf 80' lang='lat' dir='ltr'><strong>EUSTATHll</strong></span> <span class='ocrx_word' id='word_1_3' title='bbox 1433 374 2189 454; x_wconf 78' lang='lat' dir='ltr'><strong>TllESSALONICENSIS</strong></span> <span class='ocrx_word' id='word_1_4' title='bbox 2224 365 2787 434; x_wconf 70' lang='lat' dir='ltr'><strong>METROPOLlT/E</strong></span> 
     </span>
    </p>
   </div>
   <div class='ocr_carea' id='block_1_3' title="bbox 3452 360 3560 424">
    <p class='ocr_par' dir='ltr' id='par_1_3' title="bbox 3452 360 3560 424">
     <span class='ocr_line' id='line_1_3' title="bbox 3452 360 3560 424; baseline 0.037 -3"><span class='ocrx_word' id='word_1_5' title='bbox 3452 360 3560 424; x_wconf 72' lang='lat'><strong>436</strong></span> 
     </span>
    </p>
   </div>
   <div class='ocr_carea' id='block_1_4' title="bbox 307 477 1902 576">
    <p class='ocr_par' dir='ltr' id='par_1_4' title="bbox 307 502 1902 576">
     <span class='ocr_line' id='line_1_4' title="bbox 307 502 1902 576; baseline -0.003 -15"><span class='ocrx_word' id='word_1_6' title='bbox 307 522 518 572; x_wconf 78' lang='lat' dir='ltr'><strong>rentes,</strong></span> <span class='ocrx_word' id='word_1_7' title='bbox 573 506 789 564; x_wconf 77' lang='lat' dir='ltr'><strong>indocte</strong></span> <span class='ocrx_word' id='word_1_8' title='bbox 834 507 1118 576; x_wconf 73' lang='lat' dir='ltr'><strong>loquentes</strong></span> <span class='ocrx_word' id='word_1_9' title='bbox 1170 507 1463 562; x_wconf 87' lang='lat' dir='ltr'><strong>secundum</strong></span> <span class='ocrx_word' id='word_1_10' title='bbox 1515 502 1902 564; x_wconf 87' lang='lat' dir='ltr'><strong>evidentiam,.</strong></span> 
     </span>
    </p>
   </div>
   <div class='ocr_carea' id='block_1_5' title="bbox 2007 477 3556 576">
    <p class='ocr_par' dir='ltr' id='par_1_5' title="bbox 2007 477 3556 562">
     <span class='ocr_line' id='line_1_5' title="bbox 2007 477 3556 562; baseline -0.012 -16"><span class='ocrx_word' id='word_1_11' title='bbox 2007 489 2326 562; x_wconf 71' lang='grc' dir='ltr'>γροικικώτε</span> <span class='ocrx_word' id='word_1_12' title='bbox 2339 505 2427 560; x_wconf 88' lang='grc' dir='ltr'><strong>ρον</strong></span> <span class='ocrx_word' id='word_1_13' title='bbox 2449 484 2802 554; x_wconf 77' lang='grc' dir='ltr'><strong>διακείμενοι,</strong></span> <span class='ocrx_word' id='word_1_14' title='bbox 2827 479 2920 532; x_wconf 74' lang='grc' dir='ltr'>καὶ</span> <span class='ocrx_word' id='word_1_15' title='bbox 2946 478 3044 549; x_wconf 76' lang='grc' dir='ltr'>τὴν</span> <span class='ocrx_word' id='word_1_16' title='bbox 3072 477 3290 548; x_wconf 79' lang='grc' dir='ltr'><strong>σκάφην</strong></span> <span class='ocrx_word' id='word_1_17' title='bbox 3322 477 3556 546; x_wconf 85' lang='grc' dir='ltr'>σκάφην,</span> 
     </span>
    </p>
   </div>
   <div class='ocr_carea' id='block_1_6' title="bbox 315 597 1872 663">
    <p class='ocr_par' dir='ltr' id='par_1_6' title="bbox 315 597 1872 663">
     <span class='ocr_line' id='line_1_6' title="bbox 315 597 1872 663; baseline -0.007 -9"><span class='ocrx_word' id='word_1_18' title='bbox 315 617 423 656; x_wconf 87' lang='lat' dir='ltr'><strong>non</strong></span> <span class='ocrx_word' id='word_1_19' title='bbox 485 601 782 662; x_wconf 80' lang='lat' dir='ltr'><strong>secundum</strong></span> <span class='ocrx_word' id='word_1_20' title='bbox 830 600 1178 656; x_wconf 78' lang='lat' dir='ltr'><strong>artiﬁciosam</strong></span> <span class='ocrx_word' id='word_1_21' title='bbox 1249 597 1662 660; x_wconf 73' lang='lat' dir='ltr'><strong>obscuritatem,</strong></span> <span class='ocrx_word' id='word_1_22' title='bbox 1711 608 1872 663; x_wconf 86' lang='lat' dir='ltr'><strong>quam</strong></span> 
     </span>
    </p>
   </div>
   <div class='ocr_carea' id='block_1_7' title="bbox 309 691 1349 760">
    <p class='ocr_par' dir='ltr' id='par_1_7' title="bbox 309 691 1349 760">
     <span class='ocr_line' id='line_1_7' title="bbox 309 691 1349 760; baseline -0.003 -14"><span class='ocrx_word' id='word_1_23' title='bbox 309 691 528 746; x_wconf 78' lang='lat' dir='ltr'><strong>allectat</strong></span> <span class='ocrx_word' id='word_1_24' title='bbox 555 693 715 752; x_wconf 82' lang='lat' dir='ltr'><strong>aliter</strong></span> <span class='ocrx_word' id='word_1_25' title='bbox 747 691 1109 760; x_wconf 75' lang='lat' dir='ltr'><strong>iudicantium</strong></span> <span class='ocrx_word' id='word_1_26' title='bbox 1140 691 1349 746; x_wconf 83' lang='lat' dir='ltr'><strong>irrisor.</strong></span> 
     </span>
    </p>
   </div>
   <div class='ocr_carea' id='block_1_8' title="bbox 381 869 1878 941">
    <p class='ocr_par' dir='ltr' id='par_1_8' title="bbox 381 869 1878 941">
     <span class='ocr_line' id='line_1_8' title="bbox 381 869 1878 941; baseline -0.007 -14"><span class='ocrx_word' id='word_1_27' title='bbox 381 873 471 927; x_wconf 83' lang='lat'><strong>&#39;55.</strong></span> <span class='ocrx_word' id='word_1_28' title='bbox 502 870 561 925; x_wconf 89' lang='lat' dir='ltr'><strong>Si</strong></span> <span class='ocrx_word' id='word_1_29' title='bbox 593 871 714 941; x_wconf 82' lang='lat' dir='ltr'><strong>quis</strong></span> <span class='ocrx_word' id='word_1_30' title='bbox 757 880 937 930; x_wconf 88' lang='lat' dir='ltr'><strong>autem</strong></span> <span class='ocrx_word' id='word_1_31' title='bbox 974 871 1131 930; x_wconf 86' lang='lat' dir='ltr'><strong>nobis</strong></span> <span class='ocrx_word' id='word_1_32' title='bbox 1172 871 1333 926; x_wconf 83' lang='lat' dir='ltr'><strong>talem</strong></span> <span class='ocrx_word' id='word_1_33' title='bbox 1365 869 1685 926; x_wconf 82' lang='lat' dir='ltr'><strong>criminatur</strong></span> <span class='ocrx_word' id='word_1_34' title='bbox 1722 878 1878 932; x_wconf 85' lang='lat' dir='ltr'><strong>aspe-</strong></span> 
     </span>
    </p>
   </div>
   <div class='ocr_carea' id='block_1_9' title="bbox 1977 570 3558 653">
    <p class='ocr_par' dir='ltr' id='par_1_9' title="bbox 1977 570 3558 653">
     <span class='ocr_line' id='line_1_9' title="bbox 1977 570 3558 653; baseline -0.013 -14"><span class='ocrx_word' id='word_1_35' title='bbox 1977 587 2205 653; x_wconf 83' lang='grc' dir='ltr'>ὂφασιν,</span> <span class='ocrx_word' id='word_1_36' title='bbox 2225 581 2495 648; x_wconf 83' lang='grc' dir='ltr'>λέγοντες,</span> <span class='ocrx_word' id='word_1_37' title='bbox 2519 578 2612 632; x_wconf 75' lang='grc' dir='ltr'>καὶ</span> <span class='ocrx_word' id='word_1_38' title='bbox 2631 573 3006 645; x_wconf 82' lang='grc' dir='ltr'>ἀμαθέστερον</span> <span class='ocrx_word' id='word_1_39' title='bbox 3035 570 3396 640; x_wconf 69' lang='grc' dir='ltr'><strong>φθεγγόμενοι</strong></span> <span class='ocrx_word' id='word_1_40' title='bbox 3423 570 3558 638; x_wconf 71' lang='grc' dir='ltr'>πρὸς</span> 
     </span>
    </p>
   </div>
   <div class='ocr_carea' id='block_1_10' title="bbox 1980 661 3562 744">
    <p class='ocr_par' dir='ltr' id='par_1_10' title="bbox 1980 661 3562 744">
     <span class='ocr_line' id='line_1_10' title="bbox 1980 661 3562 744; baseline -0.011 -14"><span class='ocrx_word' id='word_1_41' title='bbox 1980 679 2299 744; x_wconf 76' lang='grc' dir='ltr'><strong>σαφήνειαν,</strong></span> <span class='ocrx_word' id='word_1_42' title='bbox 2325 672 2384 724; x_wconf 80' lang='grc' dir='ltr'>οὐ</span> <span class='ocrx_word' id='word_1_43' title='bbox 2412 671 2519 740; x_wconf 83' lang='grc' dir='ltr'>μὴν</span> <span class='ocrx_word' id='word_1_44' title='bbox 2549 667 2817 737; x_wconf 80' lang='grc' dir='ltr'>τεχνητὴν</span> <span class='ocrx_word' id='word_1_45' title='bbox 2840 663 3158 732; x_wconf 70' lang='grc' dir='ltr'>ἐπίλρυψιν,</span> <span class='ocrx_word' id='word_1_46' title='bbox 3176 665 3241 731; x_wconf 80' lang='grc' dir='ltr'>ἢν</span> <span class='ocrx_word' id='word_1_47' title='bbox 3263 661 3562 714; x_wconf 65' lang='grc' dir='ltr'>ἐπισκευάς</span> 
     </span>
    </p>
   </div>
   <div class='ocr_carea' id='block_1_11' title="bbox 1994 753 3559 823">
    <p class='ocr_par' dir='ltr' id='par_1_11' title="bbox 1994 753 3559 823">
     <span class='ocr_line' id='line_1_11' title="bbox 1994 753 3559 823; baseline -0.011 -3"><span class='ocrx_word' id='word_1_48' title='bbox 1994 768 2194 820; x_wconf 82' lang='grc' dir='ltr'>σεταιό</span> <span class='ocrx_word' id='word_1_49' title='bbox 2239 763 2381 816; x_wconf 85' lang='grc' dir='ltr'><strong>κατά</strong></span> <span class='ocrx_word' id='word_1_50' title='bbox 2407 762 2515 814; x_wconf 81' lang='grc' dir='ltr'>τῶν</span> <span class='ocrx_word' id='word_1_51' title='bbox 2538 759 2712 812; x_wconf 63' lang='grc' dir='ltr'>ἄλλως</span> <span class='ocrx_word' id='word_1_52' title='bbox 2764 756 3074 810; x_wconf 72' lang='grc' dir='ltr'><strong>ἀκουόντων</strong></span> <span class='ocrx_word' id='word_1_53' title='bbox 3110 753 3559 823; x_wconf 81' lang='grc' dir='ltr'>είρωνευόμενος.</span> 
     </span>
    </p>
   </div>
   <div class='ocr_carea' id='block_1_12' title="bbox 2051 842 3558 920">
    <p class='ocr_par' dir='ltr' id='par_1_12' title="bbox 2051 842 3558 920">
     <span class='ocr_line' id='line_1_12' title="bbox 2051 842 3558 920; baseline -0.013 -11"><span class='ocrx_word' id='word_1_54' title='bbox 2051 857 2144 908; x_wconf 85' lang='grc' dir='ltr'>λε’.</span> <span class='ocrx_word' id='word_1_55' title='bbox 2179 853 2242 907; x_wconf 83' lang='grc' dir='ltr'>Εἰ</span> <span class='ocrx_word' id='word_1_56' title='bbox 2271 854 2328 906; x_wconf 77' lang='grc' dir='ltr'><strong>δέ</strong></span> <span class='ocrx_word' id='word_1_57' title='bbox 2356 869 2440 916; x_wconf 85' lang='grc' dir='ltr'><strong>τις</strong></span> <span class='ocrx_word' id='word_1_58' title='bbox 2475 851 2621 920; x_wconf 73' lang='grc' dir='ltr'>ἡμᾶς</span> <span class='ocrx_word' id='word_1_59' title='bbox 2645 848 2888 900; x_wconf 79' lang='grc' dir='ltr'>αίτιᾶται</span> <span class='ocrx_word' id='word_1_60' title='bbox 2919 848 3020 915; x_wconf 76' lang='grc' dir='ltr'>τῆς</span> <span class='ocrx_word' id='word_1_61' title='bbox 3042 844 3248 914; x_wconf 83' lang='grc' dir='ltr'>ταύτης</span> <span class='ocrx_word' id='word_1_62' title='bbox 3282 842 3558 911; x_wconf 79' lang='grc' dir='ltr'>στρυφνό-</span> 
     </span>
    </p>
   </div>
   <div class='ocr_carea' id='block_1_13' title="bbox 314 935 1902 1033">
    <p class='ocr_par' dir='ltr' id='par_1_13' title="bbox 314 958 1882 1033">
     <span class='ocr_line' id='line_1_13' title="bbox 314 958 1882 1033; baseline -0.004 -14"><span class='ocrx_word' id='word_1_63' title='bbox 314 967 532 1020; x_wconf 70' lang='lat' dir='ltr'><strong>nitatem</strong></span> <span class='ocrx_word' id='word_1_64' title='bbox 555 1005 569 1028; x_wconf 90' lang='lat'><strong>,</strong></span> <span class='ocrx_word' id='word_1_65' title='bbox 621 980 686 1019; x_wconf 80' lang='lat' dir='ltr'><strong>ex</strong></span> <span class='ocrx_word' id='word_1_66' title='bbox 741 965 958 1020; x_wconf 79' lang='lat' dir='ltr'><strong>homine</strong></span> <span class='ocrx_word' id='word_1_67' title='bbox 1005 979 1240 1033; x_wconf 85' lang='lat' dir='ltr'><strong>quaeram</strong></span> <span class='ocrx_word' id='word_1_68' title='bbox 1261 1003 1276 1028; x_wconf 92' lang='lat'><strong>,</strong></span> <span class='ocrx_word' id='word_1_69' title='bbox 1306 963 1576 1032; x_wconf 85' lang='lat' dir='ltr'><strong>quomodo</strong></span> <span class='ocrx_word' id='word_1_70' title='bbox 1600 958 1882 1016; x_wconf 83' lang='lat' dir='ltr'><strong>subridere</strong></span> 
     </span>
    </p>
   </div>
   <div class='ocr_carea' id='block_1_14' title="bbox 2007 935 3560 1033">
    <p class='ocr_par' dir='ltr' id='par_1_14' title="bbox 2007 935 3560 1018">
     <span class='ocr_line' id='line_1_14' title="bbox 2007 935 3560 1018; baseline -0.006 -23"><span class='ocrx_word' id='word_1_71' title='bbox 2007 965 2166 1018; x_wconf 52' lang='grc' dir='ltr'>γητος,</span> <span class='ocrx_word' id='word_1_72' title='bbox 2205 947 2475 1015; x_wconf 71' lang='grc' dir='ltr'>ἐρήσομαι</span> <span class='ocrx_word' id='word_1_73' title='bbox 2531 942 2622 995; x_wconf 69' lang='grc' dir='ltr'>τὶν</span> <span class='ocrx_word' id='word_1_74' title='bbox 2671 939 2865 1008; x_wconf 84' lang='grc' dir='ltr'>ἄνδρα,</span> <span class='ocrx_word' id='word_1_75' title='bbox 2923 939 3043 1001; x_wconf 83' lang='grc' dir='ltr'>πῶς</span> <span class='ocrx_word' id='word_1_76' title='bbox 3105 953 3237 988; x_wconf 87' lang='grc' dir='ltr'>ποτε</span> <span class='ocrx_word' id='word_1_77' title='bbox 3281 935 3560 1004; x_wconf 74' lang='grc' dir='ltr'>μειδιᾶσαι</span> 
     </span>
    </p>
   </div>
   <div class='ocr_carea' id='block_1_15' title="bbox 313 1048 1884 1125">
    <p class='ocr_par' dir='ltr' id='par_1_15' title="bbox 313 1048 1884 1125">
     <span class='ocr_line' id='line_1_15' title="bbox 313 1048 1884 1125; baseline -0.005 -15"><span class='ocrx_word' id='word_1_78' title='bbox 313 1058 640 1125; x_wconf 87' lang='lat' dir='ltr'><strong>quandoque</strong></span> <span class='ocrx_word' id='word_1_79' title='bbox 678 1055 999 1112; x_wconf 71' lang='lat' dir='ltr'><strong>audebimus</strong></span> <span class='ocrx_word' id='word_1_80' title='bbox 1022 1057 1088 1109; x_wconf 87' lang='lat' dir='ltr'><strong>ad</strong></span> <span class='ocrx_word' id='word_1_81' title='bbox 1117 1070 1362 1111; x_wconf 77' lang='lat' dir='ltr'><strong>serenam</strong></span> <span class='ocrx_word' id='word_1_82' title='bbox 1414 1066 1676 1108; x_wconf 87' lang='lat' dir='ltr'><strong>occursus</strong></span> <span class='ocrx_word' id='word_1_83' title='bbox 1704 1048 1884 1106; x_wconf 79' lang='lat' dir='ltr'><strong>exsul.-</strong></span> 
     </span>
    </p>
   </div>
   <div class='ocr_carea' id='block_1_16' title="bbox 313 1142 1887 1215">
    <p class='ocr_par' dir='ltr' id='par_1_16' title="bbox 313 1142 1887 1215">
     <span class='ocr_line' id='line_1_16' title="bbox 313 1142 1887 1215; baseline -0.004 -15"><span class='ocrx_word' id='word_1_84' title='bbox 313 1150 612 1215; x_wconf 88' lang='lat' dir='ltr'><strong>tationem,</strong></span> <span class='ocrx_word' id='word_1_85' title='bbox 664 1163 788 1214; x_wconf 81' lang='lat' dir='ltr'><strong>cum</strong></span> <span class='ocrx_word' id='word_1_86' title='bbox 847 1148 1122 1206; x_wconf 87' lang='lat' dir='ltr'><strong>cernimus</strong></span> <span class='ocrx_word' id='word_1_87' title='bbox 1179 1145 1423 1205; x_wconf 82' lang='lat' dir='ltr'><strong>homines</strong></span> <span class='ocrx_word' id='word_1_88' title='bbox 1474 1143 1568 1212; x_wconf 91' lang='lat' dir='ltr'><strong>qui</strong></span> <span class='ocrx_word' id='word_1_89' title='bbox 1620 1143 1674 1198; x_wconf 91' lang='lat' dir='ltr'><strong>in</strong></span> <span class='ocrx_word' id='word_1_90' title='bbox 1733 1142 1887 1196; x_wconf 87' lang='lat' dir='ltr'><strong>inde-</strong></span> 
     </span>
    </p>
   </div>
   <div class='ocr_carea' id='block_1_17' title="bbox 315 1234 1884 1304">
    <p class='ocr_par' dir='ltr' id='par_1_17' title="bbox 315 1234 1884 1304">
     <span class='ocr_line' id='line_1_17' title="bbox 315 1234 1884 1304; baseline -0.004 -12"><span class='ocrx_word' id='word_1_91' title='bbox 315 1249 527 1298; x_wconf 82' lang='lat' dir='ltr'><strong>rentem</strong></span> <span class='ocrx_word' id='word_1_92' title='bbox 564 1240 887 1298; x_wconf 77' lang='lat' dir='ltr'><strong>cachinnum</strong></span> <span class='ocrx_word' id='word_1_93' title='bbox 934 1247 987 1292; x_wconf 90' lang='lat' dir='ltr'><strong>et</strong></span> <span class='ocrx_word' id='word_1_94' title='bbox 1039 1239 1092 1292; x_wconf 87' lang='lat' dir='ltr'><strong>in</strong></span> <span class='ocrx_word' id='word_1_95' title='bbox 1144 1238 1438 1302; x_wconf 80' lang='lat' dir='ltr'><strong>tripudium</strong></span> <span class='ocrx_word' id='word_1_96' title='bbox 1485 1234 1884 1304; x_wconf 77' lang='lat' dir='ltr'><strong>corybantinm,</strong></span> 
     </span>
    </p>
   </div>
   <div class='ocr_carea' id='block_1_18' title="bbox 315 1324 1887 1394">
    <p class='ocr_par' dir='ltr' id='par_1_18' title="bbox 315 1324 1887 1394">
     <span class='ocr_line' id='line_1_18' title="bbox 315 1324 1887 1394; baseline -0.006 -10"><span class='ocrx_word' id='word_1_97' title='bbox 315 1341 565 1384; x_wconf 88' lang='lat' dir='ltr'><strong>nostrum</strong></span> <span class='ocrx_word' id='word_1_98' title='bbox 595 1330 930 1385; x_wconf 85' lang='lat' dir='ltr'><strong>accusabunt</strong></span> <span class='ocrx_word' id='word_1_99' title='bbox 962 1328 1134 1384; x_wconf 90' lang='lat' dir='ltr'><strong>lenem</strong></span> <span class='ocrx_word' id='word_1_100' title='bbox 1166 1329 1354 1392; x_wconf 86' lang='lat' dir='ltr'><strong>risum,</strong></span> <span class='ocrx_word' id='word_1_101' title='bbox 1389 1326 1487 1394; x_wconf 84' lang='lat' dir='ltr'><strong>ipsi</strong></span> <span class='ocrx_word' id='word_1_102' title='bbox 1514 1341 1643 1380; x_wconf 82' lang='lat' dir='ltr'><strong>vero</strong></span> <span class='ocrx_word' id='word_1_103' title='bbox 1678 1324 1887 1381; x_wconf 88' lang='lat' dir='ltr'><strong>ridiculi</strong></span> 
     </span>
    </p>
   </div>
   <div class='ocr_carea' id='block_1_19' title="bbox 322 1413 1892 1488">
    <p class='ocr_par' dir='ltr' id='par_1_19' title="bbox 322 1413 1892 1488">
     <span class='ocr_line' id='line_1_19' title="bbox 322 1413 1892 1488; baseline -0.006 -14"><span class='ocrx_word' id='word_1_104' title='bbox 322 1433 380 1474; x_wconf 90' lang='lat' dir='ltr'><strong>et</strong></span> <span class='ocrx_word' id='word_1_105' title='bbox 413 1420 778 1478; x_wconf 79' lang='lat' dir='ltr'><strong>diﬂ&#39;erenliam</strong></span> <span class='ocrx_word' id='word_1_106' title='bbox 812 1419 1120 1488; x_wconf 79' lang='lat' dir='ltr'><strong>nescientes</strong></span> <span class='ocrx_word' id='word_1_107' title='bbox 1147 1417 1288 1474; x_wconf 83' lang='lat' dir='ltr'><strong>inter</strong></span> <span class='ocrx_word' id='word_1_108' title='bbox 1313 1415 1618 1477; x_wconf 89' lang='lat' dir='ltr'><strong>subridere,</strong></span> <span class='ocrx_word' id='word_1_109' title='bbox 1648 1414 1729 1467; x_wconf 87' lang='lat' dir='ltr'><strong>vel</strong></span> <span class='ocrx_word' id='word_1_110' title='bbox 1771 1413 1892 1467; x_wconf 90' lang='lat' dir='ltr'><strong>irri-</strong></span> 
     </span>
    </p>
   </div>
   <div class='ocr_carea' id='block_1_20' title="bbox 320 1504 1890 1578">
    <p class='ocr_par' dir='ltr' id='par_1_20' title="bbox 320 1504 1890 1578">
     <span class='ocr_line' id='line_1_20' title="bbox 320 1504 1890 1578; baseline -0.003 -16"><span class='ocrx_word' id='word_1_111' title='bbox 320 1514 470 1576; x_wconf 85' lang='lat' dir='ltr'><strong>dere,</strong></span> <span class='ocrx_word' id='word_1_112' title='bbox 509 1511 595 1565; x_wconf 78' lang='lat' dir='ltr'><strong>rel</strong></span> <span class='ocrx_word' id='word_1_113' title='bbox 637 1511 985 1572; x_wconf 90' lang='lat' dir='ltr'><strong>cachinnare,</strong></span> <span class='ocrx_word' id='word_1_114' title='bbox 1036 1508 1122 1562; x_wconf 83' lang='lat' dir='ltr'><strong>vel</strong></span> <span class='ocrx_word' id='word_1_115' title='bbox 1170 1507 1371 1572; x_wconf 87' lang='lat' dir='ltr'><strong>ridere,</strong></span> <span class='ocrx_word' id='word_1_116' title='bbox 1401 1521 1629 1578; x_wconf 88' lang='lat' dir='ltr'><strong>quorum</strong></span> <span class='ocrx_word' id='word_1_117' title='bbox 1689 1504 1890 1573; x_wconf 65' lang='lat' dir='ltr'><strong>longis-</strong></span> 
     </span>
    </p>
   </div>
   <div class='ocr_carea' id='block_1_21' title="bbox 317 1597 1894 1670">
    <p class='ocr_par' dir='ltr' id='par_1_21' title="bbox 317 1597 1894 1670">
     <span class='ocr_line' id='line_1_21' title="bbox 317 1597 1894 1670; baseline -0.003 -14"><span class='ocrx_word' id='word_1_118' title='bbox 317 1605 457 1658; x_wconf 73' lang='lat' dir='ltr'><strong>sime</strong></span> <span class='ocrx_word' id='word_1_119' title='bbox 487 1603 696 1660; x_wconf 83' lang='lat' dir='ltr'><strong>distant</strong></span> <span class='ocrx_word' id='word_1_120' title='bbox 747 1602 996 1670; x_wconf 68' lang='lat' dir='ltr'><strong>cogitatas</strong></span> <span class='ocrx_word' id='word_1_121' title='bbox 1043 1598 1420 1656; x_wconf 80' lang='lat' dir='ltr'><strong>definitiones?</strong></span> <span class='ocrx_word' id='word_1_122' title='bbox 1451 1597 1732 1664; x_wconf 81' lang='lat' dir='ltr'><strong>Quomodo</strong></span> <span class='ocrx_word' id='word_1_123' title='bbox 1767 1610 1894 1651; x_wconf 84' lang='lat' dir='ltr'><strong>vero</strong></span> 
     </span>
    </p>
   </div>
   <div class='ocr_carea' id='block_1_22' title="bbox 313 1689 1892 1765">
    <p class='ocr_par' dir='ltr' id='par_1_22' title="bbox 313 1689 1892 1765">
     <span class='ocr_line' id='line_1_22' title="bbox 313 1689 1892 1765; baseline -0.001 -20"><span class='ocrx_word' id='word_1_124' title='bbox 313 1694 470 1760; x_wconf 80' lang='lat' dir='ltr'><strong>juxta</strong></span> <span class='ocrx_word' id='word_1_125' title='bbox 503 1693 733 1765; x_wconf 70' lang='lat' dir='ltr'><strong>gratiam</strong></span> <span class='ocrx_word' id='word_1_126' title='bbox 766 1693 992 1746; x_wconf 84' lang='lat' dir='ltr'><strong>hilarem</strong></span> <span class='ocrx_word' id='word_1_127' title='bbox 1043 1701 1099 1752; x_wconf 77' lang='lat' dir='ltr'><strong>et</strong></span> <span class='ocrx_word' id='word_1_128' title='bbox 1145 1691 1443 1762; x_wconf 86' lang='lat' dir='ltr'><strong>sapientem</strong></span> <span class='ocrx_word' id='word_1_129' title='bbox 1497 1691 1736 1746; x_wconf 88' lang='lat' dir='ltr'><strong>urbanus</strong></span> <span class='ocrx_word' id='word_1_130' title='bbox 1791 1689 1892 1744; x_wconf 78' lang='lat' dir='ltr'><strong>sint</strong></span> 
     </span>
    </p>
   </div>
   <div class='ocr_carea' id='block_1_23' title="bbox 319 1778 1894 1852">
    <p class='ocr_par' dir='ltr' id='par_1_23' title="bbox 319 1778 1894 1852">
     <span class='ocr_line' id='line_1_23' title="bbox 319 1778 1894 1852; baseline -0.006 -14"><span class='ocrx_word' id='word_1_131' title='bbox 319 1781 558 1850; x_wconf 80' lang='lat' dir='ltr'><strong>futurus,</strong></span> <span class='ocrx_word' id='word_1_132' title='bbox 603 1785 755 1852; x_wconf 77' lang='lat' dir='ltr'><strong>juxta</strong></span> <span class='ocrx_word' id='word_1_133' title='bbox 815 1781 1050 1850; x_wconf 85' lang='lat' dir='ltr'><strong>speciem</strong></span> <span class='ocrx_word' id='word_1_134' title='bbox 1109 1780 1416 1844; x_wconf 84' lang='lat' dir='ltr'><strong>sermonis,</strong></span> <span class='ocrx_word' id='word_1_135' title='bbox 1452 1778 1758 1848; x_wconf 86' lang='lat' dir='ltr'><strong>ponendum</strong></span> <span class='ocrx_word' id='word_1_136' title='bbox 1811 1785 1894 1831; x_wconf 80' lang='lat' dir='ltr'><strong>est</strong></span> 
     </span>
    </p>
   </div>
   <div class='ocr_carea' id='block_1_24' title="bbox 1986 1027 3560 1110">
    <p class='ocr_par' dir='ltr' id='par_1_24' title="bbox 1986 1027 3560 1110">
     <span class='ocr_line' id='line_1_24' title="bbox 1986 1027 3560 1110; baseline -0.011 -17"><span class='ocrx_word' id='word_1_137' title='bbox 1986 1041 2338 1110; x_wconf 71' lang='grc' dir='ltr'>θαρρήσομεν</span> <span class='ocrx_word' id='word_1_138' title='bbox 2364 1038 2442 1098; x_wconf 87' lang='grc' dir='ltr'><strong>εἰς</strong></span> <span class='ocrx_word' id='word_1_139' title='bbox 2467 1034 2723 1104; x_wconf 78' lang='grc' dir='ltr'>γαλήνιον</span> <span class='ocrx_word' id='word_1_140' title='bbox 2744 1031 2996 1100; x_wconf 86' lang='grc' dir='ltr'>διάχυσιν</span> <span class='ocrx_word' id='word_1_141' title='bbox 3017 1029 3295 1098; x_wconf 77' lang='grc' dir='ltr'>ἐντυχίας,</span> <span class='ocrx_word' id='word_1_142' title='bbox 3326 1030 3411 1080; x_wconf 67' lang='grc' dir='ltr'>ὅτε</span> <span class='ocrx_word' id='word_1_143' title='bbox 3439 1027 3560 1095; x_wconf 83' lang='grc' dir='ltr'><strong>βλέ-</strong></span> 
     </span>
    </p>
   </div>
   <div class='ocr_carea' id='block_1_25' title="bbox 1986 1117 3559 1200">
    <p class='ocr_par' dir='ltr' id='par_1_25' title="bbox 1986 1117 3559 1200">
     <span class='ocr_line' id='line_1_25' title="bbox 1986 1117 3559 1200; baseline -0.011 -15"><span class='ocrx_word' id='word_1_144' title='bbox 1986 1148 2164 1200; x_wconf 77' lang='grc' dir='ltr'>πομεν</span> <span class='ocrx_word' id='word_1_145' title='bbox 2225 1126 2568 1198; x_wconf 76' lang='grc' dir='ltr'><strong>ἀνθρώπους,</strong></span> <span class='ocrx_word' id='word_1_146' title='bbox 2606 1124 2656 1178; x_wconf 84' lang='grc' dir='ltr'>οἳ</span> <span class='ocrx_word' id='word_1_147' title='bbox 2714 1127 2808 1176; x_wconf 78' lang='grc' dir='ltr'>καὶ</span> <span class='ocrx_word' id='word_1_148' title='bbox 2854 1124 2930 1184; x_wconf 81' lang='grc' dir='ltr'><strong>είς</strong></span> <span class='ocrx_word' id='word_1_149' title='bbox 2965 1121 3286 1190; x_wconf 70' lang='grc' dir='ltr'>καγχασμὸν</span> <span class='ocrx_word' id='word_1_150' title='bbox 3335 1117 3559 1186; x_wconf 79' lang='grc' dir='ltr'>ἀπρεπῆ</span> 
     </span>
    </p>
   </div>
   <div class='ocr_carea' id='block_1_26' title="bbox 1987 1211 3561 1301">
    <p class='ocr_par' dir='ltr' id='par_1_26' title="bbox 1987 1211 3561 1301">
     <span class='ocr_line' id='line_1_26' title="bbox 1987 1211 3561 1301; baseline -0.011 -23"><span class='ocrx_word' id='word_1_151' title='bbox 1987 1226 2080 1279; x_wconf 71' lang='grc' dir='ltr'>καὶ</span> <span class='ocrx_word' id='word_1_152' title='bbox 2107 1227 2185 1286; x_wconf 87' lang='grc' dir='ltr'><strong>είς</strong></span> <span class='ocrx_word' id='word_1_153' title='bbox 2213 1223 2440 1301; x_wconf 59' lang='grc' dir='ltr'>ἀρχησιν</span> <span class='ocrx_word' id='word_1_154' title='bbox 2474 1218 2845 1290; x_wconf 74' lang='grc' dir='ltr'>Κορυϐάντιον</span> <span class='ocrx_word' id='word_1_155' title='bbox 2868 1215 2928 1268; x_wconf 84' lang='grc' dir='ltr'>τὸ</span> <span class='ocrx_word' id='word_1_156' title='bbox 2975 1215 3136 1283; x_wconf 78' lang='grc' dir='ltr'>ἡμῶν</span> <span class='ocrx_word' id='word_1_157' title='bbox 3189 1211 3561 1281; x_wconf 52' lang='grc' dir='ltr'>ἐγγράφονται</span> 
     </span>
    </p>
   </div>
   <div class='ocr_carea' id='block_1_27' title="bbox 1991 1303 3566 1384">
    <p class='ocr_par' dir='ltr' id='par_1_27' title="bbox 1991 1303 3566 1384">
     <span class='ocr_line' id='line_1_27' title="bbox 1991 1303 3566 1384; baseline -0.011 -16"><span class='ocrx_word' id='word_1_158' title='bbox 1991 1315 2272 1384; x_wconf 73' lang='grc' dir='ltr'>μειδίαμα,</span> <span class='ocrx_word' id='word_1_159' title='bbox 2299 1311 2504 1382; x_wconf 84' lang='grc' dir='ltr'>γελοῖοι</span> <span class='ocrx_word' id='word_1_160' title='bbox 2535 1310 2687 1362; x_wconf 70' lang='grc' dir='ltr'>αὐτοὶ</span> <span class='ocrx_word' id='word_1_161' title='bbox 2719 1308 2892 1370; x_wconf 72' lang='grc' dir='ltr'>ὄντες,</span> <span class='ocrx_word' id='word_1_162' title='bbox 2943 1307 3036 1357; x_wconf 67' lang='grc' dir='ltr'><strong>καὶ</strong></span> <span class='ocrx_word' id='word_1_163' title='bbox 3063 1305 3138 1372; x_wconf 82' lang='grc' dir='ltr'>μὴ</span> <span class='ocrx_word' id='word_1_164' title='bbox 3189 1303 3455 1370; x_wconf 71' lang='grc' dir='ltr'>διαφορὰν</span> <span class='ocrx_word' id='word_1_165' title='bbox 3491 1305 3566 1352; x_wconf 76' lang='grc' dir='ltr'><strong>εἱ-</strong></span> 
     </span>
    </p>
   </div>
   <div class='ocr_carea' id='block_1_28' title="bbox 1989 1395 3565 1474">
    <p class='ocr_par' dir='ltr' id='par_1_28' title="bbox 1989 1395 3565 1474">
     <span class='ocr_line' id='line_1_28' title="bbox 1989 1395 3565 1474; baseline -0.008 -16"><span class='ocrx_word' id='word_1_166' title='bbox 1989 1406 2141 1469; x_wconf 84' lang='grc' dir='ltr'>δὸτες</span> <span class='ocrx_word' id='word_1_167' title='bbox 2173 1404 2266 1457; x_wconf 74' lang='grc' dir='ltr'>τοῦ</span> <span class='ocrx_word' id='word_1_168' title='bbox 2305 1403 2540 1474; x_wconf 80' lang='grc' dir='ltr'>μειδιᾷν,</span> <span class='ocrx_word' id='word_1_169' title='bbox 2568 1402 2600 1470; x_wconf 74' lang='grc' dir='ltr'>ἢ</span> <span class='ocrx_word' id='word_1_170' title='bbox 2635 1399 2954 1470; x_wconf 76' lang='grc' dir='ltr'>σαρκάζειν,</span> <span class='ocrx_word' id='word_1_171' title='bbox 2991 1398 3024 1468; x_wconf 70' lang='grc' dir='ltr'>ἦ</span> <span class='ocrx_word' id='word_1_172' title='bbox 3055 1397 3373 1465; x_wconf 75' lang='grc' dir='ltr'>καγχάζειν,</span> <span class='ocrx_word' id='word_1_173' title='bbox 3404 1396 3436 1464; x_wconf 77' lang='grc' dir='ltr'>ἦ</span> <span class='ocrx_word' id='word_1_174' title='bbox 3479 1395 3565 1460; x_wconf 77' lang='grc' dir='ltr'><strong>γέ-</strong></span> 
     </span>
    </p>
   </div>
   <div class='ocr_carea' id='block_1_29' title="bbox 1990 1487 3536 1566">
    <p class='ocr_par' dir='ltr' id='par_1_29' title="bbox 1990 1487 3536 1566">
     <span class='ocr_line' id='line_1_29' title="bbox 1990 1487 3536 1566; baseline -0.01 -15"><span class='ocrx_word' id='word_1_175' title='bbox 1990 1497 2182 1562; x_wconf 76' lang='grc' dir='ltr'>λωτος,</span> <span class='ocrx_word' id='word_1_176' title='bbox 2209 1489 2283 1548; x_wconf 79' lang='grc' dir='ltr'><strong>ὧν</strong></span> <span class='ocrx_word' id='word_1_177' title='bbox 2314 1493 2658 1566; x_wconf 68' lang='grc' dir='ltr'>πορρωτάτω</span> <span class='ocrx_word' id='word_1_178' title='bbox 2701 1492 2842 1546; x_wconf 84' lang='grc' dir='ltr'>πάνυ</span> <span class='ocrx_word' id='word_1_179' title='bbox 2870 1491 2936 1542; x_wconf 71' lang='grc' dir='ltr'>τὰ</span> <span class='ocrx_word' id='word_1_180' title='bbox 2967 1489 3089 1542; x_wconf 82' lang='grc' dir='ltr'>κατ’</span> <span class='ocrx_word' id='word_1_181' title='bbox 3153 1489 3364 1540; x_wconf 75' lang='grc' dir='ltr'>ἔννοιαν</span> <span class='ocrx_word' id='word_1_182' title='bbox 3416 1487 3536 1553; x_wconf 74' lang='lat' dir='ltr'><strong>cpi:</strong></span> 
     </span>
    </p>
   </div>
   <div class='ocr_carea' id='block_1_30' title="bbox 1995 1579 3566 1658">
    <p class='ocr_par' dir='ltr' id='par_1_30' title="bbox 1995 1579 3566 1658">
     <span class='ocr_line' id='line_1_30' title="bbox 1995 1579 3566 1658; baseline -0.01 -17"><span class='ocrx_word' id='word_1_183' title='bbox 1995 1604 2178 1658; x_wconf 75' lang='grc' dir='ltr'>μάτας</span> <span class='ocrx_word' id='word_1_184' title='bbox 2214 1585 2335 1648; x_wconf 80' lang='grc' dir='ltr'><strong>Πῶς</strong></span> <span class='ocrx_word' id='word_1_185' title='bbox 2365 1585 2418 1637; x_wconf 70' lang='grc' dir='ltr'><strong>δὲ</strong></span> <span class='ocrx_word' id='word_1_186' title='bbox 2453 1583 2547 1636; x_wconf 72' lang='grc' dir='ltr'>καὶ</span> <span class='ocrx_word' id='word_1_187' title='bbox 2601 1581 2738 1652; x_wconf 70' lang='grc' dir='ltr'>πρὸς</span> <span class='ocrx_word' id='word_1_188' title='bbox 2790 1581 2952 1652; x_wconf 84' lang='grc' dir='ltr'>χάριν</span> <span class='ocrx_word' id='word_1_189' title='bbox 3009 1579 3200 1647; x_wconf 81' lang='grc' dir='ltr'>ίλαράν</span> <span class='ocrx_word' id='word_1_190' title='bbox 3245 1579 3566 1645; x_wconf 47' lang='lat' dir='ltr'><strong>adtingat</strong></span> 
     </span>
    </p>
   </div>
   <div class='ocr_carea' id='block_1_31' title="bbox 1995 1670 3564 1747">
    <p class='ocr_par' dir='ltr' id='par_1_31' title="bbox 1995 1670 3564 1747">
     <span class='ocr_line' id='line_1_31' title="bbox 1995 1670 3564 1747; baseline -0.009 -15"><span class='ocrx_word' id='word_1_191' title='bbox 1995 1679 2092 1732; x_wconf 78' lang='grc' dir='ltr'>καὶ</span> <span class='ocrx_word' id='word_1_192' title='bbox 2147 1677 2428 1747; x_wconf 83' lang='grc' dir='ltr'>σώφρονα,</span> <span class='ocrx_word' id='word_1_193' title='bbox 2484 1674 2628 1728; x_wconf 82' lang='grc' dir='ltr'><strong>κατά</strong></span> <span class='ocrx_word' id='word_1_194' title='bbox 2664 1675 2808 1728; x_wconf 65' lang='lat' dir='ltr'><strong>lota»</strong></span> <span class='ocrx_word' id='word_1_195' title='bbox 2869 1672 3029 1741; x_wconf 82' lang='grc' dir='ltr'>λόγου</span> <span class='ocrx_word' id='word_1_196' title='bbox 3073 1671 3258 1724; x_wconf 77' lang='grc' dir='ltr'>θετέον</span> <span class='ocrx_word' id='word_1_197' title='bbox 3286 1670 3564 1739; x_wconf 78' lang='grc' dir='ltr'>δριμεῖαν,</span> 
     </span>
    </p>
   </div>
   <div class='ocr_carea' id='block_1_32' title="bbox 1999 1752 3568 1836">
    <p class='ocr_par' dir='ltr' id='par_1_32' title="bbox 1999 1752 3568 1836">
     <span class='ocr_line' id='line_1_32' title="bbox 1999 1752 3568 1836; baseline -0.008 -17"><span class='ocrx_word' id='word_1_198' title='bbox 1999 1768 2193 1821; x_wconf 83' lang='grc' dir='ltr'>ὁποίαν</span> <span class='ocrx_word' id='word_1_199' title='bbox 2232 1765 2601 1836; x_wconf 85' lang='grc' dir='ltr'>παραδίδωσιν</span> <span class='ocrx_word' id='word_1_200' title='bbox 2651 1763 2710 1820; x_wconf 78' lang='grc' dir='ltr'>οὐ</span> <span class='ocrx_word' id='word_1_201' title='bbox 2755 1762 2915 1832; x_wconf 82' lang='grc' dir='ltr'>μόνον</span> <span class='ocrx_word' id='word_1_202' title='bbox 2961 1763 2989 1814; x_wconf 90' lang='grc' dir='ltr'><strong>ὁ</strong></span> <span class='ocrx_word' id='word_1_203' title='bbox 3024 1759 3240 1830; x_wconf 72' lang='grc' dir='ltr'>γράψας</span> <span class='ocrx_word' id='word_1_204' title='bbox 3287 1759 3379 1809; x_wconf 82' lang='grc' dir='ltr'>τὸν</span> <span class='ocrx_word' id='word_1_205' title='bbox 3426 1752 3568 1808; x_wconf 77' lang='grc' dir='ltr'>οἶνον</span> 
     </span>
    </p>
   </div>
   <div class='ocr_carea' id='block_1_33' title="bbox 322 1845 1902 1940">
    <p class='ocr_par' dir='ltr' id='par_1_33' title="bbox 322 1865 1897 1940">
     <span class='ocr_line' id='line_1_33' title="bbox 322 1865 1897 1940; baseline -0.004 -15"><span class='ocrx_word' id='word_1_206' title='bbox 322 1889 525 1939; x_wconf 84' lang='lat' dir='ltr'><strong>acrem,</strong></span> <span class='ocrx_word' id='word_1_207' title='bbox 575 1871 786 1940; x_wconf 87' lang='lat' dir='ltr'><strong>qualem</strong></span> <span class='ocrx_word' id='word_1_208' title='bbox 819 1870 1021 1936; x_wconf 86' lang='lat' dir='ltr'><strong>tradit,</strong></span> <span class='ocrx_word' id='word_1_209' title='bbox 1054 1883 1157 1922; x_wconf 89' lang='lat' dir='ltr'><strong>non</strong></span> <span class='ocrx_word' id='word_1_210' title='bbox 1201 1867 1378 1928; x_wconf 84' lang='lat' dir='ltr'><strong>solum</strong></span> <span class='ocrx_word' id='word_1_211' title='bbox 1411 1867 1503 1936; x_wconf 88' lang='lat' dir='ltr'><strong>qui</strong></span> <span class='ocrx_word' id='word_1_212' title='bbox 1545 1865 1728 1919; x_wconf 90' lang='lat' dir='ltr'><strong>viuum</strong></span> <span class='ocrx_word' id='word_1_213' title='bbox 1781 1877 1897 1918; x_wconf 74' lang='lat' dir='ltr'><strong>uva:</strong></span> 
     </span>
    </p>
   </div>
   <div class='ocr_carea' id='block_1_34' title="bbox 2007 1845 3568 1940">
    <p class='ocr_par' dir='ltr' id='par_1_34' title="bbox 2007 1845 3568 1930">
     <span class='ocr_line' id='line_1_34' title="bbox 2007 1845 3568 1930; baseline -0.008 -19"><span class='ocrx_word' id='word_1_214' title='bbox 2007 1853 2140 1930; x_wconf 74' lang='grc' dir='ltr'>αἷμα</span> <span class='ocrx_word' id='word_1_215' title='bbox 2191 1855 2504 1925; x_wconf 77' lang='grc' dir='ltr'><strong>σταφυλῆς,</strong></span> <span class='ocrx_word' id='word_1_216' title='bbox 2558 1853 2692 1907; x_wconf 80' lang='grc' dir='ltr'><strong>ἀλλά</strong></span> <span class='ocrx_word' id='word_1_217' title='bbox 2741 1853 2890 1906; x_wconf 74' lang='grc' dir='ltr'>καὶὸ</span> <span class='ocrx_word' id='word_1_218' title='bbox 2924 1845 3176 1913; x_wconf 79' lang='grc' dir='ltr'>πλούσιος</span> <span class='ocrx_word' id='word_1_219' title='bbox 3216 1850 3310 1902; x_wconf 79' lang='grc' dir='ltr'>καὶ</span> <span class='ocrx_word' id='word_1_220' title='bbox 3365 1848 3568 1916; x_wconf 75' lang='grc' dir='ltr'>γλυκὺς</span> 
     </span>
    </p>
   </div>
   <div class='ocr_carea' id='block_1_35' title="bbox 326 1956 1894 2032">
    <p class='ocr_par' dir='ltr' id='par_1_35' title="bbox 326 1956 1894 2032">
     <span class='ocr_line' id='line_1_35' title="bbox 326 1956 1894 2032; baseline -0.006 -14"><span class='ocrx_word' id='word_1_221' title='bbox 326 1964 643 2032; x_wconf 79' lang='lat' dir='ltr'><strong>sanguinem</strong></span> <span class='ocrx_word' id='word_1_222' title='bbox 677 1961 697 1991; x_wconf 84' lang='grc'>³</span> <span class='ocrx_word' id='word_1_223' title='bbox 752 1959 1004 2027; x_wconf 76' lang='lat' dir='ltr'><strong>scripsit,</strong></span> <span class='ocrx_word' id='word_1_224' title='bbox 1055 1959 1149 2016; x_wconf 87' lang='lat' dir='ltr'><strong>sed</strong></span> <span class='ocrx_word' id='word_1_225' title='bbox 1193 1958 1345 2014; x_wconf 88' lang='lat' dir='ltr'><strong>dives</strong></span> <span class='ocrx_word' id='word_1_226' title='bbox 1388 1967 1444 2012; x_wconf 86' lang='lat' dir='ltr'><strong>et</strong></span> <span class='ocrx_word' id='word_1_227' title='bbox 1489 1956 1667 2012; x_wconf 88' lang='lat' dir='ltr'><strong>dulcis</strong></span> <span class='ocrx_word' id='word_1_228' title='bbox 1711 1963 1894 2008; x_wconf 90' lang='lat' dir='ltr'><strong>orator</strong></span> 
     </span>
    </p>
   </div>
   <div class='ocr_carea' id='block_1_36' title="bbox 326 2044 1895 2120">
    <p class='ocr_par' dir='ltr' id='par_1_36' title="bbox 326 2044 1895 2120">
     <span class='ocr_line' id='line_1_36' title="bbox 326 2044 1895 2120; baseline -0.004 -15"><span class='ocrx_word' id='word_1_229' title='bbox 326 2051 527 2118; x_wconf 81' lang='lat' dir='ltr'><strong>David,</strong></span> <span class='ocrx_word' id='word_1_230' title='bbox 560 2051 652 2120; x_wconf 91' lang='lat' dir='ltr'><strong>qui</strong></span> <span class='ocrx_word' id='word_1_231' title='bbox 697 2050 874 2118; x_wconf 85' lang='lat' dir='ltr'><strong>psallit</strong></span> <span class='ocrx_word' id='word_1_232' title='bbox 933 2048 1192 2103; x_wconf 87' lang='lat' dir='ltr'><strong>buccellis</strong></span> <span class='ocrx_word' id='word_1_233' title='bbox 1228 2049 1433 2104; x_wconf 81' lang='lat' dir='ltr'><strong>similes</strong></span> <span class='ocrx_word' id='word_1_234' title='bbox 1484 2047 1623 2101; x_wconf 90' lang='lat' dir='ltr'><strong>mitti</strong></span> <span class='ocrx_word' id='word_1_235' title='bbox 1668 2044 1895 2116; x_wconf 76' lang='lat' dir='ltr'><strong>crystal-</strong></span> 
     </span>
    </p>
   </div>
   <div class='ocr_carea' id='block_1_37' title="bbox 325 2136 1894 2210">
    <p class='ocr_par' dir='ltr' id='par_1_37' title="bbox 325 2136 1894 2210">
     <span class='ocr_line' id='line_1_37' title="bbox 325 2136 1894 2210; baseline -0.004 -14"><span class='ocrx_word' id='word_1_236' title='bbox 325 2147 404 2198; x_wconf 92' lang='lat' dir='ltr'><strong>los</strong></span> <span class='ocrx_word' id='word_1_237' title='bbox 442 2143 497 2208; x_wconf 72' lang='grc'>⁵,</span> <span class='ocrx_word' id='word_1_238' title='bbox 553 2153 607 2199; x_wconf 95' lang='lat' dir='ltr'><strong>et</strong></span> <span class='ocrx_word' id='word_1_239' title='bbox 666 2144 843 2198; x_wconf 80' lang='lat' dir='ltr'><strong>nivem</strong></span> <span class='ocrx_word' id='word_1_240' title='bbox 888 2142 1118 2210; x_wconf 79' lang='lat' dir='ltr'><strong>expaudi</strong></span> <span class='ocrx_word' id='word_1_241' title='bbox 1167 2140 1310 2196; x_wconf 90' lang='lat' dir='ltr'><strong>sicut</strong></span> <span class='ocrx_word' id='word_1_242' title='bbox 1371 2138 1585 2203; x_wconf 89' lang='lat' dir='ltr'><strong>lanam,</strong></span> <span class='ocrx_word' id='word_1_243' title='bbox 1641 2136 1894 2190; x_wconf 80' lang='lat' dir='ltr'><strong>nebulam</strong></span> 
     </span>
    </p>
   </div>
   <div class='ocr_carea' id='block_1_38' title="bbox 329 2222 1893 2300">
    <p class='ocr_par' dir='ltr' id='par_1_38' title="bbox 329 2222 1893 2300">
     <span class='ocr_line' id='line_1_38' title="bbox 329 2222 1893 2300; baseline -0.007 -15"><span class='ocrx_word' id='word_1_244' title='bbox 329 2244 506 2287; x_wconf 77' lang='lat' dir='ltr'><strong>autem</strong></span> <span class='ocrx_word' id='word_1_245' title='bbox 543 2233 686 2286; x_wconf 89' lang='lat' dir='ltr'><strong>sicut</strong></span> <span class='ocrx_word' id='word_1_246' title='bbox 725 2222 963 2285; x_wconf 87' lang='lat' dir='ltr'><strong>cinerem</strong></span> <span class='ocrx_word' id='word_1_247' title='bbox 995 2229 1174 2300; x_wconf 76' lang='lat' dir='ltr'><strong>spargi</strong></span> <span class='ocrx_word' id='word_1_248' title='bbox 1205 2229 1265 2292; x_wconf 74' lang='lat' dir='ltr'><strong>l’;</strong></span> <span class='ocrx_word' id='word_1_249' title='bbox 1310 2227 1462 2298; x_wconf 73' lang='lat' dir='ltr'><strong>lingit</strong></span> <span class='ocrx_word' id='word_1_250' title='bbox 1493 2233 1670 2282; x_wconf 88' lang='lat' dir='ltr'><strong>autem</strong></span> <span class='ocrx_word' id='word_1_251' title='bbox 1711 2222 1893 2294; x_wconf 75' lang='lat' dir='ltr'><strong>frigori</strong></span> 
     </span>
    </p>
   </div>
   <div class='ocr_carea' id='block_1_39' title="bbox 324 2316 1896 2390">
    <p class='ocr_par' dir='ltr' id='par_1_39' title="bbox 324 2316 1896 2390">
     <span class='ocr_line' id='line_1_39' title="bbox 324 2316 1896 2390; baseline -0.006 -14"><span class='ocrx_word' id='word_1_252' title='bbox 324 2324 554 2386; x_wconf 84' lang='lat' dir='ltr'><strong>vultum,</strong></span> <span class='ocrx_word' id='word_1_253' title='bbox 602 2338 667 2377; x_wconf 91' lang='lat' dir='ltr'><strong>eo</strong></span> <span class='ocrx_word' id='word_1_254' title='bbox 707 2322 848 2390; x_wconf 89' lang='lat' dir='ltr'><strong>quod</strong></span> <span class='ocrx_word' id='word_1_255' title='bbox 903 2320 1082 2374; x_wconf 88' lang='lat' dir='ltr'><strong>vultus</strong></span> <span class='ocrx_word' id='word_1_256' title='bbox 1139 2321 1242 2374; x_wconf 89' lang='lat' dir='ltr'><strong>iter</strong></span> <span class='ocrx_word' id='word_1_257' title='bbox 1299 2316 1615 2372; x_wconf 80' lang='lat' dir='ltr'><strong>facientium</strong></span> <span class='ocrx_word' id='word_1_258' title='bbox 1673 2325 1896 2370; x_wconf 89' lang='lat' dir='ltr'><strong>contur-</strong></span> 
     </span>
    </p>
   </div>
   <div class='ocr_carea' id='block_1_40' title="bbox 327 2406 1898 2476">
    <p class='ocr_par' dir='ltr' id='par_1_40' title="bbox 327 2406 1898 2476">
     <span class='ocr_line' id='line_1_40' title="bbox 327 2406 1898 2476; baseline -0.007 -8"><span class='ocrx_word' id='word_1_259' title='bbox 327 2417 438 2470; x_wconf 91' lang='lat' dir='ltr'><strong>bat.</strong></span> <span class='ocrx_word' id='word_1_260' title='bbox 479 2413 680 2468; x_wconf 91' lang='lat' dir='ltr'><strong>Omitto</strong></span> <span class='ocrx_word' id='word_1_261' title='bbox 735 2414 878 2467; x_wconf 90' lang='lat' dir='ltr'><strong>enim</strong></span> <span class='ocrx_word' id='word_1_262' title='bbox 927 2412 1127 2467; x_wconf 87' lang='lat' dir='ltr'><strong>multas</strong></span> <span class='ocrx_word' id='word_1_263' title='bbox 1161 2411 1293 2465; x_wconf 91' lang='lat' dir='ltr'><strong>alias</strong></span> <span class='ocrx_word' id='word_1_264' title='bbox 1338 2408 1670 2472; x_wconf 86' lang='lat' dir='ltr'><strong>dulcedines,</strong></span> <span class='ocrx_word' id='word_1_265' title='bbox 1706 2406 1898 2476; x_wconf 86' lang='lat' dir='ltr'><strong>quibus</strong></span> 
     </span>
    </p>
   </div>
   <div class='ocr_carea' id='block_1_41' title="bbox 331 2496 1898 2574">
    <p class='ocr_par' dir='ltr' id='par_1_41' title="bbox 331 2496 1898 2574">
     <span class='ocr_line' id='line_1_41' title="bbox 331 2496 1898 2574; baseline -0.006 -14"><span class='ocrx_word' id='word_1_266' title='bbox 331 2522 487 2561; x_wconf 89' lang='lat' dir='ltr'><strong>sacra</strong></span> <span class='ocrx_word' id='word_1_267' title='bbox 519 2506 806 2574; x_wconf 81' lang='lat' dir='ltr'><strong>divinaque</strong></span> <span class='ocrx_word' id='word_1_268' title='bbox 859 2503 1137 2572; x_wconf 87' lang='lat' dir='ltr'><strong>Scriptura</strong></span> <span class='ocrx_word' id='word_1_269' title='bbox 1185 2517 1280 2572; x_wconf 88' lang='lat' dir='ltr'><strong>per</strong></span> <span class='ocrx_word' id='word_1_270' title='bbox 1314 2499 1601 2570; x_wconf 71' lang='lat' dir='ltr'><strong>aenigmata</strong></span> <span class='ocrx_word' id='word_1_271' title='bbox 1636 2496 1898 2567; x_wconf 88' lang='lat' dir='ltr'><strong>loquitur,</strong></span> 
     </span>
    </p>
   </div>
   <div class='ocr_carea' id='block_1_42' title="bbox 332 2589 1902 2654">
    <p class='ocr_par' dir='ltr' id='par_1_42' title="bbox 332 2589 1902 2654">
     <span class='ocr_line' id='line_1_42' title="bbox 332 2589 1902 2654; baseline -0.003 -6"><span class='ocrx_word' id='word_1_272' title='bbox 332 2598 496 2652; x_wconf 84' lang='lat' dir='ltr'><strong>veluti</strong></span> <span class='ocrx_word' id='word_1_273' title='bbox 567 2612 689 2651; x_wconf 90' lang='lat' dir='ltr'><strong>cum</strong></span> <span class='ocrx_word' id='word_1_274' title='bbox 761 2595 934 2649; x_wconf 87' lang='lat' dir='ltr'><strong>mele</strong></span> <span class='ocrx_word' id='word_1_275' title='bbox 995 2593 1310 2648; x_wconf 90' lang='lat' dir='ltr'><strong>comedente</strong></span> <span class='ocrx_word' id='word_1_276' title='bbox 1363 2591 1495 2645; x_wconf 77' lang='lat' dir='ltr'><strong>dicit</strong></span> <span class='ocrx_word' id='word_1_277' title='bbox 1542 2589 1692 2645; x_wconf 80' lang='lat' dir='ltr'><strong>exire</strong></span> <span class='ocrx_word' id='word_1_278' title='bbox 1731 2591 1786 2654; x_wconf 83' lang='grc'>⁸,</span> <span class='ocrx_word' id='word_1_279' title='bbox 1847 2598 1902 2644; x_wconf 87' lang='lat' dir='ltr'><strong>et</strong></span> 
     </span>
    </p>
   </div>
   <div class='ocr_carea' id='block_1_43' title="bbox 332 2681 1900 2761">
    <p class='ocr_par' dir='ltr' id='par_1_43' title="bbox 332 2681 1900 2761">
     <span class='ocr_line' id='line_1_43' title="bbox 332 2681 1900 2761; baseline -0.006 -17"><span class='ocrx_word' id='word_1_280' title='bbox 332 2689 600 2761; x_wconf 89' lang='lat' dir='ltr'><strong>quoddam</strong></span> <span class='ocrx_word' id='word_1_281' title='bbox 669 2688 836 2759; x_wconf 82' lang='lat' dir='ltr'><strong>pilum</strong></span> <span class='ocrx_word' id='word_1_282' title='bbox 889 2685 1208 2740; x_wconf 85' lang='lat' dir='ltr'><strong>bellicosum</strong></span> <span class='ocrx_word' id='word_1_283' title='bbox 1271 2697 1514 2740; x_wconf 88' lang='lat' dir='ltr'><strong>crassum</strong></span> <span class='ocrx_word' id='word_1_284' title='bbox 1577 2696 1699 2737; x_wconf 89' lang='lat' dir='ltr'><strong>esse</strong></span> <span class='ocrx_word' id='word_1_285' title='bbox 1759 2681 1900 2736; x_wconf 86' lang='lat' dir='ltr'><strong>sicut</strong></span> 
     </span>
    </p>
   </div>
   <div class='ocr_carea' id='block_1_44' title="bbox 334 2774 1902 2843">
    <p class='ocr_par' dir='ltr' id='par_1_44' title="bbox 334 2774 1902 2843">
     <span class='ocr_line' id='line_1_44' title="bbox 334 2774 1902 2843; baseline -0.006 -11"><span class='ocrx_word' id='word_1_286' title='bbox 334 2779 633 2834; x_wconf 77' lang='lat' dir='ltr'><strong>texentium</strong></span> <span class='ocrx_word' id='word_1_287' title='bbox 689 2777 1101 2843; x_wconf 83' lang='lat' dir='ltr'><strong>liciatorinm&quot;;</strong></span> <span class='ocrx_word' id='word_1_288' title='bbox 1164 2784 1222 2831; x_wconf 86' lang='lat' dir='ltr'><strong>et</strong></span> <span class='ocrx_word' id='word_1_289' title='bbox 1287 2785 1430 2830; x_wconf 78' lang='lat' dir='ltr'><strong>astra</strong></span> <span class='ocrx_word' id='word_1_290' title='bbox 1488 2775 1543 2828; x_wconf 89' lang='lat' dir='ltr'><strong>in</strong></span> <span class='ocrx_word' id='word_1_291' title='bbox 1590 2774 1750 2828; x_wconf 89' lang='lat' dir='ltr'><strong>domo</strong></span> <span class='ocrx_word' id='word_1_292' title='bbox 1787 2785 1902 2824; x_wconf 86' lang='lat' dir='ltr'><strong>am-</strong></span> 
     </span>
    </p>
   </div>
   <div class='ocr_carea' id='block_1_45' title="bbox 329 2860 1898 2936">
    <p class='ocr_par' dir='ltr' id='par_1_45' title="bbox 329 2860 1898 2936">
     <span class='ocr_line' id='line_1_45' title="bbox 329 2860 1898 2936; baseline -0.01 -9"><span class='ocrx_word' id='word_1_293' title='bbox 329 2871 520 2927; x_wconf 91' lang='lat' dir='ltr'><strong>bulare</strong></span> <span class='ocrx_word' id='word_1_294' title='bbox 546 2871 589 2936; x_wconf 84' lang='grc'>⁸,</span> <span class='ocrx_word' id='word_1_295' title='bbox 643 2870 732 2924; x_wconf 86' lang='lat' dir='ltr'><strong>ubi</strong></span> <span class='ocrx_word' id='word_1_296' title='bbox 765 2879 870 2922; x_wconf 85' lang='lat' dir='ltr'><strong>tam</strong></span> <span class='ocrx_word' id='word_1_297' title='bbox 917 2883 1035 2920; x_wconf 89' lang='lat' dir='ltr'><strong>rara</strong></span> <span class='ocrx_word' id='word_1_298' title='bbox 1069 2874 1196 2920; x_wconf 87' lang='lat' dir='ltr'><strong>sunt</strong></span> <span class='ocrx_word' id='word_1_299' title='bbox 1243 2865 1530 2935; x_wconf 74' lang='lat' dir='ltr'><strong>teguminis</strong></span> <span class='ocrx_word' id='word_1_300' title='bbox 1574 2860 1898 2932; x_wconf 89' lang='lat' dir='ltr'><strong>superindu-</strong></span> 
     </span>
    </p>
   </div>
   <div class='ocr_carea' id='block_1_46' title="bbox 337 2951 1902 3028">
    <p class='ocr_par' dir='ltr' id='par_1_46' title="bbox 337 2951 1902 3028">
     <span class='ocr_line' id='line_1_46' title="bbox 337 2951 1902 3028; baseline -0.009 -10"><span class='ocrx_word' id='word_1_301' title='bbox 337 2973 542 3028; x_wconf 85' lang='lat' dir='ltr'><strong>meuta,</strong></span> <span class='ocrx_word' id='word_1_302' title='bbox 580 2972 639 3017; x_wconf 91' lang='lat' dir='ltr'><strong>ut</strong></span> <span class='ocrx_word' id='word_1_303' title='bbox 678 2963 826 3016; x_wconf 90' lang='lat' dir='ltr'><strong>intus</strong></span> <span class='ocrx_word' id='word_1_304' title='bbox 856 2958 1271 3028; x_wconf 86' lang='lat' dir='ltr'><strong>inspicientibus</strong></span> <span class='ocrx_word' id='word_1_305' title='bbox 1311 2965 1569 3027; x_wconf 84' lang='lat' dir='ltr'><strong>appareat</strong></span> <span class='ocrx_word' id='word_1_306' title='bbox 1601 2955 1655 3009; x_wconf 90' lang='lat' dir='ltr'><strong>in</strong></span> <span class='ocrx_word' id='word_1_307' title='bbox 1705 2951 1902 3008; x_wconf 86' lang='lat' dir='ltr'><strong>altissi-</strong></span> 
     </span>
    </p>
   </div>
   <div class='ocr_carea' id='block_1_47' title="bbox 333 3042 1903 3117">
    <p class='ocr_par' dir='ltr' id='par_1_47' title="bbox 333 3042 1903 3117">
     <span class='ocr_line' id='line_1_47' title="bbox 333 3042 1903 3117; baseline -0.01 -7"><span class='ocrx_word' id='word_1_308' title='bbox 333 3057 437 3110; x_wconf 89' lang='lat' dir='ltr'><strong>mis</strong></span> <span class='ocrx_word' id='word_1_309' title='bbox 477 3063 749 3109; x_wconf 89' lang='lat' dir='ltr'><strong>astrorum</strong></span> <span class='ocrx_word' id='word_1_310' title='bbox 792 3059 991 3106; x_wconf 88' lang='lat' dir='ltr'><strong>motus.</strong></span> <span class='ocrx_word' id='word_1_311' title='bbox 1025 3049 1234 3116; x_wconf 72' lang='lat' dir='ltr'><strong>Quibus</strong></span> <span class='ocrx_word' id='word_1_312' title='bbox 1277 3045 1676 3117; x_wconf 75' lang='lat' dir='ltr'><strong>adjungcndnm</strong></span> <span class='ocrx_word' id='word_1_313' title='bbox 1720 3042 1903 3112; x_wconf 88' lang='lat' dir='ltr'><strong>spinas</strong></span> 
     </span>
    </p>
   </div>
   <div class='ocr_carea' id='block_1_48' title="bbox 333 3135 1901 3205">
    <p class='ocr_par' dir='ltr' id='par_1_48' title="bbox 333 3135 1901 3205">
     <span class='ocr_line' id='line_1_48' title="bbox 333 3135 1901 3205; baseline -0.011 -7"><span class='ocrx_word' id='word_1_314' title='bbox 333 3145 390 3199; x_wconf 91' lang='lat' dir='ltr'><strong>in</strong></span> <span class='ocrx_word' id='word_1_315' title='bbox 427 3143 560 3197; x_wconf 87' lang='lat' dir='ltr'><strong>ebrii</strong></span> <span class='ocrx_word' id='word_1_316' title='bbox 615 3156 774 3194; x_wconf 88' lang='lat' dir='ltr'><strong>manu</strong></span> <span class='ocrx_word' id='word_1_317' title='bbox 823 3140 1133 3204; x_wconf 82' lang='lat' dir='ltr'><strong>crescere’,</strong></span> <span class='ocrx_word' id='word_1_318' title='bbox 1173 3147 1228 3192; x_wconf 87' lang='lat' dir='ltr'><strong>ct</strong></span> <span class='ocrx_word' id='word_1_319' title='bbox 1260 3146 1442 3205; x_wconf 86' lang='lat' dir='ltr'><strong>patres</strong></span> <span class='ocrx_word' id='word_1_320' title='bbox 1491 3135 1706 3205; x_wconf 89' lang='lat' dir='ltr'><strong>quidem</strong></span> <span class='ocrx_word' id='word_1_321' title='bbox 1745 3145 1901 3185; x_wconf 83' lang='lat' dir='ltr'><strong>mau-</strong></span> 
     </span>
    </p>
   </div>
   <div class='ocr_carea' id='block_1_49' title="bbox 335 3226 1903 3298">
    <p class='ocr_par' dir='ltr' id='par_1_49' title="bbox 335 3226 1903 3298">
     <span class='ocr_line' id='line_1_49' title="bbox 335 3226 1903 3298; baseline -0.007 -10"><span class='ocrx_word' id='word_1_322' title='bbox 335 3236 564 3288; x_wconf 89' lang='lat' dir='ltr'><strong>ducasse</strong></span> <span class='ocrx_word' id='word_1_323' title='bbox 615 3232 871 3298; x_wconf 85' lang='lat' dir='ltr'><strong>carduos,</strong></span> <span class='ocrx_word' id='word_1_324' title='bbox 935 3231 1062 3285; x_wconf 80' lang='lat' dir='ltr'><strong>ﬁliis</strong></span> <span class='ocrx_word' id='word_1_325' title='bbox 1105 3239 1285 3284; x_wconf 90' lang='lat' dir='ltr'><strong>autem</strong></span> <span class='ocrx_word' id='word_1_326' title='bbox 1337 3229 1723 3296; x_wconf 86' lang='lat' dir='ltr'><strong>obstupescere</strong></span> <span class='ocrx_word' id='word_1_327' title='bbox 1774 3226 1903 3278; x_wconf 84' lang='lat' dir='ltr'><strong>den-</strong></span> 
     </span>
    </p>
   </div>
   <div class='ocr_carea' id='block_1_50' title="bbox 337 3316 1902 3392">
    <p class='ocr_par' dir='ltr' id='par_1_50' title="bbox 337 3316 1902 3392">
     <span class='ocr_line' id='line_1_50' title="bbox 337 3316 1902 3392; baseline -0.009 -14"><span class='ocrx_word' id='word_1_328' title='bbox 337 3339 416 3379; x_wconf 86' lang='lat' dir='ltr'><strong>tes</strong></span> <span class='ocrx_word' id='word_1_329' title='bbox 467 3325 535 3376; x_wconf 78' lang='lat'><strong>&quot;.</strong></span> <span class='ocrx_word' id='word_1_330' title='bbox 603 3322 706 3378; x_wconf 90' lang='lat' dir='ltr'><strong>Ubi</strong></span> <span class='ocrx_word' id='word_1_331' title='bbox 754 3338 884 3392; x_wconf 74' lang='lat' dir='ltr'><strong>ergo</strong></span> <span class='ocrx_word' id='word_1_332' title='bbox 925 3323 1171 3391; x_wconf 76' lang='lat' dir='ltr'><strong>quaedam</strong></span> <span class='ocrx_word' id='word_1_333' title='bbox 1224 3319 1420 3373; x_wconf 90' lang='lat' dir='ltr'><strong>similia</strong></span> <span class='ocrx_word' id='word_1_334' title='bbox 1463 3316 1692 3385; x_wconf 88' lang='lat' dir='ltr'><strong>prodere</strong></span> <span class='ocrx_word' id='word_1_335' title='bbox 1737 3327 1902 3367; x_wconf 90' lang='lat' dir='ltr'><strong>ausus</strong></span> 
     </span>
    </p>
   </div>
   <div class='ocr_carea' id='block_1_51' title="bbox 333 3407 1903 3478">
    <p class='ocr_par' dir='ltr' id='par_1_51' title="bbox 333 3407 1903 3478">
     <span class='ocr_line' id='line_1_51' title="bbox 333 3407 1903 3478; baseline -0.006 -9"><span class='ocrx_word' id='word_1_336' title='bbox 333 3431 453 3469; x_wconf 83' lang='lat' dir='ltr'><strong>sum</strong></span> <span class='ocrx_word' id='word_1_337' title='bbox 488 3416 612 3470; x_wconf 89' lang='lat' dir='ltr'><strong>licet</strong></span> <span class='ocrx_word' id='word_1_338' title='bbox 649 3430 770 3470; x_wconf 90' lang='lat' dir='ltr'><strong>cum</strong></span> <span class='ocrx_word' id='word_1_339' title='bbox 804 3415 1173 3470; x_wconf 87' lang='lat' dir='ltr'><strong>moderamine</strong></span> <span class='ocrx_word' id='word_1_340' title='bbox 1224 3412 1513 3466; x_wconf 87' lang='lat' dir='ltr'><strong>valuissem</strong></span> <span class='ocrx_word' id='word_1_341' title='bbox 1574 3407 1742 3478; x_wconf 88' lang='lat' dir='ltr'><strong>loqui,</strong></span> <span class='ocrx_word' id='word_1_342' title='bbox 1796 3421 1903 3475; x_wconf 89' lang='lat' dir='ltr'><strong>quo</strong></span> 
     </span>
    </p>
   </div>
   <div class='ocr_carea' id='block_1_52' title="bbox 334 3499 1906 3576">
    <p class='ocr_par' dir='ltr' id='par_1_52' title="bbox 334 3499 1906 3576">
     <span class='ocr_line' id='line_1_52' title="bbox 334 3499 1906 3576; baseline -0.005 -16"><span class='ocrx_word' id='word_1_343' title='bbox 334 3507 695 3576; x_wconf 71' lang='lat' dir='ltr'><strong>metropolitaa</strong></span> <span class='ocrx_word' id='word_1_344' title='bbox 721 3505 996 3560; x_wconf 88' lang='lat' dir='ltr'><strong>urbanitas</strong></span> <span class='ocrx_word' id='word_1_345' title='bbox 1017 3503 1260 3571; x_wconf 88' lang='lat' dir='ltr'><strong>deceptis</strong></span> <span class='ocrx_word' id='word_1_346' title='bbox 1292 3503 1513 3557; x_wconf 88' lang='lat' dir='ltr'><strong>auribus</strong></span> <span class='ocrx_word' id='word_1_347' title='bbox 1547 3499 1756 3553; x_wconf 91' lang='lat' dir='ltr'><strong>videtur</strong></span> <span class='ocrx_word' id='word_1_348' title='bbox 1787 3512 1906 3552; x_wconf 85' lang='lat' dir='ltr'><strong>esse</strong></span> 
     </span>
    </p>
   </div>
   <div class='ocr_carea' id='block_1_53' title="bbox 345 3593 1903 3667">
    <p class='ocr_par' dir='ltr' id='par_1_53' title="bbox 345 3593 1903 3667">
     <span class='ocr_line' id='line_1_53' title="bbox 345 3593 1903 3667; baseline -0.005 -16"><span class='ocrx_word' id='word_1_349' title='bbox 345 3598 548 3652; x_wconf 88' lang='lat' dir='ltr'><strong>locutio</strong></span> <span class='ocrx_word' id='word_1_350' title='bbox 609 3597 856 3667; x_wconf 64' lang='lat' dir='ltr'><strong>quaedam</strong></span> <span class='ocrx_word' id='word_1_351' title='bbox 914 3611 1020 3649; x_wconf 89' lang='lat' dir='ltr'><strong>nou</strong></span> <span class='ocrx_word' id='word_1_352' title='bbox 1078 3593 1470 3664; x_wconf 81' lang='lat' dir='ltr'><strong>dithyrambica</strong></span> <span class='ocrx_word' id='word_1_353' title='bbox 1539 3593 1903 3658; x_wconf 90' lang='lat' dir='ltr'><strong>damnosaque</strong></span> 
     </span>
    </p>
   </div>
   <div class='ocr_carea' id='block_1_54' title="bbox 339 3683 1903 3760">
    <p class='ocr_par' dir='ltr' id='par_1_54' title="bbox 339 3683 1903 3760">
     <span class='ocr_line' id='line_1_54' title="bbox 339 3683 1903 3760; baseline -0.004 -20"><span class='ocrx_word' id='word_1_354' title='bbox 339 3690 581 3760; x_wconf 83' lang='lat' dir='ltr'><strong>(utinam</strong></span> <span class='ocrx_word' id='word_1_355' title='bbox 624 3689 768 3742; x_wconf 92' lang='lat' dir='ltr'><strong>enim</strong></span> <span class='ocrx_word' id='word_1_356' title='bbox 807 3694 907 3742; x_wconf 90' lang='lat' dir='ltr'><strong>hoc</strong></span> <span class='ocrx_word' id='word_1_357' title='bbox 957 3686 1206 3758; x_wconf 89' lang='lat' dir='ltr'><strong>essetl),</strong></span> <span class='ocrx_word' id='word_1_358' title='bbox 1261 3686 1355 3740; x_wconf 88' lang='lat' dir='ltr'><strong>sed</strong></span> <span class='ocrx_word' id='word_1_359' title='bbox 1413 3685 1536 3738; x_wconf 92' lang='lat' dir='ltr'><strong>vino</strong></span> <span class='ocrx_word' id='word_1_360' title='bbox 1579 3683 1792 3754; x_wconf 77' lang='lat' dir='ltr'><strong>gravis,</strong></span> <span class='ocrx_word' id='word_1_361' title='bbox 1844 3691 1903 3734; x_wconf 93' lang='lat' dir='ltr'><strong>ut</strong></span> 
     </span>
    </p>
   </div>
   <div class='ocr_carea' id='block_1_55' title="bbox 339 3781 1158 3836">
    <p class='ocr_par' dir='ltr' id='par_1_55' title="bbox 339 3781 1158 3836">
     <span class='ocr_line' id='line_1_55' title="bbox 339 3781 1158 3836; baseline -0.001 -3"><span class='ocrx_word' id='word_1_362' title='bbox 339 3781 484 3834; x_wconf 85' lang='lat' dir='ltr'><strong>inter</strong></span> <span class='ocrx_word' id='word_1_363' title='bbox 515 3781 865 3836; x_wconf 88' lang='lat' dir='ltr'><strong>bacchanalia</strong></span> <span class='ocrx_word' id='word_1_364' title='bbox 892 3781 1158 3834; x_wconf 89' lang='lat' dir='ltr'><strong>carmina.</strong></span> 
     </span>
    </p>
   </div>
   <div class='ocr_carea' id='block_1_56' title="bbox 413 3954 1910 4022">
    <p class='ocr_par' dir='ltr' id='par_1_56' title="bbox 413 3954 1910 4022">
     <span class='ocr_line' id='line_1_56' title="bbox 413 3954 1910 4022; baseline -0.005 -8"><span class='ocrx_word' id='word_1_365' title='bbox 413 3958 503 4014; x_wconf 80' lang='lat'><strong>56.</strong></span> <span class='ocrx_word' id='word_1_366' title='bbox 549 3959 824 4013; x_wconf 77' lang='lat' dir='ltr'><strong>Confiteor</strong></span> <span class='ocrx_word' id='word_1_367' title='bbox 853 3958 1025 4020; x_wconf 87' lang='lat' dir='ltr'><strong>vobis,</strong></span> <span class='ocrx_word' id='word_1_368' title='bbox 1062 3956 1279 4019; x_wconf 83' lang='lat' dir='ltr'><strong>fratres,</strong></span> <span class='ocrx_word' id='word_1_369' title='bbox 1312 3955 1450 4022; x_wconf 92' lang='lat' dir='ltr'><strong>quod</strong></span> <span class='ocrx_word' id='word_1_370' title='bbox 1497 3954 1576 4007; x_wconf 88' lang='lat' dir='ltr'><strong>sic</strong></span> <span class='ocrx_word' id='word_1_371' title='bbox 1615 3968 1762 4007; x_wconf 90' lang='lat' dir='ltr'><strong>rueos</strong></span> <span class='ocrx_word' id='word_1_372' title='bbox 1792 3968 1910 4008; x_wconf 60' lang='lat' dir='ltr'><strong>sero</strong></span> 
     </span>
    </p>
   </div>
   <div class='ocr_carea' id='block_1_57' title="bbox 346 4045 1913 4116">
    <p class='ocr_par' dir='ltr' id='par_1_57' title="bbox 346 4045 1913 4116">
     <span class='ocr_line' id='line_1_57' title="bbox 346 4045 1913 4116; baseline -0.006 -10"><span class='ocrx_word' id='word_1_373' title='bbox 346 4066 538 4106; x_wconf 84' lang='lat' dir='ltr'><strong>moues</strong></span> <span class='ocrx_word' id='word_1_374' title='bbox 568 4051 895 4106; x_wconf 88' lang='lat' dir='ltr'><strong>concinnare</strong></span> <span class='ocrx_word' id='word_1_375' title='bbox 930 4049 1073 4113; x_wconf 89' lang='lat' dir='ltr'><strong>volo,</strong></span> <span class='ocrx_word' id='word_1_376' title='bbox 1114 4050 1244 4102; x_wconf 88' lang='lat' dir='ltr'><strong>viris</strong></span> <span class='ocrx_word' id='word_1_377' title='bbox 1277 4047 1608 4116; x_wconf 70' lang='lat' dir='ltr'><strong>negligenter</strong></span> <span class='ocrx_word' id='word_1_378' title='bbox 1644 4045 1913 4099; x_wconf 87' lang='lat' dir='ltr'><strong>audienti-</strong></span> 
     </span>
    </p>
   </div>
   <div class='ocr_carea' id='block_1_58' title="bbox 344 4134 1908 4204">
    <p class='ocr_par' dir='ltr' id='par_1_58' title="bbox 344 4134 1908 4204">
     <span class='ocr_line' id='line_1_58' title="bbox 344 4134 1908 4204; baseline -0.006 -9"><span class='ocrx_word' id='word_1_379' title='bbox 344 4143 467 4204; x_wconf 86' lang='lat' dir='ltr'><strong>bus,</strong></span> <span class='ocrx_word' id='word_1_380' title='bbox 497 4150 556 4192; x_wconf 90' lang='lat' dir='ltr'><strong>ut</strong></span> <span class='ocrx_word' id='word_1_381' title='bbox 583 4141 797 4192; x_wconf 87' lang='lat' dir='ltr'><strong>etiamsi</strong></span> <span class='ocrx_word' id='word_1_382' title='bbox 831 4152 1012 4190; x_wconf 83' lang='lat' dir='ltr'><strong>coram</strong></span> <span class='ocrx_word' id='word_1_383' title='bbox 1043 4137 1226 4189; x_wconf 83' lang='lat' dir='ltr'><strong>divino</strong></span> <span class='ocrx_word' id='word_1_384' title='bbox 1266 4150 1388 4202; x_wconf 71' lang='lat' dir='ltr'><strong>rege</strong></span> <span class='ocrx_word' id='word_1_385' title='bbox 1423 4135 1552 4188; x_wconf 86' lang='lat' dir='ltr'><strong>mihi</strong></span> <span class='ocrx_word' id='word_1_386' title='bbox 1584 4134 1908 4204; x_wconf 86' lang='lat' dir='ltr'><strong>loquendum</strong></span> 
     </span>
    </p>
   </div>
   <div class='ocr_carea' id='block_1_59' title="bbox 345 4225 1908 4296">
    <p class='ocr_par' dir='ltr' id='par_1_59' title="bbox 345 4225 1908 4296">
     <span class='ocr_line' id='line_1_59' title="bbox 345 4225 1908 4296; baseline -0.006 -9"><span class='ocrx_word' id='word_1_387' title='bbox 345 4240 524 4296; x_wconf 88' lang='lat' dir='ltr'><strong>esset,</strong></span> <span class='ocrx_word' id='word_1_388' title='bbox 574 4244 679 4283; x_wconf 88' lang='lat' dir='ltr'><strong>nou</strong></span> <span class='ocrx_word' id='word_1_389' title='bbox 724 4235 867 4282; x_wconf 86' lang='lat' dir='ltr'><strong>esset</strong></span> <span class='ocrx_word' id='word_1_390' title='bbox 895 4227 1026 4280; x_wconf 90' lang='lat' dir='ltr'><strong>mihi</strong></span> <span class='ocrx_word' id='word_1_391' title='bbox 1056 4239 1190 4294; x_wconf 88' lang='lat' dir='ltr'><strong>opus</strong></span> <span class='ocrx_word' id='word_1_392' title='bbox 1233 4239 1537 4294; x_wconf 67' lang='lat' dir='ltr'><strong>prmcavere</strong></span> <span class='ocrx_word' id='word_1_393' title='bbox 1576 4241 1642 4278; x_wconf 88' lang='lat' dir='ltr'><strong>ne</strong></span> <span class='ocrx_word' id='word_1_394' title='bbox 1693 4225 1908 4278; x_wconf 80' lang='lat' dir='ltr'><strong>fortuita</strong></span> 
     </span>
    </p>
   </div>
   <div class='ocr_carea' id='block_1_60' title="bbox 347 4315 1917 4392">
    <p class='ocr_par' dir='ltr' id='par_1_60' title="bbox 347 4315 1917 4392">
     <span class='ocr_line' id='line_1_60' title="bbox 347 4315 1917 4392; baseline -0.006 -16"><span class='ocrx_word' id='word_1_395' title='bbox 347 4324 623 4392; x_wconf 89' lang='lat' dir='ltr'><strong>loquerer.</strong></span> <span class='ocrx_word' id='word_1_396' title='bbox 663 4319 725 4372; x_wconf 86' lang='lat' dir='ltr'><strong>Et</strong></span> <span class='ocrx_word' id='word_1_397' title='bbox 743 4331 870 4371; x_wconf 83' lang='lat' dir='ltr'><strong>vero</strong></span> <span class='ocrx_word' id='word_1_398' title='bbox 897 4318 1012 4370; x_wconf 87' lang='lat' dir='ltr'><strong>scio</strong></span> <span class='ocrx_word' id='word_1_399' title='bbox 1033 4315 1136 4369; x_wconf 88' lang='lat' dir='ltr'><strong>sub</strong></span> <span class='ocrx_word' id='word_1_400' title='bbox 1163 4315 1387 4382; x_wconf 87' lang='lat' dir='ltr'><strong>antiquo</strong></span> <span class='ocrx_word' id='word_1_401' title='bbox 1417 4329 1623 4367; x_wconf 89' lang='lat' dir='ltr'><strong>necnon</strong></span> <span class='ocrx_word' id='word_1_402' title='bbox 1651 4316 1750 4368; x_wconf 85' lang='lat' dir='ltr'><strong>sub</strong></span> <span class='ocrx_word' id='word_1_403' title='bbox 1779 4329 1917 4382; x_wconf 66' lang='lat' dir='ltr'><strong>prai-</strong></span> 
     </span>
    </p>
   </div>
   <div class='ocr_carea' id='block_1_61' title="bbox 347 4405 1916 4478">
    <p class='ocr_par' dir='ltr' id='par_1_61' title="bbox 347 4405 1916 4478">
     <span class='ocr_line' id='line_1_61' title="bbox 347 4405 1916 4478; baseline -0.01 -6"><span class='ocrx_word' id='word_1_404' title='bbox 347 4414 488 4472; x_wconf 84' lang='lat' dir='ltr'><strong>senti</strong></span> <span class='ocrx_word' id='word_1_405' title='bbox 521 4426 677 4466; x_wconf 86' lang='lat' dir='ltr'><strong>sacro</strong></span> <span class='ocrx_word' id='word_1_406' title='bbox 723 4423 886 4478; x_wconf 83' lang='lat' dir='ltr'><strong>regno</strong></span> <span class='ocrx_word' id='word_1_407' title='bbox 933 4423 1020 4461; x_wconf 91' lang='lat' dir='ltr'><strong>me</strong></span> <span class='ocrx_word' id='word_1_408' title='bbox 1066 4407 1146 4460; x_wconf 91' lang='lat' dir='ltr'><strong>sic</strong></span> <span class='ocrx_word' id='word_1_409' title='bbox 1178 4407 1232 4459; x_wconf 91' lang='lat' dir='ltr'><strong>in</strong></span> <span class='ocrx_word' id='word_1_410' title='bbox 1272 4405 1420 4475; x_wconf 77' lang='lat' dir='ltr'><strong>gravi</strong></span> <span class='ocrx_word' id='word_1_411' title='bbox 1452 4417 1594 4460; x_wconf 75' lang='lat' dir='ltr'><strong>cretu</strong></span> <span class='ocrx_word' id='word_1_412' title='bbox 1628 4405 1793 4459; x_wconf 79' lang='lat' dir='ltr'><strong>fuisse</strong></span> <span class='ocrx_word' id='word_1_413' title='bbox 1839 4405 1916 4458; x_wconf 85' lang='lat' dir='ltr'><strong>lo-</strong></span> 
     </span>
    </p>
   </div>
   <div class='ocr_carea' id='block_1_62' title="bbox 2001 1938 3568 2024">
    <p class='ocr_par' dir='ltr' id='par_1_62' title="bbox 2001 1938 3568 2024">
     <span class='ocr_line' id='line_1_62' title="bbox 2001 1938 3568 2024; baseline -0.009 -22"><span class='ocrx_word' id='word_1_414' title='bbox 2001 1951 2184 2024; x_wconf 76' lang='grc' dir='ltr'>ῥήτωρ</span> <span class='ocrx_word' id='word_1_415' title='bbox 2239 1945 2424 2008; x_wconf 80' lang='grc' dir='ltr'>Δαυῖδ,</span> <span class='ocrx_word' id='word_1_416' title='bbox 2501 1945 2714 2014; x_wconf 78' lang='grc' dir='ltr'><strong>ψωμοῖς</strong></span> <span class='ocrx_word' id='word_1_417' title='bbox 2777 1943 3023 2005; x_wconf 70' lang='grc' dir='ltr'>ἐοικότας</span> <span class='ocrx_word' id='word_1_418' title='bbox 3081 1940 3380 2010; x_wconf 75' lang='grc' dir='ltr'><strong>βάλλεσθαι</strong></span> <span class='ocrx_word' id='word_1_419' title='bbox 3445 1938 3568 2002; x_wconf 78' lang='grc' dir='ltr'>τοὺς</span> 
     </span>
    </p>
   </div>
   <div class='ocr_carea' id='block_1_63' title="bbox 1999 2032 3571 2112">
    <p class='ocr_par' dir='ltr' id='par_1_63' title="bbox 1999 2032 3571 2112">
     <span class='ocr_line' id='line_1_63' title="bbox 1999 2032 3571 2112; baseline -0.008 -18"><span class='ocrx_word' id='word_1_420' title='bbox 1999 2040 2367 2112; x_wconf 74' lang='grc' dir='ltr'><strong>κρυστάλλους</strong></span> <span class='ocrx_word' id='word_1_421' title='bbox 2411 2037 2630 2110; x_wconf 72' lang='grc' dir='ltr'>ψάλλων</span> <span class='ocrx_word' id='word_1_422' title='bbox 2674 2037 2902 2100; x_wconf 72' lang='grc' dir='ltr'>ἐκεῖνος,</span> <span class='ocrx_word' id='word_1_423' title='bbox 2956 2036 3050 2087; x_wconf 73' lang='grc' dir='ltr'>καὶ</span> <span class='ocrx_word' id='word_1_424' title='bbox 3101 2033 3196 2104; x_wconf 82' lang='grc' dir='ltr'>τὴν</span> <span class='ocrx_word' id='word_1_425' title='bbox 3245 2033 3399 2102; x_wconf 74' lang='grc' dir='ltr'>χιόνα</span> <span class='ocrx_word' id='word_1_426' title='bbox 3459 2032 3571 2082; x_wconf 83' lang='grc' dir='ltr'>δια-</span> 
     </span>
    </p>
   </div>
   <div class='ocr_carea' id='block_1_64' title="bbox 2001 2121 3574 2196">
    <p class='ocr_par' dir='ltr' id='par_1_64' title="bbox 2001 2121 3574 2196">
     <span class='ocr_line' id='line_1_64' title="bbox 2001 2121 3574 2196; baseline -0.007 -13"><span class='ocrx_word' id='word_1_427' title='bbox 2001 2128 2316 2184; x_wconf 85' lang='grc' dir='ltr'>πεπτάσθαι</span> <span class='ocrx_word' id='word_1_428' title='bbox 2337 2128 2469 2180; x_wconf 75' lang='grc' dir='ltr'>ὡσεὶ</span> <span class='ocrx_word' id='word_1_429' title='bbox 2492 2129 2587 2181; x_wconf 71' lang='grc' dir='ltr'>καὶ</span> <span class='ocrx_word' id='word_1_430' title='bbox 2612 2126 2782 2195; x_wconf 79' lang='grc' dir='ltr'>ἔριον,</span> <span class='ocrx_word' id='word_1_431' title='bbox 2809 2125 2908 2196; x_wconf 74' lang='grc' dir='ltr'>τὴν</span> <span class='ocrx_word' id='word_1_432' title='bbox 2929 2124 2984 2176; x_wconf 78' lang='grc' dir='ltr'><strong>δὲ</strong></span> <span class='ocrx_word' id='word_1_433' title='bbox 3010 2123 3242 2192; x_wconf 77' lang='grc' dir='ltr'>ὁμίχλην</span> <span class='ocrx_word' id='word_1_434' title='bbox 3276 2121 3410 2173; x_wconf 76' lang='grc' dir='ltr'>ὡσεὶ</span> <span class='ocrx_word' id='word_1_435' title='bbox 3443 2137 3574 2172; x_wconf 63' lang='grc' dir='ltr'>σπο-</span> 
     </span>
    </p>
   </div>
   <div class='ocr_carea' id='block_1_65' title="bbox 1999 2213 3571 2283">
    <p class='ocr_par' dir='ltr' id='par_1_65' title="bbox 1999 2213 3571 2283">
     <span class='ocr_line' id='line_1_65' title="bbox 1999 2213 3571 2283; baseline -0.008 -8"><span class='ocrx_word' id='word_1_436' title='bbox 1999 2223 2088 2276; x_wconf 68' lang='grc' dir='ltr'><strong>δὸν</strong></span> <span class='ocrx_word' id='word_1_437' title='bbox 2162 2219 2509 2278; x_wconf 79' lang='grc' dir='ltr'>πάσσεσθαιο</span> <span class='ocrx_word' id='word_1_438' title='bbox 2582 2219 2909 2282; x_wconf 83' lang='grc' dir='ltr'>πλάττοντος</span> <span class='ocrx_word' id='word_1_439' title='bbox 2985 2217 3042 2269; x_wconf 77' lang='grc' dir='ltr'><strong>δὲ</strong></span> <span class='ocrx_word' id='word_1_440' title='bbox 3115 2217 3208 2268; x_wconf 75' lang='grc' dir='ltr'>καὶ</span> <span class='ocrx_word' id='word_1_441' title='bbox 3262 2214 3339 2283; x_wconf 82' lang='grc' dir='ltr'>τῷ</span> <span class='ocrx_word' id='word_1_442' title='bbox 3409 2213 3571 2282; x_wconf 68' lang='grc' dir='ltr'>ψύχει</span> 
     </span>
    </p>
   </div>
   <div class='ocr_carea' id='block_1_66' title="bbox 2001 2310 3574 2387">
    <p class='ocr_par' dir='ltr' id='par_1_66' title="bbox 2001 2310 3574 2387">
     <span class='ocr_line' id='line_1_66' title="bbox 2001 2310 3574 2387; baseline -0.008 -15"><span class='ocrx_word' id='word_1_443' title='bbox 2001 2317 2314 2387; x_wconf 80' lang='grc' dir='ltr'>πρόσωπον,</span> <span class='ocrx_word' id='word_1_444' title='bbox 2343 2310 2424 2378; x_wconf 75' lang='grc' dir='ltr'>οἷς</span> <span class='ocrx_word' id='word_1_445' title='bbox 2459 2313 2782 2385; x_wconf 76' lang='grc' dir='ltr'>παρενοχλεῖ</span> <span class='ocrx_word' id='word_1_446' title='bbox 2817 2314 2927 2374; x_wconf 84' lang='grc' dir='ltr'>τοῖς</span> <span class='ocrx_word' id='word_1_447' title='bbox 2952 2312 3058 2364; x_wconf 85' lang='grc' dir='ltr'>τῶν</span> <span class='ocrx_word' id='word_1_448' title='bbox 3089 2312 3378 2364; x_wconf 76' lang='grc' dir='ltr'>ὁδευόντων</span> <span class='ocrx_word' id='word_1_449' title='bbox 3403 2325 3574 2380; x_wconf 72' lang='grc' dir='ltr'>προσο</span> 
     </span>
    </p>
   </div>
   <div class='ocr_carea' id='block_1_67' title="bbox 2001 2401 3575 2476">
    <p class='ocr_par' dir='ltr' id='par_1_67' title="bbox 2001 2401 3575 2476">
     <span class='ocr_line' id='line_1_67' title="bbox 2001 2401 3575 2476; baseline -0.004 -16"><span class='ocrx_word' id='word_1_450' title='bbox 2001 2407 2190 2470; x_wconf 84' lang='grc' dir='ltr'>ώποις.</span> <span class='ocrx_word' id='word_1_451' title='bbox 2229 2408 2332 2460; x_wconf 81' lang='grc' dir='ltr'><strong>Ἐῶ</strong></span> <span class='ocrx_word' id='word_1_452' title='bbox 2385 2408 2490 2474; x_wconf 80' lang='grc' dir='ltr'><strong>γάρ</strong></span> <span class='ocrx_word' id='word_1_453' title='bbox 2526 2404 2660 2476; x_wconf 84' lang='grc' dir='ltr'>πρός</span> <span class='ocrx_word' id='word_1_454' title='bbox 2707 2421 2769 2473; x_wconf 88' lang='grc' dir='ltr'><strong>γε</strong></span> <span class='ocrx_word' id='word_1_455' title='bbox 2809 2403 2869 2456; x_wconf 76' lang='grc' dir='ltr'>τὸ</span> <span class='ocrx_word' id='word_1_456' title='bbox 2902 2403 3072 2473; x_wconf 63' lang='grc' dir='ltr'>παρὲν</span> <span class='ocrx_word' id='word_1_457' title='bbox 3100 2403 3196 2465; x_wconf 78' lang='grc' dir='ltr'>τὰς</span> <span class='ocrx_word' id='word_1_458' title='bbox 3222 2401 3416 2465; x_wconf 78' lang='grc' dir='ltr'>λοιπάς</span> <span class='ocrx_word' id='word_1_459' title='bbox 3444 2401 3575 2467; x_wconf 72' lang='grc' dir='ltr'>γλυο</span> 
     </span>
    </p>
   </div>
   <div class='ocr_carea' id='block_1_68' title="bbox 2004 2497 3574 2574">
    <p class='ocr_par' dir='ltr' id='par_1_68' title="bbox 2004 2497 3574 2574">
     <span class='ocr_line' id='line_1_68' title="bbox 2004 2497 3574 2574; baseline -0.003 -20"><span class='ocrx_word' id='word_1_460' title='bbox 2004 2501 2268 2574; x_wconf 81' lang='grc' dir='ltr'>κύτητας,</span> <span class='ocrx_word' id='word_1_461' title='bbox 2299 2503 2354 2553; x_wconf 80' lang='grc' dir='ltr'>ἐν</span> <span class='ocrx_word' id='word_1_462' title='bbox 2380 2497 2468 2561; x_wconf 75' lang='grc' dir='ltr'>αἷς</span> <span class='ocrx_word' id='word_1_463' title='bbox 2506 2501 2539 2568; x_wconf 78' lang='grc' dir='ltr'><strong>ἡ</strong></span> <span class='ocrx_word' id='word_1_464' title='bbox 2575 2499 2694 2568; x_wconf 81' lang='grc' dir='ltr'><strong>ίερά</strong></span> <span class='ocrx_word' id='word_1_465' title='bbox 2721 2503 2811 2551; x_wconf 80' lang='grc' dir='ltr'><strong>καί</strong></span> <span class='ocrx_word' id='word_1_466' title='bbox 2839 2497 2958 2550; x_wconf 88' lang='grc' dir='ltr'>θεία</span> <span class='ocrx_word' id='word_1_467' title='bbox 2987 2498 3178 2568; x_wconf 80' lang='grc' dir='ltr'>Γραφὴ</span> <span class='ocrx_word' id='word_1_468' title='bbox 3219 2499 3310 2550; x_wconf 76' lang='grc' dir='ltr'>καὶ</span> <span class='ocrx_word' id='word_1_469' title='bbox 3333 2498 3574 2550; x_wconf 63' lang='grc' dir='ltr'>αίνίσπεσ</span> 
     </span>
    </p>
   </div>
   <div class='ocr_carea' id='block_1_69' title="bbox 2000 2588 3576 2660">
    <p class='ocr_par' dir='ltr' id='par_1_69' title="bbox 2000 2588 3576 2660">
     <span class='ocr_line' id='line_1_69' title="bbox 2000 2588 3576 2660; baseline -0.003 -16"><span class='ocrx_word' id='word_1_470' title='bbox 2000 2609 2116 2657; x_wconf 75' lang='grc' dir='ltr'>ται,</span> <span class='ocrx_word' id='word_1_471' title='bbox 2163 2593 2238 2655; x_wconf 84' lang='grc' dir='ltr'>ὼς</span> <span class='ocrx_word' id='word_1_472' title='bbox 2283 2595 2376 2644; x_wconf 73' lang='grc' dir='ltr'>καὶ</span> <span class='ocrx_word' id='word_1_473' title='bbox 2421 2591 2508 2644; x_wconf 81' lang='grc' dir='ltr'>ὅτε</span> <span class='ocrx_word' id='word_1_474' title='bbox 2561 2591 2683 2660; x_wconf 77' lang='grc' dir='ltr'>μέλι</span> <span class='ocrx_word' id='word_1_475' title='bbox 2716 2590 2776 2654; x_wconf 78' lang='grc' dir='ltr'>ἐξ</span> <span class='ocrx_word' id='word_1_476' title='bbox 2818 2591 3064 2652; x_wconf 83' lang='grc' dir='ltr'>ἕσθοντος</span> <span class='ocrx_word' id='word_1_477' title='bbox 3112 2592 3278 2660; x_wconf 72' lang='grc' dir='ltr'>φησίν</span> <span class='ocrx_word' id='word_1_478' title='bbox 3319 2588 3576 2654; x_wconf 72' lang='grc' dir='ltr'>ἐξελθεῖν,</span> 
     </span>
    </p>
   </div>
   <div class='ocr_carea' id='block_1_70' title="bbox 2005 2677 3578 2754">
    <p class='ocr_par' dir='ltr' id='par_1_70' title="bbox 2005 2677 3578 2754">
     <span class='ocr_line' id='line_1_70' title="bbox 2005 2677 3578 2754; baseline -0.003 -16"><span class='ocrx_word' id='word_1_479' title='bbox 2005 2685 2100 2738; x_wconf 86' lang='grc' dir='ltr'><strong>καί</strong></span> <span class='ocrx_word' id='word_1_480' title='bbox 2170 2702 2224 2738; x_wconf 85' lang='grc' dir='ltr'><strong>τι</strong></span> <span class='ocrx_word' id='word_1_481' title='bbox 2283 2684 2411 2754; x_wconf 82' lang='grc' dir='ltr'>δόρυ</span> <span class='ocrx_word' id='word_1_482' title='bbox 2479 2683 2840 2754; x_wconf 75' lang='grc' dir='ltr'>στρατηγικὸν</span> <span class='ocrx_word' id='word_1_483' title='bbox 2902 2685 3047 2751; x_wconf 77' lang='grc' dir='ltr'>παχὺ</span> <span class='ocrx_word' id='word_1_484' title='bbox 3107 2677 3246 2738; x_wconf 84' lang='grc' dir='ltr'>εἶναι</span> <span class='ocrx_word' id='word_1_485' title='bbox 3299 2683 3430 2734; x_wconf 66' lang='lat' dir='ltr'><strong>sinsi</strong></span> <span class='ocrx_word' id='word_1_486' title='bbox 3479 2682 3578 2734; x_wconf 78' lang='grc' dir='ltr'>καὶ</span> 
     </span>
    </p>
   </div>
   <div class='ocr_carea' id='block_1_71' title="bbox 2005 2774 3578 2845">
    <p class='ocr_par' dir='ltr' id='par_1_71' title="bbox 2005 2774 3578 2845">
     <span class='ocr_line' id='line_1_71' title="bbox 2005 2774 3578 2845; baseline -0.001 -15"><span class='ocrx_word' id='word_1_487' title='bbox 2005 2777 2187 2830; x_wconf 82' lang='grc' dir='ltr'>ἀντίον</span> <span class='ocrx_word' id='word_1_488' title='bbox 2240 2775 2601 2843; x_wconf 73' lang='grc' dir='ltr'>ὑφαινόντωνο</span> <span class='ocrx_word' id='word_1_489' title='bbox 2656 2776 2748 2826; x_wconf 75' lang='grc' dir='ltr'>καὶ</span> <span class='ocrx_word' id='word_1_490' title='bbox 2804 2774 2980 2843; x_wconf 83' lang='grc' dir='ltr'>ἄστρα</span> <span class='ocrx_word' id='word_1_491' title='bbox 3032 2774 3089 2826; x_wconf 83' lang='grc' dir='ltr'><strong>δὲ</strong></span> <span class='ocrx_word' id='word_1_492' title='bbox 3145 2775 3294 2844; x_wconf 80' lang='grc' dir='ltr'>οἰκίᾳ</span> <span class='ocrx_word' id='word_1_493' title='bbox 3339 2777 3578 2845; x_wconf 77' lang='grc' dir='ltr'>ἐμπερι-</span> 
     </span>
    </p>
   </div>
   <div class='ocr_carea' id='block_1_72' title="bbox 2005 2865 3578 2936">
    <p class='ocr_par' dir='ltr' id='par_1_72' title="bbox 2005 2865 3578 2936">
     <span class='ocr_line' id='line_1_72' title="bbox 2005 2865 3578 2936; baseline -0.001 -15"><span class='ocrx_word' id='word_1_494' title='bbox 2005 2869 2220 2931; x_wconf 83' lang='grc' dir='ltr'>πατεῖν,</span> <span class='ocrx_word' id='word_1_495' title='bbox 2269 2866 2396 2919; x_wconf 73' lang='grc' dir='ltr'>ἔνθα</span> <span class='ocrx_word' id='word_1_496' title='bbox 2426 2868 2480 2930; x_wconf 83' lang='grc' dir='ltr'>ὲς</span> <span class='ocrx_word' id='word_1_497' title='bbox 2513 2865 2766 2920; x_wconf 82' lang='grc' dir='ltr'>τοσοῦτον</span> <span class='ocrx_word' id='word_1_498' title='bbox 2794 2867 2963 2936; x_wconf 69' lang='grc' dir='ltr'>ἀραιὰ</span> <span class='ocrx_word' id='word_1_499' title='bbox 2995 2869 3027 2936; x_wconf 83' lang='grc' dir='ltr'>ἡ</span> <span class='ocrx_word' id='word_1_500' title='bbox 3067 2866 3163 2919; x_wconf 80' lang='grc' dir='ltr'>τοῦ</span> <span class='ocrx_word' id='word_1_501' title='bbox 3199 2869 3578 2936; x_wconf 77' lang='grc' dir='ltr'>στεγάσματος</span> 
     </span>
    </p>
   </div>
   <div class='ocr_carea' id='block_1_73' title="bbox 2005 2957 3576 3028">
    <p class='ocr_par' dir='ltr' id='par_1_73' title="bbox 2005 2957 3576 3028">
     <span class='ocr_line' id='line_1_73' title="bbox 2005 2957 3576 3028; baseline 0.001 -17"><span class='ocrx_word' id='word_1_502' title='bbox 2005 2958 2376 3022; x_wconf 82' lang='grc' dir='ltr'>ἐπισύνθεσις,</span> <span class='ocrx_word' id='word_1_503' title='bbox 2425 2957 2500 3020; x_wconf 84' lang='grc' dir='ltr'><strong>ὡς</strong></span> <span class='ocrx_word' id='word_1_504' title='bbox 2527 2957 2818 3028; x_wconf 86' lang='grc' dir='ltr'>φαίνεσθαι</span> <span class='ocrx_word' id='word_1_505' title='bbox 2853 2960 2964 3021; x_wconf 87' lang='grc' dir='ltr'>τοῖς</span> <span class='ocrx_word' id='word_1_506' title='bbox 3019 2959 3168 3012; x_wconf 72' lang='grc' dir='ltr'>ενδον</span> <span class='ocrx_word' id='word_1_507' title='bbox 3219 2959 3444 3027; x_wconf 81' lang='grc' dir='ltr'>διορῶσι</span> <span class='ocrx_word' id='word_1_508' title='bbox 3472 2961 3576 3028; x_wconf 67' lang='grc' dir='ltr'>τὴν</span> 
     </span>
    </p>
   </div>
   <div class='ocr_carea' id='block_1_74' title="bbox 2004 3043 3578 3121">
    <p class='ocr_par' dir='ltr' id='par_1_74' title="bbox 2004 3043 3578 3121">
     <span class='ocr_line' id='line_1_74' title="bbox 2004 3043 3578 3121; baseline -0.001 -17"><span class='ocrx_word' id='word_1_509' title='bbox 2004 3051 2265 3104; x_wconf 83' lang='grc' dir='ltr'>ἀνωτάτω</span> <span class='ocrx_word' id='word_1_510' title='bbox 2293 3049 2411 3104; x_wconf 76' lang='grc' dir='ltr'>κατ’</span> <span class='ocrx_word' id='word_1_511' title='bbox 2442 3049 2618 3121; x_wconf 71' lang='grc' dir='ltr'>ἀστρι</span> <span class='ocrx_word' id='word_1_512' title='bbox 2658 3052 2895 3119; x_wconf 78' lang='grc' dir='ltr'>κίνησιν.</span> <span class='ocrx_word' id='word_1_513' title='bbox 2941 3043 3033 3114; x_wconf 75' lang='grc' dir='ltr'>Οἷς</span> <span class='ocrx_word' id='word_1_514' title='bbox 3063 3051 3354 3104; x_wconf 82' lang='grc' dir='ltr'>ὲντακτέον</span> <span class='ocrx_word' id='word_1_515' title='bbox 3383 3054 3479 3103; x_wconf 71' lang='grc' dir='ltr'>καὶ</span> <span class='ocrx_word' id='word_1_516' title='bbox 3513 3050 3578 3103; x_wconf 80' lang='grc' dir='ltr'>τὸ</span> 
     </span>
    </p>
   </div>
   <div class='ocr_carea' id='block_1_75' title="bbox 2004 3140 3578 3212">
    <p class='ocr_par' dir='ltr' id='par_1_75' title="bbox 2004 3140 3578 3212">
     <span class='ocr_line' id='line_1_75' title="bbox 2004 3140 3578 3212; baseline -0.003 -14"><span class='ocrx_word' id='word_1_517' title='bbox 2004 3141 2248 3204; x_wconf 79' lang='grc' dir='ltr'>ἀκάνθας</span> <span class='ocrx_word' id='word_1_518' title='bbox 2300 3143 2354 3194; x_wconf 81' lang='grc' dir='ltr'>ἐν</span> <span class='ocrx_word' id='word_1_519' title='bbox 2412 3142 2554 3212; x_wconf 71' lang='grc' dir='ltr'>χειρὶ</span> <span class='ocrx_word' id='word_1_520' title='bbox 2592 3140 2827 3210; x_wconf 80' lang='grc' dir='ltr'>φύεσθαι</span> <span class='ocrx_word' id='word_1_521' title='bbox 2873 3143 2938 3211; x_wconf 80' lang='grc' dir='ltr'><strong>τῇ</strong></span> <span class='ocrx_word' id='word_1_522' title='bbox 2993 3140 3088 3194; x_wconf 78' lang='grc' dir='ltr'>τοῦ</span> <span class='ocrx_word' id='word_1_523' title='bbox 3143 3141 3423 3210; x_wconf 76' lang='grc' dir='ltr'>μεθύσου,</span> <span class='ocrx_word' id='word_1_524' title='bbox 3480 3146 3578 3195; x_wconf 67' lang='grc' dir='ltr'>καὶ</span> 
     </span>
    </p>
   </div>
   <div class='ocr_carea' id='block_1_76' title="bbox 2007 3229 3578 3302">
    <p class='ocr_par' dir='ltr' id='par_1_76' title="bbox 2007 3229 3578 3302">
     <span class='ocr_line' id='line_1_76' title="bbox 2007 3229 3578 3302; baseline 0 -18"><span class='ocrx_word' id='word_1_525' title='bbox 2007 3233 2069 3284; x_wconf 81' lang='grc' dir='ltr'>τὸ</span> <span class='ocrx_word' id='word_1_526' title='bbox 2119 3233 2297 3300; x_wconf 82' lang='grc' dir='ltr'>γονεῖς</span> <span class='ocrx_word' id='word_1_527' title='bbox 2331 3230 2430 3302; x_wconf 78' lang='grc' dir='ltr'>μὲν</span> <span class='ocrx_word' id='word_1_528' title='bbox 2456 3229 2856 3297; x_wconf 84' lang='grc' dir='ltr'>ἀκανθοφαγεῖν</span> <span class='ocrx_word' id='word_1_529' title='bbox 2880 3269 2894 3293; x_wconf 88' lang='grc'><strong><em>.</em></strong></span> <span class='ocrx_word' id='word_1_530' title='bbox 2925 3231 3190 3299; x_wconf 82' lang='grc' dir='ltr'>αίμωδίαν</span> <span class='ocrx_word' id='word_1_531' title='bbox 3215 3232 3270 3286; x_wconf 80' lang='grc' dir='ltr'><strong>δὲ</strong></span> <span class='ocrx_word' id='word_1_532' title='bbox 3304 3235 3416 3295; x_wconf 87' lang='grc' dir='ltr'>τοῖς</span> <span class='ocrx_word' id='word_1_533' title='bbox 3447 3233 3578 3284; x_wconf 78' lang='grc' dir='ltr'>τέκ-</span> 
     </span>
    </p>
   </div>
   <div class='ocr_carea' id='block_1_77' title="bbox 2008 3321 3582 3393">
    <p class='ocr_par' dir='ltr' id='par_1_77' title="bbox 2008 3321 3582 3393">
     <span class='ocr_line' id='line_1_77' title="bbox 2008 3321 3582 3393; baseline -0.001 -15"><span class='ocrx_word' id='word_1_534' title='bbox 2008 3339 2122 3385; x_wconf 86' lang='grc' dir='ltr'>νοις</span> <span class='ocrx_word' id='word_1_535' title='bbox 2175 3321 2506 3393; x_wconf 76' lang='grc' dir='ltr'>ἐμφύεσθαι.</span> <span class='ocrx_word' id='word_1_536' title='bbox 2546 3321 2653 3374; x_wconf 80' lang='grc' dir='ltr'><strong>Ποῦ</strong></span> <span class='ocrx_word' id='word_1_537' title='bbox 2701 3321 2766 3392; x_wconf 79' lang='grc' dir='ltr'><strong>δὴ</strong></span> <span class='ocrx_word' id='word_1_538' title='bbox 2819 3321 2955 3376; x_wconf 82' lang='grc' dir='ltr'>ἀλλὰ</span> <span class='ocrx_word' id='word_1_539' title='bbox 3003 3323 3233 3378; x_wconf 80' lang='grc' dir='ltr'>τοιαῦτα</span> <span class='ocrx_word' id='word_1_540' title='bbox 3287 3324 3419 3390; x_wconf 83' lang='grc' dir='ltr'>γοῦν</span> <span class='ocrx_word' id='word_1_541' title='bbox 3455 3341 3582 3376; x_wconf 73' lang='grc' dir='ltr'>τινα</span> 
     </span>
    </p>
   </div>
   <div class='ocr_carea' id='block_1_78' title="bbox 2009 3412 3580 3488">
    <p class='ocr_par' dir='ltr' id='par_1_78' title="bbox 2009 3412 3580 3488">
     <span class='ocr_line' id='line_1_78' title="bbox 2009 3412 3580 3488; baseline -0.001 -21"><span class='ocrx_word' id='word_1_542' title='bbox 2009 3414 2349 3484; x_wconf 78' lang='grc' dir='ltr'>τολμήσαιμι</span> <span class='ocrx_word' id='word_1_543' title='bbox 2379 3412 2468 3474; x_wconf 81' lang='grc' dir='ltr'>ἂν,</span> <span class='ocrx_word' id='word_1_544' title='bbox 2521 3415 2567 3464; x_wconf 87' lang='grc' dir='ltr'>εἰ</span> <span class='ocrx_word' id='word_1_545' title='bbox 2597 3413 2662 3479; x_wconf 84' lang='grc' dir='ltr'>γέ</span> <span class='ocrx_word' id='word_1_546' title='bbox 2696 3430 2800 3465; x_wconf 90' lang='grc' dir='ltr'><strong>που</strong></span> <span class='ocrx_word' id='word_1_547' title='bbox 2863 3413 2958 3466; x_wconf 77' lang='grc' dir='ltr'>καὶ</span> <span class='ocrx_word' id='word_1_548' title='bbox 3001 3414 3380 3488; x_wconf 76' lang='grc' dir='ltr'>εὐπορήσαιμι</span> <span class='ocrx_word' id='word_1_549' title='bbox 3441 3416 3580 3484; x_wconf 77' lang='grc' dir='ltr'>πρὸς</span> 
     </span>
    </p>
   </div>
   <div class='ocr_carea' id='block_1_79' title="bbox 2009 3502 3580 3576">
    <p class='ocr_par' dir='ltr' id='par_1_79' title="bbox 2009 3502 3580 3576">
     <span class='ocr_line' id='line_1_79' title="bbox 2009 3502 3580 3576; baseline 0.001 -19"><span class='ocrx_word' id='word_1_550' title='bbox 2009 3505 2305 3573; x_wconf 77' lang='grc' dir='ltr'>γλύκασμα</span> <span class='ocrx_word' id='word_1_551' title='bbox 2339 3502 2700 3572; x_wconf 77' lang='grc' dir='ltr'>φθέγγεσθαι,</span> <span class='ocrx_word' id='word_1_552' title='bbox 2756 3503 2893 3557; x_wconf 80' lang='grc' dir='ltr'>ὅπου</span> <span class='ocrx_word' id='word_1_553' title='bbox 2927 3504 2988 3556; x_wconf 83' lang='grc' dir='ltr'>τὸ</span> <span class='ocrx_word' id='word_1_554' title='bbox 3022 3503 3117 3557; x_wconf 78' lang='grc' dir='ltr'>τοῦ</span> <span class='ocrx_word' id='word_1_555' title='bbox 3180 3506 3580 3576; x_wconf 76' lang='grc' dir='ltr'>μητροπολίτου</span> 
     </span>
    </p>
   </div>
   <div class='ocr_carea' id='block_1_80' title="bbox 2010 3595 3584 3668">
    <p class='ocr_par' dir='ltr' id='par_1_80' title="bbox 2010 3595 3584 3668">
     <span class='ocr_line' id='line_1_80' title="bbox 2010 3595 3584 3668; baseline -0.002 -16"><span class='ocrx_word' id='word_1_556' title='bbox 2010 3597 2314 3664; x_wconf 85' lang='grc' dir='ltr'>ἀστείευμα</span> <span class='ocrx_word' id='word_1_557' title='bbox 2351 3595 2500 3648; x_wconf 84' lang='grc' dir='ltr'>δοκεῖ</span> <span class='ocrx_word' id='word_1_558' title='bbox 2525 3597 2646 3657; x_wconf 88' lang='grc' dir='ltr'>ταῖς</span> <span class='ocrx_word' id='word_1_559' title='bbox 2679 3596 3053 3668; x_wconf 78' lang='grc' dir='ltr'>ὲσφαλμέναις</span> <span class='ocrx_word' id='word_1_560' title='bbox 3085 3597 3278 3659; x_wconf 84' lang='grc' dir='ltr'>ἀκοαῖς</span> <span class='ocrx_word' id='word_1_561' title='bbox 3309 3597 3471 3651; x_wconf 83' lang='grc' dir='ltr'>λαλιά</span> <span class='ocrx_word' id='word_1_562' title='bbox 3496 3615 3584 3661; x_wconf 87' lang='grc' dir='ltr'><strong>τις</strong></span> 
     </span>
    </p>
   </div>
   <div class='ocr_carea' id='block_1_81' title="bbox 2011 3681 3586 3761">
    <p class='ocr_par' dir='ltr' id='par_1_81' title="bbox 2011 3681 3586 3761">
     <span class='ocr_line' id='line_1_81' title="bbox 2011 3681 3586 3761; baseline 0.003 -23"><span class='ocrx_word' id='word_1_563' title='bbox 2011 3681 2149 3740; x_wconf 77' lang='grc' dir='ltr'>εἶναι</span> <span class='ocrx_word' id='word_1_564' title='bbox 2197 3686 2257 3739; x_wconf 87' lang='grc' dir='ltr'>οὐ</span> <span class='ocrx_word' id='word_1_565' title='bbox 2311 3685 2732 3758; x_wconf 76' lang='grc' dir='ltr'>διθυραμϐώδης</span> <span class='ocrx_word' id='word_1_566' title='bbox 2785 3690 2881 3741; x_wconf 76' lang='grc' dir='ltr'>καὶ</span> <span class='ocrx_word' id='word_1_567' title='bbox 2944 3689 3126 3761; x_wconf 81' lang='grc' dir='ltr'>ἀτηρά</span> <span class='ocrx_word' id='word_1_568' title='bbox 3186 3688 3322 3758; x_wconf 84' lang='grc' dir='ltr'>(είθε</span> <span class='ocrx_word' id='word_1_569' title='bbox 3353 3689 3462 3759; x_wconf 88' lang='grc' dir='ltr'><strong>γάρ</strong></span> <span class='ocrx_word' id='word_1_570' title='bbox 3515 3687 3586 3761; x_wconf 84' lang='grc' dir='ltr'>ἦν</span> 
     </span>
    </p>
   </div>
   <div class='ocr_carea' id='block_1_82' title="bbox 2014 3778 3586 3852">
    <p class='ocr_par' dir='ltr' id='par_1_82' title="bbox 2014 3778 3586 3852">
     <span class='ocr_line' id='line_1_82' title="bbox 2014 3778 3586 3852; baseline 0.003 -21"><span class='ocrx_word' id='word_1_571' title='bbox 2014 3778 2252 3848; x_wconf 75' lang='grc' dir='ltr'>τοῦτοί),</span> <span class='ocrx_word' id='word_1_572' title='bbox 2285 3778 2423 3832; x_wconf 85' lang='grc' dir='ltr'><strong>ἀλλά</strong></span> <span class='ocrx_word' id='word_1_573' title='bbox 2468 3778 2749 3847; x_wconf 80' lang='grc' dir='ltr'>παροίνιος</span> <span class='ocrx_word' id='word_1_574' title='bbox 2798 3779 2937 3834; x_wconf 87' lang='grc' dir='ltr'><strong>κατά</strong></span> <span class='ocrx_word' id='word_1_575' title='bbox 2983 3797 3047 3847; x_wconf 89' lang='grc' dir='ltr'><strong>γε</strong></span> <span class='ocrx_word' id='word_1_576' title='bbox 3097 3779 3165 3832; x_wconf 82' lang='grc' dir='ltr'><strong>τά</strong></span> <span class='ocrx_word' id='word_1_577' title='bbox 3216 3780 3586 3852; x_wconf 75' lang='grc' dir='ltr'>περιᾳδόμενα</span> 
     </span>
    </p>
   </div>
   <div class='ocr_carea' id='block_1_83' title="bbox 2015 3871 2232 3924">
    <p class='ocr_par' dir='ltr' id='par_1_83' title="bbox 2015 3871 2232 3924">
     <span class='ocr_line' id='line_1_83' title="bbox 2015 3871 2232 3924; baseline 0.005 -1"><span class='ocrx_word' id='word_1_578' title='bbox 2015 3871 2232 3924; x_wconf 86' lang='grc' dir='ltr'>σκόλια.</span> 
     </span>
    </p>
   </div>
   <div class='ocr_carea' id='block_1_84' title="bbox 2088 3961 3585 4034">
    <p class='ocr_par' dir='ltr' id='par_1_84' title="bbox 2088 3961 3585 4034">
     <span class='ocr_line' id='line_1_84' title="bbox 2088 3961 3585 4034; baseline 0.002 -20"><span class='ocrx_word' id='word_1_579' title='bbox 2088 3963 2196 4028; x_wconf 85' lang='grc' dir='ltr'>λς’.</span> <span class='ocrx_word' id='word_1_580' title='bbox 2241 3961 2704 4034; x_wconf 75' lang='grc' dir='ltr'>Ἐξομολογοῦμαι</span> <span class='ocrx_word' id='word_1_581' title='bbox 2738 3962 2886 4033; x_wconf 82' lang='grc' dir='ltr'>ὑμῖν,</span> <span class='ocrx_word' id='word_1_582' title='bbox 2910 3961 3154 4030; x_wconf 72' lang='grc' dir='ltr'>ἀδελφοὶ,</span> <span class='ocrx_word' id='word_1_583' title='bbox 3175 3963 3248 4026; x_wconf 78' lang='grc' dir='ltr'><strong>ὡς</strong></span> <span class='ocrx_word' id='word_1_584' title='bbox 3279 3961 3422 4017; x_wconf 77' lang='grc' dir='ltr'>οὕτω</span> <span class='ocrx_word' id='word_1_585' title='bbox 3457 3964 3585 4027; x_wconf 79' lang='grc' dir='ltr'>τοὺς</span> 
     </span>
    </p>
   </div>
   <div class='ocr_carea' id='block_1_85' title="bbox 2018 4048 3589 4126">
    <p class='ocr_par' dir='ltr' id='par_1_85' title="bbox 2018 4048 3589 4126">
     <span class='ocr_line' id='line_1_85' title="bbox 2018 4048 3589 4126; baseline 0.001 -20"><span class='ocrx_word' id='word_1_586' title='bbox 2018 4055 2186 4124; x_wconf 79' lang='grc' dir='ltr'>ἐμοὺς</span> <span class='ocrx_word' id='word_1_587' title='bbox 2214 4048 2406 4120; x_wconf 77' lang='grc' dir='ltr'>λόγους</span> <span class='ocrx_word' id='word_1_588' title='bbox 2442 4053 2613 4107; x_wconf 76' lang='grc' dir='ltr'>ἐθέλω</span> <span class='ocrx_word' id='word_1_589' title='bbox 2653 4054 3109 4124; x_wconf 84' lang='grc' dir='ltr'>στρογγύλεσθαι,</span> <span class='ocrx_word' id='word_1_590' title='bbox 3145 4056 3446 4126; x_wconf 86' lang='grc' dir='ltr'>παρηκόων</span> <span class='ocrx_word' id='word_1_591' title='bbox 3491 4058 3589 4109; x_wconf 84' lang='grc' dir='ltr'>ἀν-</span> 
     </span>
    </p>
   </div>
   <div class='ocr_carea' id='block_1_86' title="bbox 2016 4145 3589 4220">
    <p class='ocr_par' dir='ltr' id='par_1_86' title="bbox 2016 4145 3589 4220">
     <span class='ocr_line' id='line_1_86' title="bbox 2016 4145 3589 4220; baseline 0.001 -22"><span class='ocrx_word' id='word_1_592' title='bbox 2016 4145 2160 4214; x_wconf 81' lang='grc' dir='ltr'>δρῶν</span> <span class='ocrx_word' id='word_1_593' title='bbox 2187 4146 2577 4216; x_wconf 71' lang='grc' dir='ltr'>ἀκροωμένων,</span> <span class='ocrx_word' id='word_1_594' title='bbox 2615 4145 2688 4208; x_wconf 83' lang='grc' dir='ltr'><strong>ὡς</strong></span> <span class='ocrx_word' id='word_1_595' title='bbox 2715 4145 2822 4199; x_wconf 66' lang='grc' dir='ltr'><strong>οὐδ’</strong></span> <span class='ocrx_word' id='word_1_596' title='bbox 2858 4146 2922 4200; x_wconf 82' lang='grc' dir='ltr'>ἂν</span> <span class='ocrx_word' id='word_1_597' title='bbox 2951 4147 3113 4220; x_wconf 76' lang='grc' dir='ltr'>εἴπερ</span> <span class='ocrx_word' id='word_1_598' title='bbox 3147 4147 3459 4218; x_wconf 75' lang='grc' dir='ltr'>ἔμπροσθεν</span> <span class='ocrx_word' id='word_1_599' title='bbox 3488 4148 3589 4216; x_wconf 85' lang='grc' dir='ltr'>βα-</span> 
     </span>
    </p>
   </div>
   <div class='ocr_carea' id='block_1_87' title="bbox 2025 4221 3588 4306">
    <p class='ocr_par' dir='ltr' id='par_1_87' title="bbox 2025 4221 3588 4306">
     <span class='ocr_line' id='line_1_87' title="bbox 2025 4221 3588 4306; baseline 0.003 -21"><span class='ocrx_word' id='word_1_600' title='bbox 2025 4233 2217 4298; x_wconf 85' lang='grc' dir='ltr'>σιλέως</span> <span class='ocrx_word' id='word_1_601' title='bbox 2241 4235 2426 4288; x_wconf 84' lang='grc' dir='ltr'>ὲνθέου</span> <span class='ocrx_word' id='word_1_602' title='bbox 2458 4235 2637 4290; x_wconf 82' lang='grc' dir='ltr'>λαλῶν</span> <span class='ocrx_word' id='word_1_603' title='bbox 2673 4237 2806 4305; x_wconf 85' lang='grc' dir='ltr'>πρὸς</span> <span class='ocrx_word' id='word_1_604' title='bbox 2835 4237 3023 4305; x_wconf 87' lang='grc' dir='ltr'>χρείας</span> <span class='ocrx_word' id='word_1_605' title='bbox 3049 4232 3196 4306; x_wconf 80' lang='grc' dir='ltr'>εἶχον</span> <span class='ocrx_word' id='word_1_606' title='bbox 3228 4221 3588 4302; x_wconf 79' lang='grc' dir='ltr'>σκέπτεσθαι,</span> 
     </span>
    </p>
   </div>
   <div class='ocr_carea' id='block_1_88' title="bbox 2022 4325 3592 4400">
    <p class='ocr_par' dir='ltr' id='par_1_88' title="bbox 2022 4325 3592 4400">
     <span class='ocr_line' id='line_1_88' title="bbox 2022 4325 3592 4400; baseline 0.003 -21"><span class='ocrx_word' id='word_1_607' title='bbox 2022 4328 2116 4379; x_wconf 78' lang='grc' dir='ltr'>καὶ</span> <span class='ocrx_word' id='word_1_608' title='bbox 2158 4326 2233 4395; x_wconf 82' lang='grc' dir='ltr'>μὴ</span> <span class='ocrx_word' id='word_1_609' title='bbox 2265 4326 2445 4380; x_wconf 86' lang='grc' dir='ltr'>λαλεῖν</span> <span class='ocrx_word' id='word_1_610' title='bbox 2483 4328 2824 4398; x_wconf 80' lang='grc' dir='ltr'>ἀτημέλητα.</span> <span class='ocrx_word' id='word_1_611' title='bbox 2867 4329 2977 4382; x_wconf 79' lang='grc' dir='ltr'><strong>Καὶ</strong></span> <span class='ocrx_word' id='word_1_612' title='bbox 3028 4329 3135 4400; x_wconf 81' lang='grc' dir='ltr'>μὴν</span> <span class='ocrx_word' id='word_1_613' title='bbox 3181 4325 3302 4384; x_wconf 79' lang='grc' dir='ltr'>οἶδα</span> <span class='ocrx_word' id='word_1_614' title='bbox 3352 4329 3462 4398; x_wconf 78' lang='grc' dir='ltr'>ἐγὼ</span> <span class='ocrx_word' id='word_1_615' title='bbox 3491 4331 3592 4383; x_wconf 73' lang='grc' dir='ltr'>καὶ</span> 
     </span>
    </p>
   </div>
   <div class='ocr_carea' id='block_1_89' title="bbox 2022 4419 3590 4492">
    <p class='ocr_par' dir='ltr' id='par_1_89' title="bbox 2022 4419 3590 4492">
     <span class='ocr_line' id='line_1_89' title="bbox 2022 4419 3590 4492; baseline 0.002 -21"><span class='ocrx_word' id='word_1_616' title='bbox 2022 4420 2116 4472; x_wconf 74' lang='grc' dir='ltr'><strong>ἐπὶ</strong></span> <span class='ocrx_word' id='word_1_617' title='bbox 2151 4419 2251 4487; x_wconf 79' lang='grc' dir='ltr'>τῆς</span> <span class='ocrx_word' id='word_1_618' title='bbox 2292 4419 2463 4474; x_wconf 84' lang='grc' dir='ltr'>πάλαι</span> <span class='ocrx_word' id='word_1_619' title='bbox 2499 4422 2592 4471; x_wconf 72' lang='grc' dir='ltr'>καὶ</span> <span class='ocrx_word' id='word_1_620' title='bbox 2631 4420 2729 4488; x_wconf 84' lang='grc' dir='ltr'>τῆς</span> <span class='ocrx_word' id='word_1_621' title='bbox 2767 4419 2863 4474; x_wconf 78' lang='grc' dir='ltr'>νῦν</span> <span class='ocrx_word' id='word_1_622' title='bbox 2892 4420 3372 4492; x_wconf 62' lang='grc' dir='ltr'>ἀγίαςβασιλείας</span> <span class='ocrx_word' id='word_1_623' title='bbox 3415 4421 3590 4486; x_wconf 76' lang='grc' dir='ltr'>οὕτως</span> 
     </span>
    </p>
   </div>
   <div class='ocr_carea' id='block_1_90' title="bbox 351 4497 1902 4588">
    <p class='ocr_par' dir='ltr' id='par_1_90' title="bbox 351 4497 1902 4573">
     <span class='ocr_line' id='line_1_90' title="bbox 351 4497 1902 4573; baseline -0.008 -12"><span class='ocrx_word' id='word_1_624' title='bbox 351 4517 560 4573; x_wconf 89' lang='lat' dir='ltr'><strong>cntum,</strong></span> <span class='ocrx_word' id='word_1_625' title='bbox 591 4515 648 4558; x_wconf 93' lang='lat' dir='ltr'><strong>ut</strong></span> <span class='ocrx_word' id='word_1_626' title='bbox 689 4503 976 4557; x_wconf 87' lang='lat' dir='ltr'><strong>audientes</strong></span> <span class='ocrx_word' id='word_1_627' title='bbox 1019 4513 1439 4562; x_wconf 78' lang='lat' dir='ltr'><strong>cornmoverem,</strong></span> <span class='ocrx_word' id='word_1_628' title='bbox 1475 4509 1529 4550; x_wconf 89' lang='lat' dir='ltr'><strong>et</strong></span> <span class='ocrx_word' id='word_1_629' title='bbox 1573 4497 1702 4550; x_wconf 90' lang='lat' dir='ltr'><strong>mihi</strong></span> <span class='ocrx_word' id='word_1_630' title='bbox 1735 4497 1902 4550; x_wconf 71' lang='lat' dir='ltr'><strong>couci«</strong></span> 
     </span>
    </p>
   </div>
   <div class='ocr_carea' id='block_1_91' title="bbox 2007 4497 3591 4588">
    <p class='ocr_par' dir='ltr' id='par_1_91' title="bbox 2023 4508 3591 4582">
     <span class='ocr_line' id='line_1_91' title="bbox 2023 4508 3591 4582; baseline 0.001 -20"><span class='ocrx_word' id='word_1_631' title='bbox 2023 4511 2080 4562; x_wconf 83' lang='grc' dir='ltr'>ὲν</span> <span class='ocrx_word' id='word_1_632' title='bbox 2108 4508 2269 4580; x_wconf 84' lang='grc' dir='ltr'>βαρεῖ</span> <span class='ocrx_word' id='word_1_633' title='bbox 2297 4509 2538 4580; x_wconf 72' lang='grc' dir='ltr'>συλλόγῳ</span> <span class='ocrx_word' id='word_1_634' title='bbox 2565 4508 2933 4580; x_wconf 81' lang='grc' dir='ltr'>λαλήσας,.ὡς</span> <span class='ocrx_word' id='word_1_635' title='bbox 2961 4512 3172 4580; x_wconf 83' lang='grc' dir='ltr'>διαχέαι</span> <span class='ocrx_word' id='word_1_636' title='bbox 3197 4513 3324 4574; x_wconf 79' lang='grc' dir='ltr'>τοὺς</span> <span class='ocrx_word' id='word_1_637' title='bbox 3371 4514 3591 4582; x_wconf 84' lang='grc' dir='ltr'>ἀκροω-</span> 
     </span>
    </p>
   </div>
   <div class='ocr_carea' id='block_1_92' title="bbox 347 4588 1912 4658">
    <p class='ocr_par' dir='ltr' id='par_1_92' title="bbox 347 4588 1912 4658">
     <span class='ocr_line' id='line_1_92' title="bbox 347 4588 1912 4658; baseline -0.009 -4"><span class='ocrx_word' id='word_1_638' title='bbox 347 4601 557 4654; x_wconf 82' lang='lat' dir='ltr'><strong>liarem.</strong></span> <span class='ocrx_word' id='word_1_639' title='bbox 590 4596 696 4652; x_wconf 85' lang='lat' dir='ltr'><strong>Sed</strong></span> <span class='ocrx_word' id='word_1_640' title='bbox 737 4610 856 4650; x_wconf 89' lang='lat' dir='ltr'><strong>cum</strong></span> <span class='ocrx_word' id='word_1_641' title='bbox 899 4594 985 4646; x_wconf 90' lang='lat' dir='ltr'><strong>his</strong></span> <span class='ocrx_word' id='word_1_642' title='bbox 1026 4591 1229 4645; x_wconf 90' lang='lat' dir='ltr'><strong>nostris</strong></span> <span class='ocrx_word' id='word_1_643' title='bbox 1281 4589 1567 4645; x_wconf 75' lang='lat' dir='ltr'><strong>sulisurdis</strong></span> <span class='ocrx_word' id='word_1_644' title='bbox 1606 4588 1737 4658; x_wconf 90' lang='lat' dir='ltr'><strong>(non</strong></span> <span class='ocrx_word' id='word_1_645' title='bbox 1769 4589 1912 4642; x_wconf 87' lang='lat' dir='ltr'><strong>enim</strong></span> 
     </span>
    </p>
   </div>
   <div class='ocr_carea' id='block_1_93' title="bbox 347 4680 1914 4754">
    <p class='ocr_par' dir='ltr' id='par_1_93' title="bbox 347 4680 1914 4754">
     <span class='ocr_line' id='line_1_93' title="bbox 347 4680 1914 4754; baseline -0.008 -10"><span class='ocrx_word' id='word_1_646' title='bbox 347 4691 474 4745; x_wconf 82' lang='lat' dir='ltr'><strong>volo</strong></span> <span class='ocrx_word' id='word_1_647' title='bbox 506 4690 690 4743; x_wconf 86' lang='lat' dir='ltr'><strong>dicere</strong></span> <span class='ocrx_word' id='word_1_648' title='bbox 727 4684 989 4754; x_wconf 86' lang='lat' dir='ltr'><strong>subdolis)</strong></span> <span class='ocrx_word' id='word_1_649' title='bbox 1044 4683 1174 4736; x_wconf 88' lang='lat' dir='ltr'><strong>nihil</strong></span> <span class='ocrx_word' id='word_1_650' title='bbox 1215 4683 1317 4736; x_wconf 87' lang='lat' dir='ltr'><strong>tale</strong></span> <span class='ocrx_word' id='word_1_651' title='bbox 1345 4683 1647 4751; x_wconf 77' lang='lat' dir='ltr'><strong>contingit;</strong></span> <span class='ocrx_word' id='word_1_652' title='bbox 1681 4682 1772 4734; x_wconf 90' lang='lat' dir='ltr'><strong>sed</strong></span> <span class='ocrx_word' id='word_1_653' title='bbox 1813 4680 1914 4732; x_wconf 87' lang='lat' dir='ltr'><strong>cir-</strong></span> 
     </span>
    </p>
   </div>
   <div class='ocr_carea' id='block_1_94' title="bbox 349 4768 1918 4836">
    <p class='ocr_par' dir='ltr' id='par_1_94' title="bbox 349 4768 1918 4836">
     <span class='ocr_line' id='line_1_94' title="bbox 349 4768 1918 4836; baseline -0.009 -2"><span class='ocrx_word' id='word_1_654' title='bbox 349 4788 624 4834; x_wconf 85' lang='lat' dir='ltr'><strong>cumstant</strong></span> <span class='ocrx_word' id='word_1_655' title='bbox 656 4777 841 4830; x_wconf 91' lang='lat' dir='ltr'><strong>dolose</strong></span> <span class='ocrx_word' id='word_1_656' title='bbox 886 4773 1243 4834; x_wconf 84' lang='lat' dir='ltr'><strong>meditantes,</strong></span> <span class='ocrx_word' id='word_1_657' title='bbox 1281 4773 1326 4824; x_wconf 87' lang='lat' dir='ltr'><strong>si</strong></span> <span class='ocrx_word' id='word_1_658' title='bbox 1362 4769 1500 4824; x_wconf 77' lang='lat' dir='ltr'><strong>forte</strong></span> <span class='ocrx_word' id='word_1_659' title='bbox 1544 4783 1643 4824; x_wconf 91' lang='lat' dir='ltr'><strong>nos</strong></span> <span class='ocrx_word' id='word_1_660' title='bbox 1671 4768 1918 4836; x_wconf 86' lang='lat' dir='ltr'><strong>decipere</strong></span> 
     </span>
    </p>
   </div>
   <div class='ocr_carea' id='block_1_95' title="bbox 352 4861 1919 4941">
    <p class='ocr_par' dir='ltr' id='par_1_95' title="bbox 352 4861 1919 4941">
     <span class='ocr_line' id='line_1_95' title="bbox 352 4861 1919 4941; baseline -0.007 -17"><span class='ocrx_word' id='word_1_661' title='bbox 352 4872 600 4941; x_wconf 80' lang='lat' dir='ltr'><strong>possint,</strong></span> <span class='ocrx_word' id='word_1_662' title='bbox 639 4867 917 4937; x_wconf 83' lang='lat' dir='ltr'><strong>ignobilia,</strong></span> <span class='ocrx_word' id='word_1_663' title='bbox 954 4868 1096 4920; x_wconf 88' lang='lat' dir='ltr'><strong>sicut</strong></span> <span class='ocrx_word' id='word_1_664' title='bbox 1125 4863 1342 4929; x_wconf 87' lang='lat' dir='ltr'><strong>dicitur,</strong></span> <span class='ocrx_word' id='word_1_665' title='bbox 1381 4863 1661 4932; x_wconf 78' lang='lat' dir='ltr'><strong>phalangia</strong></span> <span class='ocrx_word' id='word_1_666' title='bbox 1707 4861 1919 4914; x_wconf 76' lang='lat' dir='ltr'><strong>misera:</strong></span> 
     </span>
    </p>
   </div>
   <div class='ocr_carea' id='block_1_96' title="bbox 352 4956 1918 5025">
    <p class='ocr_par' dir='ltr' id='par_1_96' title="bbox 352 4956 1918 5025">
     <span class='ocr_line' id='line_1_96' title="bbox 352 4956 1918 5025; baseline -0.008 -9"><span class='ocrx_word' id='word_1_667' title='bbox 352 4961 667 5017; x_wconf 76' lang='lat' dir='ltr'><strong>insidiantis</strong></span> <span class='ocrx_word' id='word_1_668' title='bbox 716 4959 997 5025; x_wconf 81' lang='lat' dir='ltr'><strong>musculae,</strong></span> <span class='ocrx_word' id='word_1_669' title='bbox 1072 4958 1117 5010; x_wconf 91' lang='lat' dir='ltr'><strong>si</strong></span> <span class='ocrx_word' id='word_1_670' title='bbox 1189 4956 1328 5009; x_wconf 75' lang='lat' dir='ltr'><strong>forte</strong></span> <span class='ocrx_word' id='word_1_671' title='bbox 1390 4956 1918 5022; x_wconf 81' lang='lat' dir='ltr'><strong>appropinquantem</strong></span> 
     </span>
    </p>
   </div>
   <div class='ocr_carea' id='block_1_97' title="bbox 353 5043 1923 5120">
    <p class='ocr_par' dir='ltr' id='par_1_97' title="bbox 353 5043 1923 5120">
     <span class='ocr_line' id='line_1_97' title="bbox 353 5043 1923 5120; baseline -0.007 -15"><span class='ocrx_word' id='word_1_672' title='bbox 353 5051 678 5120; x_wconf 87' lang='lat' dir='ltr'><strong>corripiant.</strong></span> <span class='ocrx_word' id='word_1_673' title='bbox 714 5050 854 5117; x_wconf 82' lang='lat' dir='ltr'><strong>Quid</strong></span> <span class='ocrx_word' id='word_1_674' title='bbox 889 5047 1129 5112; x_wconf 88' lang='lat' dir='ltr'><strong>tandem,</strong></span> <span class='ocrx_word' id='word_1_675' title='bbox 1169 5063 1201 5099; x_wconf 88' lang='grc' dir='ltr'><strong>ο</strong></span> <span class='ocrx_word' id='word_1_676' title='bbox 1230 5045 1503 5113; x_wconf 84' lang='lat' dir='ltr'><strong>sapientes</strong></span> <span class='ocrx_word' id='word_1_677' title='bbox 1543 5043 1815 5096; x_wconf 87' lang='lat' dir='ltr'><strong>auditores</strong></span> <span class='ocrx_word' id='word_1_678' title='bbox 1867 5051 1923 5094; x_wconf 88' lang='lat' dir='ltr'><strong>ct</strong></span> 
     </span>
    </p>
   </div>
   <div class='ocr_carea' id='block_1_98' title="bbox 357 5136 1923 5214">
    <p class='ocr_par' dir='ltr' id='par_1_98' title="bbox 357 5136 1923 5214">
     <span class='ocr_line' id='line_1_98' title="bbox 357 5136 1923 5214; baseline -0.008 -16"><span class='ocrx_word' id='word_1_679' title='bbox 357 5154 722 5214; x_wconf 86' lang='lat' dir='ltr'><strong>spectatores,</strong></span> <span class='ocrx_word' id='word_1_680' title='bbox 785 5140 1220 5210; x_wconf 83' lang='lat' dir='ltr'><strong>reprehenditis,</strong></span> <span class='ocrx_word' id='word_1_681' title='bbox 1271 5138 1483 5206; x_wconf 87' lang='lat' dir='ltr'><strong>quando</strong></span> <span class='ocrx_word' id='word_1_682' title='bbox 1539 5136 1618 5188; x_wconf 90' lang='lat' dir='ltr'><strong>vir</strong></span> <span class='ocrx_word' id='word_1_683' title='bbox 1663 5150 1824 5188; x_wconf 84' lang='lat' dir='ltr'><strong>senex</strong></span> <span class='ocrx_word' id='word_1_684' title='bbox 1869 5141 1923 5188; x_wconf 88' lang='lat' dir='ltr'><strong>et</strong></span> 
     </span>
    </p>
   </div>
   <div class='ocr_carea' id='block_1_99' title="bbox 359 5225 1921 5303">
    <p class='ocr_par' dir='ltr' id='par_1_99' title="bbox 359 5225 1921 5303">
     <span class='ocr_line' id='line_1_99' title="bbox 359 5225 1921 5303; baseline -0.008 -12"><span class='ocrx_word' id='word_1_685' title='bbox 359 5251 469 5291; x_wconf 89' lang='lat' dir='ltr'><strong>non</strong></span> <span class='ocrx_word' id='word_1_686' title='bbox 506 5236 729 5292; x_wconf 89' lang='lat' dir='ltr'><strong>oumino</strong></span> <span class='ocrx_word' id='word_1_687' title='bbox 759 5233 944 5303; x_wconf 84' lang='lat' dir='ltr'><strong>procul</strong></span> <span class='ocrx_word' id='word_1_688' title='bbox 985 5248 1012 5284; x_wconf 88' lang='lat' dir='ltr'><strong>a</strong></span> <span class='ocrx_word' id='word_1_689' title='bbox 1056 5231 1266 5284; x_wconf 85' lang='lat' dir='ltr'><strong>ratione</strong></span> <span class='ocrx_word' id='word_1_690' title='bbox 1301 5230 1495 5293; x_wconf 82' lang='lat' dir='ltr'><strong>lactus,</strong></span> <span class='ocrx_word' id='word_1_691' title='bbox 1523 5225 1769 5282; x_wconf 90' lang='lat' dir='ltr'><strong>heroicas</strong></span> <span class='ocrx_word' id='word_1_692' title='bbox 1799 5240 1921 5294; x_wconf 90' lang='lat' dir='ltr'><strong>per-</strong></span> 
     </span>
    </p>
   </div>
   <div class='ocr_carea' id='block_1_100' title="bbox 358 5322 1916 5393">
    <p class='ocr_par' dir='ltr' id='par_1_100' title="bbox 358 5322 1916 5393">
     <span class='ocr_line' id='line_1_100' title="bbox 358 5322 1916 5393; baseline -0.006 -9"><span class='ocrx_word' id='word_1_693' title='bbox 358 5343 524 5384; x_wconf 84' lang='lat' dir='ltr'><strong>sonas</strong></span> <span class='ocrx_word' id='word_1_694' title='bbox 579 5329 630 5380; x_wconf 91' lang='lat' dir='ltr'><strong>in</strong></span> <span class='ocrx_word' id='word_1_695' title='bbox 695 5327 903 5379; x_wconf 83' lang='lat' dir='ltr'><strong>theatro</strong></span> <span class='ocrx_word' id='word_1_696' title='bbox 957 5326 1280 5393; x_wconf 86' lang='lat' dir='ltr'><strong>prodeuntes</strong></span> <span class='ocrx_word' id='word_1_697' title='bbox 1334 5336 1583 5388; x_wconf 87' lang='lat' dir='ltr'><strong>cernens,</strong></span> <span class='ocrx_word' id='word_1_698' title='bbox 1641 5322 1916 5375; x_wconf 86' lang='lat' dir='ltr'><strong>Priamum</strong></span> 
     </span>
    </p>
   </div>
   <div class='ocr_carea' id='block_1_101' title="bbox 366 5415 1918 5488">
    <p class='ocr_par' dir='ltr' id='par_1_101' title="bbox 366 5415 1918 5488">
     <span class='ocr_line' id='line_1_101' title="bbox 366 5415 1918 5488; baseline -0.005 -15"><span class='ocrx_word' id='word_1_699' title='bbox 366 5431 497 5488; x_wconf 90' lang='lat' dir='ltr'><strong>puta</strong></span> <span class='ocrx_word' id='word_1_700' title='bbox 562 5435 780 5482; x_wconf 80' lang='lat' dir='ltr'><strong>senem,</strong></span> <span class='ocrx_word' id='word_1_701' title='bbox 824 5427 876 5471; x_wconf 88' lang='lat' dir='ltr'><strong>et</strong></span> <span class='ocrx_word' id='word_1_702' title='bbox 919 5417 1170 5480; x_wconf 78' lang='lat' dir='ltr'><strong>Atridas,</strong></span> <span class='ocrx_word' id='word_1_703' title='bbox 1220 5415 1561 5468; x_wconf 78' lang='lat' dir='ltr'><strong>adversarios</strong></span> <span class='ocrx_word' id='word_1_704' title='bbox 1610 5415 1697 5468; x_wconf 90' lang='lat' dir='ltr'><strong>isti</strong></span> <span class='ocrx_word' id='word_1_705' title='bbox 1745 5428 1918 5484; x_wconf 75' lang='lat' dir='ltr'><strong>reges,</strong></span> 
     </span>
    </p>
   </div>
   <div class='ocr_carea' id='block_1_102' title="bbox 360 5505 1921 5578">
    <p class='ocr_par' dir='ltr' id='par_1_102' title="bbox 360 5505 1921 5578">
     <span class='ocr_line' id='line_1_102' title="bbox 360 5505 1921 5578; baseline -0.003 -14"><span class='ocrx_word' id='word_1_706' title='bbox 360 5521 415 5564; x_wconf 84' lang='lat' dir='ltr'><strong>et</strong></span> <span class='ocrx_word' id='word_1_707' title='bbox 444 5511 706 5566; x_wconf 76' lang='lat' dir='ltr'><strong>latrinsum</strong></span> <span class='ocrx_word' id='word_1_708' title='bbox 731 5511 978 5578; x_wconf 76' lang='lat' dir='ltr'><strong>Ulyssem</strong></span> <span class='ocrx_word' id='word_1_709' title='bbox 1001 5547 1016 5574; x_wconf 92' lang='lat'><strong>,</strong></span> <span class='ocrx_word' id='word_1_710' title='bbox 1072 5521 1125 5561; x_wconf 89' lang='lat' dir='ltr'><strong>et</strong></span> <span class='ocrx_word' id='word_1_711' title='bbox 1179 5508 1400 5560; x_wconf 87' lang='lat' dir='ltr'><strong>alterum</strong></span> <span class='ocrx_word' id='word_1_712' title='bbox 1443 5505 1652 5574; x_wconf 66' lang='lat' dir='ltr'><strong>Ajacem</strong></span> <span class='ocrx_word' id='word_1_713' title='bbox 1683 5509 1921 5569; x_wconf 88' lang='lat' dir='ltr'><strong>nomine,</strong></span> 
     </span>
    </p>
   </div>
   <div class='ocr_carea' id='block_1_103' title="bbox 433 5704 1864 5769">
    <p class='ocr_par' dir='ltr' id='par_1_103' title="bbox 433 5704 1864 5769">
     <span class='ocr_line' id='line_1_103' title="bbox 433 5704 1864 5769; baseline 0.001 -11"><span class='ocrx_word' id='word_1_714' title='bbox 433 5709 454 5738; x_wconf 84' lang='grc'><strong><em>³</em></strong></span> <span class='ocrx_word' id='word_1_715' title='bbox 487 5709 650 5760; x_wconf 75' lang='lat' dir='ltr'><strong>Eccli.</strong></span> <span class='ocrx_word' id='word_1_716' title='bbox 683 5724 733 5769; x_wconf 76' lang='grc' dir='ltr'><strong>ι,</strong></span> <span class='ocrx_word' id='word_1_717' title='bbox 767 5707 854 5761; x_wconf 80' lang='lat' dir='ltr'><strong>l6.</strong></span> <span class='ocrx_word' id='word_1_718' title='bbox 931 5710 951 5739; x_wconf 71' lang='grc'><strong>⁸</strong></span> <span class='ocrx_word' id='word_1_719' title='bbox 987 5708 1128 5759; x_wconf 76' lang='lat' dir='ltr'><strong>l‘sal.</strong></span> <span class='ocrx_word' id='word_1_720' title='bbox 1161 5721 1362 5766; x_wconf 49' lang='lat' dir='ltr'><strong>cum”,</strong></span> <span class='ocrx_word' id='word_1_721' title='bbox 1393 5705 1471 5757; x_wconf 88' lang='lat' dir='ltr'><strong>I7.</strong></span> <span class='ocrx_word' id='word_1_722' title='bbox 1552 5706 1570 5735; x_wconf 82' lang='grc'>⁸</span> <span class='ocrx_word' id='word_1_723' title='bbox 1615 5706 1741 5756; x_wconf 81' lang='lat' dir='ltr'><strong>ibid.</strong></span> <span class='ocrx_word' id='word_1_724' title='bbox 1783 5704 1864 5760; x_wconf 79' lang='grc'><strong>16.</strong></span> 
     </span>
    </p>
   </div>
   <div class='ocr_carea' id='block_1_104' title="bbox 367 5777 762 5840">
    <p class='ocr_par' dir='ltr' id='par_1_104' title="bbox 367 5777 762 5840">
     <span class='ocr_line' id='line_1_104' title="bbox 367 5777 762 5840; baseline 0.003 -10"><span class='ocrx_word' id='word_1_725' title='bbox 367 5777 387 5807; x_wconf 84' lang='grc'><strong><em>³</em></strong></span> <span class='ocrx_word' id='word_1_726' title='bbox 418 5779 550 5830; x_wconf 78' lang='lat' dir='ltr'><strong>Dan.</strong></span> <span class='ocrx_word' id='word_1_727' title='bbox 583 5791 680 5840; x_wconf 71' lang='lat' dir='ltr'><strong>HI,</strong></span> <span class='ocrx_word' id='word_1_728' title='bbox 711 5781 762 5831; x_wconf 75' lang='lat'><strong>5.</strong></span> 
     </span>
    </p>
   </div>
   <div class='ocr_carea' id='block_1_105' title="bbox 1947 5708 2526 5772">
    <p class='ocr_par' dir='ltr' id='par_1_105' title="bbox 1947 5708 2526 5772">
     <span class='ocr_line' id='line_1_105' title="bbox 1947 5708 2526 5772; baseline 0.003 -12"><span class='ocrx_word' id='word_1_729' title='bbox 1947 5709 1966 5737; x_wconf 84' lang='grc'><strong><em>⁶</em></strong></span> <span class='ocrx_word' id='word_1_730' title='bbox 2000 5708 2138 5762; x_wconf 76' lang='lat' dir='ltr'><strong>[‘SaI.</strong></span> <span class='ocrx_word' id='word_1_731' title='bbox 2175 5724 2371 5772; x_wconf 70' lang='lat' dir='ltr'><strong>cxvttt,</strong></span> <span class='ocrx_word' id='word_1_732' title='bbox 2406 5708 2526 5762; x_wconf 72' lang='grc' dir='ltr'>ιοδ.</span> 
     </span>
    </p>
   </div>
   <div class='ocr_carea' id='block_1_106' title="bbox 845 5776 2019 5840">
    <p class='ocr_par' dir='ltr' id='par_1_106' title="bbox 845 5776 2019 5840">
     <span class='ocr_line' id='line_1_106' title="bbox 845 5776 2019 5840; baseline 0 -10"><span class='ocrx_word' id='word_1_733' title='bbox 845 5782 862 5809; x_wconf 81' lang='grc'><strong><em>⁸</em></strong></span> <span class='ocrx_word' id='word_1_734' title='bbox 896 5780 998 5830; x_wconf 79' lang='lat' dir='ltr'><strong>lsa.</strong></span> <span class='ocrx_word' id='word_1_735' title='bbox 1036 5794 1218 5836; x_wconf 68' lang='lat' dir='ltr'><strong>nuit,</strong></span> <span class='ocrx_word' id='word_1_736' title='bbox 1269 5782 1430 5840; x_wconf 70' lang='lat' dir='ltr'><strong>lsrq.</strong></span> <span class='ocrx_word' id='word_1_737' title='bbox 1509 5777 1551 5806; x_wconf 75' lang='lat'><strong>‘°</strong></span> <span class='ocrx_word' id='word_1_738' title='bbox 1579 5776 1741 5828; x_wconf 64' lang='lat' dir='ltr'><strong>Ett&#39;ll.</strong></span> <span class='ocrx_word' id='word_1_739' title='bbox 1776 5793 1899 5840; x_wconf 68' lang='lat' dir='ltr'><strong>an,</strong></span> <span class='ocrx_word' id='word_1_740' title='bbox 1940 5780 2019 5832; x_wconf 66' lang='lat'><strong>10.</strong></span> 
     </span>
    </p>
   </div>
   <div class='ocr_carea' id='block_1_107' title="bbox 2029 4599 3591 4671">
    <p class='ocr_par' dir='ltr' id='par_1_107' title="bbox 2029 4599 3591 4671">
     <span class='ocr_line' id='line_1_107' title="bbox 2029 4599 3591 4671; baseline 0.003 -20"><span class='ocrx_word' id='word_1_741' title='bbox 2029 4599 2246 4671; x_wconf 82' lang='grc' dir='ltr'>μένους,</span> <span class='ocrx_word' id='word_1_742' title='bbox 2277 4601 2372 4651; x_wconf 72' lang='grc' dir='ltr'>καὶ</span> <span class='ocrx_word' id='word_1_743' title='bbox 2423 4601 2502 4662; x_wconf 86' lang='grc' dir='ltr'><strong>είς</strong></span> <span class='ocrx_word' id='word_1_744' title='bbox 2554 4600 2793 4669; x_wconf 73' lang='grc' dir='ltr'>ἐμαυτὸν</span> <span class='ocrx_word' id='word_1_745' title='bbox 2849 4602 3289 4656; x_wconf 69' lang='grc' dir='ltr'>ἐπισπάσασθαι.</span> <span class='ocrx_word' id='word_1_746' title='bbox 3334 4603 3475 4656; x_wconf 84' lang='grc' dir='ltr'>Ἀλλ’</span> <span class='ocrx_word' id='word_1_747' title='bbox 3534 4607 3591 4655; x_wconf 80' lang='grc' dir='ltr'>ἐν</span> 
     </span>
    </p>
   </div>
   <div class='ocr_carea' id='block_1_108' title="bbox 2023 4689 3592 4764">
    <p class='ocr_par' dir='ltr' id='par_1_108' title="bbox 2023 4689 3592 4764">
     <span class='ocr_line' id='line_1_108' title="bbox 2023 4689 3592 4764; baseline 0.001 -22"><span class='ocrx_word' id='word_1_748' title='bbox 2023 4692 2133 4753; x_wconf 87' lang='grc' dir='ltr'>τοῖς</span> <span class='ocrx_word' id='word_1_749' title='bbox 2154 4689 2276 4743; x_wconf 84' lang='grc' dir='ltr'>καθ’</span> <span class='ocrx_word' id='word_1_750' title='bbox 2307 4692 2456 4760; x_wconf 76' lang='grc' dir='ltr'>ἡμᾶς</span> <span class='ocrx_word' id='word_1_751' title='bbox 2487 4692 2695 4754; x_wconf 64' lang='grc' dir='ltr'>τούτοις</span> <span class='ocrx_word' id='word_1_752' title='bbox 2725 4691 3039 4762; x_wconf 82' lang='grc' dir='ltr'>ὑποκώφοις</span> <span class='ocrx_word' id='word_1_753' title='bbox 3069 4693 3236 4764; x_wconf 75' lang='grc' dir='ltr'>(ὀκνῶ</span> <span class='ocrx_word' id='word_1_754' title='bbox 3275 4695 3384 4762; x_wconf 83' lang='grc' dir='ltr'><strong>γάρ</strong></span> <span class='ocrx_word' id='word_1_755' title='bbox 3415 4695 3592 4746; x_wconf 80' lang='grc' dir='ltr'>εἰπεῖν</span> 
     </span>
    </p>
   </div>
   <div class='ocr_carea' id='block_1_109' title="bbox 2024 4780 3590 4856">
    <p class='ocr_par' dir='ltr' id='par_1_109' title="bbox 2024 4780 3590 4856">
     <span class='ocr_line' id='line_1_109' title="bbox 2024 4780 3590 4856; baseline 0.003 -24"><span class='ocrx_word' id='word_1_756' title='bbox 2024 4780 2331 4851; x_wconf 80' lang='grc' dir='ltr'>ὐποξὺλοις)</span> <span class='ocrx_word' id='word_1_757' title='bbox 2361 4782 2460 4833; x_wconf 78' lang='grc' dir='ltr'>οὐκ</span> <span class='ocrx_word' id='word_1_758' title='bbox 2483 4781 2598 4834; x_wconf 77' lang='grc' dir='ltr'>ἔστι</span> <span class='ocrx_word' id='word_1_759' title='bbox 2623 4783 2862 4837; x_wconf 78' lang='grc' dir='ltr'>τοιοῦτον</span> <span class='ocrx_word' id='word_1_760' title='bbox 2883 4785 3037 4838; x_wconf 77' lang='grc' dir='ltr'>οὐδέν</span> <span class='ocrx_word' id='word_1_761' title='bbox 3063 4801 3075 4815; x_wconf 90' lang='grc'><strong>·</strong></span> <span class='ocrx_word' id='word_1_762' title='bbox 3106 4786 3242 4839; x_wconf 81' lang='grc' dir='ltr'>ἀλλὰ</span> <span class='ocrx_word' id='word_1_763' title='bbox 3271 4787 3590 4856; x_wconf 65' lang='grc' dir='ltr'>περιίστα-ιο</span> 
     </span>
    </p>
   </div>
   <div class='ocr_carea' id='block_1_110' title="bbox 2023 4871 3590 4946">
    <p class='ocr_par' dir='ltr' id='par_1_110' title="bbox 2023 4871 3590 4946">
     <span class='ocr_line' id='line_1_110' title="bbox 2023 4871 3590 4946; baseline 0.004 -22"><span class='ocrx_word' id='word_1_764' title='bbox 2023 4890 2111 4924; x_wconf 85' lang='grc' dir='ltr'><strong>ται</strong></span> <span class='ocrx_word' id='word_1_765' title='bbox 2151 4871 2489 4941; x_wconf 77' lang='grc' dir='ltr'>μελετῶντες</span> <span class='ocrx_word' id='word_1_766' title='bbox 2523 4875 2732 4944; x_wconf 67' lang='grc' dir='ltr'>ἡρέμα,</span> <span class='ocrx_word' id='word_1_767' title='bbox 2765 4874 2816 4928; x_wconf 86' lang='grc' dir='ltr'><strong>τί</strong></span> <span class='ocrx_word' id='word_1_768' title='bbox 2853 4877 2971 4928; x_wconf 82' lang='grc' dir='ltr'>ποτ’</span> <span class='ocrx_word' id='word_1_769' title='bbox 2999 4877 3064 4928; x_wconf 86' lang='grc' dir='ltr'>ἂν</span> <span class='ocrx_word' id='word_1_770' title='bbox 3111 4878 3268 4946; x_wconf 78' lang='grc' dir='ltr'>ἡμῶν</span> <span class='ocrx_word' id='word_1_771' title='bbox 3320 4878 3590 4940; x_wconf 73' lang='grc' dir='ltr'>λάϐοιντο,</span> 
     </span>
    </p>
   </div>
   <div class='ocr_carea' id='block_1_111' title="bbox 2026 4963 3591 5040">
    <p class='ocr_par' dir='ltr' id='par_1_111' title="bbox 2026 4963 3591 5040">
     <span class='ocr_line' id='line_1_111' title="bbox 2026 4963 3591 5040; baseline 0.004 -24"><span class='ocrx_word' id='word_1_772' title='bbox 2026 4963 2252 5032; x_wconf 78' lang='grc' dir='ltr'>ἀγεννῆ,</span> <span class='ocrx_word' id='word_1_773' title='bbox 2283 4965 2310 5016; x_wconf 86' lang='grc' dir='ltr'><strong>ὅ</strong></span> <span class='ocrx_word' id='word_1_774' title='bbox 2341 4979 2528 5031; x_wconf 87' lang='grc' dir='ltr'>φασιν,</span> <span class='ocrx_word' id='word_1_775' title='bbox 2561 4966 2862 5034; x_wconf 78' lang='grc' dir='ltr'>φαλάγγια,</span> <span class='ocrx_word' id='word_1_776' title='bbox 2897 4967 3133 5038; x_wconf 82' lang='grc' dir='ltr'>δυστυχῆ</span> <span class='ocrx_word' id='word_1_777' title='bbox 3191 4973 3352 5040; x_wconf 87' lang='grc' dir='ltr'>μυῖαν</span> <span class='ocrx_word' id='word_1_778' title='bbox 3393 4971 3591 5040; x_wconf 78' lang='grc' dir='ltr'>λοχῶν-</span> 
     </span>
    </p>
   </div>
   <div class='ocr_carea' id='block_1_112' title="bbox 2025 5055 3592 5128">
    <p class='ocr_par' dir='ltr' id='par_1_112' title="bbox 2025 5055 3592 5128">
     <span class='ocr_line' id='line_1_112' title="bbox 2025 5055 3592 5128; baseline 0.005 -23"><span class='ocrx_word' id='word_1_779' title='bbox 2025 5071 2138 5118; x_wconf 86' lang='grc' dir='ltr'>τες,</span> <span class='ocrx_word' id='word_1_780' title='bbox 2164 5055 2214 5106; x_wconf 89' lang='grc' dir='ltr'><strong>εί</strong></span> <span class='ocrx_word' id='word_1_781' title='bbox 2246 5069 2362 5117; x_wconf 84' lang='grc' dir='ltr'><strong>πως</strong></span> <span class='ocrx_word' id='word_1_782' title='bbox 2412 5055 2744 5126; x_wconf 75' lang='grc' dir='ltr'>ἐγγιζούσης</span> <span class='ocrx_word' id='word_1_783' title='bbox 2797 5056 3108 5128; x_wconf 77' lang='grc' dir='ltr'>δράξονται.</span> <span class='ocrx_word' id='word_1_784' title='bbox 3159 5059 3223 5111; x_wconf 89' lang='grc' dir='ltr'>Τί</span> <span class='ocrx_word' id='word_1_785' title='bbox 3260 5060 3324 5128; x_wconf 77' lang='grc' dir='ltr'><strong>δή</strong></span> <span class='ocrx_word' id='word_1_786' title='bbox 3362 5077 3511 5125; x_wconf 87' lang='grc' dir='ltr'>ποτε,</span> <span class='ocrx_word' id='word_1_787' title='bbox 3549 5059 3592 5113; x_wconf 83' lang='grc' dir='ltr'>ὦ</span> 
     </span>
    </p>
   </div>
   <div class='ocr_carea' id='block_1_113' title="bbox 2028 5144 3594 5223">
    <p class='ocr_par' dir='ltr' id='par_1_113' title="bbox 2028 5144 3594 5223">
     <span class='ocr_line' id='line_1_113' title="bbox 2028 5144 3594 5223; baseline 0.006 -29"><span class='ocrx_word' id='word_1_788' title='bbox 2028 5144 2186 5212; x_wconf 71' lang='grc' dir='ltr'>σοφοὶ</span> <span class='ocrx_word' id='word_1_789' title='bbox 2214 5146 2309 5196; x_wconf 78' lang='grc' dir='ltr'>καὶ</span> <span class='ocrx_word' id='word_1_790' title='bbox 2339 5145 2610 5214; x_wconf 78' lang='grc' dir='ltr'>ἀκροαταὶ</span> <span class='ocrx_word' id='word_1_791' title='bbox 2660 5147 2756 5198; x_wconf 75' lang='grc' dir='ltr'>καὶ</span> <span class='ocrx_word' id='word_1_792' title='bbox 2816 5148 3024 5215; x_wconf 71' lang='grc' dir='ltr'>θεαταὶ,</span> <span class='ocrx_word' id='word_1_793' title='bbox 3071 5149 3379 5220; x_wconf 80' lang='grc' dir='ltr'>μέμφεσθε,</span> <span class='ocrx_word' id='word_1_794' title='bbox 3433 5153 3594 5223; x_wconf 79' lang='grc' dir='ltr'>εἴπερ</span> 
     </span>
    </p>
   </div>
   <div class='ocr_carea' id='block_1_114' title="bbox 2027 5233 3594 5309">
    <p class='ocr_par' dir='ltr' id='par_1_114' title="bbox 2027 5233 3594 5309">
     <span class='ocr_line' id='line_1_114' title="bbox 2027 5233 3594 5309; baseline 0.004 -23"><span class='ocrx_word' id='word_1_795' title='bbox 2027 5233 2167 5301; x_wconf 73' lang='grc' dir='ltr'>ἀνὴρ</span> <span class='ocrx_word' id='word_1_796' title='bbox 2196 5233 2373 5302; x_wconf 74' lang='grc' dir='ltr'>γέρων</span> <span class='ocrx_word' id='word_1_797' title='bbox 2421 5235 2514 5285; x_wconf 75' lang='grc' dir='ltr'>καὶ</span> <span class='ocrx_word' id='word_1_798' title='bbox 2543 5233 2666 5286; x_wconf 77' lang='grc' dir='ltr'>οὐδὲ</span> <span class='ocrx_word' id='word_1_799' title='bbox 2699 5235 2836 5288; x_wconf 87' lang='grc' dir='ltr'>πάνυ</span> <span class='ocrx_word' id='word_1_800' title='bbox 2873 5239 3096 5306; x_wconf 69' lang='grc' dir='ltr'>μακρὰν</span> <span class='ocrx_word' id='word_1_801' title='bbox 3128 5239 3594 5309; x_wconf 72' lang='grc' dir='ltr'>ἐσκορακισμὲνος</span> 
     </span>
    </p>
   </div>
   <div class='ocr_carea' id='block_1_115' title="bbox 2028 5325 3592 5402">
    <p class='ocr_par' dir='ltr' id='par_1_115' title="bbox 2028 5325 3592 5402">
     <span class='ocr_line' id='line_1_115' title="bbox 2028 5325 3592 5402; baseline 0.004 -26"><span class='ocrx_word' id='word_1_802' title='bbox 2028 5325 2214 5391; x_wconf 87' lang='grc' dir='ltr'>λόγου,</span> <span class='ocrx_word' id='word_1_803' title='bbox 2265 5326 2484 5396; x_wconf 76' lang='grc' dir='ltr'>ἡρωῖκά</span> <span class='ocrx_word' id='word_1_804' title='bbox 2540 5327 3016 5398; x_wconf 75' lang='grc' dir='ltr'>σκηνοὸατούμενα</span> <span class='ocrx_word' id='word_1_805' title='bbox 3054 5330 3325 5400; x_wconf 80' lang='grc' dir='ltr'>πρόσωπα</span> <span class='ocrx_word' id='word_1_806' title='bbox 3360 5331 3592 5402; x_wconf 82' lang='grc' dir='ltr'>βλέπων,</span> 
     </span>
    </p>
   </div>
   <div class='ocr_carea' id='block_1_116' title="bbox 2031 5418 3595 5492">
    <p class='ocr_par' dir='ltr' id='par_1_116' title="bbox 2031 5418 3595 5492">
     <span class='ocr_line' id='line_1_116' title="bbox 2031 5418 3595 5492; baseline 0.004 -20"><span class='ocrx_word' id='word_1_807' title='bbox 2031 5419 2280 5488; x_wconf 71' lang='grc' dir='ltr'>Πρίαμόν</span> <span class='ocrx_word' id='word_1_808' title='bbox 2305 5434 2425 5470; x_wconf 84' lang='grc' dir='ltr'>τινα</span> <span class='ocrx_word' id='word_1_809' title='bbox 2460 5418 2694 5488; x_wconf 80' lang='grc' dir='ltr'>γέροντα</span> <span class='ocrx_word' id='word_1_810' title='bbox 2728 5421 2823 5474; x_wconf 67' lang='grc' dir='ltr'>καὶ</span> <span class='ocrx_word' id='word_1_811' title='bbox 2887 5423 3237 5492; x_wconf 76' lang='grc' dir='ltr'>’Δτρείωνας,</span> <span class='ocrx_word' id='word_1_812' title='bbox 3289 5427 3414 5488; x_wconf 69' lang='grc' dir='ltr'>τοὺς</span> <span class='ocrx_word' id='word_1_813' title='bbox 3450 5427 3595 5479; x_wconf 82' lang='grc' dir='ltr'>ἀντι·</span> 
     </span>
    </p>
   </div>
   <div class='ocr_carea' id='block_1_117' title="bbox 2033 5509 3598 5583">
    <p class='ocr_par' dir='ltr' id='par_1_117' title="bbox 2033 5509 3598 5583">
     <span class='ocr_line' id='line_1_117' title="bbox 2033 5509 3598 5583; baseline 0.006 -22"><span class='ocrx_word' id='word_1_814' title='bbox 2033 5511 2237 5572; x_wconf 86' lang='grc' dir='ltr'>πάλους</span> <span class='ocrx_word' id='word_1_815' title='bbox 2265 5509 2461 5580; x_wconf 76' lang='grc' dir='ltr'>ἐκείνῳ</span> <span class='ocrx_word' id='word_1_816' title='bbox 2505 5509 2769 5581; x_wconf 79' lang='grc' dir='ltr'>βασιλεῖς,</span> <span class='ocrx_word' id='word_1_817' title='bbox 2819 5513 2912 5567; x_wconf 87' lang='grc' dir='ltr'><strong>καί</strong></span> <span class='ocrx_word' id='word_1_818' title='bbox 2967 5532 3090 5568; x_wconf 87' lang='grc' dir='ltr'>τινα</span> <span class='ocrx_word' id='word_1_819' title='bbox 3159 5517 3443 5583; x_wconf 68' lang='grc' dir='ltr'>Ὀδυσσέα,</span> <span class='ocrx_word' id='word_1_820' title='bbox 3500 5520 3598 5571; x_wconf 75' lang='grc' dir='ltr'>καὶ</span> 
     </span>
    </p>
   </div>
   <div class='ocr_carea' id='block_1_118' title="bbox 2602 5709 3575 5782">
    <p class='ocr_par' dir='ltr' id='par_1_118' title="bbox 2602 5709 3575 5782">
     <span class='ocr_line' id='line_1_118' title="bbox 2602 5709 3575 5782; baseline 0.004 -21"><span class='ocrx_word' id='word_1_821' title='bbox 2602 5710 2621 5738; x_wconf 90' lang='lat'><strong>&#39;</strong></span> <span class='ocrx_word' id='word_1_822' title='bbox 2655 5710 2668 5762; x_wconf 92' lang='lat' dir='ltr'><strong>l</strong></span> <span class='ocrx_word' id='word_1_823' title='bbox 2710 5710 2840 5777; x_wconf 76' lang='lat' dir='ltr'><strong>Reg.</strong></span> <span class='ocrx_word' id='word_1_824' title='bbox 2868 5725 2998 5774; x_wconf 76' lang='lat' dir='ltr'><strong>xvii,</strong></span> <span class='ocrx_word' id='word_1_825' title='bbox 3030 5709 3092 5777; x_wconf 85' lang='lat'><strong>7;</strong></span> <span class='ocrx_word' id='word_1_826' title='bbox 3127 5710 3169 5764; x_wconf 90' lang='lat' dir='ltr'><strong>ll</strong></span> <span class='ocrx_word' id='word_1_827' title='bbox 3197 5711 3326 5782; x_wconf 63' lang='lat' dir='ltr'><strong>Reg.</strong></span> <span class='ocrx_word' id='word_1_828' title='bbox 3366 5727 3479 5778; x_wconf 76' lang='lat' dir='ltr'><strong>nt,</strong></span> <span class='ocrx_word' id='word_1_829' title='bbox 3513 5712 3575 5765; x_wconf 74' lang='lat'><strong>19</strong></span> 
     </span>
    </p>
   </div>
  </div>
