4034 6206
364 314 478 379 4ὶ7

1338 310 1636 375 CONTRA
1677 307 2170 370 lNJURlARUM
2215 304 2651 366 MEMORIAE“.

3504 305 3610 371 438

362 423 556 486 ἀλλον,
593 420 824 484 Δῐαντα,
859 417 1213 489 διερμηνεύει
1252 419 1385 490 πρὸς
1413 419 1539 480 τοὺς
1583 432 1944 484 παρεστωτας

2058 411 2203 466 vobis
2247 411 2548 464 astantibus
2579 410 2965 478 interpretatur
2999 424 3103 465 non
3149 409 3266 464 haec
3312 425 3609 482 (δεινοῖο,

363 514 520 583 ὑμᾶς
545 511 773 582 δηλαδὴ,
812 511 889 579 μὴ
923 509 1101 581 ἀληθῆ
1131 510 1291 564 ταῦτ’
1356 507 1518 573 εἶναι,
1572 509 1706 562 ἀλλὰ
1737 508 1941 576 σκηνῆς

363 604 668 673 ποιητικῆς
702 601 949 670 παίγνια,
980 603 1013 671 ἦ
1065 603 1226 663 σκιὰς
1255 601 1538 671 ἀληθείας,
1592 603 1767 652 εἰπεῖν
1806 615 1942 667 σεμο

361 697 594 765 νότιρον
622 710 638 726 ο
678 695 778 747 καὶ
806 695 898 746 τὸν
934 694 1034 763 μὲν
1086 697 1530 764 προφαινόμενον
1563 692 1810 762 Πρίαμον
1850 692 1944 744 ἄνι-

363 785 597 854 θρωπον
630 783 982 837 ἀποδεικνύει
1034 784 1266 853 δυσγενῆ
1305 785 1496 846 ποθεν,
1529 782 1624 836 καί
1682 799 1786 834 που
1851 782 1945 833 κα)⁵

359 878 582 940 δοῦλον,
606 876 734 938 τοὺς
755 875 816 939 ἐξ
858 875 1096 945 Ἀτρέως
1146 876 1204 929 δὲ
1233 875 1677 945 ταριχεμπόρους
1711 872 1831 941 μὲν,
1857 872 1958 923 δεε-

363 971 525 1036 ξιοῦς
561 971 618 1022 δὲ
647 969 994 1036 λογολεσχείν
1025 968 1119 1021 ἐπὶ
1151 967 1384 1035 θεάτρου
1443 965 1947 1036 μεγαλορῤημόνως

364 1064 468 1115 καὶ
504 1062 788 1125 εὐσταλῶς
828 1061 1025 1125 οὕτως,
1085 1060 1160 1122 ὡς
1216 1057 1629 1129 παρεμφαίνειν
1693 1055 1947 1125 βασιλικὰ

365 1155 682 1224 πρόσωπα·
715 1155 808 1207 τὸν
839 1155 897 1207 δέ
933 1170 1056 1206 τινα
1095 1151 1159 1204 ἐκ
1209 1168 1314 1204 που
1384 1148 1748 1220 ματρυλλεὶου
1782 1148 1950 1217 ἐξωρ-

370 1247 650 1318 μημένον,
683 1245 780 1296 καὶ
811 1242 872 1296 εὖ
897 1241 1078 1295 εἰδότα
1109 1239 1230 1294 κατ’
1262 1240 1470 1310 ἀγορὰν
1511 1237 1946 1307 στωμύλλεσθαι,

368 1339 471 1390 καὶ
501 1338 584 1398 είς
619 1331 1177 1403 ῥωποπερπερήθραν
1204 1330 1554 1383 σκώπτεσθαι
1582 1329 1950 1399 παραφαίνειν

370 1427 763 1498 ὑποκριτικῶς
799 1425 888 1478 τὸν
919 1424 1100 1492 λόγιον
1143 1421 1409 1475 Ὀδυσσέα
1440 1437 1453 1451 ·
1487 1422 1693 1474 Αἴαντα
1742 1421 1820 1486 δὲ,
1861 1421 1950 1473 τὸν

371 1518 822 1589 προφαινόμενον
854 1514 1052 1584 μέγαν,
1108 1513 1203 1565 καὶ
1237 1512 1384 1565 καθά
1410 1528 1491 1574 τις
1527 1510 1630 1580 ἔφη
1659 1509 1948 1580 πελώριον,

376 1606 524 1662 εἶναι
555 1609 654 1678 μὲν
684 1607 856 1668 ἄλλως
883 1604 1064 1673 ὀλίγον
1124 1604 1217 1657 καὶ
1245 1602 1550 1667 οὐτιδανὸν,
1602 1601 1950 1670 ἐμϐεϐηκότα

372 1701 434 1754 δὲ
461 1700 699 1768 ὑψηλαῖς
728 1696 984 1766 ἐμϐάσιν,
1037 1695 1069 1764 ἥ
1113 1695 1204 1747 καὶ
1233 1693 1412 1754 ἄλλως
1446 1692 1813 1761 ξυλοσάμονα,
1871 1692 1950 1761 τῷ

2047 503 2141 558 sed
2163 501 2390 571 poetica:
2416 515 2592 556 scena:
2613 502 2841 568 ludicra,
2869 501 2972 567 vel,
2998 511 3055 557 ut
3073 502 3352 559 honestius
3379 505 3612 573 dicatur,

2047 595 2294 651 veritatis
2330 594 2585 660 umbras;
2623 604 2677 648 et
2723 595 2874 648 illum
2924 595 3140 665 quidem
3185 595 3612 653 illustrissimum

2047 688 2322 744 Priamum
2354 686 2628 741 hominem
2655 688 2895 742 ostendit
2919 688 3207 756 ignobilem
3242 699 3298 744 et
3329 691 3468 746 forte
3499 708 3616 748 ser-

2047 793 2208 846 vum;
2235 778 2377 833 ﬁlios
2417 787 2595 832 autem
2647 778 2832 841 Atrei,
2876 780 3341 850 salsamentarlos,
3379 786 3473 840 sed
3517 787 3614 840 ba-

2051 871 2189 925 biles
2218 871 2271 924 in
2306 885 2472 926 scena
2504 871 2585 925 sic
2613 885 2736 925 cum
2761 871 3022 940 jactantia
3047 872 3413 946 facilitateque
3445 877 3618 948 loqui-

2052 968 2300 1025 tare,ut
2363 960 2542 1028 regias
2607 962 2839 1031 tigurent
2895 977 3183 1031 personas;
3237 967 3379 1022 hunc
3435 978 3614 1025 autem

2047 1051 2337 1120 quemdam
2418 1066 2450 1106 e
2513 1053 2758 1122 lupanari
2831 1052 3081 1110 fortassis
3141 1067 3409 1125 exortum,
3479 1065 3617 1118 bene

2051 1142 2313 1196 scientem
2369 1143 2424 1196 in
2485 1142 2606 1198 foro
2664 1146 2874 1214 garrire
2913 1145 3334 1218 joculariterque
3383 1155 3618 1222 nugari,

2053 1229 2244 1284 diserti
2302 1245 2588 1300 personam
2661 1233 2874 1304 Ulyssis
2916 1250 3338 1307 repraesentare;
3397 1242 3618 1312 Ajacem

2052 1335 2200 1384 vero,
2221 1322 2678 1390 praeminentem,
2704 1339 2976 1394 magnum,
3019 1337 3072 1382 et
3122 1330 3261 1384 sicut
3295 1331 3494 1402 aliquis
3536 1336 3621 1388 di-

2052 1411 2219 1472 xerit,
2270 1409 2579 1478 ingentem,
2630 1427 2749 1467 esse
2783 1415 2995 1481 quidem
3043 1416 3258 1472 aliunde
3292 1423 3515 1488 parvum
3563 1434 3619 1479 et

2052 1499 2308 1561 debilem,
2353 1503 2466 1566 sed,
2513 1501 2797 1558 altissimis
2841 1504 3145 1574 ingressum
3193 1510 3494 1576 cothurnis,
3535 1516 3619 1570 vel

2054 1590 2192 1644 alias
2232 1591 2380 1660 ligno
2410 1592 2772 1661 gradientem,
2819 1595 2900 1650 sic
2951 1597 3179 1652 exaltari
3231 1614 3394 1670 super
3441 1605 3616 1659 solum

2055 1680 2340 1735 sublimem
2368 1722 2382 1746 ,
2429 1693 2482 1736 et
2536 1683 2672 1739 adeo
2718 1685 3040 1755 jactatorem
3077 1689 3431 1753 obumbrare:
3488 1699 3618 1763 quid

374 1795 518 1852 τέως
580 1790 710 1842 ὄντα
765 1787 1070 1855 ύπεξῆρθαι
1119 1786 1214 1839 τοῦ
1246 1786 1480 1838 δαπέδου
1533 1785 1831 1853 μετέωρον,
1854 1784 1950 1836 καὶ

2058 1787 2183 1842 ergo
2220 1774 2347 1828 talia
2381 1776 2680 1830 mordentia
2717 1791 2810 1832 vos
2849 1779 3212 1835 euntristant?
3243 1779 3411 1839 Porro
3446 1804 3619 1841 ltOtlttt:

374 1882 523 1936 οῦτω
551 1881 801 1944 σκιάζειν
850 1879 942 1931 τὸν
967 1878 1241 1947 βουγὰῖονο
1277 1876 1332 1930 τί
1355 1876 1486 1943 γοῦν
1519 1877 1663 1944 ὑμᾶς
1697 1877 1950 1944 παραλυ-

376 1974 474 2028 πεῖ
504 1972 572 2025 τὰ
605 1969 832 2024 τοιαῦτα
863 1956 1134 2023 δὲικνοντα
1161 1985 1175 2032 ;
1205 1963 1282 2020 ἿΙ
1306 1969 1414 2038 γὰρ
1439 1968 1501 2019 ού
1541 1966 1780 2030 τοιοῦτος
1816 1967 1948 2034 ἐγὼ,

374 2062 676 2130 διελέγχων
708 2061 1124 2130 ἐρμηνευτικῶς
1179 2056 1321 2125 λόγῳ
1368 2057 1454 2110 διὰ
1488 2056 1743 2125 γνώσεως
1793 2058 1950 2127 άκριο

375 2155 511 2219 σοῦς
543 2155 613 2208 τὰ
652 2155 710 2207 ὲν
747 2155 882 2222 ἡμῖν
911 2149 1307 2221 σμικροπρεπῆ
1336 2149 1594 2219 σκηνικὰ,
1629 2151 1723 2202 καὶ
1746 2150 1952 2217 διαφω.

375 2247 546 2308 τίζων
573 2245 644 2298 τὰ
687 2243 1041 2314 μεγαλοφανῆ
1091 2243 1191 2310 μὲν
1223 2241 1343 2293 κατ’
1376 2241 1521 2309 ὄψιν,
1555 2242 1696 2294 πάνυ
1729 2241 1786 2293 δὲ
1826 2258 1953 2310 σμι-

376 2336 714 2408 κροπρεπῶς
749 2336 923 2397 ἄλλως
949 2335 1172 2404 ἔχοντα,
1200 2335 1296 2386 καὶ
1327 2333 1664 2400 διεκφαίνων
1693 2333 1792 2398 τὴν
1822 2333 1954 2386 ὑπό-

380 2450 593 2504 κρισιν,
624 2427 842 2491 καὶτὰς
871 2425 1174 2496 φαντασίας
1204 2423 1498 2493 διαρθρῶν,
1526 2423 1603 2486 ὡς
1632 2423 1698 2475 ἂν
1727 2425 1954 2486 ἕκαστος

375 2526 518 2595 πρὸς
565 2521 827 2590 ἀλήθειαν
882 2516 1266 2584 διεκφαίνοιτο,
1320 2515 1414 2567 καὶ
1446 2513 1768 2580 γινώσκοιτο
1818 2513 1954 2581 πρὸς

377 2613 693 2684 ἀκρίϐειαν,
727 2611 822 2664 καὶ
857 2608 932 2677 μὴ
971 2606 1155 2677 γελῴη
1184 2607 1309 2667 τοὺς
1343 2603 1662 2672 βλέποντας,
1690 2604 1762 2668 tiu;
1797 2603 1954 2667 ἄλλος

383 2710 480 2777 μὲν
510 2705 606 2767 ὢν,
642 2704 877 2772 ἑτεροῖος
901 2701 958 2754 δὲ
987 2703 1097 2760 τοῖς
1116 2698 1324 2761 πολλοῖς
1362 2696 1768 2765 φανταζόμενος
1795 2712 1812 2760 ;

452 2795 549 2861 λζ’.
580 2792 658 2848 Ἦ
693 2795 803 2863 γὰρ
822 2793 944 2863 δίχα
991 2793 1101 2844 τῶν
1131 2790 1309 2843 ἄλλων
1369 2788 1827 2856 σκηνοϐατήσεων
1857 2787 1957 2857 οὐχ

383 2893 429 2944 οἱ
456 2889 705 2948 πλείονες
732 2887 1070 2954 προσωπείῳ
1092 2881 1278 2950 φιλίας
1301 2881 1560 2948 ἄχθονται
1611 2881 1710 2948 μὲν
1750 2878 1876 2944 ἔξω,
1907 2879 1961 2932 ετ

385 2999 505 3036 τινα
533 2978 877 3047 λυπούμενον
907 2976 1090 3037 ῐδοιεν,
1119 2975 1186 3027 τὰ
1221 2973 1267 3025 δ’
1295 2972 1448 3034 ἐντὸς
1479 2971 1757 3040 κροτοῦσι,
1798 2987 1958 3038 σκιρ-

385 3073 572 3136 τῶσιν,
629 3068 917 3140 ὀρχοῦνται
953 3067 1048 3118 καὶ
1073 3065 1442 3135 προσποίητον
1478 3064 1627 3115 ἔλεον
1661 3063 1954 3131 παραυγάι
1985 3097 2030 3158 c

388 3162 571 3227 ζοντες
600 3160 928 3230 βαρύνονται
959 3159 1054 3211 ἐπὶ
1075 3159 1188 3219 τοῖς
1218 3157 1278 3208 ὲν
1305 3154 1528 3219 λύπαις,
1551 3155 1650 3224 οὐχ
1680 3154 1762 3207 ὅτι
1784 3155 1961 3207 τοιοῦ-

386 3275 488 3318 τοι,
509 3256 627 3308 ἀλλ’
658 3257 741 3308 ὅτι
777 3254 947 3318 ζῶσιν
976 3252 1078 3318 ἔτι,
1129 3252 1224 3303 καὶ
1256 3252 1356 3303 οὐκ
1411 3249 1784 3320 ἀπάγχονται;
1844 3251 1958 3305 Οὐκ

386 3347 761 3410 ἑκδανείζουσι
797 3345 897 3414 μὲν
928 3344 1022 3395 ἐπὶ
1044 3341 1328 3411 άνεγέρσει
1367 3339 1663 3409 πτώματος
1695 3343 1792 3394 τοῦ
1818 3341 1960 3396 κατὰ

388 3441 688 3512 πτωχείαν,
721 3436 885 3490 τόκου
939 3435 996 3488 δὲ
1022 3433 1119 3486 τοῦ
1157 3433 1408 3487 ἐντεῦθεν
1442 3432 1580 3503 βαρύ
1615 3448 1669 3485 τι
1696 3435 1962 3504 καταρρι-

389 3534 604 3598 πτοῦσι,
633 3527 834 3601 μικροῦ
857 3527 976 3580 δέον
1002 3524 1100 3578 καὶ
1124 3525 1205 3586 είς
1230 3524 1292 3577 τὸ
1318 3523 1462 3593 λιμῷ
1485 3523 1667 3578 θανεῖν
1686 3525 1954 3579 οἴκτιστα.

391 3628 497 3680 Καὶ
528 3625 673 3678 οὕτω
728 3621 972 3690 σχήματι
1028 3615 1180 3668 ὲλὲου
1229 3617 1306 3678 εἰς
1337 3616 1566 3679 ἑαυτοὺς
1594 3615 1654 3668 τὸ
1685 3617 1957 3686 πτωχικὸν

389 3720 738 3785 ἐπαγόμενοι,
773 3711 866 3765 καὶ
919 3707 1419 3778 περιπτυσσόμενοι
1456 3705 1533 3770 ὡς
1585 3709 1664 3771 είς
1713 3708 1954 3777 ἀγάπην,

391 3806 506 3862 εἶτα
536 3805 680 3859 κατὰ
698 3805 916 3872 ἀπάτην
947 3801 1276 3869 σφάττουσιν
1306 3798 1568 3867 ἀνηλεῶς,
1606 3797 1668 3850 ού
1709 3815 1955 3868 προσκυ-

390 3899 606 3961 νοῦντες
635 3898 730 3950 καὶ
759 3891 1108 3961 εὐλογοῦντες
1156 3890 1283 3952 τοὺς
1330 3889 1759 3958 ἐντυγχάνοντας
1785 3907 1798 3920 ·
1839 3886 1958 3944 εἶτα

396 3993 585 4062 μικρόν
604 4008 657 4042 τι
687 3986 1077 4058 προσελθόντες
1107 3983 1203 4038 καὶ
1229 3985 1293 4036 ὲκ
1326 3981 1620 4050 προσώπου
1649 3981 1952 4051 γενόμενοι,

389 4084 455 4137 τὰ
497 4081 746 4153 χείριστα
795 4076 1192 4145 κακολογοῦσι’,
1246 4075 1612 4145 μορφάξοντες
1658 4074 1755 4142 μὲν
1801 4073 1954 4144 φίλον

389 4175 695 4244 ἀνθρωπον,
739 4173 854 4233 τοῖς
887 4169 943 4222 δὲ
996 4169 1179 4239 ἔργοις
1207 4165 1556 4236 λυσσητῆρας
1599 4165 1770 4229 κύνας
1819 4167 1954 4219 ὑπο-

389 4269 713 4337 γράφοντες.
765 4261 830 4315 Τί
866 4260 939 4330 μὴ
987 4259 1128 4326 λέγω
1174 4258 1237 4311 τὸ
1267 4257 1603 4328 βαρύτερον;
1636 4257 1710 4309 Οὐ
1741 4259 1953 4310 τιθέασι

386 4364 479 4422 τὰς
506 4357 760 4426 γλώσσας
784 4356 865 4416 είς
889 4353 1142 4423 οὐρανὸν,
1170 4351 1302 4403 Θεὸν
1323 4351 1412 4404 τὸν
1440 4349 1692 4420 οὐράνιον
1717 4351 1954 4420 ἐπομνύ-

2053 1865 2180 1918 talis
2212 1879 2318 1934 ego
2343 1881 2486 1930 sum,
2520 1867 2972 1935 interpretatione
3009 1886 3105 1940 per
3135 1884 3444 1928 accuratam
3480 1882 3620 1931 notio

2056 1956 2184 2009 tiam
2215 1958 2526 2024 dijudicans
2555 1973 2618 2012 ea
2644 1975 2764 2028 quae
2805 1961 3086 2017 nobiscum
3120 1974 3250 2020 sunt
3279 1968 3470 2035 pusilla
3503 1984 3619 2025 see-

2055 2048 2198 2114 nica,
2225 2050 2578 2128 revel‘ansque
2600 2051 2688 2106 illa
2716 2067 2832 2122 qua:
2855 2069 3050 2124 magna
3075 2057 3292 2126 quidem
3321 2072 3445 2117 sunt
3477 2063 3616 2127 visu,

2053 2140 2147 2193 sed
2176 2139 2396 2196 aliunde
2419 2143 2644 2211 parvula
2674 2143 2852 2210 valde,
2883 2147 3241 2206 manifestans
3265 2151 3618 2222 bypocrisim,

2055 2242 2109 2286 et
2140 2233 2351 2302 species
2379 2234 2679 2303 explicans,
2705 2245 2760 2291 ut
2798 2241 3170 2310 unusquisque
3197 2246 3494 2301 secundum
3529 2265 3621 2302 ve-

2055 2323 2271 2378 ritatem
2329 2335 2588 2393 appareat
2657 2329 3003 2398 perfecteque
3075 2345 3355 2405 noscatur,
3409 2349 3614 2395 etnon

2053 2416 2378 2483 aspicientes
2436 2418 2676 2483 irrideat,
2733 2422 2914 2489 quasi,
2974 2438 3096 2478 cum
3141 2428 3281 2485 alius
3343 2430 3434 2498 sit,
3481 2432 3619 2488 alius

2057 2505 2388 2561 multitudini
2424 2521 2859 2578 repraesentetur.

2129 2774 2219 2830 57.
2263 2775 2518 2847 Nunquid
2552 2778 2701 2834 enim
2731 2790 2926 2850 praeter
2960 2781 3096 2836 alias
3141 2799 3334 2839 scenas
3369 2801 3474 2842 non
3503 2803 3622 2857 p.c-

2061 2869 2213 2936 rique
2252 2872 2354 2925 sub
2382 2871 2631 2926 amicitias
2658 2887 2886 2942 persona
2912 2876 3138 2932 moleste
3177 2877 3361 2934 ierunt
3406 2893 3622 2936 extror-

2059 2973 2179 3013 sum
2215 2960 2457 3030 quidem,
2481 2964 2523 3017 si
2551 2967 2838 3032 quemdam
2873 2958 3089 3021 videant
3121 2968 3394 3032 amictum.
3428 2973 3621 3029 intror-

2061 3070 2184 3108 sum
2231 3065 2408 3110 aulem
2464 3059 2748 3125 plaudunt,
2795 3057 3126 3129 'exsultant,
3189 3067 3510 3136 tripudiant,
3571 3082 3624 3128 et

2069 3145 2247 3198 ﬁctam
2316 3147 2718 3204 miserationem
2773 3163 3258 3220 praemonstrantes
3333 3172 3622 3228 gravantur

2067 3251 2230 3302 super
2260 3238 2342 3292 eis
2371 3239 2463 3307 qui
2513 3249 2766 3308 mcerent,
2819 3258 2924 3298 non
2977 3245 3104 3315 quia
3155 3247 3291 3302 tales
3334 3261 3482 3316 sunt,
3534 3258 3625 3308 sed

2065 3324 2192 3393 quia
2210 3326 2394 3382 vivunt
2409 3329 2583 3384 adhuc
2595 3341 2647 3385 et
2666 3347 2771 3385 non
2787 3334 3232 3403 strangulantur?
3251 3335 3366 3393 Non
3385 3356 3626 3400 commo-

2067 3423 2198 3476 dant
2213 3424 2434 3492 quidem
2455 3424 2520 3477 ad
2541 3426 2885 3482 relevandum
2908 3431 2964 3485 in
2987 3445 3366 3502 paupertatem
3393 3438 3626 3509 lapsum,

2066 3512 2161 3565 sed
2192 3511 2396 3568 lenoris
2427 3515 2554 3569 inde
2601 3515 2714 3570 nati
2746 3517 2958 3586 pondus
2997 3521 3048 3574 in
3076 3535 3200 3576 eum
3230 3526 3539 3598 projiciunt,
3574 3543 3624 3586 ut

2065 3603 2210 3659 fame
2268 3605 2464 3661 misere
2511 3608 2794 3662 moriatur.
2833 3609 2900 3664 Et
2954 3611 3026 3665 ita
3095 3615 3198 3669 sub
3264 3618 3627 3679 miserationis

2065 3695 2246 3762 specie
2278 3696 2345 3750 ad
2391 3711 2450 3751 se
2484 3698 2763 3751 trahentes
2796 3699 2939 3768 quod
2982 3715 3210 3769 egenum
3259 3720 3341 3760 εει
3390 3718 3444 3762 et
3474 3715 3626 3779 quasi

2065 3787 2334 3842 charitate
2385 3791 2831 3855 contplecteutes,
2874 3791 3070 3846 deinde
3121 3809 3218 3860 per
3253 3796 3630 3868 deceptionem

2069 3879 2363 3935 crudeliter
2385 3879 2652 3950 jugulant,
2693 3895 2797 3934 non
2841 3882 3130 3940 adorantes
3163 3901 3261 3942 nec
3306 3890 3630 3949 benedieen

2068 3982 2148 4028 tes
2177 3972 2624 4037 occurrentibus;
2663 3982 2850 4043 postea
2880 3976 3152 4044 paululum
3185 3985 3454 4050 progressi
3483 3996 3536 4041 et
3558 4003 3626 4042 ex

2065 4067 2183 4121 vistt
2211 4065 2404 4136 elapsi,
2437 4065 2671 4135 pessime
2690 4065 3040 4131 maledicunt.
3071 4069 3389 4130 simulantes
3408 4077 3626 4144 quidem

2064 4158 2296 4213 amicum
2311 4159 2607 4222 hominem,
2632 4157 2727 4213 sed
2759 4160 3020 4228 operibus
3048 4162 3166 4218 suis
3201 4164 3420 4222 rabidos
3463 4184 3626 4224 canes

2065 4252 2442 4321 dopingentes.
2472 4251 2610 4317 Quid
2641 4267 2744 4306 non
2776 4253 2996 4323 gravius
3024 4247 3189 4309 dico?
3217 4255 3406 4314 Nonne
3432 4261 3630 4316 tollunt

2062 4343 2279 4412 linguas
2298 4342 2350 4394 in
2367 4341 2586 4407 coelum,
2608 4341 2774 4398 Deum
2815 4343 3094 4399 caelestem
3120 4357 3511 4417 contestantes,
3541 4353 3627 4408 id-

388 4469 560 4521 μενοι,
591 4450 686 4502 καὶ
715 4447 846 4499 αὐτὸ
866 4445 968 4498 οὐκ
995 4437 1088 4497 ὲπὶ
1129 4441 1388 4510 ἀληθείας
1427 4441 1672 4507 ἐνδείξει,
1711 4441 1826 4493 ἀλλ’
1863 4443 1951 4493 ἐπὶ

2060 4450 2167 4504 que
2206 4450 2310 4489 non
2351 4435 2416 4489 ad
2455 4436 2700 4490 veritatis
2733 4436 3272 4506 demonstrationem,
3315 4447 3408 4498 sed
3431 4446 3496 4500 ad
3527 4448 3628 4502 ab-

385 4546 607 4616 κρύψει,
657 4535 732 4595 ὧν
787 4538 1042 4608 πονηρῶς
1085 4535 1476 4605 βουλεύονται;
1529 4533 1818 4596 Τοιούτους
1846 4533 1955 4601 ἐγὼ

384 4638 586 4698 κακοὺς
621 4630 922 4702 ὑποκριτὰς
974 4628 1326 4700 ἐξευρίσκων,
1390 4626 1486 4678 καὶ
1520 4625 1606 4678 ἐπ’
1649 4625 1955 4696 αὐτοφώρῳ

383 4730 624 4788 κλέπτας
661 4724 756 4777 τοῦ
814 4720 1050 4790 ἀληθοῦς
1109 4718 1436 4788 ἐξελέγχων,
1487 4719 1580 4770 καὶ
1611 4717 1739 4770 ἄλλο
1773 4717 1956 4786 μέντοι

387 4819 747 4890 φαινομένους
773 4811 1120 4875 ἀποδεικνὺς,
1151 4809 1400 4871 ἀλλοίους
1431 4809 1580 4862 δὲτὰ
1620 4809 1728 4861 ἔσω
1757 4809 1960 4863 διακειο

390 4914 607 4980 μένους,
639 4910 732 4959 καὶ
763 4904 923 4958 τοῦτο
950 4903 1050 4956 οὐκ
1075 4900 1332 4965 εἰσάπαξ,
1377 4900 1514 4954 ἀλλά
1571 4901 1666 4952 καὶ
1717 4900 1957 4970 σήμερον

386 5005 478 5055 καὶ
512 5000 704 5070 αῦριον
737 4998 832 5050 καὶ
867 4998 923 5059 ἐς
955 4995 1056 5065 τὴν
1107 4993 1274 5059 ἄλλην
1328 4991 1422 5044 καὶ
1459 4991 1554 5044 ἐπὶ
1584 4994 1705 5051 ταῖς
1733 4992 1952 5060 ἐφεξῆς,

390 5095 586 5166 μικροῦ
621 5092 678 5146 δὲ
733 5091 994 5157 λείπομαι
1053 5088 1262 5148 εἰπεῖν,
1318 5085 1490 5149 ὲααεὶ,
1525 5086 1616 5135 καὶ
1645 5083 1814 5144 οὕτως
1846 5086 1954 5137 αίεὶ

387 5193 473 5240 καί
502 5187 666 5247 αὐτὸς
700 5180 1041 5250 μεμνημένος
1094 5178 1192 5232 τοῦ
1219 5177 1425 5239 κακοὺς
1455 5173 1595 5230 εἷναί
1617 5194 1790 5240 τινας,
1827 5195 1954 5230 συν-

385 5281 603 5349 τίθεμαι
666 5275 1008 5344 ἅφιλοσὸφως
1064 5273 1141 5335 είς
1189 5270 1359 5322 τύπον
1419 5271 1774 5337 μνησίκακον.
1845 5269 1954 5323 Καὶ

385 5375 481 5425 οὐκ
521 5366 676 5422 εἶπον
729 5351 798 5419 τᾶ
830 5365 1136 5434 σοφώτερα,
1193 5362 1280 5431 ἐφ’
1309 5357 1388 5424 οἷς
1423 5361 1472 5413 οἱ
1505 5361 1690 5413 πολλοὶ
1714 5360 1946 5433 ἄροτρον

385 5465 482 5532 μὲν
505 5461 722 5530 ἀγαθῆς
749 5457 1013 5526 ἐργασίας
1043 5455 1400 5525 χαρίζονται,
1457 5453 1844 5522 στρεϐλοῦντες
1896 5454 1951 5507 δὲ

381 5556 530 5616 αὐτὸ,
560 5553 775 5619 φαύλας
814 5566 873 5601 τε
897 5547 1284 5617 λὰνασχίζουσιν
1311 5545 1579 5606 αῠλακτις,
1615 5548 1708 5598 καὶ
1748 5548 1954 5614 σπόρον

378 5652 474 5698 οὐκ
502 5643 727 5709 εύλογού
740 5658 894 5711 μενον
923 5639 1374 5700 καταϐάλλοντες,
1409 5637 1476 5686 τὰ
1511 5637 1683 5688 πλείω
1719 5636 1817 5704 μὲν
1853 5654 1954 5688 πα-

383 5733 789 5798 ραθεωροῦνται
817 5730 905 5782 ὑπ’
935 5727 1093 5798 ἐμοῦ,
1121 5728 1236 5779 ἔστι
1270 5727 1312 5779 δ’
1338 5727 1424 5778 ὅτε
1453 5726 1545 5776 καὶ
1571 5724 1952 5776 ἀναδιδάσκονδ

2061 4525 2371 4582 scondenda
2404 4541 2468 4581 ea
2494 4543 2613 4596 qua:
2664 4543 2914 4596 perverse
2943 4530 3307 4588 meditantur?
3336 4535 3492 4592 Tales
3526 4555 3627 4607 ego

2060 4618 2232 4673 malos
2269 4619 2576 4685 ltypocritas
2627 4621 3010 4686 adinveniens,
3061 4632 3113 4676 et
3159 4625 3212 4678 in
3253 4623 3505 4696 ﬂagranti
3559 4632 3627 4684 de

2060 4711 2304 4765 veritatis
2341 4709 2483 4763 furto
2514 4711 2864 4776 convincens,
2908 4722 2962 4768 et
2993 4717 3284 4770 ostendens
3320 4717 3477 4770 aliter
3509 4721 3628 4786 qui-

2059 4802 2182 4856 dem
2227 4815 2437 4871 parere,
2491 4801 2648 4855 aliter
2675 4812 2856 4856 autem
2913 4804 3058 4859 intus
3104 4806 3390 4872 exsistere,
3464 4809 3628 4881 idque

2061 4907 2165 4946 non
2215 4893 2407 4956 semel,
2459 4892 2552 4946 sed
2593 4893 2752 4946 hodie
2787 4905 2840 4948 et
2878 4910 2998 4949 cras
3027 4905 3080 4950 et
3109 4908 3322 4964 postera
3361 4901 3471 4966 die,
3513 4905 3628 4956 die-

2060 4985 2271 5052 busque
2303 4987 2672 5051 sequentibus,
2698 4985 2811 5040 fere
2844 4987 3102 5055 dicerem,
3137 5001 3424 5062 perpetuo,
3461 5002 3514 5058 et
3549 4996 3627 5048 sic

2060 5090 2274 5144 semper
2308 5077 2421 5139 ipse
2453 5077 2760 5130 memoriter
2803 5087 2991 5132 tenens
3038 5079 3246 5149 aliquos
3275 5098 3394 5138 esse
3430 5086 3620 5145 malos.

2061 5167 2450 5221 irrationaliter
2482 5170 2724 5222 aseribor
2769 5169 2818 5222 in
2869 5170 3086 5239 injuriae
3126 5175 3386 5230 memoris
3418 5185 3620 5244 typum.

2058 5261 2245 5332 Neque
2263 5262 2369 5314 dixi
2388 5262 2736 5330 sapientiora,
2758 5263 2954 5332 quibus
2975 5266 3216 5336 plerique
3233 5267 3384 5321 bonae
3404 5268 3618 5336 quidem

2058 5354 2400 5424 operationis
2431 5364 2614 5407 aratro
2661 5370 2875 5408 manum
2922 5357 3293 5424 admoventes,
3339 5360 3431 5411 sed
3477 5359 3622 5413 istud

2059 5447 2473 5512 detorquentes,
2534 5461 2727 5513 pravos
2779 5448 3048 5502 inﬁndunt
3099 5451 3298 5511 sulcos,
3334 5461 3389 5504 et
3438 5465 3623 5505 semen

2059 5554 2161 5592 non
2183 5540 2882 5608 bcuedictumspargcntes,
2926 5543 3240 5610 plerumque
3261 5543 3475 5611 quidem
3500 5561 3526 5596 a
3545 5561 3629 5596 mo

2061 5631 2454 5699 despiciunt-ur,
2512 5632 2806 5700 aliquando
2857 5648 2980 5686 vero
3019 5635 3205 5702 gracili
3252 5650 3384 5690 voce
3441 5639 3631 5690 admo-

2061 5735 2275 5787 nentur,
2305 5726 2436 5792 quid
2470 5736 2644 5796 agant.
2697 5724 2760 5780 Et
2783 5726 2968 5781 statim
3008 5743 3107 5795 ego
3135 5729 3337 5785 docens
3382 5745 3484 5784 non
3535 5743 3628 5782 so-
