4034 6206
408 311 514 375 439

1117 316 1539 378 EUSTATHII
1581 318 2336 390 THESSALONICENSIS
2376 327 2937 391 METROPOLIT/E

3543 333 3655 397 4ίο

406 427 520 485 lum
537 425 603 480 ad
625 425 762 482 nihil
799 426 946 482 utilis
971 443 1115 494 sum,
1147 429 1244 484 sed
1271 429 1436 485 etiam
1465 446 1528 486 ex
1553 433 1695 489 bono
1717 435 1970 504 colloquic

2085 457 2175 494 ται
2204 440 2474 514 λεπταλέῃ
2505 445 2679 514 φωνῇ,
2716 443 2753 498 ἃ
2787 441 3022 497 ποιοῦσι.
3057 441 3170 496 Καὶ
3219 443 3422 498 αὐτίκα
3453 447 3480 499 ὁ
3508 446 3655 502 διδά-

406 517 650 588 percipio
690 517 928 574 fructum
959 518 1102 590 quod
1147 521 1276 574 mali
1316 537 1528 580 memor
1557 539 1741 580 vocer.
1777 525 1977 596 Hujus-

406 609 555 664 modi
583 608 746 664 multa
777 625 916 666 nunc
939 627 1038 682 ego
1089 611 1302 667 silentio
1327 617 1700 683 praetermitto,
1723 627 1973 689 tauquam

403 701 608 761 iterum
637 702 811 758 locum
840 704 907 755 ad
937 703 1258 759 cbaritatem
1283 708 1696 763 convenientem
1723 695 1972 765 servans.

407 797 719 852 Amicitiam
755 796 897 849 enim
940 810 1124 850 veram
1159 795 1366 865 pigeret
1397 800 1634 868 aliquem
1667 801 1975 857 hominibus

409 886 788 958 promittendi,
816 886 1013 956 quibus
1051 887 1219 942 semel
1259 890 1652 944 exsecrandum
1684 892 1854 946 amari
1893 891 1973 945 fa-

405 993 549 1035 ctum
584 989 708 1033 est:
742 980 884 1046 quod
920 982 964 1031 si
991 979 1094 1032 hoc
1122 994 1225 1034 non
1243 991 1408 1046 esset,
1433 983 1528 1037 sed
1569 992 1974 1053 exspectaretur

407 1071 536 1126 illud
571 1072 743 1126 donec
764 1080 1158 1124 sacramentum
1208 1070 1339 1139 ipsis
1397 1083 1708 1139 evanescat,
1747 1090 1854 1130 non
1887 1091 1974 1131 es-

405 1171 491 1216 set
526 1161 790 1217 haesitatio
815 1161 1044 1230 sapienti
1075 1175 1198 1218 eam
1234 1162 1432 1220 talibus
1461 1179 1520 1220 se
1563 1166 1804 1236 praebere
1842 1182 1973 1223 con-

408 1253 754 1308 culcandam.

475 1430 566 1484 38.
593 1428 658 1484 Ut
689 1438 890 1494 autem,
928 1429 1028 1482 hoc
1058 1428 1280 1493 omisso,
1305 1430 1636 1499 stringamus
1665 1446 1969 1488 sermonem

404 1520 471 1574 ad
511 1521 560 1573 id
593 1519 734 1588 quod
753 1520 864 1589 jam
905 1519 1132 1574 honeste
1170 1520 1375 1574 dictum
1420 1531 1526 1587 est,
1554 1531 1608 1576 et
1637 1537 1665 1575 a
1698 1524 1971 1592 prioribus

403 1610 773 1674 absolvamur,
811 1610 1062 1665 desidero
1100 1626 1130 1665 a
1157 1612 1458 1667 scientibus
1491 1613 1710 1669 edoceri
1733 1615 1972 1671 discere-

2081 549 2230 586 σκων
2257 533 2368 602 ἐγὼ
2399 535 2459 587 οὑ
2489 537 2654 604 μόνον
2681 535 2742 588 οὑ
2772 533 3042 588 λυσιτελῶ
3075 535 3154 598 είς
3179 535 3362 600 οὐδὲν,
3396 537 3535 590 ἀλλὰ
3559 541 3656 592 καὶ

2075 625 2454 696 ἀποκερδαίνω
2477 625 2576 693 τῆς
2603 626 2812 698 ἀγαθῆς
2838 627 3057 696 ὁμιλίας
3087 627 3148 679 τὸ
3179 627 3468 682 καλεῖσθαι
3526 647 3662 700 μνη-

2079 716 2321 780 σίκακος.
2367 717 2586 772 Τούτων
2652 718 2717 789 δὴ
2747 719 2858 771 τῶν
2886 717 3100 772 πολλῶν
3123 719 3344 789 σιγηλὸς
3371 721 3495 791 ἀρτι
3519 721 3656 789 ἐγὼ,

2074 801 2163 860 οἷα
2190 807 2287 861 καὶ
2332 808 2574 870 εἰσαῦθις
2609 809 2774 862 τόπον
2805 811 2888 873 είς
2937 810 3160 881 ἀγάπην
3215 813 3499 880 συντηρῶν
3554 815 3661 884 τὴν

2075 896 2441 967 καθήκουσαν.
2473 899 2664 953 Φιλίαν
2715 899 2823 970 γὰρ
2851 900 2954 972 τὴν
2996 902 3170 965 ὅντως
3207 902 3434 973 ὀκνήσοι
3464 920 3551 967 τις
3585 906 3657 957 ἂν

2077 988 2407 1058 ὑποσχέσθαι
2437 990 2766 1062 ἀνθρώποις,
2803 986 2886 1057 οἷς
2926 994 3222 1062 ἀπώμοτον
3268 995 3523 1064 καθάπαξ
3557 998 3656 1065 γέ-

2075 1097 2198 1148 γονε
2230 1081 2538 1151 φιλιοῦσθαι
2559 1101 2572 1113 ο
2595 1083 2693 1149 ὡς,
2729 1086 2782 1137 εῖ
2804 1101 2866 1152 γε
2897 1085 2975 1156 μὴ
3000 1086 3161 1139 τοῦτο
3191 1082 3284 1158 ῆν,
3304 1087 3420 1140 ἀλλ’
3449 1089 3656 1158 ἐκαρα-

2073 1171 2286 1226 δοκεῖτο
2315 1173 2596 1227 διαπεσεῖν
2621 1176 2717 1228 καὶ
2745 1176 2936 1229 τοῦτον
2984 1178 3171 1238 αὑτοῖς
3213 1179 3307 1231 τὸν
3340 1178 3523 1248 ὅρκον,
3549 1182 3654 1232 οὐκ

2073 1263 2139 1318 ἂν
2163 1264 2318 1328 ὕκνος
2348 1261 2417 1335 ῆν
2443 1267 2520 1337 τῷ
2547 1267 2835 1338 φρονοῦντι
2891 1270 3155 1341 παρέχειν
3206 1271 3410 1344 ἑαυτὴν
3459 1274 3653 1336 πατεῖν

2074 1355 2169 1408 καὶ
2198 1358 2312 1418 τοῖς
2335 1358 2624 1422 τοιούτοις.

2145 1446 2250 1516 λη’.
2279 1449 2392 1502 Ἵνα
2427 1449 2481 1502 δὲ
2516 1451 2708 1504 τούτου
2730 1451 2993 1524 ἀφέμενοι
3036 1451 3422 1522 ἀναθλίψωμεν
3449 1453 3540 1506 τὸν
3563 1452 3652 1506 λόο

2075 1556 2172 1606 γον
2201 1541 2280 1604 είς
2310 1541 2370 1594 τὸ
2413 1543 2626 1611 σεμνῶς
2670 1545 2768 1615 ῆδη
2825 1544 3038 1616 λεχθὲν,
3071 1544 3167 1598 καὶ
3220 1546 3330 1598 τῶν
3361 1546 3650 1616 προτέρων

2075 1631 2347 1699 reseces,
2376 1632 2548 1687 ἐθέλω
2588 1635 2912 1705 σοφισθῆναι
2970 1635 3110 1706 πρὸς
3142 1636 3253 1688 τῶν
3281 1638 3502 1690 εἰδότων
3547 1638 3647 1689 καὶ

402 1719 531 1772 que,
569 1702 860 1772 quomodo,
886 1702 1255 1758 miserationis
1303 1704 1462 1773 regia:
1501 1709 1837 1771 recordatus,
1864 1724 1970 1762 non

402 1795 604 1823 unum}...
640 1808 912 1823 -ΛΛιιΜΛ-Δ
955 1795 1112 1823 οἵω-,1
1146 1798 1457 1823 ΜΑΜΑ-ἔιι...
1493 1812 1674 1823 ..Α-η...
1729 1815 1822 1823 κ--
1853 1801 1940 1823 ---ε

2080 1722 2293 1792 μαθεῖν,
2326 1725 2473 1787 ὅπως
2514 1725 2582 1778 ἂν
2629 1726 2730 1795 τῆς
2765 1702 3055 1796 βασιλικῆς
3101 1727 3480 1800 ὲλεημοσύνης
3511 1731 3648 1782 ἀνα-

399 1795 604 1864 possim
640 1808 912 1850 resumere
955 1795 1115 1849 simul
1146 1798 1457 1850 memoriam
1491 1812 1696 1860 eorum.
1729 1815 1828 1868 pro
1849 1801 1970 1869 qui-

405 1890 504 1939 bus
534 1901 599 1939 ex
635 1884 765 1948 Deo,
797 1894 852 1939 et
881 1899 944 1938 ex
971 1885 1150 1940 divino
1181 1902 1307 1954 rege
1337 1889 1725 1944 misericordia:
1754 1893 1973 1946 ambro-

404 1978 484 2029 sia
514 1975 710 2043 pluerit
744 1991 905 2042 super
939 1990 1043 2030 me.
1069 1977 1351 2042 Quomodo
1375 1992 1501 2032 vero
1543 1994 1648 2034 non
1677 1983 1789 2035 haec
1817 1982 1975 2035 ambo

405 2066 738 2122 revolverem
791 2067 843 2121 in
881 2077 1077 2130 mente,
1125 2066 1270 2136 quod
1322 2081 1465 2136 saepe
1514 2069 1734 2138 quidem
1767 2070 1842 2124 illi
1883 2072 1972 2140 qui

404 2173 537 2213 sane
564 2171 775 2212 mecum
803 2167 950 2224 sunt,
980 2157 1261 2213 adversum
1298 2174 1395 2212 nos
1421 2161 1656 2214 inermes
1685 2162 1976 2231 sagittave-

405 2256 552 2312 runt,
589 2256 644 2300 et
686 2256 743 2300 ut
793 2247 932 2301 Deus
988 2261 1086 2302 nos
1117 2257 1406 2317 protegens
1434 2248 1632 2303 illaesos
1667 2251 1888 2318 eripuit,
1917 2259 1974 2304 et

401 2341 616 2409 linguas
666 2337 894 2406 iaculari
952 2337 1220 2403 laetantes,
1275 2348 1571 2395 retrorsum
1626 2353 1972 2407 convertens,

401 2429 654 2486 obtudit?
686 2429 797 2500 Ego
832 2443 962 2484 vero
1021 2429 1163 2495 dico,
1197 2429 1310 2485 ﬁeri
1360 2447 1462 2487 non
1504 2447 1662 2501 posse
1689 2442 1748 2488 ut
1786 2448 1976 2489 sensa-

405 2534 492 2578 tus
519 2533 571 2577 et
604 2537 812 2578 memor
876 2523 1001 2578 boni
1052 2524 1251 2594 regalis
1306 2523 1358 2577 in
1411 2538 1495 2577 me
1543 2524 1691 2593 facti,
1729 2541 1834 2582 non
1862 2543 1976 2582 meo

403 2613 654 2667 minerim
710 2613 870 2667 simul
917 2626 981 2666 ex
1039 2613 1142 2667 alia
1197 2621 1350 2682 parte
1416 2615 1816 2684 nequitiarum,
1872 2631 1973 2686 pro

401 2702 596 2770 quibus
623 2701 905 2758 descendit
935 2717 1098 2773 super
1132 2717 1217 2760 me
1263 2705 1480 2759 bonum.
1539 2705 1595 2760 Si
1634 2708 1756 2776 quis
1789 2719 1970 2762 autem

401 2796 466 2848 ad
500 2793 602 2848 hoc
627 2807 929 2864 repugnare
959 2793 1090 2858 vult,
1128 2792 1318 2848 vellem
1362 2809 1482 2850 eum
1523 2797 1575 2850 in
1607 2794 1836 2851 Thracia
1881 2812 1968 2853 se-

399 2885 749 2954 ptentrionali
778 2884 1052 2948 exsulare,
1079 2887 1146 2939 ad
1194 2887 1515 2940 audiendam
1540 2889 1696 2953 echo,
1735 2904 1853 2957 qua:
1889 2889 1972 2943 in-

400 2986 488 3030 ter
538 2975 673 3031 alias
719 2974 794 3030 ibi
829 2975 1107 3030 circuierit
1153 2975 1294 3042 loca,
1350 2977 1491 3044 quod
1547 2981 1830 3036 adversum
1873 2996 1971 3034 nos

2081 1813 2364 1882 μνησθεὶς,
2387 1814 2485 1867 οὐκ
2512 1814 2578 1867 ἂν
2602 1816 2782 1884 ἔχοιμι
2809 1817 3210 1886 ἀναλαμϐάνειν
3237 1818 3403 1882 εὐθὺς
3425 1820 3648 1890 μνήμην

2075 1904 2170 1955 καὶ
2203 1903 2312 1955 τῶν
2342 1905 2708 1974 πραγμάτων,
2742 1907 2830 1974 ἐφ’
2856 1901 2935 1970 οἷς
2962 1907 3026 1960 ἐκ
3053 1926 3112 1962 τε
3149 1908 3286 1962 Θεοῦ
3317 1909 3380 1963 ἐκ
3401 1926 3460 1962 τε
3489 1910 3650 1979 βασι-

2075 1993 2210 2056 λέως
2240 1994 2420 2047 ἓνθίου
2442 1996 2502 2048 τὸ
2535 1995 2633 2049 τοῦ
2661 1997 2842 2062 ὲλέους
2871 1998 3173 2070 ἀμϐρόσιον
3195 2001 3499 2073 ἐπεϐρέχθη
3527 2020 3642 2072 μοι.

2075 2085 2202 2147 Πῶς
2232 2085 2288 2138 δὶ
2322 2086 2421 2139 οὐκ
2447 2086 2512 2140 ἂν
2537 2088 2706 2157 ἄμφω
2734 2089 2910 2144 ταῦτα
2935 2093 3055 2163 εῖην
3077 2093 3361 2146 ἀναπολῶν
3390 2095 3470 2157 είς
3491 2094 3646 2162 νοῦν,

2073 2175 2155 2228 ὃτι
2191 2193 2248 2228 τι
2310 2177 2483 2231 πολλά
2521 2179 2620 2240 μὲν
2649 2180 2701 2232 οῖ
2749 2181 2911 2251 δῆθεν
2935 2184 3058 2253 ὶμοὶ
3110 2185 3286 2248 ὄντες,
3327 2185 3452 2239 καθ’
3482 2187 3650 2256 ἡμῶν

2073 2266 2290 2318 ἀόπλων
2317 2267 2486 2320 ὄντων
2514 2268 2704 2335 ὲτοξάσ
2715 2288 2859 2337 ιντο,
2915 2275 3008 2328 καὶ⁵
3033 2274 3108 2337 ὡς
3133 2277 3162 2328 6
3200 2274 3334 2338 Θεδς
3364 2278 3650 2341 σκεπάσας

2073 2357 2224 2426 qui;
2245 2358 2522 2426 ἀτρώτους
2551 2360 2891 2431 ὑπεξήγαγε,
2919 2366 3014 2417 καὶ
3035 2367 3133 2429 τὰς
3174 2367 3447 2436 ῖοχεαίρας
3474 2368 3654 2436 γλώσ.

2073 2466 2172 2512 σας
2196 2450 2543 2520 ἀπήμϐλυνε,
2567 2453 2804 2522 στρέψας
2833 2455 3101 2525 ἐμπαλιν;
3135 2457 3340 2526 ’Ἐγωγ⁹
3365 2455 3459 2512 οὖν
3479 2478 3648 2531 φημι,

2072 2543 2148 2606 ὡς
2173 2543 2274 2597 οὑκ
2303 2543 2742 2614 ἐστιφρονοῦντά
2789 2565 2857 2616 με
2891 2549 2988 2602 καὶ
3032 2551 3386 2620 μεμνημένον
3434 2552 3528 2605 τοῦ
3559 2552 3649 2606 ὑπ’

2074 2632 2198 2703 ἐμοὶ
2250 2632 2535 2702 βασιλικοῦ
2586 2635 2795 2704 ἀγαθοῦ
2831 2638 2908 2710 μὴ
2965 2641 3481 2712 συνεπιμεμνῆσθαι
3528 2644 3653 2714 ἅμα

2074 2725 2169 2777 καὶ
2193 2723 2304 2778 τῶν
2328 2726 2600 2796 ἑτέρωθεν
2631 2729 2861 2794 κακιῶν,
2906 2732 2994 2801 ἐφ’
3020 2729 3111 2795 αἶς
3151 2735 3495 2806 μετάδρομον
3524 2737 3652 2808 ἐμοὶ

2071 2813 2133 2866 τὸ
2167 2813 2351 2868 καλόν.
2379 2816 2514 2870 Είδέ
2544 2835 2630 2879 τις
2657 2818 2915 2889 καὶπρὸς
2945 2821 3104 2874 τοῦτο
3147 2821 3483 2894 ζυγομαχεῖν
3516 2824 3614 2894 βού
3633 2857 3653 2870 -

2071 2904 2240 2971 λεται,
2275 2907 2464 2977 ἤθελον
2494 2908 2658 2962 αὑτὸν
2686 2909 2789 2979 τῆς
2838 2911 3190 2984 βορειοτέρας
3240 2915 3463 2988 Θράκης
3490 2919 3651 2983 γενὸο

2075 3013 2254 3065 μενον,
2280 2997 2379 3067 τὴν
2410 2996 2528 3068 ἠχὼ
2558 2999 2772 3069 μαθεῖν,
2827 3000 2929 3071 ὅση
2959 3021 3046 3066 τις
3088 3005 3198 3058 τῶν
3233 3005 3355 3058 ἐκεῖ
3384 3007 3651 3078 περιῆλθε

405 3076 490 3122 est
512 3067 768 3130 reboans,
799 3079 866 3119 ex
897 3080 1004 3134 qua
1039 3066 1202 3121 veluti
1237 3067 1437 3122 tonitru
1465 3067 1666 3124 fuimus
1699 3072 1914 3126 attoniti
1948 3089 1962 3126 :

2074 3066 2351 3156 βομϐοῦσα
2529 3066 2654 3142 καθ’
2683 3090 2863 3160 ἡμῶν,
2917 3066 2976 3156 ἐξ
3005 3087 3073 3163 ἧς
3120 3066 3648 3166 ἑμϐεϐροντήιμεθαο

400 3169 456 3212 ct
509 3167 866 3226 cognosceret
903 3156 1013 3224 ille,
1054 3156 1292 3226 qualium
1352 3173 1449 3213 nos
1504 3160 1648 3216 nude
1679 3177 1967 3229 memores,

400 3247 561 3316 quale
615 3262 811 3304 nomen
869 3262 972 3300 non
1035 3247 1170 3303 bene
1231 3248 1649 3304 obtinuerimus.
1707 3250 1971 3306 Memores

402 3338 550 3391 enim
613 3337 754 3405 quod
811 3335 990 3390 vexati
1068 3351 1288 3400 sumus,
1350 3339 1451 3392 hoc
1516 3339 1636 3408 ipso
1704 3355 1971 3395 memores

403 3425 624 3494 injuria:
648 3424 901 3482 dicimur.
924 3425 1040 3482 lmo
1062 3427 1140 3480 sic
1174 3428 1387 3496 quidem
1408 3444 1508 3498 ego
1538 3431 1832 3488 discutiens
1853 3448 1972 3486 um-

399 3520 552 3582 bras,
586 3528 642 3572 et
686 3518 946 3572 falsorum
983 3519 1196 3572 virtutis
1227 3520 1563 3586 signatorum
1597 3522 1969 3589 phantasmata

400 3613 692 3681 dissipans,
723 3619 778 3666 et
806 3625 900 3669 eos
929 3611 1022 3679 qui
1056 3610 1282 3665 fratrum
1329 3621 1602 3666 amatores
1633 3614 1882 3669 videntur
1913 3626 1971 3669 ut

401 3703 659 3758 simulent
695 3705 916 3767 bonum,
968 3700 1322 3757 manifestans
1363 3712 1417 3758 et
1455 3705 1820 3760 exsecrandos
1857 3723 1973 3760 nut-

402 3797 479 3851 tui
525 3805 711 3867 partus
751 3794 819 3850 ad
860 3796 1110 3849 abortum
1162 3795 1430 3850 adducere
1478 3809 1704 3864 conans,
1745 3798 1968 3852 menda—

399 3889 656 3955 ciumque
710 3884 1042 3940 dmmonihus
1099 3897 1300 3940 sortem
1351 3885 1635 3956 relegans.
1711 3895 1965 3958 tanquam

400 3987 636 4036 mentem
673 3977 880 4034 habens
915 3978 978 4030 ad
1016 3979 1182 4032 Deum
1210 3978 1478 4042 veritatis,
1509 3987 1566 4032 et
1596 3978 1965 4046 creterajuxta

401 4069 632 4123 similem
654 4068 901 4122 ordinem
937 4067 1347 4134 administrans,
1373 4080 1429 4124 et
1464 4084 1738 4138 nunquam
1776 4071 1969 4125 oblivi-

401 4173 584 4224 scens,
611 4158 704 4212 sed
731 4155 1024 4211 recordans
1047 4157 1218 4212 malos
1245 4158 1502 4213 reddendi
1536 4159 1801 4227 meliores,
1828 4176 1967 4230 prae-

403 4247 636 4317 cipitor,
689 4260 795 4314 quo
849 4245 1217 4302 demittendus
1271 4256 1355 4302 est
1421 4251 1779 4310 exsecrabilis
1839 4254 1967 4314 mali

403 4353 631 4392 memor.

473 4515 562 4571 59.
607 4513 788 4570 llabeo
833 4525 1010 4569 tamen
1065 4531 1316 4586 magnum
1352 4519 1550 4583 Eliam,
1588 4520 1862 4578 caelestem
1913 4537 1970 4582 et

403 4609 559 4679 juxta
595 4607 818 4663 Paulum
865 4618 1033 4662 totum
1084 4609 1285 4679 ignem,
1318 4627 1382 4665 eo
1413 4613 1555 4681 quod
1586 4615 1971 4683 indignationis

401 4705 527 4768 igne
562 4699 856 4753 secundum
908 4699 1160 4767 spiritqu
1216 4703 1504 4770 mstuabal,
1567 4706 1855 4778 ignemque
1902 4712 1969 4767 de

401 4791 541 4847 casio
574 4791 840 4857 evocavit,
879 4799 1043 4859 atque
1081 4792 1271 4862 igneus
1295 4811 1509 4849 sursum
1544 4796 1836 4868 fert-batur,
1873 4819 1969 4872 pro

398 4897 486 4936 me
519 4882 850 4950 loquentem,
880 4893 933 4936 et
979 4883 1198 4939 aliunde
1224 4901 1342 4955 quze
1385 4903 1502 4942 mea
1556 4899 1680 4944 sunt
1711 4896 1963 4964 priniigu-

399 4979 629 5034 rantem,
669 4971 720 5024 in
768 4987 836 5025 eo
863 4972 1008 5042 quod
1062 4973 1322 5027 malorum
1365 4991 1587 5045 operum
1622 4982 1958 5050 recordatus,

399 5077 506 5114 nun
539 5060 709 5114 solum
740 5059 842 5117 hoc
869 5062 1079 5117 consilii
1124 5079 1346 5133 prorsus
1377 5067 1543 5123 verbo
1598 5086 1661 5125 ac
1713 5071 1827 5144 lege
1867 5077 1962 5128 ad-

398 5167 614 5216 moneo,
649 5152 744 5208 sed
785 5163 839 5208 et
882 5157 1064 5224 aperte
1098 5159 1457 5225 reprehendo,
1507 5165 1806 5232 suspiciens
1836 5168 1960 5236 qui-

397 5245 518 5299 dem
568 5261 651 5300 tue
694 5245 820 5302 odio
869 5247 1197 5316 habendum,
1242 5251 1396 5322 juxta
1452 5255 1654 5310 dictum
1706 5261 1968 5329 sapientis

400 5337 758 5408 partemiasta:
785 5378 799 5404 ,
823 5339 948 5408 quia
981 5355 1084 5396 non
1127 5344 1400 5414 sapientes
1438 5361 1627 5416 arguo,
1661 5365 1760 5405 nec
1793 5363 1968 5407 tamen

365 5427 480 5482 ‘sic
555 5429 700 5500 loqui
796 5433 1238 5500 praiterniitteus.
1288 5435 1600 5494 Trucidavit
1667 5442 1809 5495 enim
1883 5443 1972 5499 ille

399 5523 706 5577 sacerdotes
740 5523 830 5592 qui
881 5538 938 5578 se
975 5537 1233 5585 voverant
1263 5529 1586 5609 opprobrio;
1644 5547 1741 5588 uec
1796 5543 1970 5592 tamen

473 5696 510 5726 “
558 5697 718 5751 llcbt‘.
752 5717 798 5758 χ,
835 5700 923 5754 9.5.

2078 3177 2171 3230 καί
2197 3179 2338 3243 ἔγνω
2367 3179 2433 3233 ἂν
2461 3180 2490 3232 ὁ
2535 3179 2800 3248 τοιοῦτος,
2832 3183 2963 3237 οῖων
2989 3187 3152 3253 ἡμεῖς
3182 3189 3523 3258 μεμνημένοι
3551 3190 3652 3259 ψι-

2072 3268 2202 3333 λῶς,
2229 3271 2413 3322 ὁποῖον
2437 3267 2788 3341 λαγχάνομεν
2821 3272 2996 3344 ὄνομα
3025 3277 3088 3328 οὑ
3114 3277 3316 3340 καλῶς.
3346 3279 3651 3351 Μεμνημέ-

2071 3377 2153 3413 vos
2192 3359 2300 3430 γὰρ
2326 3361 2671 3432 κακωθῆναι,
2710 3367 3194 3438 παραγραφόμεθα
3215 3369 3304 3424 διὰ
3332 3373 3496 3441 μόνον
3516 3375 3651 3428 αὐτὸ

2071 3453 2150 3513 είς
2202 3452 2561 3520 μνησίκακον.
2605 3454 2745 3508 Ἀλλ’
2787 3456 2930 3512 οῦτω
2979 3459 3078 3529 μὲν
3137 3462 3248 3530 ἐγὼ
3303 3464 3649 3534 διαφωτίζων

2070 3559 2168 3606 τας
2206 3543 2384 3607 σκιὰς,
2423 3547 2518 3598 καὶ
2547 3545 2648 3607 τὰς
2683 3549 2992 3616 φαντασίας
3045 3554 3154 3604 τῶν
3179 3551 3649 3627 ψευδεπιγράφων

2069 3633 2139 3686 τά
2171 3635 2251 3696 είς
2283 3633 2489 3705 ἀρετὴν
2519 3636 2863 3704 διευκρινῶν,
2893 3641 3144 3706 καὶτοὺς
3187 3643 3482 3710 δοκοῦντας
3519 3649 3648 3717 φιλ-

2070 3723 2336 3794 αδέλφους
2358 3726 2775 3794 ἀνακαλύπτων,
2820 3731 2898 3794 ὡς
2947 3732 3336 3802 ὑποκρίνονται
3369 3737 3430 3791 τδ
3454 3741 3646 3807 καλὸν,

2071 3815 2167 3869 καὶ
2193 3816 2320 3878 τοὺς
2343 3817 2655 3888 ἐπαράτους
2683 3821 2874 3884 τόκους
2905 3822 3292 3893 ὲξαμϐλίσκειν
3322 3829 3645 3900 ἐπιχειρῶν,

2071 3904 2168 3958 καὶ
2195 3903 2295 3975 τὴν
2321 3905 2573 3978 διαϐολὴν
2601 3910 2982 3977 καταϐάλλων,
3013 3915 3108 3965 καὶ
3137 3915 3199 3966 τὸ
3233 3915 3428 3984 ψεῦδος
3451 3918 3648 3988 δαίμο-

2072 4013 2156 4050 σιν
2187 3996 2538 4068 ἀποκληροῦν,
2569 3995 2657 4052 οἶα
2682 4001 2773 4054 τὸν
2807 4001 2928 4054 νοῦν
2951 4002 3090 4072 ἔχων
3115 4006 3256 4076 πρὸς
3283 4008 3362 4076 τῷ
3389 4009 3486 4077 τῆς
3506 4010 3650 4079 ἀλη-

2073 4085 2227 4148 θείας
2257 4087 2396 4158 Θεῷ,
2445 4090 2539 4142 καὶ
2566 4089 2738 4143 τᾶλλα
2761 4090 2816 4143 δὲ
2868 4093 3010 4145 κατὰ
3043 4095 3361 4164 συστοιχίαν
3383 4097 3648 4166 τοιαύτην

2071 4177 2597 4248 διοικονομούμενος,
2626 4182 2721 4233 καὶ
2746 4182 3018 4251 μηδέποτε
3039 4183 3458 4256 λανθανόμενος,
3502 4187 3649 4243 ἀλλὰ

2077 4269 2431 4340 μεμνημένος
2476 4270 2567 4324 τοῦ
2603 4271 2851 4342 βελτιοῦν
2899 4275 3029 4338 τοὺς
3084 4275 3311 4340 κακοὺς,
3343 4279 3648 4349 κρημνιζο-

2079 4377 2198 4429 μαι,
2235 4361 2360 4416 ὅποι
2408 4362 2515 4432 χρὴ
2551 4362 2905 4435 βοθρεύεσθαι
2961 4365 3055 4424 τὶν
3100 4367 3377 4436 ἐπάρατον
3447 4370 3646 4440 μνησί-

2076 4471 2262 4510 κακον.

2146 4545 2243 4600 λθ¹.
2277 4547 2424 4616 Ἔχω
2453 4548 2507 4602 δὲ
2541 4549 2691 4618 ὅμως
2729 4549 2821 4603 τὸν
2856 4549 3030 4620 μέγαν
3064 4549 3252 4604 Ἠλίαν
3284 4549 3375 4604 τὸν
3411 4550 3642 4621 οὐρανο-

2076 4635 2306 4706 ῦάμονα,
2339 4639 2436 4690 καὶ
2458 4639 2594 4709 πρὸς
2627 4639 2842 4692 Παύλου
2869 4640 2961 4692 τὸν
2989 4640 3108 4694 ὅλον
3139 4639 3272 4710 πῦρ,
3308 4637 3390 4702 οἷς
3421 4657 3482 4694 τε
3504 4643 3646 4712 πυρὶ

2075 4724 2248 4796 θυμοῦ
2278 4729 2416 4782 κατὰ
2441 4728 2658 4800 πνεῦμα
2681 4729 2824 4795 ἔζεε,
2866 4735 2962 4784 καὶ
2993 4729 3103 4801 πῦρ
3141 4731 3198 4785 δὲ
3225 4732 3465 4802 κατῆγεν
3504 4732 3646 4786 ἀνω-

2074 4816 2190 4882 θεν,
2215 4818 2308 4869 καὶ
2341 4819 2613 4889 ὲμπύριος
2663 4822 2982 4891 ἀνεφέρετο,
3020 4823 3159 4893 ὑπὲρ
3190 4822 3324 4893 ἐμοῦ
3355 4822 3642 4888 λαλοῦντα,

2077 4909 2172 4959 καὶ
2202 4907 2376 4972 ἄλλως
2400 4910 2468 4966 τὰ
2497 4909 2614 4964 κατ’
2651 4912 2752 4982 ἐμὲ
2773 4911 3156 4978 διατυποῦντα,
3195 4913 3277 4982 ἐφ’
3325 4909 3408 4978 οἷς
3434 4932 3646 4984 μεμνη-

2076 4999 2236 5065 μένος
2269 5000 2563 5066 πρακτέων
2591 5001 2832 5067 φαύλων,
2862 5002 2922 5054 οὑ
2953 5003 3114 5071 μόνον
3135 5002 3385 5072 παραινῶ
3410 5004 3644 5072 συμϐου-

2072 5087 2169 5158 λῆς
2200 5090 2360 5144 τοῦτό
2387 5108 2450 5160 γε
2482 5093 2698 5157 πάντως
2729 5093 2874 5165 λόγῳ
2920 5093 3016 5146 καὶ
3045 5094 3218 5165 νόμῳ,
3249 5093 3386 5148 ἀλλά
3412 5113 3512 5148 που
3551 5099 3646 5150 καὶ

2070 5177 2368 5248 ἐξελέγχω,
2421 5180 2670 5236 ὑπονοῶν
2704 5182 2826 5251 μὲν,
2877 5182 2953 5246 ὡς
2983 5183 3363 5256 μισηθήσομαι
3389 5188 3531 5241 κατὰ
3552 5187 3645 5240 τὸν

2071 5268 2237 5336 σοφὸν
2265 5272 2443 5324 είπεῖν
2479 5274 2910 5345 παροιμιαστῆν,
2949 5276 3035 5343 ἐφ’
3080 5274 3160 5339 οἷς
3192 5278 3249 5331 οἰ
3304 5279 3497 5348 σοφοὺς
3527 5279 3646 5344 ἐξε·

2071 5357 2268 5426 λὲγξω,
2301 5362 2400 5414 οὐκ
2429 5362 2598 5426 ἀνιεὶς
2633 5363 2689 5416 δὲ
2721 5365 2868 5434 ὅμως
2912 5363 3054 5418 οὕτω
3109 5371 3304 5423 ποιεῖν.
3369 5371 3642 5440 Ἕσφαττε

2072 5449 2173 5520 μὲν
2204 5451 2312 5521 γὰρ
2344 5453 2548 5516 ἐκεῖνος
2585 5455 2773 5525 ἱερεῖς,
2825 5455 2921 5520 οὓς
2957 5456 3255 5529 ἐκληροῦτο
3303 5461 3337 5530 ῆ
3368 5462 3598 5532 αἰσχύνη
3624 5479 3640 5493 ο

2071 5539 2170 5592 οὐκ
2227 5542 2500 5615 ἐνεγράφη
2555 5542 2611 5596 δὲ
2678 5544 2846 5617 βίϐλῳ
2919 5549 3440 5618 μνησικακοῦντων,
3509 5550 3645 5612 ἀλλὰ
