4034 6206
350 335 456 399 411

1334 334 1632 396 CONTRA
1670 324 2160 393 INIURIARUM
2188 329 2242 392 M
2254 327 2633 390 EMORIAM.

3492 333 3602 401 442

349 447 604 520 ζηλωτὴς
629 442 698 519 ἦν
730 448 761 502 ὁ
800 447 1160 518 θερμότατος.
1205 446 1512 508 Ἐξεκύντει
1541 444 1635 497 καὶ
1660 445 1689 496 ὀ
1712 438 1918 504 Φινεὲς,

2031 434 2154 490 mali
2184 451 2484 492 memorum
2517 436 2784 508 ascriptus
2825 446 2911 495 est
2968 455 3196 497 numero
3220 483 3235 504 ,
3264 445 3357 497 sed
3399 448 3604 505 zelator

349 542 406 595 ετ
425 542 515 605 τίς
545 558 649 595 που
688 541 860 605 κακὸς
907 538 1008 611 ἧν·
1043 533 1146 594 καῖ
1167 539 1196 592 ὁ
1251 539 1528 594 ἑκκυντῶν
1557 537 1635 609 (l)
1666 533 1929 605 σειρομά-

347 631 775 702 ατηςὺμνεῐται,
799 631 893 686 καὶ
911 633 1010 684 οὐκ
1036 629 1103 700 ἦν
1145 631 1253 685 οὐδ’
1276 633 1483 694 ἐκεῖνος
1541 627 1881 699 μνησικακος
1907 638 1925 655 ⁶

345 722 500 792 ζήλῳ
528 722 585 776 δι
615 721 744 792 θείῳ
768 724 863 776 καὶ
892 724 1024 776 αὐτὸ
1055 723 1423 793 ἐπεγράφετο.
1460 722 1704 792 Ἔχασκε
1735 719 1807 788 γῆ
1833 716 1928 769 καὶ

346 813 614 866 κατέπινε
660 814 886 879 κακοὺς,
927 812 1222 867 ἱκδικοῦσα
1247 814 1376 877 τοὺς
1404 812 1812 883 μεμνημένους,
1841 808 1926 861 ὅτι

344 904 512 956 κακοὶ
536 905 740 958 ἐκεῖνοι
760 920 775 935 ⁸
808 905 906 958 καὶ
928 905 979 957 οἱ
1026 903 1127 975 τὴν
1166 903 1386 975 μνήμην
1412 902 1629 973 ἔχοντες
1672 901 1773 953 οὐκ
1802 897 1928 968 ἑψέ-

342 1013 530 1064 τοντο.
575 995 769 1066 Ἦμεῐς
802 997 860 1049 δὲ
894 997 1193 1065 φεύγοντες
1247 995 1408 1066 μόνον
1444 994 1573 1057 τοὺς
1612 991 1734 1047 καθ’
1767 990 1926 1061 ἡμῶν

356 1083 623 1152 Ἰεζάϐελ,
655 1085 752 1138 καὶ
801 1085 962 1155 μόγις
990 1083 1135 1139 οὕτω
1191 1083 1647 1154 περισωζόμενοι,
1705 1083 1801 1135 καὶ
1834 1096 1929 1150 με·

344 1176 618 1246 μνημένοι
669 1175 1037 1246 φυλάττεσθαι
1083 1174 1179 1229 τοῦ
1246 1175 1442 1240 κακοῦ,
1497 1170 1923 1243 παρανοούμεθα

344 1270 426 1333 τις
462 1270 823 1341 μνησίκακον.

314 1348 338 1445 ἦ
422 1444 497 1517 μ’.
530 1447 639 1500 Καὶ
690 1446 798 1516 μὴν
856 1448 1045 1518 μνήμη
1092 1444 1266 1500 κακοῦ
1322 1410 1375 1516 ἡ.
1395 1446 1495 1517 μέν
1550 1444 1633 1507 τίς
1667 1446 1815 1498 ἐστιν
1837 1443 1924 1514 ἐφ’

346 1541 505 1610 ημῖν,
537 1539 605 1609 ην
632 1540 735 1591 ὅσα
785 1538 880 1592 καὶ
914 1539 1186 1609 μηχαναῖς
1214 1541 1336 1602 ταῖς
1368 1538 1527 1596 ίδεαις
1556 1535 1771 1606 ὀρέξεσι
1802 1553 1920 1588 κει-

345 1629 522 1699 μένην
576 1627 879 1697 σαλεύομεν
936 1628 1404 1690 ἁνασκάλλοντεςο
1451 1629 1483 1695 ή
1534 1627 1588 1680 δέ
1619 1644 1703 1689 τις
1748 1622 1921 1678 κακοῦ

346 1720 540 1791 μνήμη
568 1720 669 1772 οὐκ
691 1719 1019 1790 αὐτόχρημα
1052 1722 1146 1773 καὶ
1170 1721 1258 1773 ἀεὶ
1286 1720 1375 1788 ἐφ’
1420 1721 1554 1789 ἡμῖν
1584 1720 1758 1780 ἐστιν,
1782 1716 1919 1770 ἀλλὰ

345 1813 511 1882 φύσις
549 1813 721 1881 αὐτὴν
752 1813 1018 1866 ἀπόθετον
1049 1816 1107 1866 ὲν
1134 1816 1248 1875 τοῖς
1282 1812 1404 1866 κατ’
1432 1813 1603 1883 αὐτὴν
1649 1812 1918 1880 ταμιείοις

346 1905 633 1974 τηρήσασα
664 1904 944 1972 τυγχάνει,
976 1901 1309 1958 ἀνακινοῦσα
1366 1904 1455 1956 ὅτε
1481 1921 1533 1956 τι
1556 1904 1710 1972 λάχοι
1735 1919 1919 1972 παρα.

344 1995 560 2048 πεσεῖν.
593 1992 750 2047 Οὕτω
775 1994 947 2047 κακοῦ
980 2011 1065 2057 τις
1101 1994 1531 2064 πεπειραμένος,
1565 1996 1660 2047 καὶ
1698 1994 1922 2047 ἐκλαθξ-

345 2104 512 2158 μενος
544 2085 666 2156 μὲν,
728 2088 1174 2157 περιτετυχηκὼς
1206 2087 1263 2140 δέ
1316 2104 1448 2141 ποτε
1477 2085 1557 2159 τῷ
1585 2086 1914 2157 λυπήσαντι,

345 2178 442 2231 καὶ
463 2176 610 2246 λόγῳ
636 2177 692 2229 δέ
718 2192 827 2229 τινι
861 2176 936 2240 ὡς
972 2179 1120 2241 εἰκὸς
1177 2177 1553 2248 ὑπομνησθεὶς
1600 2179 1737 2246 πρὶς
1763 2176 1920 2230 ἐνθύ-

346 2287 499 2340 μιον,
528 2269 872 2332 ἀνακαινίζιι
904 2269 964 2323 τὸ
995 2270 1096 2341 ἠδη
1130 2275 1450 2342 γεγηρακδς
1481 2270 1582 2339 τῆς
1614 2272 1856 2342 μνήμης,
1884 2269 1916 2341 ἢ

344 2362 445 2416 καὶ
468 2361 545 2425 ὡς
578 2355 668 2414 οἷα
696 2360 960 2432 τεθνηκθις
1011 2363 1272 2426 ἀναζωοῖ.
1319 2365 1433 2418 Καὶ
1481 2363 1643 2417 τοῦτο
1695 2364 1795 2433 μὲν
1819 2365 1920 2417 οὐκ

344 2453 464 2507 εστι
513 2436 875 2525 μνησικακεῖν
943 2454 1137 2509 εἰπεῖν.
1194 2455 1321 2518 Πῶς
1373 2456 1484 2526 γὰρ
1537 2456 1604 2509 ἂν
1654 2455 1741 2526 είη
1781 2473 1922 2527 μνη-

347 2547 579 2609 σίκικος
624 2548 655 2600 ὁ
708 2547 933 2618 μνήμην
976 2548 1077 2617 μὲν
1127 2547 1415 2603 ἀναλαοὼν
1465 2548 1662 2616 κακοῦ,
1694 2550 1919 2619 ἠρεμῶν

345 2638 405 2691 δὲ
440 2641 521 2703 εἰς
546 2639 886 2705 ἀντίποινον;
948 2641 1011 2694 Ei
1039 2641 1084 2694 δ’
1115 2640 1291 2705 ἄλλως
1320 2643 1417 2698 ἐπὶ
1461 2644 1731 2711 φθάσαντι
1761 2642 1919 2713 δεινῷ

347 2731 647 2799 έρεθίζοιτο
677 2732 818 2802 πρὸς
837 2732 1073 2803 ἄμυναν,
1106 2735 1252 2788 κακὰ
1285 2733 1528 2805 μελετῶν
1547 2774 1563 2800 ,
1601 2736 1737 2788 ἀλλὰ
1763 2736 1921 2789 τοῦτο

352 2827 718 2893 μνησικακεῖν
775 2825 896 2878 εστὶ
950 2827 1093 2879 κατὰ
1138 2826 1200 2878 τὸ
1250 2826 1428 2897 πάντῃ
1488 2826 1918 2895 ἀναμφίὶεκτον.

348 2914 559 2967 υύκοῦν
588 2913 618 2967 ὃ
642 2916 742 2983 μὲν
770 2917 801 2984 ἡ
824 2913 987 2983 φύσις
1012 2916 1292 2971 κάνταῦθα
1327 2919 1495 2985 ποιεῖ,
1547 2918 1751 2987 ᾶψογόν
1778 2921 1917 2981 lori,

349 3006 446 3058 xxi.
475 3006 597 3059 οὐδὲ
626 3008 708 3069 ιίς
762 3005 961 3060 κακίαν
986 3008 1196 3072 πίπτει,
1243 3009 1361 3062 ἀλλ’
1392 3010 1470 3072 είς
1498 3011 1916 3081 ἁναμνηστικὴν

2024 525 2135 583 fuit
2162 528 2597 583 ardentissimus.
2625 528 2997 602 Transﬁgehat
3022 548 3242 605 quoque
3270 536 3524 606 Phinees,
3555 543 3600 596 si

2030 619 2153 688 quis
2180 617 2321 674 forte
2355 620 2530 675 malus
2555 631 2739 687 esset;
2777 634 2831 678 et
2856 628 3181 698 transﬁgens
3219 631 3370 686 hasta
3411 633 3599 689 lauda-

2035 718 2148 773 tur,
2187 725 2287 763 nec
2322 709 2423 763 fuit
2459 710 2548 766 ille
2579 710 2702 765 mali
2750 728 2990 781 memor,
3020 720 3114 771 sed
3148 718 3264 773 zelo
3294 722 3475 777 divino
3503 723 3603 784 fuit

2034 801 2138 856 hoc
2187 802 2518 881 attributum
2550 820 2564 856 :
2603 804 2771 857 hiavit
2803 813 2947 861 terra
2992 808 3271 881 malosque
3297 815 3599 884 absorbuit,

2029 891 2312 945 vindicans
2343 904 2440 945 eos
2482 889 2576 961 qui
2618 892 2979 950 meminerant
3017 898 3086 952 ob
3154 899 3382 958 istorum
3442 908 3598 960 mali-

2030 980 2158 1034 tiam
2185 990 2237 1035 et
2260 981 2311 1034 hi
2343 982 2432 1049 qui
2464 983 2776 1038 memoriam
2810 992 3111 1052 tenuerant,
3143 1006 3248 1045 non
3287 996 3595 1064 reprehensi

2027 1082 2174 1125 sunt.
2226 1071 2338 1128 Nos
2385 1080 2567 1129 antem
2604 1091 2699 1132 eos
2728 1076 2820 1145 qui
2867 1087 3056 1134 contra
3089 1096 3190 1135 nos
3221 1097 3347 1139 sunt
3377 1086 3597 1145 Iezabel

2026 1165 2371 1220 solummodo
2421 1166 2712 1235 fundentes,
2744 1176 2798 1223 et
2834 1170 2903 1224 ita
2939 1171 3024 1224 vix
3066 1172 3298 1229 salutem
3341 1179 3595 1235 obtinen-

2029 1264 2128 1322 tes,
2176 1268 2227 1311 et
2276 1257 2473 1312 malum
2504 1260 2706 1314 vitandi
2753 1261 3125 1330 recordantes,
3154 1268 3282 1320 mali
3327 1284 3598 1328 memores

2027 1349 2382 1415 repntamur!

2096 1438 2189 1491 ιο.
2232 1439 2482 1494 Attamen
2517 1450 2600 1495 est
2647 1444 2893 1512 quaedam
2940 1445 2994 1500 in
3026 1447 3186 1504 nobis
3209 1452 3427 1521 quidem
3468 1456 3595 1510 mali

2027 1528 2310 1593 memoria,
2357 1544 2541 1597 quam,
2596 1532 2758 1587 veluti
2801 1534 3292 1596 machinationibus
3363 1545 3595 1613 propriis

2024 1619 2313 1674 desideriis
2332 1619 2601 1688 iacentem
2625 1623 2913 1679 excitando
2968 1641 3245 1684 movemus
3269 1648 3285 1687 :
3310 1644 3391 1688 est
3415 1646 3593 1691 autem

2025 1713 2205 1780 aliqua
2237 1712 2363 1767 mali
2398 1716 2682 1780 memoria,
2707 1731 2827 1785 quae
2855 1733 2959 1773 non
2985 1734 3206 1789 prorsus
3241 1741 3343 1780 nec
3373 1744 3593 1797 semper

2023 1802 2078 1855 in
2113 1803 2268 1858 nobis
2302 1810 2406 1867 est,
2452 1804 2547 1858 sed
2583 1820 2742 1873 quam
2771 1818 2965 1862 natura
3008 1812 3124 1867 suis
3166 1814 3218 1868 in
3254 1820 3593 1885 repositoriis

2023 1891 2320 1958 depositam
2396 1902 2601 1958 servat,
2654 1897 2986 1952 resnscitans
3027 1916 3148 1955 cum
3193 1906 3390 1960 accidit
3432 1906 3593 1975 quid-

2022 1996 2185 2049 quam
2229 1995 2537 2037 ccrurrere.
2563 1982 2653 2038 Sic
2671 1986 2865 2040 malum
2892 1987 3084 2057 aliquis
3098 2002 3374 2061 expertus,
3397 1996 3595 2052 ohlitns

2021 2070 2239 2139 quidem
2284 2079 2400 2136 est;
2430 2071 2524 2125 sed
2557 2072 2633 2127 illi
2665 2075 2755 2143 qni
2787 2078 3133 2135 contristavit
3158 2084 3368 2137 obviam
3393 2083 3589 2152 factus,

2021 2169 2072 2216 ct
2100 2161 2333 2229 quodam
2371 2164 2555 2228 modo,
2591 2164 2734 2220 sicut
2761 2169 3003 2223 naturale
3031 2183 3135 2235 est,
3176 2174 3243 2228 ad
3270 2178 3588 2233 memoriam

2020 2255 2345 2327 cogitatione
2363 2267 2668 2321 revocatus,
2685 2260 2829 2328 quod
2846 2258 2957 2328 jatn
2977 2260 3030 2314 in
3054 2264 3312 2320 memoria
3336 2276 3593 2323 senuerat

2022 2360 2266 2413 renovat,
2286 2350 2370 2404 vel
2394 2349 2539 2421 quod
2571 2351 2754 2421 aliquo
2776 2353 2938 2407 modo
2971 2363 3241 2412 mortuum
3274 2370 3393 2415 erat
3435 2378 3588 2417 resu-

2020 2443 2202 2498 scitat.
2236 2442 2300 2497 Et
2331 2442 2434 2497 hoc
2464 2443 2683 2513 quidem
2743 2459 2848 2498 non
2877 2455 2959 2501 est
3002 2448 3128 2503 mali
3165 2453 3479 2510 meminisse
3509 2456 3594 2511 di-

2022 2534 2275 2591 cendum.
2327 2535 2610 2601 Quomodo
2660 2537 2806 2591 enim
2858 2538 2981 2593 mali
3036 2554 3246 2599 memor
3299 2558 3442 2603 esset
3495 2552 3586 2619 qni

2023 2627 2337 2681 memoriam
2368 2626 2587 2695 quidem
2613 2627 2739 2680 mali
2770 2628 3062 2698 recipiens,
3083 2631 3149 2687 ad
3174 2635 3587 2695 retributionem

2026 2729 2204 2771 tamen
2243 2717 2519 2786 quiescit?
2587 2718 2643 2772 Si
2681 2732 2807 2773 vero
2856 2735 3015 2776 secus
3053 2738 3218 2793 super
3247 2729 3591 2796 praecedente.

2022 2810 2224 2864 damno
2283 2809 2589 2864 irritaretnr
2621 2810 2689 2863 ad
2739 2811 3055 2878 vindictam,
3110 2814 3249 2869 mala
3294 2819 3585 2889 meditans,

2022 2903 2125 2957 hoc
2147 2916 2370 2970 prorsus
2402 2904 2521 2957 sine
2554 2901 2718 2957 dubio
2749 2912 2892 2957 esset
2921 2904 3049 2959 mali
3074 2908 3408 2964 meminisse.
3432 2915 3586 2979 Quod

2026 2992 2193 3062 igitur
2224 2992 2313 3046 hic
2349 2992 2461 3060 agit
2490 3002 2705 3057 natura,
2736 2992 3208 3062 irreprehensibile
3244 3011 3348 3065 est,
3403 3018 3501 3058 nec
3532 3004 3587 3058 in

346 3101 603 3154 τάττεται
653 3104 892 3172 κίνησιν.
939 3102 1005 3155 ‘0
1061 3103 1119 3156 δὲ
1173 3105 1336 3174 ἡμεῖς
1392 3105 1916 3174 περιεργασάμεθα,

2025 3082 2285 3137 malitiam
2311 3083 2475 3147 cadit,
2509 3083 2602 3137 sed
2633 3082 2684 3136 in
2714 3099 3007 3139 memorem
3037 3086 3326 3145 ordinatur
3357 3105 3582 3150 motum.

352 3192 697 3263 μνησίκακον
748 3194 951 3259 έκεῖνο,
1006 3196 1101 3246 καὶ
1163 3194 1369 3263 ζωῖκῆς
1424 3196 1525 3264 μὲν
1574 3197 1744 3257 illo);
1791 3199 1919 3250 ἀκο-

347 3283 589 3346 λουθίας,
614 3283 676 3336 ού
712 3284 823 3353 μὴν
869 3284 969 3352 τῆς
998 3286 1120 3338 κατ’
1178 3285 1467 3356 ἄνθρωπον
1491 3274 1787 3356 ’ἀρετῶντα
1820 3289 1916 3340 καὶ

347 3376 425 3446 τῷ
454 3377 725 3445 κρείττονι
745 3376 1087 3445 ὁσιούμενον.
1124 3378 1284 3446 Λέγω
1311 3379 1370 3430 δὲ
1400 3378 1597 3442 ζωῖκδν
1622 3381 1681 3431 έν
1705 3380 1916 3445 τούτοις

348 3466 411 3519 τὸ
432 3468 524 3518 ἐπὶ
555 3465 802 3518 κακώσει
826 3465 1148 3535 ἀμυντικὸν,
1174 3466 1202 3518 ὃ
1228 3468 1323 3519 καὶ
1344 3467 1394 3520 οἱ
1425 3467 1646 3521 παλαιοὶ
1678 3468 1919 3521 ἐκτίθεν-

348 3575 461 3623 ται,
491 3558 584 3611 τὸν
637 3556 766 3627 βοῦν
813 3556 1062 3622 εἰπόντες
1094 3558 1285 3629 κέρατι
1316 3560 1516 3627 παίειν,
1556 3561 1610 3615 εἴ
1636 3578 1721 3624 τις
1753 3561 1917 3615 αύτδν

347 3650 610 3719 ὲρεθίζει,
658 3650 754 3703 τὸν
781 3651 946 3704 ἵππον
972 3650 1136 3721 ὁπλῇ,
1166 3653 1258 3704 τὸν
1309 3652 1470 3705 ἀετὸν
1502 3653 1741 3724 γαμψοῖς
1768 3654 1916 3720 owe:

351 3740 633 3810 βλάπτειν,
666 3740 876 3810 κέντρῳ
908 3741 1001 3794 τὸν
1033 3742 1312 3812 σκορπίον,
1342 3744 1434 3796 τὸν
1478 3744 1751 3813 ἐλέφαντα
1785 3761 1915 3816 προ.

350 3836 573 3904 νομαίᾳ,
602 3834 832 3887 ὀδόντων
860 3835 1113 3897 ἀκωκαῖς
1137 3835 1230 3890 τὸν
1251 3835 1464 3891 λέοντα.
1505 3837 1617 3891 Καὶ
1644 3837 1790 3891 οὕτω
1817 3839 1917 3907 μὲν

352 3925 522 3990 ζωῖκὰ
578 3927 674 3978 καὶ
712 3925 781 3977 τὰ
804 3925 1031 3978 τοιαῦτα
1054 3927 1148 3979 καὶ
1201 3927 1264 3980 τὸ
1291 3928 1386 3980 ἐπὶ
1440 3929 1710 3995 φθάσαντι
1757 3929 1917 3999 κακῷ

351 4015 683 4083 ἀμύνασθαι.
725 4014 868 4083 Ἐγὼ
891 4015 945 4068 δὲ
975 4017 1038 4069 ού
1066 4015 1214 4086 ζηλῶ
1239 4018 1333 4071 ἐπὶ
1381 4018 1622 4083 τούτοιςσ
1658 4020 1797 4074 ἀλλὰ
1828 4021 1917 4076 διὰ

350 4106 407 4158 τὸ
437 4105 583 4174 μέγα
618 4105 976 4174 παράδειγμα
1025 4106 1122 4159 τοῦ
1173 4107 1533 4179 ὑϐριζομένου
1590 4110 1711 4180 μιν,
1767 4111 1918 4164 εὐλο-

351 4195 573 4264 γοῦντος
603 4196 684 4259 δὲ,
710 4198 805 4249 καὶ
834 4197 1139 4267 πάσχοντος
1162 4199 1282 4268 μὲν,
1315 4201 1415 4253 οὐκ
1447 4200 1801 4266 ἀπειλοῦντος
1833 4202 1912 4270 δὲ,

354 4293 445 4343 καὶ
476 4291 578 4343 ὅσα
608 4290 748 4345 ἄλλα
772 4290 868 4344 τοῦ
900 4292 1114 4362 στοίχου
1142 4294 1335 4347 τούτου
1363 4297 1525 4361 εἰσὶν,
1574 4297 1915 4368 ὲκτρέπομαι

350 4383 411 4436 τὸ
443 4383 791 4440 ἀντικακοῦν.
824 4384 937 4436 Καὶ
970 4382 1076 4455 μὴν
1102 4385 1151 4436 οἱ
1200 4386 1604 4457 σπουδαιότεροι
1634 4388 1702 4441 δι’
1741 4391 1914 4443 ἐπιει-

350 4475 500 4538 κείας
545 4475 643 4530 καὶ
689 4477 1044 4545 καθυφέσεως
1074 4480 1170 4532 καὶ
1202 4480 1502 4551 ἀοργησίας
1542 4485 1636 4535 καὶ
1667 4483 1913 4553 πραῡθυ-

350 4568 501 4635 μίας,
536 4565 845 4636 βαρυτέραν
873 4569 1217 4622 ὲπινοοῦνται
1244 4571 1476 4639 ἄμυναν.
1527 4573 1620 4635 Ἰ’ίς
1648 4573 1757 4643 γὰρ
1792 4575 1915 4643 μεί-

348 4656 458 4720 ζων
485 4658 675 4726 ἄμυνα
704 4658 805 4727 τῆς
834 4658 924 4710 διὰ
951 4658 1112 4723 Θεοῦ,
1139 4661 1205 4729 ἥν
1235 4661 1389 4731 δηλοῖ
1421 4665 1516 4717 καὶ
1537 4666 1566 4717 ὁ
1590 4664 1668 4735 τῷ
1689 4666 1916 4735 ὀνόματι

349 4747 556 4819 Κύριος
586 4749 715 4812 τοὺς
742 4748 951 4819 δωρεὰν
980 4750 1311 4816 κυκλοῦντας
1343 4753 1506 4808 αὐτὸν
1534 4756 1916 4828 ἀμυνόμενοςς

425 5011 537 5077 μα’.
574 5004 716 5060 Ἀλλ’
737 5008 871 5073 ἰδοὺ,
893 5009 1048 5080 φασὶ,
1070 5014 1164 5066 καὶ
1194 5014 1258 5068 σὺ
1280 5015 1571 5085 ξμὸλέπων
1596 5020 1728 5090 ἡμῖν
1746 5022 1920 5076 ἁπαν.

352 5099 516 5152 τῶσιν
546 5100 627 5162 εἱς
653 5100 876 5170 ὁμιλίαν
902 5104 1151 5179 ὲκτρέπῃ
1200 5107 1296 5159 τοῦ
1345 5108 1712 5178 καθεστῶτος,
1746 5120 1841 5166 καὶ
1869 5116 1918 5166 εί

354 5189 455 5257 μὲν
492 5187 669 5241 λαλῶν
720 5186 885 5260 ἦσθα,
946 5195 1124 5263 σιγᾷς,
1159 5195 1551 5269 διακεχυμένος
1587 5200 1646 5252 δὲ
1688 5201 1751 5255 τὸ
1785 5204 1919 5273 πρὶν

352 5279 486 5347 πρὸς
520 5279 833 5349 ἱλαρότητα,
882 5285 1161 5349 συννεύεις
1197 5288 1277 5349 είς
1317 5290 1529 5357 ἑαυτὸν,
1574 5295 1666 5346 καὶ
1692 5295 1914 5362 στύφεις

352 5367 412 5423 τὸ
464 5369 776 5441 πρόσωπον.
824 5375 1198 5446 Μνησικακεῖς
1249 5380 1377 5451 ἄρα.
1436 5383 1573 5451 Οὔκ,
1633 5382 1679 5439 ὦ
1717 5386 1913 5455 ’γαθοῇ

352 5457 468 5513 ἀλλ’
487 5463 882 5536 ἀσφαλίζομαι,
904 5468 1041 5523 ἀλλὰ
1062 5471 1422 5543 φυλάττομαι,
1446 5476 1580 5530 ἀλλὰ
1612 5479 1824 5551 τεχνῶμ
1835 5495 1914 5547 αι,

354 5551 431 5627 μὴ
455 5556 547 5607 καὶ
575 5553 735 5623 λόγος
784 5574 868 5623 τις
907 5562 1324 5636 προδραμὼννῆ
1363 5568 1548 5639 σχῆμα
1578 5587 1920 5641 παρατυπωο

422 5726 498 5793 (l)
534 5726 832 5789 ὲκκιντῶν.

2022 3177 2174 3243 Quod
2220 3185 2399 3231 autem
2445 3192 2546 3232 nos
2587 3192 2901 3247 operamur,
2933 3180 3059 3233 ntali
3110 3185 3368 3237 memoria
3395 3197 3501 3253 est,
3532 3200 3586 3243 et

2020 3271 2240 3340 quidem
2269 3269 2406 3324 alias
2435 3284 2500 3323 ex
2538 3270 2771 3324 naturali
2812 3273 3223 3341 consequentia,
3273 3291 3376 3329 non
3408 3288 3584 3334 tamen

2021 3377 2085 3415 ex
2117 3376 2181 3415 ea
2217 3377 2339 3431 quae
2368 3362 2588 3430 τεειιὶοἰι
2621 3362 2894 3437 hominem
2926 3363 2981 3418 in
3014 3364 3211 3422 virtute
3246 3367 3514 3425 viventem
3533 3380 3589 3425 et

2020 3453 2233 3508 meliori
2267 3453 2525 3507 dicatum.
2553 3450 2609 3505 in
2647 3451 2732 3506 his
2762 3462 2940 3511 autem
2974 3454 3218 3510 naturale
3256 3455 3399 3519 dico,
3443 3459 3585 3529 quod

2021 3561 2184 3617 super
2216 3545 2422 3600 malitia
2453 3543 2817 3615 repulsorium
2846 3556 2966 3614 est;
3008 3545 3151 3617 quod
3181 3548 3342 3603 etiam
3377 3560 3587 3608 veteres

2020 3637 2326 3707 explicant,
2359 3636 2549 3692 bovem
2603 3627 2880 3700 dicentes,
2929 3638 2978 3690 si
3025 3636 3148 3704 quis
3202 3652 3324 3694 eum
3383 3640 3586 3710 irritet,

2019 3743 2188 3784 cornu
2226 3726 2410 3791 lerire,
2442 3741 2637 3796 equum
2670 3726 2892 3796 ungula,
2940 3728 3096 3784 uncis
3121 3729 3390 3798 unguibus
3432 3734 3588 3803 aqui-

2019 3820 2125 3875 lam
2175 3817 2387 3878 laederc.
2420 3816 2606 3871 aculeo
2654 3816 3020 3885 scorpionem,
3067 3817 3413 3888 elephantum
3468 3838 3585 3887 ore,

2018 3910 2275 3967 dentibus
2326 3910 2500 3964 acutis
2552 3907 2787 3962 leonem.
2821 3906 2886 3961 Et
2940 3907 3014 3962 ita
3068 3910 3284 3980 quidem
3321 3916 3584 3969 naturalia

2019 4012 2147 4057 sunt
2195 4002 2330 4066 haec,
2382 4013 2589 4053 necnon
2641 4013 2804 4069 super
2847 4000 3172 4067 praecedenti
3210 4003 3352 4057 malo
3399 4020 3461 4060 se
3492 4007 3590 4062 da

2019 4095 2264 4150 l'enderc.
2297 4093 2409 4162 Ego
2440 4105 2570 4145 vero
2594 4104 2697 4144 non
2725 4105 2887 4160 super
2919 4090 3004 4144 his
3034 4093 3292 4159 aamulor;
3323 4100 3416 4151 sed
3430 4095 3581 4164 juxta

2019 4201 2273 4257 magnum
2297 4182 2573 4253 exemplar
2611 4182 2758 4237 illius
2798 4183 2890 4252 qui
2922 4197 3113 4252 passus
3147 4184 3425 4257 iniuriam,
3476 4204 3582 4245 non

2022 4276 2401 4340 maledicit,‘et
2434 4273 2660 4329 aﬂectus
2685 4272 2845 4336 malo,
2877 4286 2982 4326 non
3011 4274 3305 4340 animatur,
3327 4275 3586 4349 juxtaque

2021 4380 2216 4427 ctetera
2243 4367 2438 4425 similis
2459 4367 2668 4422 ordinis
2709 4381 3047 4435 quaecunque
3074 4377 3220 4433 sunt,
3251 4371 3449 4427 malum
3486 4388 3584 4440 pro

2022 4464 2165 4518 malo
2184 4452 2409 4516 reddere
2424 4458 2690 4514 abstineo.
2716 4458 2970 4511 Attamen
2995 4459 3085 4527 qui
3104 4458 3439 4517 honestiores
3460 4476 3586 4518 sunt
3630 4460 3637 4466 ’

2018 4553 2308 4618 modestia,
2358 4548 2690 4618 indulgentia
2717 4587 2733 4612 ,
2770 4549 3186 4604 mansuetudine
3228 4560 3284 4606 et
3327 4554 3582 4620 patientia

2020 4642 2328 4716 graviorem
2365 4638 2682 4706 excogitant
2723 4637 3119 4692 defensionem.
3152 4639 3408 4704 Quaenam
3440 4644 3584 4697 enim

2022 4734 2199 4804 major
2247 4736 2393 4787 esset
2440 4743 2603 4799 quam
2635 4727 2816 4783 divina
2848 4727 3106 4793 vindicta,
3138 4743 3300 4799 quam
3351 4733 3587 4788 ostendit

2025 4825 2117 4897 qui
2149 4832 2371 4879 vocatur
2419 4820 2697 4885 Dominus,
2750 4819 3239 4876 circtnnvenientes
3285 4836 3346 4879 se
3394 4827 3587 4892 gratis,

2020 4915 2379 4974 vindicando?

2090 5028 2185 5082 ιι.
2224 5026 2330 5081 Sed
2364 5039 2513 5089 ecce,
2538 5024 2712 5089 aiunt,
2740 5032 2794 5078 et
2817 5030 2870 5076 tu
2903 5036 3002 5078 nos
3035 5023 3089 5078 in
3113 5025 3430 5083 concionem
3456 5044 3587 5084 con-

2022 5120 2301 5174 venientes
2336 5119 2571 5183 intnens,
2612 5130 2641 5169 e
2688 5126 2951 5173 consueto
2981 5117 3233 5184 discedis,
3271 5130 3327 5175 et
3363 5121 3408 5174 si
3469 5123 3589 5191 qui-

2022 5214 2145 5267 dem
2191 5210 2519 5279 loquebaris,
2551 5208 2701 5271 siles,
2741 5209 2786 5263 si
2819 5225 2947 5265 vero
2974 5211 3126 5280 prius
3152 5214 3218 5267 ad
3259 5213 3585 5268 hilaritatem

2023 5299 2395 5365 inclinabaris,
2435 5300 2487 5353 in
2537 5300 2766 5367 teipsum
2812 5300 2956 5355 redis
3001 5311 3055 5354 et
3087 5302 3414 5370 constringis
3464 5302 3586 5355 vul-

2024 5401 2159 5447 tum.
2191 5391 2334 5463 Ergo
2372 5390 2496 5443 mali
2518 5404 2831 5460 memones.
2877 5390 3016 5458 Non,
3048 5394 3257 5461 optimi,
3290 5393 3386 5447 sed
3410 5400 3586 5458 tueor,

2022 5484 2118 5537 sed
2148 5496 2335 5546 caveo,
2382 5479 2479 5535 sed
2507 5494 2725 5549 operam
2769 5481 2864 5546 do,
2896 5497 2964 5537 ne
2993 5482 3138 5551 quod
3189 5482 3406 5535 verbum
3451 5496 3589 5552 prae-

2025 5589 2276 5640 currens,
2312 5583 2403 5628 aut
2430 5582 2615 5645 gestus
2644 5573 2969 5644 simpliciter
2988 5573 3279 5651 distortus,
3298 5583 3396 5630 aut
3421 5574 3588 5635 intui.
