4034 6206
407 299 519 367 443

1114 298 1536 362 EUaTATIIlI
1574 290 2324 357 THESSALONICENSIS
2345 281 2784 348 METROPOLI
2797 283 2904 342 LE

3543 277 3647 338 UL

413 422 499 468 tus
520 426 984 481 surpervacaneus
1003 427 1067 467 es
1088 411 1323 480 quodam
1347 410 1400 464 in
1436 424 1520 464 me
1550 409 1691 462 mala
1719 405 1966 462 molienti

2107 406 2162 459 ἐν
2198 402 2434 471 ἀφελῶς,
2494 399 2527 468 ἢ
2583 397 2804 468 βλέμμα
2848 390 3272 464 περιεργασθέν,
3312 389 3447 460 πρός
3501 407 3645 452 τινος

411 505 626 574 negotia
679 505 812 558 mibi
840 518 1054 558 rursum
1100 502 1359 556 facessat.
1404 503 1475 556 De
1523 502 1607 554 bis
1656 510 1833 552 autem
1868 511 1974 550 non

2073 499 2184 552 τῶν
2217 497 2301 550 ἐπ’
2327 494 2450 564 ἐμοὶ
2478 489 2816 563 ῥᾳδιουργῶν
2856 485 3156 557 πράγματὰ
3184 500 3275 552 μοι
3298 482 3461 535 πάλιν
3497 497 3640 548 παρ-

413 611 513 664 ego
540 611 657 650 sum
681 595 1039 658 accusandus,
1070 593 1161 647 sed
1191 608 1304 650 vos.
1333 609 1430 662 per
1453 606 1591 661 quos
1619 607 1717 659 ego
1749 605 1869 644 sum
1904 591 1975 640 ita

2105 593 2204 657 Ξει.
2233 590 2356 643 Ἐπὶ
2382 588 2437 640 se
2453 586 2664 645 τούτοις
2682 583 2781 634 οὑκ
2805 581 2964 641 αὑτός
2993 580 3079 632 αίτ
3093 577 3291 638 ιατέος,
3313 572 3428 626 ἀλλ’
3456 573 3640 638 ὑμεῖς,

409 690 856 753 circumspectus,
905 696 959 738 et
1012 685 1256 741 timidus.
1291 692 1339 736 et
1395 684 1668 751 suspicu,
1712 681 1796 734 vel
1851 682 1973 734 tnali

2107 685 2137 738 ι’
2166 682 2260 746 οὒς
2284 679 2394 748 ἐγὼ
2425 676 2658 747 εὐλαϐὴς
2684 674 2827 736 οὕτω
2850 673 2944 727 καὶ
2982 670 3158 732 δειλὸς
3189 668 3285 720 καὶ
3311 665 3576 726 ὕποπτος,
3611 661 3644 728 ἦ

412 778 774 846 suspiciosus,
809 786 1061 846 tanquam
1095 779 1162 831 ab
1209 776 1528 830 ardentibus
1556 775 1686 828 solis
1723 775 1981 842 irruptio-

415 873 571 924 uibus
599 887 626 920 a
659 871 950 924 multorum
980 869 1283 939 fulguribus
1308 867 1492 920 oculos
1518 865 1829 919 deﬂectens.

481 962 572 1013 4‘2.
651 963 817 1014 Porro
866 962 988 1014 dico
1027 975 1146 1014 esse
1200 959 1326 1012 mali
1377 959 1693 1010 memoriam
1733 955 1982 1023 impassi-

414 1055 598 1118 bilem,
625 1059 732 1114 vel,
755 1055 896 1122 quod
943 1054 1086 1106 idem
1119 1063 1200 1105 est
1235 1050 1545 1112 dicendum,
1588 1052 1843 1103 mwroris
1887 1061 1982 1101 ex-

414 1160 618 1215 pertem
653 1165 667 1202 :
703 1151 747 1200 si
783 1162 909 1200 vero
937 1147 1038 1200 hoc
1065 1156 1169 1209 est,
1206 1146 1293 1199 illa
1317 1159 1529 1213 quoque
1557 1144 1682 1196 mali
1709 1141 1981 1195 memoriae

417 1241 613 1294 rationi
647 1251 904 1292 extranea
933 1247 1037 1301 est,
1071 1239 1114 1291 si
1147 1237 1365 1305 quidem
1391 1235 1513 1290 mali
1537 1250 1744 1289 memor
1765 1250 1868 1288 non
1902 1243 1984 1288 est

415 1344 568 1386 extra
619 1332 848 1395 luctum,
878 1346 998 1384 cum
1049 1330 1349 1396 iniquitatis
1383 1344 1445 1383 ex
1483 1328 1665 1397 aliquo
1714 1326 1983 1381 meminit.

417 1429 586 1477 Porro
640 1423 684 1476 si
719 1423 842 1490 quis
891 1419 1244 1487 impassibilis
1275 1419 1521 1473 meminit
1567 1417 1802 1486 injuria},
1851 1430 1992 1486 quo-

2075 772 2455 839 καχυπῦπτης,
2485 766 2909 830 δυσωπούμενος
2940 761 3073 814 ὡσεὶ
3102 760 3197 812 καὶ
3220 756 3370 826 ἡλίου
3398 768 3644 818 καυστηο

2077 866 2178 934 ρας
2210 861 2445 929 ἐμϐολὰς
2467 860 2567 920 τὰς
2603 859 2666 909 ἐκ
2693 856 2803 908 τῶν
2830 852 3039 907 πολλῶν
3068 849 3379 936 ἁστραπόις.

2151 952 2256 1022 μβ’.
2295 951 2416 1002 Ἔτι
2468 947 2634 1016 φημὶ,
2687 946 2761 1008 ὡς
2795 944 2911 996 ἐστι
2945 943 3135 1012 μνήμη
3191 934 3366 992 κακοῦ
3398 934 3646 1004 ἀπαθὴς,

2077 1046 2274 1100 ταύτδν
2302 1044 2345 1098 δ’
2375 1046 2568 1104 εἰπεῖν,
2604 1040 2836 1101 ἄλυπος’
2871 1037 3001 1090 εἰδὲ
3031 1035 3213 1096 τοῦτο,
3251 1031 3347 1084 καὶ
3377 1029 3646 1088 ἀνοίκειος

2084 1139 2162 1208 τῷ
2220 1138 2321 1204 τῆς
2377 1131 2745 1204 μνησικακίας
2806 1130 2970 1197 λόγῳ,
3026 1127 3217 1193 εἶπερὸ
3295 1121 3654 1194 μνησικακῶν

2079 1233 2180 1285 οὑκ
2199 1233 2344 1283 ἔστιν
2370 1229 2474 1292 ἔξω
2499 1227 2696 1294 λύπης,
2731 1225 2819 1276 ὅτε
2841 1222 3043 1283 κακίας
3075 1236 3158 1282 τις
3183 1218 3245 1270 ἐκ
3266 1234 3408 1279 τινος
3435 1216 3654 1283 μέμνη-

2080 1339 2194 1376 ται.
2226 1321 2289 1374 El
2322 1320 2385 1389 δή
2414 1336 2496 1382 τις
2521 1313 2920 1398 οὑκοέμπαθῶς
2955 1309 3288 1381 μνημονεύει
3324 1307 3654 1370 κακώσεως,

2091 1415 2210 1478 πῶς
2230 1415 2296 1469 ἂν
2351 1414 2438 1482 εἴη
2484 1411 2772 1472 ότοιοῦτος
2823 1406 3194 1480 μνησίκακος;
3227 1400 3388 1456 ιυῐδα
3450 1400 3662 1464 πολλὰς

416 1515 577 1568 modo
604 1513 726 1567 talis
756 1521 903 1565 esset
928 1511 1052 1562 mali
1077 1510 1322 1563 memor?
1353 1509 1546 1563 Multas
1577 1525 1674 1577 ego
1711 1510 1825 1563 scio
1861 1508 1987 1561 mali

2105 1509 2196 1577 ;γὼ
2219 1508 2441 1578 μνήμας
2467 1504 2659 1567 κακοῦ,
2678 1500 2766 1565 αἷς
2792 1505 2886 1557 καὶ
2910 1499 3083 1570 γέλως
3113 1500 3376 1565 ἐφέπεται
3396 1509 3409 1524 ⁶
3431 1494 3531 1547 καὶ
3553 1494 3660 1546 οὐκ

419 1606 729 1667 memorias,
763 1619 900 1672 quas
949 1603 1113 1655 etiam
1167 1604 1455 1657 comitatur
1500 1603 1690 1656 risus:
1745 1612 1800 1656 et
1851 1602 1987 1655 tales

2105 1603 2156 1655 ὶν
2214 1602 2335 1655 οὑδέ
2397 1603 2452 1653 αί
2509 1598 2756 1653 τοιαῦται
2808 1596 3091 1665 ἁνάγοιντο
3143 1593 3224 1654 είς
3296 1589 3661 1660 μνησίκακον,

419 1711 636 1766 quoque
673 1710 776 1749 non
810 1702 1186 1763 reputarentur
1213 1695 1265 1746 in
1291 1694 1414 1746 mali
1449 1695 1789 1758 memoriam,
1820 1694 1988 1747 veluti

2105 1690 2177 1747 ιῖα
2199 1693 2290 1746 τὸν
2316 1694 2592 1762 πάσχοντα
2625 1691 2977 1760 ίλαρυνουσαι
3007 1689 3102 1739 καὶ
3147 1683 3486 1752 διαχέουσαι,
3519 1681 3660 1733 κάν-

420 1790 510 1854 qui
546 1801 734 1854 passus
775 1794 858 1838 est
900 1785 1124 1837 hilarem
1154 1784 1415 1838 facientes
1439 1793 1493 1837 et
1521 1784 1780 1850 alacrem,
1810 1784 1989 1853 ibique

423 1887 634 1930 tantum
671 1883 876 1928 stantes
899 1888 1096 1943 neque,
1130 1874 1183 1927 in
1209 1875 1464 1927 ultionem
1485 1875 1813 1930 desinentes.

494 1969 586 2020 4⁸5.
614 1967 868 2019 Adducor
899 1967 1063 2019 etiam
1094 1966 1147 2018 in
1177 1967 1478 2036 propositis
1508 1967 1686 2021 fabula
1724 1969 1822 2021 uti.
1853 1968 1992 2024 Catt-

427 2075 519 2114 cer
547 2058 762 2125 oblique
795 2072 1009 2126 semper
1043 2073 1254 2123 versus,
1285 2060 1443 2112 modo
1469 2058 1834 2122 dextrorsum,
1870 2076 1984 2115 mo-

430 2154 498 2202 do
533 2151 931 2217 sinistrorsum,
967 2149 1273 2217 progeniem
1312 2165 1376 2203 ex
1401 2163 1461 2203 se
1492 2159 1669 2203 natam
1699 2151 1889 2204 videns
1917 2153 1995 2205 sic

429 2243 702 2312 obliquam
730 2251 912 2296 tenere
933 2243 1093 2302 viam.
1120 2242 1435 2296 terribiliter
1462 2243 1652 2312 agebat
1681 2243 1966 2312 indignans

431 2334 652 2400 suisque
686 2333 828 2386 natis
862 2332 1220 2400 exprobrans,
1259 2331 1402 2401 quod
1428 2333 1508 2386 sic
1539 2331 1760 2400 oblique
1793 2334 1993 2387 ferreu-

436 2435 523 2478 tur
564 2438 628 2479 ac
663 2439 935 2494 nunquam
966 2423 1164 2477 scirent
1186 2425 1402 2478 obvium
1440 2424 1562 2478 iter.
1605 2425 1736 2489 Quae
1776 2425 1994 2494 quidem

434 2514 614 2570 fabula
679 2515 844 2578 ridet,
901 2516 948 2567 si
987 2516 1107 2583 quis
1145 2515 1280 2570 alios
1307 2515 1553 2570 hortatur
1583 2521 1648 2570 ad
1680 2518 1999 2588 corrigenda

433 2622 521 2674 ea,
555 2608 840 2676 inquibus
878 2607 992 2676 ipse
1029 2622 1245 2675 semper
1308 2618 1560 2676 peccator
1613 2617 1715 2665 est.
1769 2609 1836 2664 Et
1898 2611 2001 2664 iste

437 2699 580 2753 risus
609 2700 676 2752 ad
717 2705 900 2754 nostra
929 2699 1186 2768 pertinet.
1210 2698 1578 2765 Quarumdam
1607 2703 1750 2755 enim
1774 2702 2002 2771 injuria-

436 2805 559 2844 rum
610 2791 927 2845 memoriam
981 2801 1270 2844 causantes
1305 2792 1358 2845 hi
1411 2793 1502 2861 qui
1531 2806 1632 2845 nos
1667 2794 1998 2861 vituperant,

435 2893 490 2939 et
528 2885 629 2937 hoc
675 2897 894 2951 semper
921 2882 1281 2946 disserentes,
1311 2892 1366 2937 et
1397 2884 1450 2937 in
1493 2884 1664 2952 ipsam
1713 2885 1837 2938 mali
1884 2900 2001 2938 me-

435 2975 666 3029 moriam
696 2973 987 3028 manifeste
1015 2975 1275 3044 prolapsi,
1326 2986 1514 3045 postea
1551 2977 1708 3029 nobis
1748 2977 1852 3031 hoc
1899 2991 1997 3030 au-

2091 1785 2264 1839 ταῦθα
2301 1785 2461 1855 μόνον
2492 1785 2800 1854 ἐστηκυῖαι,
2823 1783 2918 1834 καὶ
2964 1780 3067 1833 οὐκ
3098 1773 3544 1832 ἀποτελευτῶσαι
3578 1772 3664 1834 είς

2091 1877 2320 1947 ἄμυναν,

2167 1977 2279 2040 μγ’.
2307 1972 2623 2040 Προάγομαι
2675 1977 2770 2021 και
2797 1964 2949 2036 μύθῳ
2973 1961 3118 2017 κατὰ
3142 1963 3252 2015 τῶν
3281 1957 3668 2029 προκειμένων

2093 2063 2427 2136 χρήσασθαι.
2465 2060 2738 2130 Καρκίνος
2767 2059 3005 2125 πλαγίαν
3035 2054 3124 2109 ἀεὶ
3153 2051 3508 2124 τρεπόμενος,
3555 2049 3663 2119 τήν

2093 2175 2152 2212 τε
2189 2157 2418 2223 ἐςδεξιὰ
2444 2156 2537 2209 καὶ
2556 2156 2653 2224 τὴν
2683 2154 2762 2216 είς
2788 2153 2850 2205 τὸ
2873 2151 3136 2222 ἔμπαλιν,
3169 2150 3262 2202 καλ⁵
3291 2146 3386 2217 τὴν
3409 2146 3466 2209 ἐξ
3486 2143 3665 2196 αὑτοῦ

2097 2250 2260 2319 γονὴν
2289 2249 2434 2302 οὑτω
2461 2247 2828 2319 ραιϐουμένην
2874 2245 3088 2314 βλέπων
3147 2243 3214 2296 τὰ
3264 2244 3344 2304 είς
3401 2239 3667 2309 πορείαν,

2097 2341 2249 2395 δεινὰ
2275 2341 2445 2394 ἐποίει
2475 2339 2824 2408 ἀγανακτῶν,
2851 2338 2945 2392 καὶ
2973 2337 3086 2399 τοῖς
3120 2333 3369 2402 ἐκγόνοις
3389 2331 3670 2401 ἐπιτιμῶν

2099 2434 2360 2499 ἐνέκειτο,
2387 2435 2434 2486 εί
2461 2431 2603 2486 οῦτω
2635 2431 2850 2502 δόχμιοι
2879 2431 3158 2498 φέρονται,
3195 2427 3291 2480 καὶ
3319 2424 3380 2478 οῦ
3407 2441 3536 2477 ποτε
3566 2424 3682 2492 τὴν

2099 2527 2180 2588 είς
2221 2524 2284 2578 τὸ
2334 2523 2570 2595 πρόσθεν
2612 2522 2788 2575 οῐδασι
2833 2519 3041 2592 τρίϐον.
3101 2521 3199 2580 Ὃς
3232 2517 3298 2587 δὴ
3323 2515 3487 2586 μῦθος
3510 2508 3676 2575 οὗτος

2099 2619 2255 2689 γελᾷ,
2283 2618 2332 2670 εί
2364 2616 2623 2685 παραινεῖ
2645 2631 2729 2678 τις
2761 2613 2992 2682 ἑτέροις,
3023 2609 3324 2681 κατορθοῦν
3345 2609 3555 2668 ἐκεῖνα,
3578 2605 3672 2674 ἐφ’

2101 2705 2182 2772 οἷς
2213 2709 2378 2770 αὑτὸς
2425 2707 2644 2777 ἀλιτρδς
2673 2705 2916 2758 ἐκϐαίνει
2943 2705 3047 2758 ἀεί.
3103 2703 3216 2756 Καὶ
3241 2704 3270 2756 ὁ
3313 2701 3484 2768 γέλως
3510 2693 3678 2762 οὗτος

2102 2801 2369 2855 διαϐαίνει
2427 2800 2486 2862 ἐς
2541 2797 2608 2851 τὰ
2641 2796 2765 2851 καθ’
2809 2797 2976 2866 ἡμᾶς.
3016 2791 3335 2848 Κακώσεών
3363 2792 3471 2860 γάρ
3500 2807 3675 2845 τινων

2106 2892 2490 2961 προϊσχόμενοι
2541 2891 2764 2959 μνήμην
2803 2889 2854 2940 οἱ
2877 2889 2976 2958 τῆς
3009 2886 3128 2940 καθ’
3163 2885 3320 2956 ἡμῶν
3347 2884 3495 2946 ὅντες
3530 2883 3678 2953 μέμ·-

2103 2983 2269 3050 ψεως,
2303 2983 2399 3035 καὶ
2437 2981 2524 3036 ἀεὶ
2554 2980 2712 3033 τοῦτο
2763 2980 3075 3045 λαλοῦντες,
3110 2980 3204 3033 καὶ
3238 2978 3681 3046 κατακεχωσμέ-

436 3071 565 3124 deut
587 3071 844 3125 scribere.
876 3069 1013 3135 Quid
1056 3071 1288 3126 blateras
1316 3113 1330 3136 ,
1362 3073 1520 3126 homo
1551 3073 1572 3126 ἲ
1629 3071 1914 3140 Vulneras,
1943 3088 1997 3128 et

2105 3093 2178 3129 νοι
2243 3077 2300 3138 ἐς
2367 3074 2497 3127 αὐτὸ
2543 3073 2603 3126 τὸ
2631 3074 2992 3142 Βμνησίκακον
3054 3072 3385 3142 προφανῶς,
3433 3065 3555 3123 εἶτα
3606 3070 3681 3140 δὴ

433 3177 597 3216 cruor
628 3177 657 3215 e
685 3161 905 3215 vulnere
950 3162 1188 3231 proﬂuit,
1219 3164 1584 3232 profundoque
1619 3165 1771 3234 plaga
1821 3168 2005 3222 subest

435 3253 743 3316 vulnerato;
780 3263 831 3305 et
877 3254 966 3307 ille
998 3256 1376 3308 tantummodo
1403 3257 1621 3320 clamat,
1659 3268 1713 3310 et
1745 3273 1850 3312 non
1902 3259 2004 3312 mi-

435 3347 572 3398 raris
606 3344 752 3398 illum
793 3359 896 3412 qua
929 3355 1108 3411 posset
1158 3347 1222 3399 ad
1277 3346 1564 3401 vindictam
1617 3364 1720 3402 non
1798 3347 2007 3402 inflam-

435 3437 593 3498 mari;
624 3435 718 3490 sed
768 3438 1139 3504 conquereris,
1176 3446 1227 3490 et
1278 3438 1402 3492 mali
1473 3454 1766 3493 memorem
1819 3455 2005 3503 vocas,

434 3531 584 3596 quasi
639 3527 769 3582 velis
818 3543 1048 3598 arguere
1104 3540 1371 3596 naturam,
1405 3529 1622 3598 sijuxta
1653 3545 1807 3585 suam
1835 3531 2006 3600 legem

443 3629 622 3673 movet
649 3619 920 3673 dolentem
955 3621 1018 3673 ad
1052 3621 1433 3690 plangendum;
1461 3622 1505 3674 si
1541 3636 1671 3676 vero
1699 3623 1823 3678 talis
1879 3623 2003 3676 vul-

436 3723 566 3764 nere
628 3724 916 3778 percusstts
965 3711 1157 3764 exinde
1195 3719 1246 3764 te
1280 3710 1511 3766 declinet
1538 3727 1601 3766 ac
1653 3713 1840 3781 fugiat,
1881 3714 2010 3781 quid

440 3800 493 3852 in
536 3800 637 3854 hoc
665 3799 1028 3854 uovum?Nec
1055 3801 1240 3856 asinus
1267 3801 1348 3855 bis
1390 3802 1440 3855 in
1498 3803 1636 3855 idem
1694 3802 2010 3859 offenderet.

435 3891 620 3947 Multis
665 3902 847 3945 autem
921 3893 1202 3946 brutorum
1268 3892 1390 3945 aliis
1449 3891 1589 3946 istud
1666 3895 2010 3962 proverbium

437 3984 716 4053 competit,
746 3984 1170 4052 suspicantibus,
1196 3997 1257 4037 ac
1275 3983 1468 4038 deinde
1490 3984 1851 4039 devitantibus
1875 4000 2014 4053 prte-

435 4079 635 4129 cedens
693 4074 915 4125 malum.
967 4073 1247 4136 Quomodo
1297 4074 1460 4138 igitur
1507 4073 1689 4136 homo,
1739 4075 2010 4128 rationem

441 4166 669 4228 habens,
695 4171 846 4216 extra
881 4162 1008 4214 illud
1033 4172 1360 4224 versaretur,
1381 4163 1720 4230 aliquomodo
1758 4177 2008 4231 vexatus,

437 4264 493 4307 et
533 4267 637 4305 nou
669 4251 857 4310 semel,
883 4255 977 4304 sed
1014 4249 1312 4303 multoties.
1338 4250 1474 4304 Puto
1493 4268 1593 4321 ego
1621 4253 1763 4321 quod
1795 4269 1901 4307 non
1927 4270 2014 4309 re-

2105 3166 2377 3236 τολμῶσιν
2407 3166 2536 3218 αὑτὸ
2557 3166 2884 3234 ἐπιγράφειν
2912 3168 3067 3235 ἡμῖν.
3105 3167 3171 3219 Τί
3215 3168 3414 3232 λαλεῖς,
3461 3169 3681 3240 ἄνθρω-

2104 3273 2212 3318 πε;
2247 3257 2678 3328 Τραυματίζεις,
2726 3259 2821 3310 καὶ
2848 3258 3138 3328 καταῤῥέει
3185 3255 3321 3329 αἷμα
3354 3259 3447 3314 τοῦ
3499 3263 3675 3332 τραύο

2111 3365 2297 3418 ματος,
2331 3348 2426 3400 καὶ
2464 3350 2497 3418 ἡ
2551 3347 2735 3417 πληγὴ
2793 3346 2984 3416 βαθεῖα
3045 3347 3123 3418 τῷ
3179 3351 3513 3414 πεπονθότι,
3571 3356 3677 3407 καὶ

2108 3437 2348 3505 κέκραγε
2385 3437 2546 3506 μόνον
2575 3437 2809 3500 ἐκεῖνος,
2841 3437 2934 3490 καὶ
2958 3437 3020 3488 οὑ
3075 3436 3398 3508 θαυμάζεις,
3450 3440 3534 3492 ὅτι
3595 3443 3679 3511 μὴ

2109 3527 2512 3596 ἀντιπέπληξαι
2559 3526 2697 3595 πρὸς
2735 3527 2971 3596 ἄμυναν,
3003 3527 3151 3590 ὅπως
3209 3529 3275 3582 ἂν
3319 3530 3414 3583 καὶ
3457 3529 3684 3585 δύναιτο

2110 3621 2356 3681 ἐκεῖνος⁶
2411 3618 2550 3670 ἀλλὰ
2607 3618 2984 3690 καταμέμφῃ,
3033 3619 3129 3671 καὶ
3186 3620 3525 3690 μνησίκακον
3550 3624 3683 3690 ἐπιε

2112 3710 2315 3772 καλεῖς,
2341 3702 2426 3761 οἷα
2456 3707 2553 3777 τὴν
2619 3707 2784 3776 φύσιν
2829 3707 3072 3778 ἐλέγχειν
3137 3707 3358 3775 ἐθέλων,
3412 3713 3462 3764 εί
3528 3716 3682 3769 κατὰ

2110 3800 2200 3853 τὸν
2224 3799 2394 3868 αὑτῆς
2422 3799 2586 3867 νόμον
2617 3799 2864 3853 ὑποκινεῖ
2883 3799 2974 3854 τὸν
2997 3800 3269 3868 ἀλγοῦντα
3292 3803 3682 3861 παθαίνεσθαι.

2113 3893 2174 3945 Εἰ
2203 3892 2259 3945 δὲ
2285 3886 2376 3945 καὶ
2399 3891 2633 3960 πληγεὶς
2661 3893 2744 3954 είς
2774 3891 2999 3961 τραῦμα
3036 3893 3063 3944 ό
3099 3893 3343 3955 τοιοῦτος
3372 3894 3685 3948 omnem-

2113 3983 2204 4038 ταί
2227 4000 2285 4036 σε
2315 3985 2396 4043 είς
2429 3981 2490 4034 τὸ
2519 3981 2739 4051 ἐφεξῆς,
2775 3982 2869 4035 καὶ
2900 3983 3246 4053 ἐκτρέπεται,
3287 3985 3340 4038 τί
3379 3984 3536 4039 τοῦτο
3560 4005 3690 4042 και-
3787 4033 3798 4040 .

2113 4076 2238 4138 νόν;
2301 4075 2412 4128 Οὐκ
2438 4073 2503 4127 ἂν
2524 4074 2644 4128 ούδέ
2670 4074 2790 4136 ὄνος
2814 4074 2895 4136 εἰς
2941 4073 3003 4126 τὸ
3055 4075 3188 4128 αὑτὸ
3244 4076 3327 4140 δὶς
3368 4080 3684 4151 προσκόιῖιῃ.

2118 4165 2337 4228 Πολλοῖς
2357 4166 2412 4219 δὲ
2444 4166 2538 4219 καὶ
2565 4164 2775 4235 ἑτέροις
2797 4163 2907 4216 τῶν
2937 4163 3149 4232 ἀλόγων
3180 4167 3206 4236 ἢ
3238 4166 3458 4238 τοιαύτη
3489 4187 3693 4239 παιροι⁹

2122 4255 2220 4324 μία
2256 4251 2642 4324 ἐπιμερίξεται
2693 4253 3144 4324 φανταζομένοις,
3184 4257 3278 4310 atat
3305 4257 3446 4311 οὑτω
3473 4260 3690 4327 φυλατ-

442 4354 546 4399 ctm
589 4342 815 4396 rationis
843 4351 1006 4403 esset.
1033 4343 1312 4395 abundans
1349 4343 1401 4395 in
1428 4343 1614 4395 eadem
1641 4343 1910 4409 passione,
1939 4345 2000 4398 int

2124 4347 2371 4416 τομένοις
2403 4345 2464 4398 τὸ
2491 4347 2701 4415 φθάσαν
2731 4346 2920 4399 κακόν.
2953 4346 3078 4410 Πῶς
3108 4347 3174 4402 ἂν
3200 4347 3293 4402 οῦν
3323 4349 3636 4418 ἄνθρωπος,
3661 4355 3692 4404 ό

373 4433 383 4441 ’
442 4433 768 4501 sensilisque
822 4433 887 4486 ad
919 4448 1078 4486 oume
1114 4447 1436 4500 permanens
1476 4424 1538 4488 ac
1575 4448 1792 4502 semper
1833 4435 2003 4490 oﬂeu—

443 4528 574 4581 dere
616 4533 859 4595 paratus.
919 4525 974 4580 Si
1033 4533 1210 4578 tamen
1268 4525 1394 4579 mall
1463 4540 1624 4579 causa
1677 4524 2009 4592 offendiculi,

446 4628 640 4687 puteus
693 4627 784 4670 aut
816 4617 969 4686 lapis,
1006 4616 1304 4680 recederet,
1353 4616 1440 4670 hic
1478 4618 1694 4686 quidem
1746 4619 1800 4671 in
1849 4620 2014 4675 semi-

447 4711 677 4763 uelatus
719 4718 1038 4778 segregatur
1070 4717 1162 4762 aut
1256 4708 1387 4762 alias
1427 4708 1693 4772 sublatus,
1737 4709 1838 4764 iste
1886 4726 2012 4766 vero

449 4803 680 4870 repletus
742 4812 795 4856 et
841 4802 1145 4856 cumulatus
1189 4813 1244 4856 et
1293 4802 1365 4855 ita
1435 4803 1828 4871 complanatns,
1899 4814 2009 4857 tum

447 4906 579 4944 sane
609 4907 708 4945 uec
743 4892 854 4959 jam
891 4895 1072 4957 homo,
1105 4906 1202 4946 nec
1233 4892 1379 4945 aliud
1409 4891 1607 4945 animal
1644 4895 2012 4962 prolapsionis

448 4982 625 5034 locum
676 4984 1104 5050 pertimesceret,
1137 4983 1229 5038 sed
1263 4983 1441 5037 itineri
1481 4984 1720 5053 seipsnm
1757 5000 1877 5040 cum
1909 5000 1995 5040 se-

447 5074 685 5126 curitate
719 5076 1106 5128 (οιιιηιίιιρτει.
1825 5061 1834 5064 Π

2115 4439 2224 4493 ἔσω
2248 4439 2428 4507 λόγου,
2448 4439 2551 4503 ἔξω
2567 4437 2772 4509 ταύτης
2792 4440 3062 4505 πεσεῖται,
3093 4441 3484 4510 κακοποιηθεὶς
3506 4441 3695 4494 ότωσρ

2117 4529 2232 4592 οῦν,
2256 4532 2356 4582 καὶ⁵
2393 4529 2514 4582 οὑδέ
2545 4529 2804 4596 εἰσάπαξ,
2848 4529 2964 4584 ἀλλ’
2997 4531 3092 4584 ἐπὶ
3125 4531 3350 4596 πλείον;
3403 4527 3572 4601 Οἶμαί
3598 4549 3690 4599 γε,

2116 4609 2190 4682 ῶς
2217 4621 2317 4673 οὑκ
2342 4619 2406 4673 ἂν
2437 4620 2641 4682 ἐκεῖνος
2673 4620 2836 4691 ὀρθοῦ
2869 4619 3049 4691 ἔχοιτο
3078 4621 3262 4686 λόγου,
3297 4621 3607 4687 πλεονάζων
3631 4626 3694 4677 ἐν

2119 4713 2195 4780 τῷ
2223 4711 2421 4779 ὁμοίως
2449 4712 2702 4780 πάσχειν,
2726 4714 2821 4765 καὶ
2850 4712 3029 4780 μένων
3061 4713 3117 4774 ἐς
3145 4712 3206 4764 τὸ
3228 4713 3338 4766 πᾶν
3360 4715 3693 4784 ἀνάλγητος,

2120 4803 2216 4855 καὶ
2248 4802 2612 4870 προσκόπτειν
2647 4802 2804 4854 ἐσαεὶ
2829 4803 3178 4870 ἀνεχόμενος.
3209 4802 3275 4856 Ei
3307 4803 3491 4870 μέντοι
3516 4803 3576 4855 τὸ
3596 4803 3694 4855 τοῦ

2121 4893 2294 4945 κακοῦ
2322 4893 2755 4965 προσκόμματος
2779 4895 2952 4946 αἴτιον
2986 4895 3012 4945 ό
3039 4893 3230 4963 βόθρος
3251 4893 3414 4963 τυχὸν
3437 4895 3469 4961 ἦ
3493 4895 3520 4945 ό
3546 4893 3698 4954 λίθος

2119 4982 2368 5045 ἀπέλθοι,
2397 4984 2424 5034 ὁ
2449 4982 2548 5051 μὲν
2580 4984 2660 5044 εἰς
2686 4982 2915 5048 πλάγιον
2946 4981 3047 5050 τῆς
3076 4981 3265 5050 τρίϐου
3293 4981 3633 5053 ἀφορισθεὶς,
3657 4983 3692 5051 ἢ

2117 5076 2212 5128 καὶ
2243 5075 2420 5137 ἄλλως
2471 5092 2576 5128 που
2624 5075 2833 5146 ἀρθεὶς,
2886 5077 2912 5128 ό
2939 5075 2982 5126 δ’
3010 5075 3295 5138 ἀνάπλεως
3326 5075 3566 5144 γεγονὼς
3599 5077 3697 5128 καὶ

450 5167 648 5235 μεστὸς
691 5169 785 5220 καὶ
841 5168 984 5221 οὑτω
1038 5169 1250 5234 ναστὸς,
1291 5171 1410 5223 τότε
1456 5170 1522 5240 δὴ
1555 5171 1654 5226 οὐκ
1707 5171 1874 5226 ἂνέτι
1904 5171 2015 5224 οὒτ’
2055 5171 2363 5241 ἄνθρωπος,
2415 5171 2538 5224 οῦτε
2589 5172 2695 5241 μὴν
2723 5172 2862 5235 ζῶον
2897 5172 3107 5226 ἀλλοῖον
3175 5172 3534 5225 ὑποκλέποιτο
3599 5173 3694 5226 τόν

453 5263 540 5317 τοῦ
567 5264 994 5333 προσκόμματος
1021 5267 1204 5332 τόπον,
1241 5266 1356 5319 ἀλλ’
1384 5267 1589 5320 ἐκδοίεν
1615 5268 1683 5321 ἂν
1721 5268 1890 5321 ἑαυτὰ
1939 5271 2005 5339 τῇ
2046 5267 2152 5338 ὁδῷ
2177 5271 2256 5331 είς
2286 5268 2577 5339 διατριϐὴν
2617 5269 2678 5320 ού
2710 5269 3087 5339 καχύποπτον.

519 5359 612 5413 ιι.
652 5361 782 5414 Date
815 5360 948 5414 inibi
987 5376 1117 5431 ergo
1178 5371 1232 5416 et
1265 5377 1360 5416 vos
1397 5362 1608 5417 facilem
1644 5366 1708 5417 ad
1741 5365 2022 5418 ambulan-

453 5455 581 5506 dum
621 5453 833 5519 locum;
880 5463 1152 5507 removete
1200 5453 1444 5522 laqueos,
1507 5455 1745 5508 extollite
1806 5455 2028 5509 oﬂendi-

456 5546 572 5601 cuia
599 5585 612 5608 ,
644 5545 830 5600 foveas
857 5546 1134 5614 explentes
1179 5547 1384 5600 reddite
1411 5546 1644 5610 solidas;
1667 5556 1720 5600 et
1743 5547 1820 5599 sic
1837 5561 1932 5599 vos
1961 5561 2027 5600 ex

2203 5362 2304 5433 μδ’.
2333 5365 2459 5417 Δότε
2492 5364 2558 5434 δὴ
2586 5364 2680 5418 οὑν
2712 5382 2801 5433 μοι
2828 5366 2922 5418 καὶ
2955 5366 3115 5434 ὑμεῖς
3145 5365 3449 5434 περίπατον
3477 5363 3692 5427 εὔοδον,

2133 5455 2421 5519 ὑπεξέλετε
2475 5456 2543 5508 τὰ
2586 5456 2976 5524 παγιδώματα,
3021 5456 3254 5528 σχάσατε
3289 5458 3356 5508 τὰ
3398 5455 3698 5520 σκάνδαλα,

2140 5547 2478 5618 στερεὼσατε
2506 5546 2956 5618 ἀναπληροῦντες
2980 5549 3050 5600 τὰ
3081 5546 3386 5616 ὑποϐοθρεύ
3396 5563 3536 5617 ματα
3564 5563 3580 5578 ο
3599 5549 3700 5600 καὶ

454 5633 562 5684 Ι)εο
593 5633 854 5703 judicium
891 5636 1124 5700 deseret,
1157 5646 1210 5689 et
1252 5650 1337 5690 me
1369 5637 1528 5688 timor
1591 5652 1655 5690 ac
1718 5647 1895 5691 metus
1961 5639 2000 5691 dt

2132 5637 2307 5701 οὕτως
2354 5638 2499 5707 ὑμᾶς
2525 5655 2583 5691 τε
2604 5638 2665 5691 τὸ
2699 5640 2762 5691 ἐκ
2793 5638 2928 5691 Θεοῦ
2956 5641 3129 5709 κρῖμα
3160 5638 3445 5707 ἐπιλείψει,
3480 5637 3574 5692 καὶ
3597 5640 3699 5706 ἐμὲ

453 5730 592 5778 Slalu
646 5725 869 5781 itineris.
911 5727 1067 5783 Novit
1124 5725 1282 5791 Deus,
1316 5725 1403 5795 qui
1452 5739 1646 5782 cuncta
1698 5730 1971 5797 peruoscit
2001 5769 2014 5794 ,

2131 5728 2187 5781 τὸ
2236 5728 2464 5781 δεδιέναι
2506 5729 2599 5782 καὶ
2665 5730 2966 5798 ὑφορᾶσθαι
3028 5730 3094 5783 τὰ
3138 5731 3236 5800 τῆς
3287 5727 3432 5782 όδοῦ.
3495 5725 3700 5784 Οϊὸενό
