  <div class='ocr_page' id='page_1' title='image "/cluster/home/n/w/nwhite01/storage/ocr_20150623/136/hvd.32044054100201/230.png"; bbox 0 0 4034 6206; ppageno 0'>
   <div class='ocr_carea' id='block_1_1' title="bbox 255 319 369 378">
    <p class='ocr_par' dir='ltr' id='par_1_1' title="bbox 255 319 369 378">
     <span class='ocr_line' id='line_1_1' title="bbox 255 319 369 378; baseline 0.009 -1"><span class='ocrx_word' id='word_1_1' title='bbox 255 319 369 378; x_wconf 72' lang='grc'><strong>445</strong></span> 
     </span>
    </p>
   </div>
   <div class='ocr_carea' id='block_1_2' title="bbox 1274 327 2584 404">
    <p class='ocr_par' dir='ltr' id='par_1_2' title="bbox 1274 327 2584 404">
     <span class='ocr_line' id='line_1_2' title="bbox 1274 327 2584 404; baseline 0.012 -16"><span class='ocrx_word' id='word_1_2' title='bbox 1274 327 1574 394; x_wconf 80' lang='lat' dir='ltr'><strong>CONTRA</strong></span> <span class='ocrx_word' id='word_1_3' title='bbox 1620 334 2112 399; x_wconf 74' lang='lat' dir='ltr'><strong>INJURIARUM</strong></span> <span class='ocrx_word' id='word_1_4' title='bbox 2145 339 2584 404; x_wconf 69' lang='lat' dir='ltr'><strong>MEMORIAM.</strong></span> 
     </span>
    </p>
   </div>
   <div class='ocr_carea' id='block_1_3' title="bbox 3431 349 3537 414">
    <p class='ocr_par' dir='ltr' id='par_1_3' title="bbox 3431 349 3537 414">
     <span class='ocr_line' id='line_1_3' title="bbox 3431 349 3537 414; baseline 0.019 -2"><span class='ocrx_word' id='word_1_5' title='bbox 3431 349 3537 414; x_wconf 54' lang='lat' dir='ltr'><strong>[illi</strong></span> 
     </span>
    </p>
   </div>
   <div class='ocr_carea' id='block_1_4' title="bbox 254 436 1846 534">
    <p class='ocr_par' dir='ltr' id='par_1_4' title="bbox 254 436 1831 534">
     <span class='ocr_line' id='line_1_4' title="bbox 254 436 1831 534; baseline 0.012 -45"><span class='ocrx_word' id='word_1_6' title='bbox 254 436 416 534; x_wconf 63' lang='grc' dir='ltr'>Θεὸς.</span> <span class='ocrx_word' id='word_1_7' title='bbox 461 441 488 494; x_wconf 83' lang='grc' dir='ltr'>ὁ</span> <span class='ocrx_word' id='word_1_8' title='bbox 510 439 582 534; x_wconf 72' lang='grc' dir='ltr'>τὰ</span> <span class='ocrx_word' id='word_1_9' title='bbox 612 439 794 498; x_wconf 81' lang='grc' dir='ltr'>πάντα</span> <span class='ocrx_word' id='word_1_10' title='bbox 827 444 1308 519; x_wconf 74' lang='grc' dir='ltr'>ἐξακριϐούμενος,</span> <span class='ocrx_word' id='word_1_11' title='bbox 1338 454 1510 508; x_wconf 71' lang='grc' dir='ltr'>οἴδασι</span> <span class='ocrx_word' id='word_1_12' title='bbox 1546 455 1601 508; x_wconf 83' lang='grc' dir='ltr'>δὲ</span> <span class='ocrx_word' id='word_1_13' title='bbox 1634 455 1728 509; x_wconf 76' lang='grc' dir='ltr'>καὶ</span> <span class='ocrx_word' id='word_1_14' title='bbox 1784 457 1831 510; x_wconf 80' lang='lat' dir='ltr'><strong>oi</strong></span> 
     </span>
    </p>
   </div>
   <div class='ocr_carea' id='block_1_5' title="bbox 1954 436 3541 534">
    <p class='ocr_par' dir='ltr' id='par_1_5' title="bbox 1954 459 3541 534">
     <span class='ocr_line' id='line_1_5' title="bbox 1954 459 3541 534; baseline 0.008 -26"><span class='ocrx_word' id='word_1_15' title='bbox 1954 465 2312 527; x_wconf 76' lang='lat' dir='ltr'><strong>iuveruntque</strong></span> <span class='ocrx_word' id='word_1_16' title='bbox 2391 459 2454 512; x_wconf 89' lang='lat' dir='ltr'><strong>de</strong></span> <span class='ocrx_word' id='word_1_17' title='bbox 2487 464 2646 518; x_wconf 86' lang='lat' dir='ltr'><strong>robus</strong></span> <span class='ocrx_word' id='word_1_18' title='bbox 2713 465 2914 521; x_wconf 76' lang='lat' dir='ltr'><strong>nostris</strong></span> <span class='ocrx_word' id='word_1_19' title='bbox 2965 463 3183 529; x_wconf 88' lang='lat' dir='ltr'><strong>imbuti,</strong></span> <span class='ocrx_word' id='word_1_20' title='bbox 3216 466 3362 534; x_wconf 89' lang='lat' dir='ltr'><strong>quod</strong></span> <span class='ocrx_word' id='word_1_21' title='bbox 3425 470 3541 522; x_wconf 79' lang='lat' dir='ltr'><strong>nul—</strong></span> 
     </span>
    </p>
   </div>
   <div class='ocr_carea' id='block_1_6' title="bbox 255 529 1845 618">
    <p class='ocr_par' dir='ltr' id='par_1_6' title="bbox 255 529 1845 618">
     <span class='ocr_line' id='line_1_6' title="bbox 255 529 1845 618; baseline 0.014 -38"><span class='ocrx_word' id='word_1_22' title='bbox 255 529 374 581; x_wconf 80' lang='grc' dir='ltr'><strong>τῶν</strong></span> <span class='ocrx_word' id='word_1_23' title='bbox 431 532 558 585; x_wconf 77' lang='grc' dir='ltr'>καθ’</span> <span class='ocrx_word' id='word_1_24' title='bbox 609 535 762 604; x_wconf 79' lang='grc' dir='ltr'>ἡμᾶς</span> <span class='ocrx_word' id='word_1_25' title='bbox 799 537 1186 608; x_wconf 71' lang='grc' dir='ltr'>ἐπιστήμονες,</span> <span class='ocrx_word' id='word_1_26' title='bbox 1237 545 1312 606; x_wconf 83' lang='grc' dir='ltr'><strong>ὡς</strong></span> <span class='ocrx_word' id='word_1_27' title='bbox 1371 547 1522 601; x_wconf 75' lang='grc' dir='ltr'>οὐδὲν</span> <span class='ocrx_word' id='word_1_28' title='bbox 1577 549 1634 615; x_wconf 75' lang='grc' dir='ltr'><strong>ἐξ</strong></span> <span class='ocrx_word' id='word_1_29' title='bbox 1685 551 1845 618; x_wconf 81' lang='grc' dir='ltr'>ἡμῶν</span> 
     </span>
    </p>
   </div>
   <div class='ocr_carea' id='block_1_7' title="bbox 256 626 1849 709">
    <p class='ocr_par' dir='ltr' id='par_1_7' title="bbox 256 626 1849 709">
     <span class='ocr_line' id='line_1_7' title="bbox 256 626 1849 709; baseline 0.014 -35"><span class='ocrx_word' id='word_1_30' title='bbox 256 626 510 679; x_wconf 81' lang='grc' dir='ltr'>είσπαίει</span> <span class='ocrx_word' id='word_1_31' title='bbox 541 629 712 684; x_wconf 81' lang='grc' dir='ltr'>κακὸν</span> <span class='ocrx_word' id='word_1_32' title='bbox 734 631 815 694; x_wconf 83' lang='grc' dir='ltr'><strong>είς</strong></span> <span class='ocrx_word' id='word_1_33' title='bbox 843 632 1056 689; x_wconf 69' lang='grc' dir='ltr'>οὐδένα.</span> <span class='ocrx_word' id='word_1_34' title='bbox 1087 637 1200 688; x_wconf 78' lang='grc' dir='ltr'>Οὐκ</span> <span class='ocrx_word' id='word_1_35' title='bbox 1229 638 1296 691; x_wconf 78' lang='grc' dir='ltr'>ἂν</span> <span class='ocrx_word' id='word_1_36' title='bbox 1318 640 1374 692; x_wconf 76' lang='grc' dir='ltr'>δὲ</span> <span class='ocrx_word' id='word_1_37' title='bbox 1419 637 1572 709; x_wconf 70' lang='grc' dir='ltr'>οἶμαι.</span> <span class='ocrx_word' id='word_1_38' title='bbox 1629 643 1750 696; x_wconf 71' lang='grc' dir='ltr'>οὐδὲ</span> <span class='ocrx_word' id='word_1_39' title='bbox 1799 646 1849 696; x_wconf 69' lang='grc' dir='ltr'><strong>εί</strong></span> 
     </span>
    </p>
   </div>
   <div class='ocr_carea' id='block_1_8' title="bbox 257 720 1848 805">
    <p class='ocr_par' dir='ltr' id='par_1_8' title="bbox 257 720 1848 805">
     <span class='ocr_line' id='line_1_8' title="bbox 257 720 1848 805; baseline 0.014 -37"><span class='ocrx_word' id='word_1_40' title='bbox 257 720 664 786; x_wconf 76' lang='grc' dir='ltr'><strong>καταλέγοντες</strong></span> <span class='ocrx_word' id='word_1_41' title='bbox 689 725 846 791; x_wconf 78' lang='grc' dir='ltr'>ἡμῶν</span> <span class='ocrx_word' id='word_1_42' title='bbox 879 725 1053 794; x_wconf 79' lang='grc' dir='ltr'><strong>ἔχοιεν</strong></span> <span class='ocrx_word' id='word_1_43' title='bbox 1081 723 1146 780; x_wconf 85' lang='grc' dir='ltr'>ἂν</span> <span class='ocrx_word' id='word_1_44' title='bbox 1169 735 1518 798; x_wconf 80' lang='grc' dir='ltr'>προενεγκεῖν</span> <span class='ocrx_word' id='word_1_45' title='bbox 1547 752 1598 786; x_wconf 89' lang='grc' dir='ltr'><strong>τι</strong></span> <span class='ocrx_word' id='word_1_46' title='bbox 1617 738 1848 805; x_wconf 82' lang='grc' dir='ltr'>πρᾶγμα</span> 
     </span>
    </p>
   </div>
   <div class='ocr_carea' id='block_1_9' title="bbox 260 811 1844 894">
    <p class='ocr_par' dir='ltr' id='par_1_9' title="bbox 260 811 1844 894">
     <span class='ocr_line' id='line_1_9' title="bbox 260 811 1844 894; baseline 0.013 -33"><span class='ocrx_word' id='word_1_47' title='bbox 260 813 342 872; x_wconf 77' lang='grc' dir='ltr'><strong>εἰς</strong></span> <span class='ocrx_word' id='word_1_48' title='bbox 378 811 627 881; x_wconf 77' lang='grc' dir='ltr'>ἔλεγχον.</span> <span class='ocrx_word' id='word_1_49' title='bbox 666 815 724 866; x_wconf 84' lang='lat' dir='ltr'><strong>Ei</strong></span> <span class='ocrx_word' id='word_1_50' title='bbox 759 815 815 867; x_wconf 79' lang='grc' dir='ltr'>δὲ</span> <span class='ocrx_word' id='word_1_51' title='bbox 851 819 942 869; x_wconf 71' lang='grc' dir='ltr'>καὶ</span> <span class='ocrx_word' id='word_1_52' title='bbox 969 818 1150 872; x_wconf 85' lang='grc' dir='ltr'>Θετέον</span> <span class='ocrx_word' id='word_1_53' title='bbox 1185 824 1279 876; x_wconf 67' lang='grc' dir='ltr'><strong>ἐπὶ</strong></span> <span class='ocrx_word' id='word_1_54' title='bbox 1314 827 1702 894; x_wconf 79' lang='grc' dir='ltr'>προῦπάρξασι</span> <span class='ocrx_word' id='word_1_55' title='bbox 1755 827 1844 880; x_wconf 82' lang='grc' dir='ltr'>θε-</span> 
     </span>
    </p>
   </div>
   <div class='ocr_carea' id='block_1_10' title="bbox 268 906 1847 984">
    <p class='ocr_par' dir='ltr' id='par_1_10' title="bbox 268 906 1847 984">
     <span class='ocr_line' id='line_1_10' title="bbox 268 906 1847 984; baseline 0.013 -28"><span class='ocrx_word' id='word_1_56' title='bbox 268 906 481 973; x_wconf 81' lang='grc' dir='ltr'>μελίοις</span> <span class='ocrx_word' id='word_1_57' title='bbox 505 910 618 969; x_wconf 84' lang='grc' dir='ltr'>τοῖς</span> <span class='ocrx_word' id='word_1_58' title='bbox 649 907 709 974; x_wconf 76' lang='grc' dir='ltr'>ἐξ</span> <span class='ocrx_word' id='word_1_59' title='bbox 752 910 930 979; x_wconf 76' lang='grc' dir='ltr'>ἡμῶν,</span> <span class='ocrx_word' id='word_1_60' title='bbox 957 913 1154 984; x_wconf 71' lang='grc' dir='ltr'>ὄροφον</span> <span class='ocrx_word' id='word_1_61' title='bbox 1185 917 1340 969; x_wconf 78' lang='grc' dir='ltr'>αὐτοὶ</span> <span class='ocrx_word' id='word_1_62' title='bbox 1367 922 1665 984; x_wconf 77' lang='grc' dir='ltr'><strong>κακώσεως</strong></span> <span class='ocrx_word' id='word_1_63' title='bbox 1697 922 1847 976; x_wconf 79' lang='grc' dir='ltr'>ἔθεν-</span> 
     </span>
    </p>
   </div>
   <div class='ocr_carea' id='block_1_11' title="bbox 264 1003 1850 1082">
    <p class='ocr_par' dir='ltr' id='par_1_11' title="bbox 264 1003 1850 1082">
     <span class='ocr_line' id='line_1_11' title="bbox 264 1003 1850 1082; baseline 0.014 -37"><span class='ocrx_word' id='word_1_64' title='bbox 264 1013 325 1048; x_wconf 83' lang='grc' dir='ltr'><strong>το</strong></span> <span class='ocrx_word' id='word_1_65' title='bbox 382 1005 754 1065; x_wconf 72' lang='grc' dir='ltr'><strong>μνησικακίας</strong></span> <span class='ocrx_word' id='word_1_66' title='bbox 817 1003 1026 1067; x_wconf 85' lang='grc' dir='ltr'>οίκείας</span> <span class='ocrx_word' id='word_1_67' title='bbox 1099 1005 1262 1076; x_wconf 84' lang='grc' dir='ltr'>λόγῳ.</span> <span class='ocrx_word' id='word_1_68' title='bbox 1289 1009 1354 1062; x_wconf 83' lang='grc' dir='ltr'><strong>Τί</strong></span> <span class='ocrx_word' id='word_1_69' title='bbox 1392 1010 1454 1080; x_wconf 84' lang='grc' dir='ltr'>δὴ</span> <span class='ocrx_word' id='word_1_70' title='bbox 1502 1012 1850 1082; x_wconf 75' lang='grc' dir='ltr'>ἀφιλοσόφως</span> 
     </span>
    </p>
   </div>
   <div class='ocr_carea' id='block_1_12' title="bbox 267 1086 1845 1170">
    <p class='ocr_par' dir='ltr' id='par_1_12' title="bbox 267 1086 1845 1170">
     <span class='ocr_line' id='line_1_12' title="bbox 267 1086 1845 1170; baseline 0.014 -35"><span class='ocrx_word' id='word_1_71' title='bbox 267 1086 553 1138; x_wconf 71' lang='grc' dir='ltr'><strong>αἰτιῶνται</strong></span> <span class='ocrx_word' id='word_1_72' title='bbox 585 1088 696 1153; x_wconf 88' lang='grc' dir='ltr'>νῦν,</span> <span class='ocrx_word' id='word_1_73' title='bbox 746 1096 1102 1160; x_wconf 75' lang='grc' dir='ltr'><strong>μνησικακεῖν</strong></span> <span class='ocrx_word' id='word_1_74' title='bbox 1126 1097 1290 1162; x_wconf 76' lang='grc' dir='ltr'>ἡμᾶς,</span> <span class='ocrx_word' id='word_1_75' title='bbox 1335 1101 1735 1170; x_wconf 81' lang='grc' dir='ltr'>μεμνημένους,</span> <span class='ocrx_word' id='word_1_76' title='bbox 1763 1103 1845 1157; x_wconf 83' lang='grc' dir='ltr'>ὅτι</span> 
     </span>
    </p>
   </div>
   <div class='ocr_carea' id='block_1_13' title="bbox 274 1178 1849 1262">
    <p class='ocr_par' dir='ltr' id='par_1_13' title="bbox 274 1178 1849 1262">
     <span class='ocr_line' id='line_1_13' title="bbox 274 1178 1849 1262; baseline 0.017 -39"><span class='ocrx_word' id='word_1_77' title='bbox 274 1178 639 1244; x_wconf 77' lang='grc' dir='ltr'>μνησικάκοις</span> <span class='ocrx_word' id='word_1_78' title='bbox 697 1181 1007 1248; x_wconf 80' lang='grc' dir='ltr'>ἀνθρώποις</span> <span class='ocrx_word' id='word_1_79' title='bbox 1060 1191 1457 1255; x_wconf 83' lang='grc' dir='ltr'>περιπεπτώκα</span> <span class='ocrx_word' id='word_1_80' title='bbox 1494 1210 1625 1262; x_wconf 88' lang='grc' dir='ltr'>μεν,</span> <span class='ocrx_word' id='word_1_81' title='bbox 1656 1195 1716 1247; x_wconf 85' lang='grc' dir='ltr'>τὸ</span> <span class='ocrx_word' id='word_1_82' title='bbox 1769 1197 1849 1251; x_wconf 77' lang='lat' dir='ltr'><strong>oi-</strong></span> 
     </span>
    </p>
   </div>
   <div class='ocr_carea' id='block_1_14' title="bbox 271 1270 1364 1347">
    <p class='ocr_par' dir='ltr' id='par_1_14' title="bbox 271 1270 1364 1347">
     <span class='ocr_line' id='line_1_14' title="bbox 271 1270 1364 1347; baseline 0.014 -30"><span class='ocrx_word' id='word_1_83' title='bbox 271 1272 412 1319; x_wconf 83' lang='grc' dir='ltr'>κεῖον</span> <span class='ocrx_word' id='word_1_84' title='bbox 452 1270 624 1321; x_wconf 66' lang='grc' dir='ltr'>κακὸν</span> <span class='ocrx_word' id='word_1_85' title='bbox 658 1272 810 1324; x_wconf 77' lang='grc' dir='ltr'>αὐτοὶ</span> <span class='ocrx_word' id='word_1_86' title='bbox 833 1274 1162 1338; x_wconf 83' lang='grc' dir='ltr'>ὲπικλὼντες</span> <span class='ocrx_word' id='word_1_87' title='bbox 1192 1280 1322 1347; x_wconf 71' lang='grc' dir='ltr'>ἡμῖν</span> <span class='ocrx_word' id='word_1_88' title='bbox 1349 1295 1364 1346; x_wconf 88' lang='lat'><strong>;</strong></span> 
     </span>
    </p>
   </div>
   <div class='ocr_carea' id='block_1_15' title="bbox 340 1357 1842 1441">
    <p class='ocr_par' dir='ltr' id='par_1_15' title="bbox 340 1357 1842 1441">
     <span class='ocr_line' id='line_1_15' title="bbox 340 1357 1842 1441; baseline 0.016 -34"><span class='ocrx_word' id='word_1_89' title='bbox 340 1357 448 1423; x_wconf 78' lang='grc' dir='ltr'>με’.</span> <span class='ocrx_word' id='word_1_90' title='bbox 485 1361 606 1412; x_wconf 78' lang='grc' dir='ltr'>Ἔτι</span> <span class='ocrx_word' id='word_1_91' title='bbox 644 1362 1019 1433; x_wconf 76' lang='grc' dir='ltr'>ἀποφαίνομαι</span> <span class='ocrx_word' id='word_1_92' title='bbox 1059 1366 1221 1420; x_wconf 80' lang='grc' dir='ltr'>πάλιν</span> <span class='ocrx_word' id='word_1_93' title='bbox 1288 1370 1532 1441; x_wconf 77' lang='grc' dir='ltr'>θαρρὦ,</span> <span class='ocrx_word' id='word_1_94' title='bbox 1575 1375 1637 1428; x_wconf 82' lang='grc' dir='ltr'>οὐ</span> <span class='ocrx_word' id='word_1_95' title='bbox 1670 1377 1842 1432; x_wconf 77' lang='grc' dir='ltr'>ταῦτὰ</span> 
     </span>
    </p>
   </div>
   <div class='ocr_carea' id='block_1_16' title="bbox 271 1448 1843 1529">
    <p class='ocr_par' dir='ltr' id='par_1_16' title="bbox 271 1448 1843 1529">
     <span class='ocr_line' id='line_1_16' title="bbox 271 1448 1843 1529; baseline 0.016 -33"><span class='ocrx_word' id='word_1_96' title='bbox 271 1448 410 1498; x_wconf 72' lang='grc' dir='ltr'>νοεῖν</span> <span class='ocrx_word' id='word_1_97' title='bbox 451 1449 676 1518; x_wconf 68' lang='grc' dir='ltr'>μνήμην</span> <span class='ocrx_word' id='word_1_98' title='bbox 723 1451 892 1505; x_wconf 88' lang='grc' dir='ltr'>κακοῦ</span> <span class='ocrx_word' id='word_1_99' title='bbox 937 1455 1029 1507; x_wconf 77' lang='grc' dir='ltr'>καὶ</span> <span class='ocrx_word' id='word_1_100' title='bbox 1073 1463 1454 1529; x_wconf 79' lang='grc' dir='ltr'><strong>μνησικακεῖν,</strong></span> <span class='ocrx_word' id='word_1_101' title='bbox 1498 1463 1617 1517; x_wconf 84' lang='grc' dir='ltr'>ἀλλ’</span> <span class='ocrx_word' id='word_1_102' title='bbox 1666 1467 1843 1521; x_wconf 78' lang='grc' dir='ltr'>ἐκεῖνο</span> 
     </span>
    </p>
   </div>
   <div class='ocr_carea' id='block_1_17' title="bbox 273 1536 1844 1626">
    <p class='ocr_par' dir='ltr' id='par_1_17' title="bbox 273 1536 1844 1626">
     <span class='ocr_line' id='line_1_17' title="bbox 273 1536 1844 1626; baseline 0.017 -41"><span class='ocrx_word' id='word_1_103' title='bbox 273 1536 371 1601; x_wconf 80' lang='grc' dir='ltr'>μὲν</span> <span class='ocrx_word' id='word_1_104' title='bbox 415 1536 632 1604; x_wconf 77' lang='grc' dir='ltr'>φύσεως</span> <span class='ocrx_word' id='word_1_105' title='bbox 658 1540 856 1610; x_wconf 73' lang='grc' dir='ltr'>ἀρετὴν</span> <span class='ocrx_word' id='word_1_106' title='bbox 891 1541 1151 1601; x_wconf 76' lang='grc' dir='ltr'>εἶναικαὶ</span> <span class='ocrx_word' id='word_1_107' title='bbox 1203 1553 1538 1623; x_wconf 77' lang='grc' dir='ltr'><strong>τελειότητα,</strong></span> <span class='ocrx_word' id='word_1_108' title='bbox 1604 1573 1844 1626; x_wconf 83' lang='grc' dir='ltr'>περισω-</span> 
     </span>
    </p>
   </div>
   <div class='ocr_carea' id='block_1_18' title="bbox 269 1627 1845 1718">
    <p class='ocr_par' dir='ltr' id='par_1_18' title="bbox 269 1627 1845 1718">
     <span class='ocr_line' id='line_1_18' title="bbox 269 1627 1845 1718; baseline 0.016 -40"><span class='ocrx_word' id='word_1_109' title='bbox 269 1627 472 1698; x_wconf 79' lang='grc' dir='ltr'>ζούσης</span> <span class='ocrx_word' id='word_1_110' title='bbox 505 1634 567 1698; x_wconf 80' lang='grc' dir='ltr'><strong>τῇ</strong></span> <span class='ocrx_word' id='word_1_111' title='bbox 593 1631 742 1701; x_wconf 68' lang='grc' dir='ltr'>ψυχῇ</span> <span class='ocrx_word' id='word_1_112' title='bbox 770 1633 828 1686; x_wconf 76' lang='grc' dir='ltr'>τὸ</span> <span class='ocrx_word' id='word_1_113' title='bbox 853 1635 960 1687; x_wconf 84' lang='grc' dir='ltr'><strong>τῶν</strong></span> <span class='ocrx_word' id='word_1_114' title='bbox 992 1641 1362 1709; x_wconf 76' lang='grc' dir='ltr'>παθημάτων,</span> <span class='ocrx_word' id='word_1_115' title='bbox 1384 1645 1484 1698; x_wconf 78' lang='grc' dir='ltr'>εἶτ’</span> <span class='ocrx_word' id='word_1_116' title='bbox 1511 1643 1604 1700; x_wconf 68' lang='grc' dir='ltr'>οὖν</span> <span class='ocrx_word' id='word_1_117' title='bbox 1637 1650 1845 1718; x_wconf 85' lang='grc' dir='ltr'>νοημά-</span> 
     </span>
    </p>
   </div>
   <div class='ocr_carea' id='block_1_19' title="bbox 269 1721 1838 1804">
    <p class='ocr_par' dir='ltr' id='par_1_19' title="bbox 269 1721 1838 1804">
     <span class='ocr_line' id='line_1_19' title="bbox 269 1721 1838 1804; baseline 0.017 -35"><span class='ocrx_word' id='word_1_118' title='bbox 269 1737 376 1771; x_wconf 88' lang='grc' dir='ltr'><strong>των</strong></span> <span class='ocrx_word' id='word_1_119' title='bbox 412 1721 666 1788; x_wconf 77' lang='grc' dir='ltr'>μόνιμον,</span> <span class='ocrx_word' id='word_1_120' title='bbox 690 1724 813 1777; x_wconf 82' lang='grc' dir='ltr'>ὅθεν</span> <span class='ocrx_word' id='word_1_121' title='bbox 841 1727 935 1779; x_wconf 72' lang='grc' dir='ltr'>καὶ</span> <span class='ocrx_word' id='word_1_122' title='bbox 968 1731 1032 1798; x_wconf 80' lang='grc' dir='ltr'><strong>τῇ</strong></span> <span class='ocrx_word' id='word_1_123' title='bbox 1063 1732 1252 1804; x_wconf 81' lang='grc' dir='ltr'>μνήμῃ</span> <span class='ocrx_word' id='word_1_124' title='bbox 1285 1735 1346 1787; x_wconf 74' lang='grc' dir='ltr'><strong>τὺ</strong></span> <span class='ocrx_word' id='word_1_125' title='bbox 1362 1736 1460 1803; x_wconf 88' lang='grc' dir='ltr'>τῆς</span> <span class='ocrx_word' id='word_1_126' title='bbox 1488 1738 1686 1803; x_wconf 76' lang='grc' dir='ltr'>λέξεως</span> <span class='ocrx_word' id='word_1_127' title='bbox 1715 1741 1838 1794; x_wconf 75' lang='grc' dir='ltr'>ἐτυ-</span> 
     </span>
    </p>
   </div>
   <div class='ocr_carea' id='block_1_20' title="bbox 1955 545 3539 624">
    <p class='ocr_par' dir='ltr' id='par_1_20' title="bbox 1955 545 3539 624">
     <span class='ocr_line' id='line_1_20' title="bbox 1955 545 3539 624; baseline 0.008 -26"><span class='ocrx_word' id='word_1_128' title='bbox 1955 545 2064 599; x_wconf 89' lang='lat' dir='ltr'><strong>lum</strong></span> <span class='ocrx_word' id='word_1_129' title='bbox 2098 562 2165 600; x_wconf 76' lang='lat' dir='ltr'><strong>ex</strong></span> <span class='ocrx_word' id='word_1_130' title='bbox 2199 547 2352 601; x_wconf 89' lang='lat' dir='ltr'><strong>nobis</strong></span> <span class='ocrx_word' id='word_1_131' title='bbox 2386 550 2582 604; x_wconf 83' lang='lat' dir='ltr'><strong>malum</strong></span> <span class='ocrx_word' id='word_1_132' title='bbox 2609 553 2663 607; x_wconf 89' lang='lat' dir='ltr'><strong>in</strong></span> <span class='ocrx_word' id='word_1_133' title='bbox 2691 570 3019 624; x_wconf 84' lang='lat' dir='ltr'><strong>quemquam</strong></span> <span class='ocrx_word' id='word_1_134' title='bbox 3057 557 3402 610; x_wconf 77' lang='lat' dir='ltr'><strong>redundavit.</strong></span> <span class='ocrx_word' id='word_1_135' title='bbox 3429 555 3539 611; x_wconf 85' lang='lat' dir='ltr'><strong>Nec</strong></span> 
     </span>
    </p>
   </div>
   <div class='ocr_carea' id='block_1_21' title="bbox 1954 645 3544 717">
    <p class='ocr_par' dir='ltr' id='par_1_21' title="bbox 1954 645 3544 717">
     <span class='ocr_line' id='line_1_21' title="bbox 1954 645 3544 717; baseline 0.004 -23"><span class='ocrx_word' id='word_1_136' title='bbox 1954 645 2164 700; x_wconf 80' lang='lat' dir='ltr'><strong>autem,</strong></span> <span class='ocrx_word' id='word_1_137' title='bbox 2218 649 2368 706; x_wconf 91' lang='lat' dir='ltr'><strong>puto,</strong></span> <span class='ocrx_word' id='word_1_138' title='bbox 2405 652 2591 696; x_wconf 83' lang='lat' dir='ltr'><strong>contra</strong></span> <span class='ocrx_word' id='word_1_139' title='bbox 2630 661 2726 697; x_wconf 88' lang='lat' dir='ltr'><strong>nos</strong></span> <span class='ocrx_word' id='word_1_140' title='bbox 2775 648 3167 702; x_wconf 77' lang='lat' dir='ltr'><strong>maledicentes</strong></span> <span class='ocrx_word' id='word_1_141' title='bbox 3197 648 3414 717; x_wconf 80' lang='lat' dir='ltr'><strong>aliquod</strong></span> <span class='ocrx_word' id='word_1_142' title='bbox 3466 653 3544 701; x_wconf 83' lang='lat' dir='ltr'><strong>la-</strong></span> 
     </span>
    </p>
   </div>
   <div class='ocr_carea' id='block_1_22' title="bbox 1957 731 3541 810">
    <p class='ocr_par' dir='ltr' id='par_1_22' title="bbox 1957 731 3541 810">
     <span class='ocr_line' id='line_1_22' title="bbox 1957 731 3541 810; baseline 0.007 -27"><span class='ocrx_word' id='word_1_143' title='bbox 1957 741 2105 784; x_wconf 89' lang='lat' dir='ltr'><strong>ctum</strong></span> <span class='ocrx_word' id='word_1_144' title='bbox 2147 731 2195 784; x_wconf 94' lang='lat' dir='ltr'><strong>iu</strong></span> <span class='ocrx_word' id='word_1_145' title='bbox 2228 742 2606 800; x_wconf 78' lang='lat' dir='ltr'><strong>argumentum</strong></span> <span class='ocrx_word' id='word_1_146' title='bbox 2629 737 2862 807; x_wconf 75' lang='lat' dir='ltr'><strong>allegare</strong></span> <span class='ocrx_word' id='word_1_147' title='bbox 2890 752 3142 808; x_wconf 85' lang='lat' dir='ltr'><strong>possent;</strong></span> <span class='ocrx_word' id='word_1_148' title='bbox 3167 743 3209 796; x_wconf 84' lang='lat' dir='ltr'><strong>si</strong></span> <span class='ocrx_word' id='word_1_149' title='bbox 3248 756 3375 794; x_wconf 85' lang='lat' dir='ltr'><strong>vero</strong></span> <span class='ocrx_word' id='word_1_150' title='bbox 3406 757 3541 810; x_wconf 86' lang='lat' dir='ltr'><strong>quo-</strong></span> 
     </span>
    </p>
   </div>
   <div class='ocr_carea' id='block_1_23' title="bbox 1952 824 3539 898">
    <p class='ocr_par' dir='ltr' id='par_1_23' title="bbox 1952 824 3539 898">
     <span class='ocr_line' id='line_1_23' title="bbox 1952 824 3539 898; baseline 0.006 -26"><span class='ocrx_word' id='word_1_151' title='bbox 1952 832 2058 887; x_wconf 91' lang='lat' dir='ltr'><strong>que</strong></span> <span class='ocrx_word' id='word_1_152' title='bbox 2101 835 2262 888; x_wconf 80' lang='lat' dir='ltr'><strong>super</strong></span> <span class='ocrx_word' id='word_1_153' title='bbox 2292 824 2636 877; x_wconf 77' lang='lat' dir='ltr'><strong>ﬁiiidamenta</strong></span> <span class='ocrx_word' id='word_1_154' title='bbox 2672 841 2699 878; x_wconf 87' lang='lat' dir='ltr'><strong>a</strong></span> <span class='ocrx_word' id='word_1_155' title='bbox 2737 830 2891 881; x_wconf 87' lang='lat' dir='ltr'><strong>nobis</strong></span> <span class='ocrx_word' id='word_1_156' title='bbox 2935 830 3221 898; x_wconf 60' lang='lat' dir='ltr'><strong>pra‘posita</strong></span> <span class='ocrx_word' id='word_1_157' title='bbox 3265 831 3539 884; x_wconf 64' lang='lat' dir='ltr'><strong>aediﬁcan-</strong></span> 
     </span>
    </p>
   </div>
   <div class='ocr_carea' id='block_1_24' title="bbox 1952 912 3537 991">
    <p class='ocr_par' dir='ltr' id='par_1_24' title="bbox 1952 912 3537 991">
     <span class='ocr_line' id='line_1_24' title="bbox 1952 912 3537 991; baseline 0.008 -28"><span class='ocrx_word' id='word_1_158' title='bbox 1952 912 2101 976; x_wconf 87' lang='lat' dir='ltr'><strong>dum,</strong></span> <span class='ocrx_word' id='word_1_159' title='bbox 2135 913 2347 968; x_wconf 88' lang='lat' dir='ltr'><strong>culmen</strong></span> <span class='ocrx_word' id='word_1_160' title='bbox 2381 917 2479 984; x_wconf 93' lang='lat' dir='ltr'><strong>ipsi</strong></span> <span class='ocrx_word' id='word_1_161' title='bbox 2525 917 2742 972; x_wconf 69' lang='lat' dir='ltr'><strong>malitim</strong></span> <span class='ocrx_word' id='word_1_162' title='bbox 2803 931 3112 989; x_wconf 89' lang='lat' dir='ltr'><strong>posuerunt</strong></span> <span class='ocrx_word' id='word_1_163' title='bbox 3147 923 3381 991; x_wconf 66' lang='lat' dir='ltr'><strong>propriae</strong></span> <span class='ocrx_word' id='word_1_164' title='bbox 3414 924 3537 976; x_wconf 87' lang='lat' dir='ltr'><strong>mali</strong></span> 
     </span>
    </p>
   </div>
   <div class='ocr_carea' id='block_1_25' title="bbox 1951 1005 3536 1081">
    <p class='ocr_par' dir='ltr' id='par_1_25' title="bbox 1951 1005 3536 1081">
     <span class='ocr_line' id='line_1_25' title="bbox 1951 1005 3536 1081; baseline 0.008 -25"><span class='ocrx_word' id='word_1_165' title='bbox 1951 1005 2224 1058; x_wconf 70' lang='lat' dir='ltr'><strong>memoriae</strong></span> <span class='ocrx_word' id='word_1_166' title='bbox 2249 1007 2480 1061; x_wconf 80' lang='lat' dir='ltr'><strong>ratione.</strong></span> <span class='ocrx_word' id='word_1_167' title='bbox 2525 1008 2663 1074; x_wconf 84' lang='lat' dir='ltr'><strong>Quid</strong></span> <span class='ocrx_word' id='word_1_168' title='bbox 2695 1025 2824 1078; x_wconf 74' lang='lat' dir='ltr'><strong>ergo</strong></span> <span class='ocrx_word' id='word_1_169' title='bbox 2857 1028 2962 1064; x_wconf 89' lang='lat' dir='ltr'><strong>non</strong></span> <span class='ocrx_word' id='word_1_170' title='bbox 2989 1014 3361 1081; x_wconf 82' lang='lat' dir='ltr'><strong>philOSOphice</strong></span> <span class='ocrx_word' id='word_1_171' title='bbox 3395 1032 3536 1068; x_wconf 90' lang='lat' dir='ltr'><strong>nunc</strong></span> 
     </span>
    </p>
   </div>
   <div class='ocr_carea' id='block_1_26' title="bbox 1948 1103 3541 1173">
    <p class='ocr_par' dir='ltr' id='par_1_26' title="bbox 1948 1103 3541 1173">
     <span class='ocr_line' id='line_1_26' title="bbox 1948 1103 3541 1173; baseline 0.007 -25"><span class='ocrx_word' id='word_1_172' title='bbox 1948 1109 2250 1150; x_wconf 82' lang='lat' dir='ltr'><strong>causantur</strong></span> <span class='ocrx_word' id='word_1_173' title='bbox 2329 1114 2425 1173; x_wconf 87' lang='lat' dir='ltr'><strong>nos</strong></span> <span class='ocrx_word' id='word_1_174' title='bbox 2493 1115 2613 1154; x_wconf 87' lang='lat' dir='ltr'><strong>esse</strong></span> <span class='ocrx_word' id='word_1_175' title='bbox 2678 1103 2804 1155; x_wconf 90' lang='lat' dir='ltr'><strong>mali</strong></span> <span class='ocrx_word' id='word_1_176' title='bbox 2843 1120 3129 1167; x_wconf 76' lang='lat' dir='ltr'><strong>memores.</strong></span> <span class='ocrx_word' id='word_1_177' title='bbox 3187 1122 3308 1159; x_wconf 92' lang='lat' dir='ltr'><strong>cum</strong></span> <span class='ocrx_word' id='word_1_178' title='bbox 3359 1123 3541 1159; x_wconf 76' lang='lat' dir='ltr'><strong>recor-</strong></span> 
     </span>
    </p>
   </div>
   <div class='ocr_carea' id='block_1_27' title="bbox 1949 1183 3538 1255">
    <p class='ocr_par' dir='ltr' id='par_1_27' title="bbox 1949 1183 3538 1255">
     <span class='ocr_line' id='line_1_27' title="bbox 1949 1183 3538 1255; baseline 0.009 -20"><span class='ocrx_word' id='word_1_179' title='bbox 1949 1183 2160 1246; x_wconf 87' lang='lat' dir='ltr'><strong>damur.</strong></span> <span class='ocrx_word' id='word_1_180' title='bbox 2195 1189 2337 1255; x_wconf 89' lang='lat' dir='ltr'><strong>quod</strong></span> <span class='ocrx_word' id='word_1_181' title='bbox 2400 1189 2704 1244; x_wconf 78' lang='lat' dir='ltr'><strong>hominibus</strong></span> <span class='ocrx_word' id='word_1_182' title='bbox 2752 1193 2879 1244; x_wconf 87' lang='lat' dir='ltr'><strong>mali</strong></span> <span class='ocrx_word' id='word_1_183' title='bbox 2916 1196 3243 1248; x_wconf 87' lang='lat' dir='ltr'><strong>memoribus</strong></span> <span class='ocrx_word' id='word_1_184' title='bbox 3292 1197 3538 1249; x_wconf 79' lang='lat' dir='ltr'><strong>incideri-</strong></span> 
     </span>
    </p>
   </div>
   <div class='ocr_carea' id='block_1_28' title="bbox 1949 1280 3330 1352">
    <p class='ocr_par' dir='ltr' id='par_1_28' title="bbox 1949 1280 3330 1352">
     <span class='ocr_line' id='line_1_28' title="bbox 1949 1280 3330 1352; baseline 0.008 -24"><span class='ocrx_word' id='word_1_185' title='bbox 1949 1292 2088 1340; x_wconf 83' lang='lat' dir='ltr'><strong>mus,</strong></span> <span class='ocrx_word' id='word_1_186' title='bbox 2122 1280 2392 1348; x_wconf 87' lang='lat' dir='ltr'><strong>proprium</strong></span> <span class='ocrx_word' id='word_1_187' title='bbox 2426 1283 2620 1335; x_wconf 84' lang='lat' dir='ltr'><strong>malum</strong></span> <span class='ocrx_word' id='word_1_188' title='bbox 2656 1283 2756 1351; x_wconf 86' lang='lat' dir='ltr'><strong>ipsi</strong></span> <span class='ocrx_word' id='word_1_189' title='bbox 2784 1285 2938 1338; x_wconf 85' lang='lat' dir='ltr'><strong>nobis</strong></span> <span class='ocrx_word' id='word_1_190' title='bbox 2977 1290 3330 1352; x_wconf 89' lang='lat' dir='ltr'><strong>imputantes.</strong></span> 
     </span>
    </p>
   </div>
   <div class='ocr_carea' id='block_1_29' title="bbox 2018 1369 3536 1444">
    <p class='ocr_par' dir='ltr' id='par_1_29' title="bbox 2018 1369 3536 1444">
     <span class='ocr_line' id='line_1_29' title="bbox 2018 1369 3536 1444; baseline 0.005 -23"><span class='ocrx_word' id='word_1_191' title='bbox 2018 1369 2108 1422; x_wconf 74' lang='grc'><strong>45.</strong></span> <span class='ocrx_word' id='word_1_192' title='bbox 2141 1369 2221 1423; x_wconf 82' lang='grc' dir='ltr'><strong>ΑιΙ</strong></span> <span class='ocrx_word' id='word_1_193' title='bbox 2267 1371 2380 1423; x_wconf 75' lang='lat' dir='ltr'><strong>lucc</strong></span> <span class='ocrx_word' id='word_1_194' title='bbox 2411 1387 2627 1426; x_wconf 85' lang='lat' dir='ltr'><strong>rursum</strong></span> <span class='ocrx_word' id='word_1_195' title='bbox 2657 1374 2871 1444; x_wconf 81' lang='lat' dir='ltr'><strong>explico</strong></span> <span class='ocrx_word' id='word_1_196' title='bbox 2897 1377 3172 1429; x_wconf 84' lang='lat' dir='ltr'><strong>conlidens</strong></span> <span class='ocrx_word' id='word_1_197' title='bbox 3201 1392 3307 1430; x_wconf 89' lang='lat' dir='ltr'><strong>non</strong></span> <span class='ocrx_word' id='word_1_198' title='bbox 3352 1377 3536 1431; x_wconf 89' lang='lat' dir='ltr'><strong>eadem</strong></span> 
     </span>
    </p>
   </div>
   <div class='ocr_carea' id='block_1_30' title="bbox 1945 1458 3533 1534">
    <p class='ocr_par' dir='ltr' id='par_1_30' title="bbox 1945 1458 3533 1534">
     <span class='ocr_line' id='line_1_30' title="bbox 1945 1458 3533 1534; baseline 0.007 -24"><span class='ocrx_word' id='word_1_199' title='bbox 1945 1458 2248 1526; x_wconf 77' lang='lat' dir='ltr'><strong>signiﬁcare</strong></span> <span class='ocrx_word' id='word_1_200' title='bbox 2275 1461 2400 1516; x_wconf 86' lang='lat' dir='ltr'><strong>mali</strong></span> <span class='ocrx_word' id='word_1_201' title='bbox 2435 1465 2885 1526; x_wconf 84' lang='lat' dir='ltr'><strong>recordationem.</strong></span> <span class='ocrx_word' id='word_1_202' title='bbox 2936 1475 2990 1519; x_wconf 89' lang='lat' dir='ltr'><strong>et</strong></span> <span class='ocrx_word' id='word_1_203' title='bbox 3022 1469 3144 1520; x_wconf 88' lang='lat' dir='ltr'><strong>mali</strong></span> <span class='ocrx_word' id='word_1_204' title='bbox 3177 1469 3489 1521; x_wconf 80' lang='lat' dir='ltr'><strong>memoriam</strong></span> <span class='ocrx_word' id='word_1_205' title='bbox 3518 1488 3533 1534; x_wconf 87' lang='lat'><strong>;</strong></span> 
     </span>
    </p>
   </div>
   <div class='ocr_carea' id='block_1_31' title="bbox 1946 1551 3538 1628">
    <p class='ocr_par' dir='ltr' id='par_1_31' title="bbox 1946 1551 3538 1628">
     <span class='ocr_line' id='line_1_31' title="bbox 1946 1551 3538 1628; baseline 0.006 -26"><span class='ocrx_word' id='word_1_206' title='bbox 1946 1551 2040 1603; x_wconf 90' lang='lat' dir='ltr'><strong>sed</strong></span> <span class='ocrx_word' id='word_1_207' title='bbox 2098 1551 2242 1606; x_wconf 83' lang='lat' dir='ltr'><strong>illam</strong></span> <span class='ocrx_word' id='word_1_208' title='bbox 2275 1554 2496 1620; x_wconf 80' lang='lat' dir='ltr'><strong>quidem</strong></span> <span class='ocrx_word' id='word_1_209' title='bbox 2533 1569 2656 1610; x_wconf 78' lang='lat' dir='ltr'><strong>esse</strong></span> <span class='ocrx_word' id='word_1_210' title='bbox 2693 1563 2900 1610; x_wconf 69' lang='lat' dir='ltr'><strong>naturae</strong></span> <span class='ocrx_word' id='word_1_211' title='bbox 2951 1558 3205 1612; x_wconf 74' lang='lat' dir='ltr'><strong>virtutem</strong></span> <span class='ocrx_word' id='word_1_212' title='bbox 3259 1568 3310 1611; x_wconf 82' lang='lat' dir='ltr'><strong>et</strong></span> <span class='ocrx_word' id='word_1_213' title='bbox 3362 1559 3538 1628; x_wconf 80' lang='lat' dir='ltr'><strong>perle-</strong></span> 
     </span>
    </p>
   </div>
   <div class='ocr_carea' id='block_1_32' title="bbox 1944 1641 3534 1717">
    <p class='ocr_par' dir='ltr' id='par_1_32' title="bbox 1944 1641 3534 1717">
     <span class='ocr_line' id='line_1_32' title="bbox 1944 1641 3534 1717; baseline 0.006 -24"><span class='ocrx_word' id='word_1_214' title='bbox 1944 1641 2208 1705; x_wconf 81' lang='lat' dir='ltr'><strong>Ctionem,</strong></span> <span class='ocrx_word' id='word_1_215' title='bbox 2247 1648 2623 1700; x_wconf 86' lang='lat' dir='ltr'><strong>conservantis</strong></span> <span class='ocrx_word' id='word_1_216' title='bbox 2654 1648 2705 1700; x_wconf 90' lang='lat' dir='ltr'><strong>in</strong></span> <span class='ocrx_word' id='word_1_217' title='bbox 2726 1649 2907 1701; x_wconf 87' lang='lat' dir='ltr'><strong>anima</strong></span> <span class='ocrx_word' id='word_1_218' title='bbox 2933 1651 3075 1716; x_wconf 86' lang='lat' dir='ltr'><strong>quod</strong></span> <span class='ocrx_word' id='word_1_219' title='bbox 3102 1650 3166 1704; x_wconf 89' lang='lat' dir='ltr'><strong>de</strong></span> <span class='ocrx_word' id='word_1_220' title='bbox 3194 1650 3534 1717; x_wconf 85' lang='lat' dir='ltr'><strong>passiouibus</strong></span> 
     </span>
    </p>
   </div>
   <div class='ocr_carea' id='block_1_33' title="bbox 1943 1734 3534 1801">
    <p class='ocr_par' dir='ltr' id='par_1_33' title="bbox 1943 1734 3534 1801">
     <span class='ocr_line' id='line_1_33' title="bbox 1943 1734 3534 1801; baseline 0.005 -17"><span class='ocrx_word' id='word_1_221' title='bbox 1943 1734 2470 1801; x_wconf 72' lang='lat' dir='ltr'><strong>vclcogitationihus</strong></span> <span class='ocrx_word' id='word_1_222' title='bbox 2525 1749 2787 1798; x_wconf 82' lang='lat' dir='ltr'><strong>moratur.</strong></span> <span class='ocrx_word' id='word_1_223' title='bbox 2867 1741 3007 1792; x_wconf 88' lang='lat' dir='ltr'><strong>unde</strong></span> <span class='ocrx_word' id='word_1_224' title='bbox 3082 1741 3227 1793; x_wconf 79' lang='lat' dir='ltr'><strong>venit</strong></span> <span class='ocrx_word' id='word_1_225' title='bbox 3259 1741 3534 1792; x_wconf 72' lang='lat' dir='ltr'><strong>inemorize</strong></span> 
     </span>
    </p>
   </div>
   <div class='ocr_carea' id='block_1_34' title="bbox 271 1810 1846 1900">
    <p class='ocr_par' dir='ltr' id='par_1_34' title="bbox 271 1810 1846 1900">
     <span class='ocr_line' id='line_1_34' title="bbox 271 1810 1846 1900; baseline 0.016 -39"><span class='ocrx_word' id='word_1_226' title='bbox 271 1829 393 1879; x_wconf 88' lang='grc' dir='ltr'>μον.</span> <span class='ocrx_word' id='word_1_227' title='bbox 424 1810 496 1864; x_wconf 84' lang='grc' dir='ltr'>Τὸ</span> <span class='ocrx_word' id='word_1_228' title='bbox 530 1813 587 1865; x_wconf 84' lang='grc' dir='ltr'><strong>δέ</strong></span> <span class='ocrx_word' id='word_1_229' title='bbox 638 1832 700 1881; x_wconf 89' lang='grc' dir='ltr'><strong>γε</strong></span> <span class='ocrx_word' id='word_1_230' title='bbox 765 1825 1126 1886; x_wconf 84' lang='grc' dir='ltr'>μνησικακεῖν</span> <span class='ocrx_word' id='word_1_231' title='bbox 1170 1823 1347 1895; x_wconf 79' lang='grc' dir='ltr'>ψυχῆς</span> <span class='ocrx_word' id='word_1_232' title='bbox 1395 1829 1706 1900; x_wconf 77' lang='grc' dir='ltr'>φαυλότητα</span> <span class='ocrx_word' id='word_1_233' title='bbox 1768 1834 1846 1886; x_wconf 89' lang='grc' dir='ltr'>τί-</span> 
     </span>
    </p>
   </div>
   <div class='ocr_carea' id='block_1_35' title="bbox 1954 1810 3526 1900">
    <p class='ocr_par' dir='ltr' id='par_1_35' title="bbox 1957 1825 3526 1896">
     <span class='ocr_line' id='line_1_35' title="bbox 1957 1825 3526 1896; baseline 0.003 -21"><span class='ocrx_word' id='word_1_234' title='bbox 1957 1825 2105 1879; x_wconf 85' lang='lat' dir='ltr'><strong>vocis</strong></span> <span class='ocrx_word' id='word_1_235' title='bbox 2155 1835 2396 1894; x_wconf 77' lang='lat' dir='ltr'><strong>etymon;</strong></span> <span class='ocrx_word' id='word_1_236' title='bbox 2464 1829 2589 1880; x_wconf 87' lang='lat' dir='ltr'><strong>mali</strong></span> <span class='ocrx_word' id='word_1_237' title='bbox 2647 1829 2963 1882; x_wconf 83' lang='lat' dir='ltr'><strong>meminisse</strong></span> <span class='ocrx_word' id='word_1_238' title='bbox 3014 1843 3142 1881; x_wconf 87' lang='lat' dir='ltr'><strong>vero</strong></span> <span class='ocrx_word' id='word_1_239' title='bbox 3205 1831 3526 1896; x_wconf 76' lang='lat' dir='ltr'><strong>pravitatem</strong></span> 
     </span>
    </p>
   </div>
   <div class='ocr_carea' id='block_1_36' title="bbox 271 1903 1847 1993">
    <p class='ocr_par' dir='ltr' id='par_1_36' title="bbox 271 1903 1847 1993">
     <span class='ocr_line' id='line_1_36' title="bbox 271 1903 1847 1993; baseline 0.014 -39"><span class='ocrx_word' id='word_1_240' title='bbox 271 1903 437 1971; x_wconf 74' lang='grc' dir='ltr'>θεμαι</span> <span class='ocrx_word' id='word_1_241' title='bbox 495 1907 739 1976; x_wconf 75' lang='grc' dir='ltr'>μαχίμου</span> <span class='ocrx_word' id='word_1_242' title='bbox 791 1911 886 1962; x_wconf 77' lang='grc' dir='ltr'>καὶ</span> <span class='ocrx_word' id='word_1_243' title='bbox 935 1911 1352 1984; x_wconf 82' lang='grc' dir='ltr'>ὀλοθρευτικῆς.</span> <span class='ocrx_word' id='word_1_244' title='bbox 1395 1920 1504 1978; x_wconf 69' lang='grc' dir='ltr'><strong>Καὶ</strong></span> <span class='ocrx_word' id='word_1_245' title='bbox 1536 1922 1717 1975; x_wconf 80' lang='grc' dir='ltr'>τοίνυν</span> <span class='ocrx_word' id='word_1_246' title='bbox 1751 1925 1847 1993; x_wconf 86' lang='grc' dir='ltr'>μέ-</span> 
     </span>
    </p>
   </div>
   <div class='ocr_carea' id='block_1_37' title="bbox 273 1998 1845 2082">
    <p class='ocr_par' dir='ltr' id='par_1_37' title="bbox 273 1998 1845 2082">
     <span class='ocr_line' id='line_1_37' title="bbox 273 1998 1845 2082; baseline 0.013 -36"><span class='ocrx_word' id='word_1_247' title='bbox 273 2012 480 2064; x_wconf 85' lang='grc' dir='ltr'>μνηται</span> <span class='ocrx_word' id='word_1_248' title='bbox 509 1998 805 2061; x_wconf 77' lang='grc' dir='ltr'>κακωθεὶς.</span> <span class='ocrx_word' id='word_1_249' title='bbox 846 2001 874 2054; x_wconf 83' lang='grc' dir='ltr'><strong>ὅ</strong></span> <span class='ocrx_word' id='word_1_250' title='bbox 901 2001 953 2054; x_wconf 91' lang='grc' dir='ltr'><strong>τί</strong></span> <span class='ocrx_word' id='word_1_251' title='bbox 987 2019 1092 2073; x_wconf 91' lang='grc' dir='ltr'><strong>περ</strong></span> <span class='ocrx_word' id='word_1_252' title='bbox 1143 2000 1282 2067; x_wconf 76' lang='grc' dir='ltr'>οῖδα.</span> <span class='ocrx_word' id='word_1_253' title='bbox 1324 2008 1418 2060; x_wconf 71' lang='grc' dir='ltr'>καὶ</span> <span class='ocrx_word' id='word_1_254' title='bbox 1464 2009 1845 2082; x_wconf 81' lang='grc' dir='ltr'>εὐεργετηθείς</span> 
     </span>
    </p>
   </div>
   <div class='ocr_carea' id='block_1_38' title="bbox 270 2091 1840 2174">
    <p class='ocr_par' dir='ltr' id='par_1_38' title="bbox 270 2091 1840 2174">
     <span class='ocr_line' id='line_1_38' title="bbox 270 2091 1840 2174; baseline 0.015 -36"><span class='ocrx_word' id='word_1_255' title='bbox 270 2103 428 2142; x_wconf 84' lang='grc' dir='ltr'>ποτε.</span> <span class='ocrx_word' id='word_1_256' title='bbox 463 2091 841 2157; x_wconf 74' lang='grc' dir='ltr'>Μνησικακεῖν</span> <span class='ocrx_word' id='word_1_257' title='bbox 901 2094 957 2148; x_wconf 80' lang='grc' dir='ltr'>δὲ</span> <span class='ocrx_word' id='word_1_258' title='bbox 1017 2095 1141 2149; x_wconf 85' lang='grc' dir='ltr'>οὔτε</span> <span class='ocrx_word' id='word_1_259' title='bbox 1209 2093 1328 2152; x_wconf 80' lang='grc' dir='ltr'>οῖδα</span> <span class='ocrx_word' id='word_1_260' title='bbox 1377 2100 1437 2154; x_wconf 81' lang='grc' dir='ltr'>ὃν</span> <span class='ocrx_word' id='word_1_261' title='bbox 1496 2103 1660 2173; x_wconf 78' lang='grc' dir='ltr'>ἔργον</span> <span class='ocrx_word' id='word_1_262' title='bbox 1687 2105 1840 2174; x_wconf 73' lang='grc' dir='ltr'>ἐμὸν.</span> 
     </span>
    </p>
   </div>
   <div class='ocr_carea' id='block_1_39' title="bbox 268 2181 1842 2267">
    <p class='ocr_par' dir='ltr' id='par_1_39' title="bbox 268 2181 1842 2267">
     <span class='ocr_line' id='line_1_39' title="bbox 268 2181 1842 2267; baseline 0.011 -35"><span class='ocrx_word' id='word_1_263' title='bbox 268 2181 388 2234; x_wconf 79' lang='grc' dir='ltr'>οὐδὲ</span> <span class='ocrx_word' id='word_1_264' title='bbox 422 2183 532 2252; x_wconf 78' lang='grc' dir='ltr'>μὴν</span> <span class='ocrx_word' id='word_1_265' title='bbox 563 2183 756 2250; x_wconf 75' lang='grc' dir='ltr'>ἐθέλω,</span> <span class='ocrx_word' id='word_1_266' title='bbox 778 2186 1030 2258; x_wconf 78' lang='grc' dir='ltr'>καθάπερ</span> <span class='ocrx_word' id='word_1_267' title='bbox 1061 2190 1182 2245; x_wconf 81' lang='grc' dir='ltr'>οὐδὲ</span> <span class='ocrx_word' id='word_1_268' title='bbox 1216 2195 1541 2262; x_wconf 84' lang='grc' dir='ltr'>φιλονεικεῖν</span> <span class='ocrx_word' id='word_1_269' title='bbox 1581 2197 1842 2267; x_wconf 87' lang='grc' dir='ltr'>μάχιμον,</span> 
     </span>
    </p>
   </div>
   <div class='ocr_carea' id='block_1_40' title="bbox 271 2271 1846 2358">
    <p class='ocr_par' dir='ltr' id='par_1_40' title="bbox 271 2271 1846 2358">
     <span class='ocr_line' id='line_1_40' title="bbox 271 2271 1846 2358; baseline 0.011 -33"><span class='ocrx_word' id='word_1_270' title='bbox 271 2271 359 2327; x_wconf 75' lang='grc' dir='ltr'>οἷα</span> <span class='ocrx_word' id='word_1_271' title='bbox 389 2277 483 2328; x_wconf 71' lang='grc' dir='ltr'><strong>καὶ</strong></span> <span class='ocrx_word' id='word_1_272' title='bbox 519 2277 792 2344; x_wconf 83' lang='grc' dir='ltr'>συνειδὼς,</span> <span class='ocrx_word' id='word_1_273' title='bbox 829 2281 966 2350; x_wconf 84' lang='grc' dir='ltr'>ποίῳ</span> <span class='ocrx_word' id='word_1_274' title='bbox 1001 2281 1308 2355; x_wconf 82' lang='grc' dir='ltr'>διδασκάλῳ</span> <span class='ocrx_word' id='word_1_275' title='bbox 1357 2288 1627 2358; x_wconf 78' lang='grc' dir='ltr'>μαθητὴς,</span> <span class='ocrx_word' id='word_1_276' title='bbox 1670 2292 1718 2340; x_wconf 79' lang='grc' dir='ltr'><strong>εί</strong></span> <span class='ocrx_word' id='word_1_277' title='bbox 1751 2291 1846 2343; x_wconf 77' lang='grc' dir='ltr'><strong>καὶ</strong></span> 
     </span>
    </p>
   </div>
   <div class='ocr_carea' id='block_1_41' title="bbox 271 2369 1847 2450">
    <p class='ocr_par' dir='ltr' id='par_1_41' title="bbox 271 2369 1847 2450">
     <span class='ocr_line' id='line_1_41' title="bbox 271 2369 1847 2450; baseline 0.01 -32"><span class='ocrx_word' id='word_1_278' title='bbox 271 2369 935 2441; x_wconf 75' lang='grc' dir='ltr'>ἀφυὴς,ὲπιγέγραμμαι.</span> <span class='ocrx_word' id='word_1_279' title='bbox 969 2374 1050 2426; x_wconf 80' lang='grc' dir='ltr'>ὅτι</span> <span class='ocrx_word' id='word_1_280' title='bbox 1077 2375 1280 2446; x_wconf 75' lang='grc' dir='ltr'>δηλαδὴ</span> <span class='ocrx_word' id='word_1_281' title='bbox 1325 2379 1402 2446; x_wconf 79' lang='grc' dir='ltr'><strong>τῷ</strong></span> <span class='ocrx_word' id='word_1_282' title='bbox 1432 2379 1695 2450; x_wconf 74' lang='grc' dir='ltr'>εἰρηνικῷ</span> <span class='ocrx_word' id='word_1_283' title='bbox 1753 2381 1847 2434; x_wconf 73' lang='grc' dir='ltr'>καὶ</span> 
     </span>
    </p>
   </div>
   <div class='ocr_carea' id='block_1_42' title="bbox 271 2461 1848 2542">
    <p class='ocr_par' dir='ltr' id='par_1_42' title="bbox 271 2461 1848 2542">
     <span class='ocr_line' id='line_1_42' title="bbox 271 2461 1848 2542; baseline 0.01 -32"><span class='ocrx_word' id='word_1_284' title='bbox 271 2461 433 2528; x_wconf 79' lang='grc' dir='ltr'>πράῳ</span> <span class='ocrx_word' id='word_1_285' title='bbox 459 2461 552 2514; x_wconf 70' lang='lat' dir='ltr'><strong>xci.</strong></span> <span class='ocrx_word' id='word_1_286' title='bbox 579 2463 976 2533; x_wconf 83' lang='grc' dir='ltr'>καθηγουμένῳ</span> <span class='ocrx_word' id='word_1_287' title='bbox 1010 2465 1118 2518; x_wconf 80' lang='grc' dir='ltr'><strong>τῶν</strong></span> <span class='ocrx_word' id='word_1_288' title='bbox 1145 2468 1483 2534; x_wconf 85' lang='grc' dir='ltr'>βουλομένων</span> <span class='ocrx_word' id='word_1_289' title='bbox 1518 2472 1596 2531; x_wconf 77' lang='grc' dir='ltr'>εἰς</span> <span class='ocrx_word' id='word_1_290' title='bbox 1628 2473 1689 2525; x_wconf 82' lang='grc' dir='ltr'>τὸ</span> <span class='ocrx_word' id='word_1_291' title='bbox 1729 2472 1848 2542; x_wconf 83' lang='grc' dir='ltr'>φιλ-</span> 
     </span>
    </p>
   </div>
   <div class='ocr_carea' id='block_1_43' title="bbox 273 2550 1846 2628">
    <p class='ocr_par' dir='ltr' id='par_1_43' title="bbox 273 2550 1846 2628">
     <span class='ocr_line' id='line_1_43' title="bbox 273 2550 1846 2628; baseline 0.003 -23"><span class='ocrx_word' id='word_1_292' title='bbox 273 2550 586 2619; x_wconf 79' lang='grc' dir='ltr'>άνθρωπον.</span> <span class='ocrx_word' id='word_1_293' title='bbox 612 2551 672 2605; x_wconf 82' lang='lat' dir='ltr'><strong>Ei</strong></span> <span class='ocrx_word' id='word_1_294' title='bbox 700 2552 754 2604; x_wconf 86' lang='grc' dir='ltr'><strong>δέ</strong></span> <span class='ocrx_word' id='word_1_295' title='bbox 785 2570 866 2611; x_wconf 86' lang='grc' dir='ltr'><strong>τις</strong></span> <span class='ocrx_word' id='word_1_296' title='bbox 897 2554 1203 2625; x_wconf 80' lang='grc' dir='ltr'>ἑτεροιότης</span> <span class='ocrx_word' id='word_1_297' title='bbox 1229 2557 1285 2610; x_wconf 75' lang='grc' dir='ltr'>ἐν</span> <span class='ocrx_word' id='word_1_298' title='bbox 1317 2557 1439 2625; x_wconf 69' lang='grc' dir='ltr'>ἐμοὶ</span> <span class='ocrx_word' id='word_1_299' title='bbox 1470 2557 1690 2626; x_wconf 80' lang='grc' dir='ltr'>ἀγάπης</span> <span class='ocrx_word' id='word_1_300' title='bbox 1712 2559 1846 2628; x_wconf 89' lang='grc' dir='ltr'>πρὸς</span> 
     </span>
    </p>
   </div>
   <div class='ocr_carea' id='block_1_44' title="bbox 271 2641 1844 2715">
    <p class='ocr_par' dir='ltr' id='par_1_44' title="bbox 271 2641 1844 2715">
     <span class='ocr_line' id='line_1_44' title="bbox 271 2641 1844 2715; baseline 0.006 -23"><span class='ocrx_word' id='word_1_301' title='bbox 271 2641 420 2694; x_wconf 83' lang='grc' dir='ltr'>τόνδε</span> <span class='ocrx_word' id='word_1_302' title='bbox 449 2641 600 2695; x_wconf 71' lang='grc' dir='ltr'><strong>τοῦδέ</strong></span> <span class='ocrx_word' id='word_1_303' title='bbox 637 2659 802 2706; x_wconf 83' lang='grc' dir='ltr'>τινος,</span> <span class='ocrx_word' id='word_1_304' title='bbox 840 2646 935 2696; x_wconf 71' lang='grc' dir='ltr'>καὶ</span> <span class='ocrx_word' id='word_1_305' title='bbox 988 2645 1179 2714; x_wconf 79' lang='grc' dir='ltr'>ἑτέρου</span> <span class='ocrx_word' id='word_1_306' title='bbox 1206 2645 1340 2715; x_wconf 78' lang='grc' dir='ltr'>πρὸς</span> <span class='ocrx_word' id='word_1_307' title='bbox 1376 2645 1554 2711; x_wconf 78' lang='grc' dir='ltr'>ἄλλον,</span> <span class='ocrx_word' id='word_1_308' title='bbox 1579 2649 1678 2701; x_wconf 76' lang='grc' dir='ltr'>καὶ</span> <span class='ocrx_word' id='word_1_309' title='bbox 1713 2648 1844 2702; x_wconf 85' lang='grc' dir='ltr'>πολ-</span> 
     </span>
    </p>
   </div>
   <div class='ocr_carea' id='block_1_45' title="bbox 270 2731 1845 2805">
    <p class='ocr_par' dir='ltr' id='par_1_45' title="bbox 270 2731 1845 2805">
     <span class='ocr_line' id='line_1_45' title="bbox 270 2731 1845 2805; baseline 0.007 -21"><span class='ocrx_word' id='word_1_310' title='bbox 270 2731 380 2784; x_wconf 79' lang='grc' dir='ltr'><strong>λῶν</strong></span> <span class='ocrx_word' id='word_1_311' title='bbox 427 2734 563 2799; x_wconf 72' lang='grc' dir='ltr'>πρὸς</span> <span class='ocrx_word' id='word_1_312' title='bbox 596 2734 842 2798; x_wconf 79' lang='grc' dir='ltr'>πολλοὺς,</span> <span class='ocrx_word' id='word_1_313' title='bbox 882 2735 1077 2790; x_wconf 77' lang='grc' dir='ltr'>οὔκουν</span> <span class='ocrx_word' id='word_1_314' title='bbox 1107 2737 1254 2790; x_wconf 67' lang='grc' dir='ltr'>ἔστιν</span> <span class='ocrx_word' id='word_1_315' title='bbox 1277 2777 1293 2804; x_wconf 93' lang='grc'><strong>,</strong></span> <span class='ocrx_word' id='word_1_316' title='bbox 1339 2739 1438 2796; x_wconf 79' lang='grc' dir='ltr'>οὐκ</span> <span class='ocrx_word' id='word_1_317' title='bbox 1483 2740 1631 2794; x_wconf 80' lang='grc' dir='ltr'>ἔστιν</span> <span class='ocrx_word' id='word_1_318' title='bbox 1670 2741 1845 2805; x_wconf 79' lang='grc' dir='ltr'>ἄλλως</span> 
     </span>
    </p>
   </div>
   <div class='ocr_carea' id='block_1_46' title="bbox 276 2826 1614 2902">
    <p class='ocr_par' dir='ltr' id='par_1_46' title="bbox 276 2826 1614 2902">
     <span class='ocr_line' id='line_1_46' title="bbox 276 2826 1614 2902; baseline 0.007 -23"><span class='ocrx_word' id='word_1_319' title='bbox 276 2826 535 2897; x_wconf 73' lang='grc' dir='ltr'>εὑρέσθαι</span> <span class='ocrx_word' id='word_1_320' title='bbox 568 2827 700 2898; x_wconf 79' lang='grc' dir='ltr'>παρ’</span> <span class='ocrx_word' id='word_1_321' title='bbox 733 2827 840 2881; x_wconf 79' lang='grc' dir='ltr'>οὐδ’</span> <span class='ocrx_word' id='word_1_322' title='bbox 874 2828 1100 2899; x_wconf 84' lang='grc' dir='ltr'>ᾠτινοῦν</span> <span class='ocrx_word' id='word_1_323' title='bbox 1124 2830 1244 2899; x_wconf 74' lang='grc' dir='ltr'>ἔχον</span> <span class='ocrx_word' id='word_1_324' title='bbox 1273 2829 1337 2882; x_wconf 77' lang='grc' dir='ltr'>τὸ</span> <span class='ocrx_word' id='word_1_325' title='bbox 1361 2834 1614 2902; x_wconf 83' lang='grc' dir='ltr'>πρᾶγμα.</span> 
     </span>
    </p>
   </div>
   <div class='ocr_carea' id='block_1_47' title="bbox 347 3008 1846 3082">
    <p class='ocr_par' dir='ltr' id='par_1_47' title="bbox 347 3008 1846 3082">
     <span class='ocr_line' id='line_1_47' title="bbox 347 3008 1846 3082; baseline 0.003 -20"><span class='ocrx_word' id='word_1_326' title='bbox 347 3016 467 3080; x_wconf 66' lang='lat' dir='ltr'><strong>pg&quot;.</strong></span> <span class='ocrx_word' id='word_1_327' title='bbox 499 3008 876 3078; x_wconf 86' lang='grc' dir='ltr'>Κοινωνοῦμεν</span> <span class='ocrx_word' id='word_1_328' title='bbox 895 3009 1147 3078; x_wconf 79' lang='grc' dir='ltr'>ἀλλήλοις</span> <span class='ocrx_word' id='word_1_329' title='bbox 1177 3010 1454 3082; x_wconf 78' lang='grc' dir='ltr'>ἄνθρωποι</span> <span class='ocrx_word' id='word_1_330' title='bbox 1490 3011 1710 3066; x_wconf 87' lang='grc' dir='ltr'>πάντων</span> <span class='ocrx_word' id='word_1_331' title='bbox 1736 3015 1846 3067; x_wconf 85' lang='grc' dir='ltr'><strong>τῶν</strong></span> 
     </span>
    </p>
   </div>
   <div class='ocr_carea' id='block_1_48' title="bbox 275 3101 1842 3176">
    <p class='ocr_par' dir='ltr' id='par_1_48' title="bbox 275 3101 1842 3176">
     <span class='ocr_line' id='line_1_48' title="bbox 275 3101 1842 3176; baseline 0.003 -21"><span class='ocrx_word' id='word_1_332' title='bbox 275 3103 352 3166; x_wconf 70' lang='grc' dir='ltr'><strong>είς</strong></span> <span class='ocrx_word' id='word_1_333' title='bbox 386 3103 586 3171; x_wconf 82' lang='grc' dir='ltr'>χρῆσιν</span> <span class='ocrx_word' id='word_1_334' title='bbox 617 3101 756 3170; x_wconf 82' lang='grc' dir='ltr'>βίου,</span> <span class='ocrx_word' id='word_1_335' title='bbox 791 3101 884 3154; x_wconf 74' lang='grc' dir='ltr'>καὶ</span> <span class='ocrx_word' id='word_1_336' title='bbox 912 3102 1062 3171; x_wconf 85' lang='grc' dir='ltr'>ὅμως</span> <span class='ocrx_word' id='word_1_337' title='bbox 1087 3103 1147 3156; x_wconf 83' lang='grc' dir='ltr'>οὐ</span> <span class='ocrx_word' id='word_1_338' title='bbox 1181 3103 1272 3156; x_wconf 82' lang='grc' dir='ltr'>τὸν</span> <span class='ocrx_word' id='word_1_339' title='bbox 1300 3104 1464 3157; x_wconf 78' lang='grc' dir='ltr'>αὐτὸν</span> <span class='ocrx_word' id='word_1_340' title='bbox 1499 3105 1700 3176; x_wconf 83' lang='grc' dir='ltr'>τρόπον</span> <span class='ocrx_word' id='word_1_341' title='bbox 1757 3107 1842 3174; x_wconf 73' lang='grc' dir='ltr'><strong>ἐφ’</strong></span> 
     </span>
    </p>
   </div>
   <div class='ocr_carea' id='block_1_49' title="bbox 276 3193 1845 3269">
    <p class='ocr_par' dir='ltr' id='par_1_49' title="bbox 276 3193 1845 3269">
     <span class='ocr_line' id='line_1_49' title="bbox 276 3193 1845 3269; baseline 0.001 -20"><span class='ocrx_word' id='word_1_342' title='bbox 276 3197 526 3250; x_wconf 76' lang='grc' dir='ltr'>ἅπασιν·</span> <span class='ocrx_word' id='word_1_343' title='bbox 590 3194 725 3247; x_wconf 81' lang='grc' dir='ltr'>ἀλλὰ</span> <span class='ocrx_word' id='word_1_344' title='bbox 783 3193 918 3262; x_wconf 83' lang='grc' dir='ltr'>ξένῳ</span> <span class='ocrx_word' id='word_1_345' title='bbox 983 3195 1082 3262; x_wconf 81' lang='grc' dir='ltr'>μὲν</span> <span class='ocrx_word' id='word_1_346' title='bbox 1128 3195 1350 3264; x_wconf 75' lang='grc' dir='ltr'>ἀρκέσει</span> <span class='ocrx_word' id='word_1_347' title='bbox 1408 3197 1528 3251; x_wconf 84' lang='grc' dir='ltr'>ὁδοῦ</span> <span class='ocrx_word' id='word_1_348' title='bbox 1579 3199 1845 3269; x_wconf 78' lang='grc' dir='ltr'>ὀρθότητα</span> 
     </span>
    </p>
   </div>
   <div class='ocr_carea' id='block_1_50' title="bbox 278 3286 1846 3359">
    <p class='ocr_par' dir='ltr' id='par_1_50' title="bbox 278 3286 1846 3359">
     <span class='ocr_line' id='line_1_50' title="bbox 278 3286 1846 3359; baseline 0.003 -18"><span class='ocrx_word' id='word_1_349' title='bbox 278 3289 572 3356; x_wconf 80' lang='grc' dir='ltr'>πυθομένῳ</span> <span class='ocrx_word' id='word_1_350' title='bbox 622 3286 1009 3352; x_wconf 80' lang='grc' dir='ltr'>καθυποδεῖξαι</span> <span class='ocrx_word' id='word_1_351' title='bbox 1041 3287 1310 3356; x_wconf 74' lang='grc' dir='ltr'>δακτύλῳ,</span> <span class='ocrx_word' id='word_1_352' title='bbox 1368 3291 1596 3359; x_wconf 84' lang='grc' dir='ltr'>γνωστῷ</span> <span class='ocrx_word' id='word_1_353' title='bbox 1646 3292 1701 3344; x_wconf 87' lang='grc' dir='ltr'><strong>δέ</strong></span> <span class='ocrx_word' id='word_1_354' title='bbox 1741 3309 1846 3345; x_wconf 86' lang='grc' dir='ltr'>τινι</span> 
     </span>
    </p>
   </div>
   <div class='ocr_carea' id='block_1_51' title="bbox 277 3377 1845 3450">
    <p class='ocr_par' dir='ltr' id='par_1_51' title="bbox 277 3377 1845 3450">
     <span class='ocr_line' id='line_1_51' title="bbox 277 3377 1845 3450; baseline -0.001 -17"><span class='ocrx_word' id='word_1_355' title='bbox 277 3378 710 3450; x_wconf 75' lang='grc' dir='ltr'>προσεπιθήσειν</span> <span class='ocrx_word' id='word_1_356' title='bbox 745 3378 850 3447; x_wconf 81' lang='grc' dir='ltr'>χρὴ</span> <span class='ocrx_word' id='word_1_357' title='bbox 884 3379 977 3429; x_wconf 69' lang='grc' dir='ltr'>καὶ</span> <span class='ocrx_word' id='word_1_358' title='bbox 1017 3377 1208 3431; x_wconf 80' lang='grc' dir='ltr'>λαλιάν</span> <span class='ocrx_word' id='word_1_359' title='bbox 1244 3379 1454 3447; x_wconf 73' lang='grc' dir='ltr'>ἱλαρὰν,</span> <span class='ocrx_word' id='word_1_360' title='bbox 1493 3381 1589 3432; x_wconf 90' lang='grc' dir='ltr'><strong>καί</strong></span> <span class='ocrx_word' id='word_1_361' title='bbox 1639 3398 1693 3432; x_wconf 90' lang='grc' dir='ltr'><strong>τι</strong></span> <span class='ocrx_word' id='word_1_362' title='bbox 1749 3382 1845 3434; x_wconf 76' lang='grc' dir='ltr'>καὶ</span> 
     </span>
    </p>
   </div>
   <div class='ocr_carea' id='block_1_52' title="bbox 279 3469 1844 3541">
    <p class='ocr_par' dir='ltr' id='par_1_52' title="bbox 279 3469 1844 3541">
     <span class='ocr_line' id='line_1_52' title="bbox 279 3469 1844 3541; baseline 0.001 -18"><span class='ocrx_word' id='word_1_363' title='bbox 279 3471 510 3541; x_wconf 76' lang='grc' dir='ltr'>προόδου</span> <span class='ocrx_word' id='word_1_364' title='bbox 542 3469 996 3538; x_wconf 79' lang='grc' dir='ltr'>φιλοτιμήσεσθαι</span> <span class='ocrx_word' id='word_1_365' title='bbox 1020 3509 1034 3533; x_wconf 87' lang='grc'><strong>,</strong></span> <span class='ocrx_word' id='word_1_366' title='bbox 1067 3472 1161 3523; x_wconf 78' lang='grc' dir='ltr'>καὶ</span> <span class='ocrx_word' id='word_1_367' title='bbox 1190 3469 1396 3540; x_wconf 71' lang='grc' dir='ltr'>τρύφος</span> <span class='ocrx_word' id='word_1_368' title='bbox 1419 3470 1475 3524; x_wconf 80' lang='grc' dir='ltr'>δὲ</span> <span class='ocrx_word' id='word_1_369' title='bbox 1506 3471 1674 3540; x_wconf 80' lang='grc' dir='ltr'>ἄρτου</span> <span class='ocrx_word' id='word_1_370' title='bbox 1706 3473 1844 3524; x_wconf 77' lang='grc' dir='ltr'>ἀπο-</span> 
     </span>
    </p>
   </div>
   <div class='ocr_carea' id='block_1_53' title="bbox 279 3561 1846 3633">
    <p class='ocr_par' dir='ltr' id='par_1_53' title="bbox 279 3561 1846 3633">
     <span class='ocr_line' id='line_1_53' title="bbox 279 3561 1846 3633; baseline 0.001 -17"><span class='ocrx_word' id='word_1_371' title='bbox 279 3563 553 3630; x_wconf 69' lang='grc' dir='ltr'>ταμέσθαι</span> <span class='ocrx_word' id='word_1_372' title='bbox 585 3563 681 3614; x_wconf 80' lang='grc' dir='ltr'>καὶ</span> <span class='ocrx_word' id='word_1_373' title='bbox 719 3561 926 3626; x_wconf 86' lang='grc' dir='ltr'>δοῦναι,</span> <span class='ocrx_word' id='word_1_374' title='bbox 971 3561 1086 3628; x_wconf 77' lang='grc' dir='ltr'>εἴγε</span> <span class='ocrx_word' id='word_1_375' title='bbox 1127 3562 1414 3633; x_wconf 77' lang='grc' dir='ltr'>πάρεστιν.</span> <span class='ocrx_word' id='word_1_376' title='bbox 1464 3562 1524 3616; x_wconf 85' lang='lat' dir='ltr'><strong>El</strong></span> <span class='ocrx_word' id='word_1_377' title='bbox 1555 3563 1608 3616; x_wconf 80' lang='grc' dir='ltr'><strong>δέ</strong></span> <span class='ocrx_word' id='word_1_378' title='bbox 1645 3580 1725 3626; x_wconf 86' lang='grc' dir='ltr'><strong>τις</strong></span> <span class='ocrx_word' id='word_1_379' title='bbox 1753 3565 1846 3617; x_wconf 71' lang='grc' dir='ltr'><strong>ἐπὶ</strong></span> 
     </span>
    </p>
   </div>
   <div class='ocr_carea' id='block_1_54' title="bbox 281 3652 1844 3723">
    <p class='ocr_par' dir='ltr' id='par_1_54' title="bbox 281 3652 1844 3723">
     <span class='ocr_line' id='line_1_54' title="bbox 281 3652 1844 3723; baseline -0.001 -15"><span class='ocrx_word' id='word_1_380' title='bbox 281 3657 466 3708; x_wconf 84' lang='grc' dir='ltr'>πλεῖον</span> <span class='ocrx_word' id='word_1_381' title='bbox 524 3652 872 3723; x_wconf 79' lang='grc' dir='ltr'>γνωρίζοιτο,</span> <span class='ocrx_word' id='word_1_382' title='bbox 933 3655 1331 3722; x_wconf 76' lang='grc' dir='ltr'>ἐπιταθήσεται</span> <span class='ocrx_word' id='word_1_383' title='bbox 1359 3656 1385 3706; x_wconf 84' lang='grc' dir='ltr'>ὁ</span> <span class='ocrx_word' id='word_1_384' title='bbox 1418 3655 1594 3722; x_wconf 85' lang='grc' dir='ltr'>φίλιος</span> <span class='ocrx_word' id='word_1_385' title='bbox 1630 3657 1724 3708; x_wconf 79' lang='grc' dir='ltr'>καὶ</span> <span class='ocrx_word' id='word_1_386' title='bbox 1766 3657 1844 3719; x_wconf 89' lang='grc' dir='ltr'><strong>είς</strong></span> 
     </span>
    </p>
   </div>
   <div class='ocr_carea' id='block_1_55' title="bbox 281 3743 1844 3814">
    <p class='ocr_par' dir='ltr' id='par_1_55' title="bbox 281 3743 1844 3814">
     <span class='ocr_line' id='line_1_55' title="bbox 281 3743 1844 3814; baseline 0.001 -17"><span class='ocrx_word' id='word_1_387' title='bbox 281 3745 606 3813; x_wconf 84' lang='grc' dir='ltr'>κοινωνικὴν</span> <span class='ocrx_word' id='word_1_388' title='bbox 638 3743 940 3814; x_wconf 72' lang='grc' dir='ltr'>τράπεζαν.</span> <span class='ocrx_word' id='word_1_389' title='bbox 984 3745 1040 3795; x_wconf 88' lang='grc'><strong>’0</strong></span> <span class='ocrx_word' id='word_1_390' title='bbox 1068 3745 1257 3808; x_wconf 84' lang='grc' dir='ltr'>μέντοι</span> <span class='ocrx_word' id='word_1_391' title='bbox 1291 3744 1435 3814; x_wconf 82' lang='grc' dir='ltr'>λόγῳ</span> <span class='ocrx_word' id='word_1_392' title='bbox 1469 3745 1646 3813; x_wconf 77' lang='grc' dir='ltr'>φιλίας</span> <span class='ocrx_word' id='word_1_393' title='bbox 1680 3748 1844 3813; x_wconf 80' lang='grc' dir='ltr'>ἐγγυ-</span> 
     </span>
    </p>
   </div>
   <div class='ocr_carea' id='block_1_56' title="bbox 282 3833 1846 3906">
    <p class='ocr_par' dir='ltr' id='par_1_56' title="bbox 282 3833 1846 3906">
     <span class='ocr_line' id='line_1_56' title="bbox 282 3833 1846 3906; baseline -0.001 -15"><span class='ocrx_word' id='word_1_394' title='bbox 282 3836 422 3891; x_wconf 77' lang='grc' dir='ltr'>τάτω</span> <span class='ocrx_word' id='word_1_395' title='bbox 458 3835 823 3903; x_wconf 81' lang='grc' dir='ltr'>κολλώμενος,</span> <span class='ocrx_word' id='word_1_396' title='bbox 861 3833 1099 3906; x_wconf 77' lang='grc' dir='ltr'>ὕπερθεν</span> <span class='ocrx_word' id='word_1_397' title='bbox 1130 3835 1236 3887; x_wconf 85' lang='grc' dir='ltr'>τῶν</span> <span class='ocrx_word' id='word_1_398' title='bbox 1295 3835 1552 3888; x_wconf 82' lang='grc' dir='ltr'>τοιούτων</span> <span class='ocrx_word' id='word_1_399' title='bbox 1591 3836 1846 3892; x_wconf 77' lang='grc' dir='ltr'>ἁπάντων</span> 
     </span>
    </p>
   </div>
   <div class='ocr_carea' id='block_1_57' title="bbox 283 3922 1850 3995">
    <p class='ocr_par' dir='ltr' id='par_1_57' title="bbox 283 3922 1850 3995">
     <span class='ocr_line' id='line_1_57' title="bbox 283 3922 1850 3995; baseline 0.002 -19"><span class='ocrx_word' id='word_1_400' title='bbox 283 3923 590 3994; x_wconf 70' lang='grc' dir='ltr'>ἑστήξεται,</span> <span class='ocrx_word' id='word_1_401' title='bbox 621 3923 683 3974; x_wconf 80' lang='grc' dir='ltr'>οὐ</span> <span class='ocrx_word' id='word_1_402' title='bbox 717 3922 878 3990; x_wconf 85' lang='grc' dir='ltr'>μόνον</span> <span class='ocrx_word' id='word_1_403' title='bbox 914 3922 1083 3976; x_wconf 82' lang='grc' dir='ltr'>τᾶλλα</span> <span class='ocrx_word' id='word_1_404' title='bbox 1111 3923 1189 3993; x_wconf 82' lang='grc' dir='ltr'>τῷ</span> <span class='ocrx_word' id='word_1_405' title='bbox 1221 3923 1532 3993; x_wconf 77' lang='grc' dir='ltr'>φιλουμένῳ</span> <span class='ocrx_word' id='word_1_406' title='bbox 1565 3927 1850 3995; x_wconf 66' lang='grc' dir='ltr'>κοινούμεη</span> 
     </span>
    </p>
   </div>
   <div class='ocr_carea' id='block_1_58' title="bbox 222 4014 1848 4087">
    <p class='ocr_par' dir='ltr' id='par_1_58' title="bbox 222 4014 1848 4087">
     <span class='ocr_line' id='line_1_58' title="bbox 222 4014 1848 4087; baseline 0.006 -28"><span class='ocrx_word' id='word_1_407' title='bbox 222 4048 236 4059; x_wconf 94' lang='grc'><strong>.</strong></span> <span class='ocrx_word' id='word_1_408' title='bbox 283 4033 386 4079; x_wconf 80' lang='grc' dir='ltr'>νος,</span> <span class='ocrx_word' id='word_1_409' title='bbox 441 4014 580 4070; x_wconf 73' lang='grc' dir='ltr'>ἀλλὰ</span> <span class='ocrx_word' id='word_1_410' title='bbox 628 4016 721 4068; x_wconf 83' lang='grc' dir='ltr'>καὶ</span> <span class='ocrx_word' id='word_1_411' title='bbox 778 4016 1098 4084; x_wconf 83' lang='grc' dir='ltr'>μυστηρίων</span> <span class='ocrx_word' id='word_1_412' title='bbox 1151 4017 1465 4087; x_wconf 77' lang='grc' dir='ltr'>ἐπιστήμην</span> <span class='ocrx_word' id='word_1_413' title='bbox 1525 4017 1664 4085; x_wconf 76' lang='grc' dir='ltr'>ἔχων</span> <span class='ocrx_word' id='word_1_414' title='bbox 1735 4018 1848 4071; x_wconf 82' lang='grc' dir='ltr'>τῶν</span> 
     </span>
    </p>
   </div>
   <div class='ocr_carea' id='block_1_59' title="bbox 280 4093 1847 4177">
    <p class='ocr_par' dir='ltr' id='par_1_59' title="bbox 280 4093 1847 4177">
     <span class='ocr_line' id='line_1_59' title="bbox 280 4093 1847 4177; baseline -0.003 -17"><span class='ocrx_word' id='word_1_415' title='bbox 280 4093 372 4161; x_wconf 79' lang='grc' dir='ltr'><strong>τοῦ</strong></span> <span class='ocrx_word' id='word_1_416' title='bbox 428 4107 609 4175; x_wconf 80' lang='grc' dir='ltr'>φίλου.</span> <span class='ocrx_word' id='word_1_417' title='bbox 670 4105 780 4158; x_wconf 76' lang='grc' dir='ltr'><strong>Καὶ</strong></span> <span class='ocrx_word' id='word_1_418' title='bbox 830 4105 948 4175; x_wconf 88' lang='grc' dir='ltr'>βίου</span> <span class='ocrx_word' id='word_1_419' title='bbox 1007 4107 1277 4177; x_wconf 83' lang='grc' dir='ltr'>μερισμὸν</span> <span class='ocrx_word' id='word_1_420' title='bbox 1340 4106 1438 4177; x_wconf 82' lang='grc' dir='ltr'>μὲν</span> <span class='ocrx_word' id='word_1_421' title='bbox 1496 4108 1694 4174; x_wconf 83' lang='grc' dir='ltr'>εἰπεῖν,</span> <span class='ocrx_word' id='word_1_422' title='bbox 1750 4109 1847 4164; x_wconf 73' lang='grc' dir='ltr'><strong>οὗ..</strong></span> 
     </span>
    </p>
   </div>
   <div class='ocr_carea' id='block_1_60' title="bbox 281 4197 1849 4269">
    <p class='ocr_par' dir='ltr' id='par_1_60' title="bbox 281 4197 1849 4269">
     <span class='ocr_line' id='line_1_60' title="bbox 281 4197 1849 4269; baseline -0.001 -17"><span class='ocrx_word' id='word_1_423' title='bbox 281 4217 366 4253; x_wconf 88' lang='grc' dir='ltr'><strong>πω</strong></span> <span class='ocrx_word' id='word_1_424' title='bbox 395 4201 539 4268; x_wconf 84' lang='grc' dir='ltr'>μέγα</span> <span class='ocrx_word' id='word_1_425' title='bbox 564 4240 578 4262; x_wconf 89' lang='grc'><strong>,</strong></span> <span class='ocrx_word' id='word_1_426' title='bbox 609 4199 734 4252; x_wconf 83' lang='grc' dir='ltr'>ὅλου</span> <span class='ocrx_word' id='word_1_427' title='bbox 805 4198 862 4250; x_wconf 76' lang='grc' dir='ltr'>δὲ</span> <span class='ocrx_word' id='word_1_428' title='bbox 898 4197 1065 4252; x_wconf 82' lang='grc' dir='ltr'>αὑτοῦ</span> <span class='ocrx_word' id='word_1_429' title='bbox 1129 4199 1420 4267; x_wconf 82' lang='grc' dir='ltr'>μετουσίαν</span> <span class='ocrx_word' id='word_1_430' title='bbox 1463 4199 1558 4252; x_wconf 77' lang='grc' dir='ltr'>καὶ</span> <span class='ocrx_word' id='word_1_431' title='bbox 1607 4200 1849 4269; x_wconf 67' lang='grc' dir='ltr'>είσποίηο</span> 
     </span>
    </p>
   </div>
   <div class='ocr_carea' id='block_1_61' title="bbox 280 4289 1848 4363">
    <p class='ocr_par' dir='ltr' id='par_1_61' title="bbox 280 4289 1848 4363">
     <span class='ocr_line' id='line_1_61' title="bbox 280 4289 1848 4363; baseline -0.002 -19"><span class='ocrx_word' id='word_1_432' title='bbox 280 4309 383 4345; x_wconf 88' lang='grc' dir='ltr'>σιν.</span> <span class='ocrx_word' id='word_1_433' title='bbox 429 4292 538 4343; x_wconf 75' lang='grc' dir='ltr'><strong>Καὶ</strong></span> <span class='ocrx_word' id='word_1_434' title='bbox 571 4289 760 4342; x_wconf 69' lang='grc' dir='ltr'>καινὸν</span> <span class='ocrx_word' id='word_1_435' title='bbox 794 4289 948 4343; x_wconf 81' lang='grc' dir='ltr'>οὐδὲν</span> <span class='ocrx_word' id='word_1_436' title='bbox 983 4289 1173 4352; x_wconf 84' lang='grc' dir='ltr'>ταῦτα,</span> <span class='ocrx_word' id='word_1_437' title='bbox 1228 4290 1276 4342; x_wconf 84' lang='grc' dir='ltr'><strong>εί</strong></span> <span class='ocrx_word' id='word_1_438' title='bbox 1331 4289 1427 4342; x_wconf 76' lang='grc' dir='ltr'><strong>καὶ</strong></span> <span class='ocrx_word' id='word_1_439' title='bbox 1461 4289 1645 4360; x_wconf 78' lang='grc' dir='ltr'>πατὴρ</span> <span class='ocrx_word' id='word_1_440' title='bbox 1676 4291 1848 4363; x_wconf 79' lang='grc' dir='ltr'>ἀγέλῃ</span> 
     </span>
    </p>
   </div>
   <div class='ocr_carea' id='block_1_62' title="bbox 280 4377 1846 4448">
    <p class='ocr_par' dir='ltr' id='par_1_62' title="bbox 280 4377 1846 4448">
     <span class='ocr_line' id='line_1_62' title="bbox 280 4377 1846 4448; baseline 0.001 -18"><span class='ocrx_word' id='word_1_441' title='bbox 280 4380 488 4432; x_wconf 83' lang='grc' dir='ltr'>παίδων</span> <span class='ocrx_word' id='word_1_442' title='bbox 541 4377 1109 4448; x_wconf 84' lang='grc' dir='ltr'>περιεστοιχισμένος,</span> <span class='ocrx_word' id='word_1_443' title='bbox 1167 4377 1226 4430; x_wconf 76' lang='grc' dir='ltr'><strong>οὐ</strong></span> <span class='ocrx_word' id='word_1_444' title='bbox 1293 4377 1391 4440; x_wconf 80' lang='grc' dir='ltr'><strong>τὰς</strong></span> <span class='ocrx_word' id='word_1_445' title='bbox 1415 4379 1582 4442; x_wconf 78' lang='grc' dir='ltr'>αὑτὰς</span> <span class='ocrx_word' id='word_1_446' title='bbox 1639 4379 1846 4432; x_wconf 74' lang='grc' dir='ltr'>ἅπασιν</span> 
     </span>
    </p>
   </div>
   <div class='ocr_carea' id='block_1_63' title="bbox 1946 1916 3534 1988">
    <p class='ocr_par' dir='ltr' id='par_1_63' title="bbox 1946 1916 3534 1988">
     <span class='ocr_line' id='line_1_63' title="bbox 1946 1916 3534 1988; baseline -0.001 -15"><span class='ocrx_word' id='word_1_447' title='bbox 1946 1916 2140 1973; x_wconf 74' lang='lat' dir='ltr'><strong>animae</strong></span> <span class='ocrx_word' id='word_1_448' title='bbox 2159 1919 2416 1985; x_wconf 76' lang='lat' dir='ltr'><strong>pugnacis</strong></span> <span class='ocrx_word' id='word_1_449' title='bbox 2432 1927 2484 1972; x_wconf 89' lang='lat' dir='ltr'><strong>et</strong></span> <span class='ocrx_word' id='word_1_450' title='bbox 2509 1919 2800 1972; x_wconf 75' lang='lat' dir='ltr'><strong>mortiferae</strong></span> <span class='ocrx_word' id='word_1_451' title='bbox 2821 1919 3084 1972; x_wconf 84' lang='lat' dir='ltr'><strong>arbitror.</strong></span> <span class='ocrx_word' id='word_1_452' title='bbox 3106 1917 3348 1974; x_wconf 80' lang='lat' dir='ltr'><strong>Meminit</strong></span> <span class='ocrx_word' id='word_1_453' title='bbox 3368 1921 3534 1988; x_wconf 76' lang='lat' dir='ltr'><strong>igitur</strong></span> 
     </span>
    </p>
   </div>
   <div class='ocr_carea' id='block_1_64' title="bbox 1945 2007 3529 2079">
    <p class='ocr_par' dir='ltr' id='par_1_64' title="bbox 1945 2007 3529 2079">
     <span class='ocr_line' id='line_1_64' title="bbox 1945 2007 3529 2079; baseline 0.003 -21"><span class='ocrx_word' id='word_1_454' title='bbox 1945 2007 2032 2075; x_wconf 88' lang='lat' dir='ltr'><strong>qui</strong></span> <span class='ocrx_word' id='word_1_455' title='bbox 2072 2008 2267 2062; x_wconf 82' lang='lat' dir='ltr'><strong>ntalum</strong></span> <span class='ocrx_word' id='word_1_456' title='bbox 2312 2025 2501 2076; x_wconf 73' lang='lat' dir='ltr'><strong>passos</strong></span> <span class='ocrx_word' id='word_1_457' title='bbox 2531 2021 2635 2074; x_wconf 85' lang='lat' dir='ltr'><strong>est,</strong></span> <span class='ocrx_word' id='word_1_458' title='bbox 2669 2011 2812 2078; x_wconf 87' lang='lat' dir='ltr'><strong>quod</strong></span> <span class='ocrx_word' id='word_1_459' title='bbox 2871 2011 3124 2078; x_wconf 83' lang='lat' dir='ltr'><strong>equidem</strong></span> <span class='ocrx_word' id='word_1_460' title='bbox 3168 2011 3317 2074; x_wconf 80' lang='lat' dir='ltr'><strong>novi,</strong></span> <span class='ocrx_word' id='word_1_461' title='bbox 3358 2020 3410 2065; x_wconf 90' lang='lat' dir='ltr'><strong>et</strong></span> <span class='ocrx_word' id='word_1_462' title='bbox 3437 2013 3529 2079; x_wconf 87' lang='lat' dir='ltr'><strong>qui</strong></span> 
     </span>
    </p>
   </div>
   <div class='ocr_carea' id='block_1_65' title="bbox 1945 2099 3520 2172">
    <p class='ocr_par' dir='ltr' id='par_1_65' title="bbox 1945 2099 3520 2172">
     <span class='ocr_line' id='line_1_65' title="bbox 1945 2099 3520 2172; baseline -0.001 -18"><span class='ocrx_word' id='word_1_463' title='bbox 1945 2099 2238 2168; x_wconf 84' lang='lat' dir='ltr'><strong>aliquando</strong></span> <span class='ocrx_word' id='word_1_464' title='bbox 2279 2101 2595 2156; x_wconf 84' lang='lat' dir='ltr'><strong>beneﬁcium</strong></span> <span class='ocrx_word' id='word_1_465' title='bbox 2653 2103 2873 2172; x_wconf 89' lang='lat' dir='ltr'><strong>recepit.</strong></span> <span class='ocrx_word' id='word_1_466' title='bbox 2904 2101 3024 2157; x_wconf 73' lang='lat' dir='ltr'><strong>Mali</strong></span> <span class='ocrx_word' id='word_1_467' title='bbox 3054 2104 3359 2158; x_wconf 77' lang='lat' dir='ltr'><strong>meminisse</strong></span> <span class='ocrx_word' id='word_1_468' title='bbox 3393 2119 3520 2156; x_wconf 82' lang='lat' dir='ltr'><strong>veru</strong></span> 
     </span>
    </p>
   </div>
   <div class='ocr_carea' id='block_1_66' title="bbox 1946 2195 3532 2263">
    <p class='ocr_par' dir='ltr' id='par_1_66' title="bbox 1946 2195 3532 2263">
     <span class='ocr_line' id='line_1_66' title="bbox 1946 2195 3532 2263; baseline 0.002 -18"><span class='ocrx_word' id='word_1_469' title='bbox 1946 2199 2200 2260; x_wconf 85' lang='lat' dir='ltr'><strong>tauquam</strong></span> <span class='ocrx_word' id='word_1_470' title='bbox 2224 2207 2359 2260; x_wconf 89' lang='lat' dir='ltr'><strong>opus</strong></span> <span class='ocrx_word' id='word_1_471' title='bbox 2381 2210 2557 2247; x_wconf 89' lang='lat' dir='ltr'><strong>meum</strong></span> <span class='ocrx_word' id='word_1_472' title='bbox 2590 2209 2686 2248; x_wconf 86' lang='lat' dir='ltr'><strong>nec</strong></span> <span class='ocrx_word' id='word_1_473' title='bbox 2715 2209 2968 2263; x_wconf 81' lang='lat' dir='ltr'><strong>agnosco,</strong></span> <span class='ocrx_word' id='word_1_474' title='bbox 2990 2210 3089 2248; x_wconf 88' lang='lat' dir='ltr'><strong>nec</strong></span> <span class='ocrx_word' id='word_1_475' title='bbox 3114 2195 3253 2255; x_wconf 87' lang='lat' dir='ltr'><strong>volo,</strong></span> <span class='ocrx_word' id='word_1_476' title='bbox 3274 2196 3411 2249; x_wconf 92' lang='lat' dir='ltr'><strong>sicut</strong></span> <span class='ocrx_word' id='word_1_477' title='bbox 3433 2209 3532 2248; x_wconf 80' lang='lat' dir='ltr'><strong>nec</strong></span> 
     </span>
    </p>
   </div>
   <div class='ocr_carea' id='block_1_67' title="bbox 1945 2285 3563 2354">
    <p class='ocr_par' dir='ltr' id='par_1_67' title="bbox 1945 2285 3563 2354">
     <span class='ocr_line' id='line_1_67' title="bbox 1945 2285 3563 2354; baseline -0.001 -18"><span class='ocrx_word' id='word_1_478' title='bbox 1945 2285 2185 2337; x_wconf 72' lang='lat' dir='ltr'><strong>aamulari</strong></span> <span class='ocrx_word' id='word_1_479' title='bbox 2221 2300 2543 2353; x_wconf 77' lang='lat' dir='ltr'><strong>pugnacem,</strong></span> <span class='ocrx_word' id='word_1_480' title='bbox 2579 2296 2760 2353; x_wconf 87' lang='lat' dir='ltr'><strong>utpote</strong></span> <span class='ocrx_word' id='word_1_481' title='bbox 2802 2288 2894 2354; x_wconf 89' lang='lat' dir='ltr'><strong>qui</strong></span> <span class='ocrx_word' id='word_1_482' title='bbox 2939 2287 3070 2340; x_wconf 91' lang='lat' dir='ltr'><strong>mihi</strong></span> <span class='ocrx_word' id='word_1_483' title='bbox 3100 2287 3350 2340; x_wconf 88' lang='lat' dir='ltr'><strong>conscius</strong></span> <span class='ocrx_word' id='word_1_484' title='bbox 3382 2302 3563 2350; x_wconf 78' lang='lat' dir='ltr'><strong>sum,-</strong></span> 
     </span>
    </p>
   </div>
   <div class='ocr_carea' id='block_1_68' title="bbox 1945 2375 3536 2445">
    <p class='ocr_par' dir='ltr' id='par_1_68' title="bbox 1945 2375 3536 2445">
     <span class='ocr_line' id='line_1_68' title="bbox 1945 2375 3536 2445; baseline 0.001 -17"><span class='ocrx_word' id='word_1_485' title='bbox 1945 2375 2088 2444; x_wconf 84' lang='lat' dir='ltr'><strong>qnali</strong></span> <span class='ocrx_word' id='word_1_486' title='bbox 2125 2376 2384 2445; x_wconf 77' lang='lat' dir='ltr'><strong>magistro</strong></span> <span class='ocrx_word' id='word_1_487' title='bbox 2412 2376 2726 2443; x_wconf 81' lang='lat' dir='ltr'><strong>discipulus,</strong></span> <span class='ocrx_word' id='word_1_488' title='bbox 2758 2378 2879 2431; x_wconf 90' lang='lat' dir='ltr'><strong>licet</strong></span> <span class='ocrx_word' id='word_1_489' title='bbox 2959 2377 3192 2445; x_wconf 80' lang='lat' dir='ltr'><strong>ineptus,</strong></span> <span class='ocrx_word' id='word_1_490' title='bbox 3266 2379 3536 2443; x_wconf 85' lang='lat' dir='ltr'><strong>ascriptus</strong></span> 
     </span>
    </p>
   </div>
   <div class='ocr_carea' id='block_1_69' title="bbox 1945 2464 3532 2533">
    <p class='ocr_par' dir='ltr' id='par_1_69' title="bbox 1945 2464 3532 2533">
     <span class='ocr_line' id='line_1_69' title="bbox 1945 2464 3532 2533; baseline -0.001 -16"><span class='ocrx_word' id='word_1_491' title='bbox 1945 2464 2072 2528; x_wconf 85' lang='lat' dir='ltr'><strong>sim,</strong></span> <span class='ocrx_word' id='word_1_492' title='bbox 2135 2466 2358 2532; x_wconf 87' lang='lat' dir='ltr'><strong>paciﬁco</strong></span> <span class='ocrx_word' id='word_1_493' title='bbox 2431 2468 2637 2520; x_wconf 87' lang='lat' dir='ltr'><strong>scilicet</strong></span> <span class='ocrx_word' id='word_1_494' title='bbox 2685 2477 2739 2520; x_wconf 90' lang='lat' dir='ltr'><strong>et</strong></span> <span class='ocrx_word' id='word_1_495' title='bbox 2789 2467 2926 2528; x_wconf 86' lang='lat' dir='ltr'><strong>miti,</strong></span> <span class='ocrx_word' id='word_1_496' title='bbox 2961 2467 3532 2533; x_wconf 65' lang='lat' dir='ltr'><strong>prmuoustratorique</strong></span> 
     </span>
    </p>
   </div>
   <div class='ocr_carea' id='block_1_70' title="bbox 1947 2555 3533 2627">
    <p class='ocr_par' dir='ltr' id='par_1_70' title="bbox 1947 2555 3533 2627">
     <span class='ocr_line' id='line_1_70' title="bbox 1947 2555 3533 2627; baseline 0.003 -19"><span class='ocrx_word' id='word_1_497' title='bbox 1947 2555 2338 2614; x_wconf 82' lang='lat' dir='ltr'><strong>desideriorum</strong></span> <span class='ocrx_word' id='word_1_498' title='bbox 2359 2558 2424 2610; x_wconf 87' lang='lat' dir='ltr'><strong>ad</strong></span> <span class='ocrx_word' id='word_1_499' title='bbox 2455 2559 2842 2612; x_wconf 84' lang='lat' dir='ltr'><strong>humanitatem</strong></span> <span class='ocrx_word' id='word_1_500' title='bbox 2871 2558 3292 2625; x_wconf 81' lang='lat' dir='ltr'><strong>respicientium.</strong></span> <span class='ocrx_word' id='word_1_501' title='bbox 3315 2558 3370 2612; x_wconf 90' lang='lat' dir='ltr'><strong>Si</strong></span> <span class='ocrx_word' id='word_1_502' title='bbox 3390 2558 3533 2627; x_wconf 83' lang='lat' dir='ltr'><strong>quod</strong></span> 
     </span>
    </p>
   </div>
   <div class='ocr_carea' id='block_1_71' title="bbox 1947 2646 3523 2704">
    <p class='ocr_par' dir='ltr' id='par_1_71' title="bbox 1947 2646 3523 2704">
     <span class='ocr_line' id='line_1_71' title="bbox 1947 2646 3523 2704; baseline 0 -5"><span class='ocrx_word' id='word_1_503' title='bbox 1947 2657 2134 2704; x_wconf 82' lang='lat' dir='ltr'><strong>autem</strong></span> <span class='ocrx_word' id='word_1_504' title='bbox 2170 2646 2224 2700; x_wconf 93' lang='lat' dir='ltr'><strong>in</strong></span> <span class='ocrx_word' id='word_1_505' title='bbox 2261 2662 2346 2700; x_wconf 89' lang='lat' dir='ltr'><strong>me</strong></span> <span class='ocrx_word' id='word_1_506' title='bbox 2396 2648 2687 2702; x_wconf 77' lang='lat' dir='ltr'><strong>discrimen</strong></span> <span class='ocrx_word' id='word_1_507' title='bbox 2733 2648 3038 2702; x_wconf 84' lang='lat' dir='ltr'><strong>dilectionis</strong></span> <span class='ocrx_word' id='word_1_508' title='bbox 3093 2650 3230 2702; x_wconf 88' lang='lat' dir='ltr'><strong>inter</strong></span> <span class='ocrx_word' id='word_1_509' title='bbox 3279 2649 3424 2702; x_wconf 82' lang='lat' dir='ltr'><strong>hunc</strong></span> <span class='ocrx_word' id='word_1_510' title='bbox 3466 2659 3523 2701; x_wconf 88' lang='lat' dir='ltr'><strong>ct</strong></span> 
     </span>
    </p>
   </div>
   <div class='ocr_carea' id='block_1_72' title="bbox 1946 2737 3516 2804">
    <p class='ocr_par' dir='ltr' id='par_1_72' title="bbox 1946 2737 3516 2804">
     <span class='ocr_line' id='line_1_72' title="bbox 1946 2737 3516 2804; baseline -0.001 -11"><span class='ocrx_word' id='word_1_511' title='bbox 1946 2737 2132 2804; x_wconf 84' lang='lat' dir='ltr'><strong>istum,</strong></span> <span class='ocrx_word' id='word_1_512' title='bbox 2163 2739 2304 2794; x_wconf 89' lang='lat' dir='ltr'><strong>inter</strong></span> <span class='ocrx_word' id='word_1_513' title='bbox 2333 2741 2496 2794; x_wconf 90' lang='lat' dir='ltr'><strong>alium</strong></span> <span class='ocrx_word' id='word_1_514' title='bbox 2525 2749 2580 2794; x_wconf 87' lang='lat' dir='ltr'><strong>et</strong></span> <span class='ocrx_word' id='word_1_515' title='bbox 2604 2739 2789 2800; x_wconf 76' lang='lat' dir='ltr'><strong>aliuzu,</strong></span> <span class='ocrx_word' id='word_1_516' title='bbox 2819 2738 2960 2792; x_wconf 86' lang='lat' dir='ltr'><strong>inter</strong></span> <span class='ocrx_word' id='word_1_517' title='bbox 2986 2739 3184 2793; x_wconf 89' lang='lat' dir='ltr'><strong>multos</strong></span> <span class='ocrx_word' id='word_1_518' title='bbox 3217 2749 3269 2792; x_wconf 89' lang='lat' dir='ltr'><strong>et</strong></span> <span class='ocrx_word' id='word_1_519' title='bbox 3295 2738 3516 2801; x_wconf 85' lang='lat' dir='ltr'><strong>multos,</strong></span> 
     </span>
    </p>
   </div>
   <div class='ocr_carea' id='block_1_73' title="bbox 1946 2827 3531 2898">
    <p class='ocr_par' dir='ltr' id='par_1_73' title="bbox 1946 2827 3531 2898">
     <span class='ocr_line' id='line_1_73' title="bbox 1946 2827 3531 2898; baseline -0.001 -14"><span class='ocrx_word' id='word_1_520' title='bbox 1946 2846 2053 2885; x_wconf 91' lang='lat' dir='ltr'><strong>non</strong></span> <span class='ocrx_word' id='word_1_521' title='bbox 2101 2842 2180 2886; x_wconf 91' lang='lat' dir='ltr'><strong>est</strong></span> <span class='ocrx_word' id='word_1_522' title='bbox 2209 2833 2366 2886; x_wconf 85' lang='lat' dir='ltr'><strong>aliter</strong></span> <span class='ocrx_word' id='word_1_523' title='bbox 2407 2841 2580 2892; x_wconf 86' lang='lat' dir='ltr'><strong>certe,</strong></span> <span class='ocrx_word' id='word_1_524' title='bbox 2601 2845 2706 2884; x_wconf 92' lang='lat' dir='ltr'><strong>nou</strong></span> <span class='ocrx_word' id='word_1_525' title='bbox 2740 2829 2854 2882; x_wconf 91' lang='lat' dir='ltr'><strong>ﬁeri</strong></span> <span class='ocrx_word' id='word_1_526' title='bbox 2887 2838 3060 2896; x_wconf 88' lang='lat' dir='ltr'><strong>potest</strong></span> <span class='ocrx_word' id='word_1_527' title='bbox 3085 2838 3142 2883; x_wconf 92' lang='lat' dir='ltr'><strong>ut</strong></span> <span class='ocrx_word' id='word_1_528' title='bbox 3171 2827 3313 2898; x_wconf 86' lang='lat' dir='ltr'><strong>apud</strong></span> <span class='ocrx_word' id='word_1_529' title='bbox 3343 2845 3531 2898; x_wconf 84' lang='lat' dir='ltr'><strong>quem-</strong></span> 
     </span>
    </p>
   </div>
   <div class='ocr_carea' id='block_1_74' title="bbox 1949 2925 2588 2992">
    <p class='ocr_par' dir='ltr' id='par_1_74' title="bbox 1949 2925 2588 2992">
     <span class='ocr_line' id='line_1_74' title="bbox 1949 2925 2588 2992; baseline 0 -15"><span class='ocrx_word' id='word_1_530' title='bbox 1949 2938 2112 2992; x_wconf 86' lang='lat' dir='ltr'><strong>quam</strong></span> <span class='ocrx_word' id='word_1_531' title='bbox 2143 2939 2229 2977; x_wconf 89' lang='lat' dir='ltr'><strong>res</strong></span> <span class='ocrx_word' id='word_1_532' title='bbox 2258 2925 2588 2977; x_wconf 83' lang='lat' dir='ltr'><strong>inveniatur.</strong></span> 
     </span>
    </p>
   </div>
   <div class='ocr_carea' id='block_1_75' title="bbox 2021 3009 3538 3080">
    <p class='ocr_par' dir='ltr' id='par_1_75' title="bbox 2021 3009 3538 3080">
     <span class='ocr_line' id='line_1_75' title="bbox 2021 3009 3538 3080; baseline 0.001 -18"><span class='ocrx_word' id='word_1_533' title='bbox 2021 3009 2110 3063; x_wconf 63' lang='lat'><strong>£6.</strong></span> <span class='ocrx_word' id='word_1_534' title='bbox 2145 3010 2620 3064; x_wconf 84' lang='lat' dir='ltr'><strong>Communicamus</strong></span> <span class='ocrx_word' id='word_1_535' title='bbox 2682 3011 2910 3066; x_wconf 85' lang='lat' dir='ltr'><strong>invicem</strong></span> <span class='ocrx_word' id='word_1_536' title='bbox 2965 3011 3213 3066; x_wconf 83' lang='lat' dir='ltr'><strong>homines</strong></span> <span class='ocrx_word' id='word_1_537' title='bbox 3281 3026 3538 3080; x_wconf 71' lang='lat' dir='ltr'><strong>qiiaecuuo</strong></span> 
     </span>
    </p>
   </div>
   <div class='ocr_carea' id='block_1_76' title="bbox 1952 3103 3534 3172">
    <p class='ocr_par' dir='ltr' id='par_1_76' title="bbox 1952 3103 3534 3172">
     <span class='ocr_line' id='line_1_76' title="bbox 1952 3103 3534 3172; baseline 0 -16"><span class='ocrx_word' id='word_1_538' title='bbox 1952 3116 2058 3172; x_wconf 87' lang='lat' dir='ltr'><strong>que</strong></span> <span class='ocrx_word' id='word_1_539' title='bbox 2087 3111 2215 3156; x_wconf 87' lang='lat' dir='ltr'><strong>sunt</strong></span> <span class='ocrx_word' id='word_1_540' title='bbox 2242 3103 2307 3156; x_wconf 86' lang='lat' dir='ltr'><strong>ad</strong></span> <span class='ocrx_word' id='word_1_541' title='bbox 2346 3117 2501 3156; x_wconf 89' lang='lat' dir='ltr'><strong>usum</strong></span> <span class='ocrx_word' id='word_1_542' title='bbox 2549 3103 2696 3168; x_wconf 69' lang='grc' dir='ltr'>νίιαι,</span> <span class='ocrx_word' id='word_1_543' title='bbox 2733 3117 2833 3156; x_wconf 89' lang='lat' dir='ltr'><strong>nec</strong></span> <span class='ocrx_word' id='word_1_544' title='bbox 2887 3112 3065 3158; x_wconf 88' lang='lat' dir='ltr'><strong>tamen</strong></span> <span class='ocrx_word' id='word_1_545' title='bbox 3119 3106 3183 3158; x_wconf 82' lang='lat' dir='ltr'><strong>ad</strong></span> <span class='ocrx_word' id='word_1_546' title='bbox 3212 3119 3400 3158; x_wconf 90' lang='lat' dir='ltr'><strong>omnes</strong></span> <span class='ocrx_word' id='word_1_547' title='bbox 3444 3121 3534 3157; x_wconf 80' lang='lat' dir='ltr'><strong>eo-</strong></span> 
     </span>
    </p>
   </div>
   <div class='ocr_carea' id='block_1_77' title="bbox 1949 3195 3534 3265">
    <p class='ocr_par' dir='ltr' id='par_1_77' title="bbox 1949 3195 3534 3265">
     <span class='ocr_line' id='line_1_77' title="bbox 1949 3195 3534 3265; baseline 0.001 -17"><span class='ocrx_word' id='word_1_548' title='bbox 1949 3195 2068 3249; x_wconf 89' lang='lat' dir='ltr'><strong>dem</strong></span> <span class='ocrx_word' id='word_1_549' title='bbox 2104 3195 2562 3249; x_wconf 71' lang='lat' dir='ltr'><strong>modo.Extraneo</strong></span> <span class='ocrx_word' id='word_1_550' title='bbox 2587 3195 2801 3264; x_wconf 86' lang='lat' dir='ltr'><strong>quidem</strong></span> <span class='ocrx_word' id='word_1_551' title='bbox 2830 3207 3035 3250; x_wconf 86' lang='lat' dir='ltr'><strong>rectum</strong></span> <span class='ocrx_word' id='word_1_552' title='bbox 3060 3195 3163 3249; x_wconf 88' lang='lat' dir='ltr'><strong>iter</strong></span> <span class='ocrx_word' id='word_1_553' title='bbox 3183 3197 3534 3265; x_wconf 76' lang='lat' dir='ltr'><strong>interroganti</strong></span> 
     </span>
    </p>
   </div>
   <div class='ocr_carea' id='block_1_78' title="bbox 1949 3285 3532 3356">
    <p class='ocr_par' dir='ltr' id='par_1_78' title="bbox 1949 3285 3532 3356">
     <span class='ocr_line' id='line_1_78' title="bbox 1949 3285 3532 3356; baseline 0 -16"><span class='ocrx_word' id='word_1_554' title='bbox 1949 3285 2709 3355; x_wconf 67' lang='lat' dir='ltr'><strong>sufﬁcietidimlicaredigito;</strong></span> <span class='ocrx_word' id='word_1_555' title='bbox 2740 3287 2950 3340; x_wconf 84' lang='lat' dir='ltr'><strong>homini</strong></span> <span class='ocrx_word' id='word_1_556' title='bbox 2977 3296 3155 3340; x_wconf 88' lang='lat' dir='ltr'><strong>autem</strong></span> <span class='ocrx_word' id='word_1_557' title='bbox 3189 3288 3532 3356; x_wconf 84' lang='lat' dir='ltr'><strong>notojucun-</strong></span> 
     </span>
    </p>
   </div>
   <div class='ocr_carea' id='block_1_79' title="bbox 1949 3374 3534 3446">
    <p class='ocr_par' dir='ltr' id='par_1_79' title="bbox 1949 3374 3534 3446">
     <span class='ocr_line' id='line_1_79' title="bbox 1949 3374 3534 3446; baseline 0.003 -20"><span class='ocrx_word' id='word_1_558' title='bbox 1949 3374 2069 3427; x_wconf 87' lang='lat' dir='ltr'><strong>dam</strong></span> <span class='ocrx_word' id='word_1_559' title='bbox 2093 3386 2304 3442; x_wconf 88' lang='lat' dir='ltr'><strong>oportet</strong></span> <span class='ocrx_word' id='word_1_560' title='bbox 2328 3375 2525 3430; x_wconf 88' lang='lat' dir='ltr'><strong>addere</strong></span> <span class='ocrx_word' id='word_1_561' title='bbox 2550 3377 2899 3442; x_wconf 89' lang='lat' dir='ltr'><strong>locutionem,</strong></span> <span class='ocrx_word' id='word_1_562' title='bbox 2921 3377 3308 3446; x_wconf 84' lang='lat' dir='ltr'><strong>aliquantulum</strong></span> <span class='ocrx_word' id='word_1_563' title='bbox 3339 3377 3534 3431; x_wconf 87' lang='lat' dir='ltr'><strong>blande</strong></span> 
     </span>
    </p>
   </div>
   <div class='ocr_carea' id='block_1_80' title="bbox 1949 3467 3538 3538">
    <p class='ocr_par' dir='ltr' id='par_1_80' title="bbox 1949 3467 3538 3538">
     <span class='ocr_line' id='line_1_80' title="bbox 1949 3467 3538 3538; baseline 0.003 -18"><span class='ocrx_word' id='word_1_564' title='bbox 1949 3467 2215 3528; x_wconf 61' lang='lat' dir='ltr'><strong>comitari.</strong></span> <span class='ocrx_word' id='word_1_565' title='bbox 2239 3467 2464 3521; x_wconf 73' lang='lat' dir='ltr'><strong>frustum</strong></span> <span class='ocrx_word' id='word_1_566' title='bbox 2491 3470 2652 3522; x_wconf 85' lang='lat' dir='ltr'><strong>etiam</strong></span> <span class='ocrx_word' id='word_1_567' title='bbox 2691 3472 2867 3538; x_wconf 71' lang='lat' dir='ltr'><strong>panis,</strong></span> <span class='ocrx_word' id='word_1_568' title='bbox 2927 3471 2970 3523; x_wconf 89' lang='lat' dir='ltr'><strong>si</strong></span> <span class='ocrx_word' id='word_1_569' title='bbox 3031 3470 3179 3526; x_wconf 83' lang='lat' dir='ltr'><strong>licet.</strong></span> <span class='ocrx_word' id='word_1_570' title='bbox 3215 3470 3538 3524; x_wconf 82' lang='lat' dir='ltr'><strong>abscindere</strong></span> 
     </span>
    </p>
   </div>
   <div class='ocr_carea' id='block_1_81' title="bbox 1947 3561 3528 3632">
    <p class='ocr_par' dir='ltr' id='par_1_81' title="bbox 1947 3561 3528 3632">
     <span class='ocr_line' id='line_1_81' title="bbox 1947 3561 3528 3632; baseline 0.003 -20"><span class='ocrx_word' id='word_1_571' title='bbox 1947 3573 2010 3616; x_wconf 85' lang='lat' dir='ltr'><strong>ac</strong></span> <span class='ocrx_word' id='word_1_572' title='bbox 2040 3561 2301 3629; x_wconf 78' lang='lat' dir='ltr'><strong>przehere.</strong></span> <span class='ocrx_word' id='word_1_573' title='bbox 2333 3562 2390 3614; x_wconf 89' lang='lat' dir='ltr'><strong>Si</strong></span> <span class='ocrx_word' id='word_1_574' title='bbox 2420 3562 2540 3627; x_wconf 84' lang='lat' dir='ltr'><strong>quis</strong></span> <span class='ocrx_word' id='word_1_575' title='bbox 2569 3574 2742 3617; x_wconf 82' lang='lat' dir='ltr'><strong>autem</strong></span> <span class='ocrx_word' id='word_1_576' title='bbox 2778 3564 2948 3632; x_wconf 77' lang='lat' dir='ltr'><strong>magis</strong></span> <span class='ocrx_word' id='word_1_577' title='bbox 2974 3563 3139 3617; x_wconf 88' lang='lat' dir='ltr'><strong>etiam</strong></span> <span class='ocrx_word' id='word_1_578' title='bbox 3177 3575 3318 3616; x_wconf 81' lang='lat' dir='ltr'><strong>esset</strong></span> <span class='ocrx_word' id='word_1_579' title='bbox 3349 3572 3528 3622; x_wconf 87' lang='lat' dir='ltr'><strong>notus.</strong></span> 
     </span>
    </p>
   </div>
   <div class='ocr_carea' id='block_1_82' title="bbox 1949 3648 3531 3717">
    <p class='ocr_par' dir='ltr' id='par_1_82' title="bbox 1949 3648 3531 3717">
     <span class='ocr_line' id='line_1_82' title="bbox 1949 3648 3531 3717; baseline 0.004 -18"><span class='ocrx_word' id='word_1_580' title='bbox 1949 3662 2120 3717; x_wconf 82' lang='lat' dir='ltr'><strong>usque</strong></span> <span class='ocrx_word' id='word_1_581' title='bbox 2155 3648 2222 3704; x_wconf 85' lang='lat' dir='ltr'><strong>ad</strong></span> <span class='ocrx_word' id='word_1_582' title='bbox 2255 3663 2492 3702; x_wconf 70' lang='lat' dir='ltr'><strong>mensam</strong></span> <span class='ocrx_word' id='word_1_583' title='bbox 2536 3666 2880 3704; x_wconf 85' lang='lat' dir='ltr'><strong>comnmncm</strong></span> <span class='ocrx_word' id='word_1_584' title='bbox 2926 3653 3306 3704; x_wconf 65' lang='lat' dir='ltr'><strong>ostenderetur</strong></span> <span class='ocrx_word' id='word_1_585' title='bbox 3338 3667 3488 3706; x_wconf 89' lang='lat' dir='ltr'><strong>-com</strong></span> <span class='ocrx_word' id='word_1_586' title='bbox 3509 3682 3531 3693; x_wconf 89' lang='lat'><strong>-</strong></span> 
     </span>
    </p>
   </div>
   <div class='ocr_carea' id='block_1_83' title="bbox 1946 3742 3537 3810">
    <p class='ocr_par' dir='ltr' id='par_1_83' title="bbox 1946 3742 3537 3810">
     <span class='ocr_line' id='line_1_83' title="bbox 1946 3742 3537 3810; baseline 0.001 -14"><span class='ocrx_word' id='word_1_587' title='bbox 1946 3742 2228 3796; x_wconf 80' lang='lat' dir='ltr'><strong>mercium.</strong></span> <span class='ocrx_word' id='word_1_588' title='bbox 2263 3743 2361 3809; x_wconf 85' lang='lat' dir='ltr'><strong>Qui</strong></span> <span class='ocrx_word' id='word_1_589' title='bbox 2398 3753 2575 3797; x_wconf 87' lang='lat' dir='ltr'><strong>tamen</strong></span> <span class='ocrx_word' id='word_1_590' title='bbox 2609 3744 2864 3796; x_wconf 77' lang='lat' dir='ltr'><strong>amicitia:</strong></span> <span class='ocrx_word' id='word_1_591' title='bbox 2892 3744 3100 3796; x_wconf 80' lang='lat' dir='ltr'><strong>ratione</strong></span> <span class='ocrx_word' id='word_1_592' title='bbox 3127 3744 3369 3810; x_wconf 76' lang='lat' dir='ltr'><strong>proxime</strong></span> <span class='ocrx_word' id='word_1_593' title='bbox 3401 3759 3537 3797; x_wconf 84' lang='lat' dir='ltr'><strong>con-</strong></span> 
     </span>
    </p>
   </div>
   <div class='ocr_carea' id='block_1_84' title="bbox 1942 3833 3534 3904">
    <p class='ocr_par' dir='ltr' id='par_1_84' title="bbox 1942 3833 3534 3904">
     <span class='ocr_line' id='line_1_84' title="bbox 1942 3833 3534 3904; baseline 0 -16"><span class='ocrx_word' id='word_1_594' title='bbox 1942 3833 2164 3904; x_wconf 88' lang='lat' dir='ltr'><strong>junctus</strong></span> <span class='ocrx_word' id='word_1_595' title='bbox 2192 3845 2296 3898; x_wconf 84' lang='lat' dir='ltr'><strong>est,</strong></span> <span class='ocrx_word' id='word_1_596' title='bbox 2346 3849 2506 3902; x_wconf 83' lang='lat' dir='ltr'><strong>super</strong></span> <span class='ocrx_word' id='word_1_597' title='bbox 2556 3833 2670 3886; x_wconf 71' lang='lat' dir='ltr'><strong>hmc</strong></span> <span class='ocrx_word' id='word_1_598' title='bbox 2695 3835 2874 3886; x_wconf 85' lang='lat' dir='ltr'><strong>omnia</strong></span> <span class='ocrx_word' id='word_1_599' title='bbox 2912 3835 3193 3900; x_wconf 82' lang='lat' dir='ltr'><strong>eminebit,</strong></span> <span class='ocrx_word' id='word_1_600' title='bbox 3226 3850 3329 3887; x_wconf 91' lang='lat' dir='ltr'><strong>non</strong></span> <span class='ocrx_word' id='word_1_601' title='bbox 3357 3836 3534 3888; x_wconf 83' lang='lat' dir='ltr'><strong>solum</strong></span> 
     </span>
    </p>
   </div>
   <div class='ocr_carea' id='block_1_85' title="bbox 1947 3925 3532 3993">
    <p class='ocr_par' dir='ltr' id='par_1_85' title="bbox 1947 3925 3532 3993">
     <span class='ocr_line' id='line_1_85' title="bbox 1947 3925 3532 3993; baseline 0 -16"><span class='ocrx_word' id='word_1_602' title='bbox 1947 3939 2140 3987; x_wconf 61' lang='lat' dir='ltr'><strong>cratera</strong></span> <span class='ocrx_word' id='word_1_603' title='bbox 2190 3927 2401 3993; x_wconf 82' lang='lat' dir='ltr'><strong>prapria</strong></span> <span class='ocrx_word' id='word_1_604' title='bbox 2438 3925 2632 3979; x_wconf 90' lang='lat' dir='ltr'><strong>dilecto</strong></span> <span class='ocrx_word' id='word_1_605' title='bbox 2664 3926 2838 3978; x_wconf 85' lang='lat' dir='ltr'><strong>amico</strong></span> <span class='ocrx_word' id='word_1_606' title='bbox 2869 3925 3216 3992; x_wconf 63' lang='lat' dir='ltr'><strong>participans.</strong></span> <span class='ocrx_word' id='word_1_607' title='bbox 3253 3925 3346 3979; x_wconf 86' lang='lat' dir='ltr'><strong>sed</strong></span> <span class='ocrx_word' id='word_1_608' title='bbox 3367 3925 3532 3978; x_wconf 88' lang='lat' dir='ltr'><strong>etiam</strong></span> 
     </span>
    </p>
   </div>
   <div class='ocr_carea' id='block_1_86' title="bbox 1947 4016 3536 4085">
    <p class='ocr_par' dir='ltr' id='par_1_86' title="bbox 1947 4016 3536 4085">
     <span class='ocr_line' id='line_1_86' title="bbox 1947 4016 3536 4085; baseline -0.001 -13"><span class='ocrx_word' id='word_1_609' title='bbox 1947 4017 2329 4085; x_wconf 79' lang='lat' dir='ltr'><strong>mysteriorum</strong></span> <span class='ocrx_word' id='word_1_610' title='bbox 2390 4016 2550 4069; x_wconf 89' lang='lat' dir='ltr'><strong>amici</strong></span> <span class='ocrx_word' id='word_1_611' title='bbox 2613 4017 2974 4083; x_wconf 73' lang='lat' dir='ltr'><strong>cognitionem</strong></span> <span class='ocrx_word' id='word_1_612' title='bbox 3031 4017 3256 4071; x_wconf 85' lang='lat' dir='ltr'><strong>habens.</strong></span> <span class='ocrx_word' id='word_1_613' title='bbox 3310 4017 3379 4070; x_wconf 83' lang='lat' dir='ltr'><strong>Et</strong></span> <span class='ocrx_word' id='word_1_614' title='bbox 3413 4017 3536 4085; x_wconf 76' lang='lat' dir='ltr'><strong>qui~</strong></span> 
     </span>
    </p>
   </div>
   <div class='ocr_carea' id='block_1_87' title="bbox 1949 4104 3534 4173">
    <p class='ocr_par' dir='ltr' id='par_1_87' title="bbox 1949 4104 3534 4173">
     <span class='ocr_line' id='line_1_87' title="bbox 1949 4104 3534 4173; baseline 0 -17"><span class='ocrx_word' id='word_1_615' title='bbox 1949 4104 2070 4158; x_wconf 84' lang='lat' dir='ltr'><strong>dem</strong></span> <span class='ocrx_word' id='word_1_616' title='bbox 2107 4104 2278 4158; x_wconf 87' lang='lat' dir='ltr'><strong>victus</strong></span> <span class='ocrx_word' id='word_1_617' title='bbox 2321 4104 2665 4172; x_wconf 77' lang='lat' dir='ltr'><strong>partitionem</strong></span> <span class='ocrx_word' id='word_1_618' title='bbox 2731 4105 2910 4157; x_wconf 83' lang='lat' dir='ltr'><strong>dicere</strong></span> <span class='ocrx_word' id='word_1_619' title='bbox 2947 4117 3133 4170; x_wconf 82' lang='lat' dir='ltr'><strong>parum</strong></span> <span class='ocrx_word' id='word_1_620' title='bbox 3166 4113 3269 4168; x_wconf 84' lang='lat' dir='ltr'><strong>est;</strong></span> <span class='ocrx_word' id='word_1_621' title='bbox 3307 4120 3534 4173; x_wconf 76' lang='lat' dir='ltr'><strong>prorsus</strong></span> 
     </span>
    </p>
   </div>
   <div class='ocr_carea' id='block_1_88' title="bbox 1949 4193 3532 4263">
    <p class='ocr_par' dir='ltr' id='par_1_88' title="bbox 1949 4193 3532 4263">
     <span class='ocr_line' id='line_1_88' title="bbox 1949 4193 3532 4263; baseline 0 -15"><span class='ocrx_word' id='word_1_622' title='bbox 1949 4204 2127 4248; x_wconf 87' lang='lat' dir='ltr'><strong>autem</strong></span> <span class='ocrx_word' id='word_1_623' title='bbox 2154 4206 2236 4248; x_wconf 73' lang='lat' dir='ltr'><strong>est</strong></span> <span class='ocrx_word' id='word_1_624' title='bbox 2267 4195 2434 4263; x_wconf 84' lang='lat' dir='ltr'><strong>ipsius</strong></span> <span class='ocrx_word' id='word_1_625' title='bbox 2469 4196 2742 4250; x_wconf 82' lang='lat' dir='ltr'><strong>consortio</strong></span> <span class='ocrx_word' id='word_1_626' title='bbox 2768 4204 2823 4249; x_wconf 88' lang='lat' dir='ltr'><strong>et</strong></span> <span class='ocrx_word' id='word_1_627' title='bbox 2845 4193 3081 4261; x_wconf 84' lang='lat' dir='ltr'><strong>adoptio.</strong></span> <span class='ocrx_word' id='word_1_628' title='bbox 3111 4193 3224 4247; x_wconf 83' lang='lat' dir='ltr'><strong>Nec</strong></span> <span class='ocrx_word' id='word_1_629' title='bbox 3247 4195 3378 4261; x_wconf 83' lang='lat' dir='ltr'><strong>quid</strong></span> <span class='ocrx_word' id='word_1_630' title='bbox 3410 4194 3532 4248; x_wconf 75' lang='lat' dir='ltr'><strong>novi</strong></span> 
     </span>
    </p>
   </div>
   <div class='ocr_carea' id='block_1_89' title="bbox 1950 4285 3526 4357">
    <p class='ocr_par' dir='ltr' id='par_1_89' title="bbox 1950 4285 3526 4357">
     <span class='ocr_line' id='line_1_89' title="bbox 1950 4285 3526 4357; baseline -0.005 -13"><span class='ocrx_word' id='word_1_631' title='bbox 1950 4297 2073 4344; x_wconf 70' lang='lat' dir='ltr'><strong>aunt</strong></span> <span class='ocrx_word' id='word_1_632' title='bbox 2130 4288 2260 4352; x_wconf 63' lang='lat' dir='ltr'><strong>haec,</strong></span> <span class='ocrx_word' id='word_1_633' title='bbox 2331 4287 2375 4341; x_wconf 90' lang='lat' dir='ltr'><strong>si</strong></span> <span class='ocrx_word' id='word_1_634' title='bbox 2435 4294 2669 4357; x_wconf 61' lang='lat' dir='ltr'><strong>quoque&quot;</strong></span> <span class='ocrx_word' id='word_1_635' title='bbox 2696 4297 2870 4355; x_wconf 88' lang='lat' dir='ltr'><strong>pater,</strong></span> <span class='ocrx_word' id='word_1_636' title='bbox 2927 4285 3156 4339; x_wconf 89' lang='lat' dir='ltr'><strong>ﬁliormn</strong></span> <span class='ocrx_word' id='word_1_637' title='bbox 3209 4300 3370 4354; x_wconf 80' lang='lat' dir='ltr'><strong>grege</strong></span> <span class='ocrx_word' id='word_1_638' title='bbox 3416 4285 3526 4338; x_wconf 87' lang='lat' dir='ltr'><strong>cir-</strong></span> 
     </span>
    </p>
   </div>
   <div class='ocr_carea' id='block_1_90' title="bbox 1950 4375 3531 4442">
    <p class='ocr_par' dir='ltr' id='par_1_90' title="bbox 1950 4375 3531 4442">
     <span class='ocr_line' id='line_1_90' title="bbox 1950 4375 3531 4442; baseline -0.004 -10"><span class='ocrx_word' id='word_1_639' title='bbox 1950 4379 2252 4442; x_wconf 84' lang='lat' dir='ltr'><strong>cumdatus,</strong></span> <span class='ocrx_word' id='word_1_640' title='bbox 2290 4391 2397 4432; x_wconf 86' lang='lat' dir='ltr'><strong>non</strong></span> <span class='ocrx_word' id='word_1_641' title='bbox 2435 4379 2653 4430; x_wconf 84' lang='lat' dir='ltr'><strong>easdem</strong></span> <span class='ocrx_word' id='word_1_642' title='bbox 2702 4377 2951 4430; x_wconf 84' lang='lat' dir='ltr'><strong>omnibus</strong></span> <span class='ocrx_word' id='word_1_643' title='bbox 2994 4375 3275 4442; x_wconf 88' lang='lat' dir='ltr'><strong>suspendit</strong></span> <span class='ocrx_word' id='word_1_644' title='bbox 3325 4376 3531 4435; x_wconf 85' lang='lat' dir='ltr'><strong>lances.</strong></span> 
     </span>
    </p>
   </div>
   <div class='ocr_carea' id='block_1_91' title="bbox 279 4465 1846 4563">
    <p class='ocr_par' dir='ltr' id='par_1_91' title="bbox 279 4467 1843 4540">
     <span class='ocr_line' id='line_1_91' title="bbox 279 4467 1843 4540; baseline -0.001 -18"><span class='ocrx_word' id='word_1_645' title='bbox 279 4469 620 4523; x_wconf 76' lang='grc' dir='ltr'>ἀναπτύσσει</span> <span class='ocrx_word' id='word_1_646' title='bbox 649 4469 1016 4535; x_wconf 80' lang='grc' dir='ltr'>πλάστιγγας,</span> <span class='ocrx_word' id='word_1_647' title='bbox 1060 4469 1218 4539; x_wconf 79' lang='grc' dir='ltr'>ῥέπει</span> <span class='ocrx_word' id='word_1_648' title='bbox 1254 4469 1310 4520; x_wconf 83' lang='grc' dir='ltr'>δὲ</span> <span class='ocrx_word' id='word_1_649' title='bbox 1345 4467 1520 4532; x_wconf 78' lang='grc' dir='ltr'>οὕτως</span> <span class='ocrx_word' id='word_1_650' title='bbox 1577 4469 1608 4540; x_wconf 85' lang='grc' dir='ltr'>ἦ</span> <span class='ocrx_word' id='word_1_651' title='bbox 1651 4468 1843 4536; x_wconf 76' lang='grc' dir='ltr'>οὕτως,</span> 
     </span>
    </p>
   </div>
   <div class='ocr_carea' id='block_1_92' title="bbox 1954 4465 3534 4563">
    <p class='ocr_par' dir='ltr' id='par_1_92' title="bbox 1955 4465 3534 4530">
     <span class='ocr_line' id='line_1_92' title="bbox 1955 4465 3534 4530; baseline -0.004 -8"><span class='ocrx_word' id='word_1_652' title='bbox 1955 4469 2046 4522; x_wconf 85' lang='lat' dir='ltr'><strong>sed</strong></span> <span class='ocrx_word' id='word_1_653' title='bbox 2083 4468 2304 4522; x_wconf 86' lang='lat' dir='ltr'><strong>inclinat</strong></span> <span class='ocrx_word' id='word_1_654' title='bbox 2337 4469 2417 4522; x_wconf 88' lang='lat' dir='ltr'><strong>sic</strong></span> <span class='ocrx_word' id='word_1_655' title='bbox 2457 4468 2537 4522; x_wconf 82' lang='lat' dir='ltr'><strong>vel</strong></span> <span class='ocrx_word' id='word_1_656' title='bbox 2582 4469 2684 4530; x_wconf 81' lang='lat' dir='ltr'><strong>sic,</strong></span> <span class='ocrx_word' id='word_1_657' title='bbox 2738 4477 2790 4519; x_wconf 91' lang='lat' dir='ltr'><strong>ut</strong></span> <span class='ocrx_word' id='word_1_658' title='bbox 2835 4467 3027 4518; x_wconf 78' lang='lat' dir='ltr'><strong>atiima:</strong></span> <span class='ocrx_word' id='word_1_659' title='bbox 3061 4465 3387 4519; x_wconf 85' lang='lat' dir='ltr'><strong>desiderium</strong></span> <span class='ocrx_word' id='word_1_660' title='bbox 3438 4465 3534 4516; x_wconf 68' lang='lat' dir='ltr'><strong>imo</strong></span> 
     </span>
    </p>
   </div>
   <div class='ocr_carea' id='block_1_93' title="bbox 275 4559 1849 4630">
    <p class='ocr_par' dir='ltr' id='par_1_93' title="bbox 275 4559 1849 4630">
     <span class='ocr_line' id='line_1_93' title="bbox 275 4559 1849 4630; baseline 0 -16"><span class='ocrx_word' id='word_1_661' title='bbox 275 4562 346 4622; x_wconf 84' lang='grc' dir='ltr'>ὡς</span> <span class='ocrx_word' id='word_1_662' title='bbox 372 4562 435 4614; x_wconf 83' lang='grc' dir='ltr'>τὸ</span> <span class='ocrx_word' id='word_1_663' title='bbox 463 4561 563 4629; x_wconf 78' lang='grc' dir='ltr'>τῆς</span> <span class='ocrx_word' id='word_1_664' title='bbox 592 4560 773 4630; x_wconf 74' lang='grc' dir='ltr'>ψυχῆς</span> <span class='ocrx_word' id='word_1_665' title='bbox 804 4559 1005 4612; x_wconf 79' lang='grc' dir='ltr'>ποθοῦν</span> <span class='ocrx_word' id='word_1_666' title='bbox 1039 4559 1319 4624; x_wconf 78' lang='grc' dir='ltr'>καθέλκει,</span> <span class='ocrx_word' id='word_1_667' title='bbox 1367 4561 1460 4612; x_wconf 81' lang='grc' dir='ltr'><strong>καὶ</strong></span> <span class='ocrx_word' id='word_1_668' title='bbox 1492 4559 1570 4629; x_wconf 83' lang='grc' dir='ltr'>τῷ</span> <span class='ocrx_word' id='word_1_669' title='bbox 1599 4561 1849 4614; x_wconf 82' lang='grc' dir='ltr'>δοκοῦντι</span> 
     </span>
    </p>
   </div>
   <div class='ocr_carea' id='block_1_94' title="bbox 274 4649 1848 4722">
    <p class='ocr_par' dir='ltr' id='par_1_94' title="bbox 274 4649 1848 4722">
     <span class='ocr_line' id='line_1_94' title="bbox 274 4649 1848 4722; baseline 0 -16"><span class='ocrx_word' id='word_1_670' title='bbox 274 4653 371 4718; x_wconf 82' lang='grc' dir='ltr'>τῆς</span> <span class='ocrx_word' id='word_1_671' title='bbox 401 4651 590 4716; x_wconf 82' lang='grc' dir='ltr'>ὁλκῆς,</span> <span class='ocrx_word' id='word_1_672' title='bbox 621 4653 654 4704; x_wconf 77' lang='grc' dir='ltr'>ὰ</span> <span class='ocrx_word' id='word_1_673' title='bbox 679 4650 886 4722; x_wconf 84' lang='grc' dir='ltr'>[γάπης</span> <span class='ocrx_word' id='word_1_674' title='bbox 935 4649 1148 4722; x_wconf 77' lang='grc' dir='ltr'>μέτρ]ῳ</span> <span class='ocrx_word' id='word_1_675' title='bbox 1180 4649 1281 4722; x_wconf 82' lang='grc'>(1),</span> <span class='ocrx_word' id='word_1_676' title='bbox 1316 4653 1506 4721; x_wconf 87' lang='grc' dir='ltr'>μετρεῖ</span> <span class='ocrx_word' id='word_1_677' title='bbox 1528 4651 1588 4704; x_wconf 85' lang='grc' dir='ltr'>τὸ</span> <span class='ocrx_word' id='word_1_678' title='bbox 1621 4651 1848 4720; x_wconf 80' lang='grc' dir='ltr'>φυσικὸν</span> 
     </span>
    </p>
   </div>
   <div class='ocr_carea' id='block_1_95' title="bbox 279 4745 598 4815">
    <p class='ocr_par' dir='ltr' id='par_1_95' title="bbox 279 4745 598 4815">
     <span class='ocr_line' id='line_1_95' title="bbox 279 4745 598 4815; baseline 0 -19"><span class='ocrx_word' id='word_1_679' title='bbox 279 4745 598 4815; x_wconf 75' lang='grc' dir='ltr'>ίσόρροπον.</span> 
     </span>
    </p>
   </div>
   <div class='ocr_carea' id='block_1_96' title="bbox 348 4828 1847 4903">
    <p class='ocr_par' dir='ltr' id='par_1_96' title="bbox 348 4828 1847 4903">
     <span class='ocr_line' id='line_1_96' title="bbox 348 4828 1847 4903; baseline 0.003 -19"><span class='ocrx_word' id='word_1_680' title='bbox 348 4829 460 4901; x_wconf 53' lang='grc' dir='ltr'><strong>μζε</strong></span> <span class='ocrx_word' id='word_1_681' title='bbox 505 4831 570 4884; x_wconf 91' lang='grc' dir='ltr'>Τί</span> <span class='ocrx_word' id='word_1_682' title='bbox 616 4831 680 4902; x_wconf 75' lang='grc' dir='ltr'>δὴ</span> <span class='ocrx_word' id='word_1_683' title='bbox 724 4828 819 4885; x_wconf 82' lang='grc' dir='ltr'><strong>οῦν</strong></span> <span class='ocrx_word' id='word_1_684' title='bbox 858 4831 951 4886; x_wconf 84' lang='grc' dir='ltr'>τὸν</span> <span class='ocrx_word' id='word_1_685' title='bbox 991 4831 1090 4901; x_wconf 83' lang='grc' dir='ltr'>μὲν</span> <span class='ocrx_word' id='word_1_686' title='bbox 1123 4831 1472 4902; x_wconf 83' lang='grc' dir='ltr'>ὲκπυροῦντα</span> <span class='ocrx_word' id='word_1_687' title='bbox 1521 4833 1701 4903; x_wconf 82' lang='grc' dir='ltr'>φλόγα</span> <span class='ocrx_word' id='word_1_688' title='bbox 1753 4837 1847 4888; x_wconf 72' lang='grc' dir='ltr'><strong>ἐπὶ</strong></span> 
     </span>
    </p>
   </div>
   <div class='ocr_carea' id='block_1_97' title="bbox 277 4923 1846 4996">
    <p class='ocr_par' dir='ltr' id='par_1_97' title="bbox 277 4923 1846 4996">
     <span class='ocr_line' id='line_1_97' title="bbox 277 4923 1846 4996; baseline 0.002 -23"><span class='ocrx_word' id='word_1_689' title='bbox 277 4923 598 4993; x_wconf 72' lang='grc' dir='ltr'>ἐμπρησμῷ</span> <span class='ocrx_word' id='word_1_690' title='bbox 653 4923 875 4996; x_wconf 71' lang='grc' dir='ltr'>[οῖκου],</span> <span class='ocrx_word' id='word_1_691' title='bbox 932 4924 1012 4987; x_wconf 87' lang='grc' dir='ltr'><strong>είς</strong></span> <span class='ocrx_word' id='word_1_692' title='bbox 1065 4924 1391 4995; x_wconf 81' lang='grc' dir='ltr'>δραστήριον</span> <span class='ocrx_word' id='word_1_693' title='bbox 1431 4923 1601 4994; x_wconf 76' lang='grc' dir='ltr'>ἄνδρα</span> <span class='ocrx_word' id='word_1_694' title='bbox 1656 4925 1846 4978; x_wconf 85' lang='grc' dir='ltr'>καλλι-</span> 
     </span>
    </p>
   </div>
   <div class='ocr_carea' id='block_1_98' title="bbox 279 5015 1848 5088">
    <p class='ocr_par' dir='ltr' id='par_1_98' title="bbox 279 5015 1848 5088">
     <span class='ocr_line' id='line_1_98' title="bbox 279 5015 1848 5088; baseline 0.001 -21"><span class='ocrx_word' id='word_1_695' title='bbox 279 5017 568 5083; x_wconf 83' lang='grc' dir='ltr'>γραφείτε,</span> <span class='ocrx_word' id='word_1_696' title='bbox 623 5016 714 5067; x_wconf 80' lang='grc' dir='ltr'>τὸν</span> <span class='ocrx_word' id='word_1_697' title='bbox 763 5017 817 5068; x_wconf 76' lang='grc' dir='ltr'>δὲ</span> <span class='ocrx_word' id='word_1_698' title='bbox 871 5015 1258 5068; x_wconf 81' lang='grc' dir='ltr'>ὑπανάπτοντα</span> <span class='ocrx_word' id='word_1_699' title='bbox 1323 5015 1541 5088; x_wconf 85' lang='grc' dir='ltr'>λύχνον,</span> <span class='ocrx_word' id='word_1_700' title='bbox 1599 5017 1848 5087; x_wconf 80' lang='grc' dir='ltr'>φυλακῆς</span> 
     </span>
    </p>
   </div>
   <div class='ocr_carea' id='block_1_99' title="bbox 278 5106 1852 5178">
    <p class='ocr_par' dir='ltr' id='par_1_99' title="bbox 278 5106 1852 5178">
     <span class='ocr_line' id='line_1_99' title="bbox 278 5106 1852 5178; baseline 0.001 -19"><span class='ocrx_word' id='word_1_701' title='bbox 278 5108 462 5175; x_wconf 76' lang='grc' dir='ltr'>χάριν,</span> <span class='ocrx_word' id='word_1_702' title='bbox 521 5108 603 5168; x_wconf 86' lang='grc' dir='ltr'><strong>είς</strong></span> <span class='ocrx_word' id='word_1_703' title='bbox 634 5106 946 5176; x_wconf 80' lang='grc' dir='ltr'>κακοῦργον</span> <span class='ocrx_word' id='word_1_704' title='bbox 978 5107 1294 5176; x_wconf 79' lang='grc' dir='ltr'>ἐγγράφετε</span> <span class='ocrx_word' id='word_1_705' title='bbox 1321 5122 1335 5170; x_wconf 91' lang='grc'><strong>;</strong></span> <span class='ocrx_word' id='word_1_706' title='bbox 1364 5107 1428 5160; x_wconf 87' lang='grc' dir='ltr'>Τί</span> <span class='ocrx_word' id='word_1_707' title='bbox 1465 5108 1555 5162; x_wconf 71' lang='grc' dir='ltr'><strong>τὸν</strong></span> <span class='ocrx_word' id='word_1_708' title='bbox 1585 5107 1746 5178; x_wconf 76' lang='grc' dir='ltr'>ὀρθὸν</span> <span class='ocrx_word' id='word_1_709' title='bbox 1776 5109 1852 5160; x_wconf 87' lang='grc' dir='ltr'>δι-</span> 
     </span>
    </p>
   </div>
   <div class='ocr_carea' id='block_1_100' title="bbox 278 5198 1849 5274">
    <p class='ocr_par' dir='ltr' id='par_1_100' title="bbox 278 5198 1849 5274">
     <span class='ocr_line' id='line_1_100' title="bbox 278 5198 1849 5274; baseline 0.001 -22"><span class='ocrx_word' id='word_1_710' title='bbox 278 5198 548 5252; x_wconf 72' lang='grc' dir='ltr'>δάσκαλον</span> <span class='ocrx_word' id='word_1_711' title='bbox 599 5199 776 5262; x_wconf 80' lang='grc' dir='ltr'>ἄλλως</span> <span class='ocrx_word' id='word_1_712' title='bbox 835 5200 1282 5264; x_wconf 74' lang='grc' dir='ltr'>ἁντιδιδάσκετες</span> <span class='ocrx_word' id='word_1_713' title='bbox 1318 5198 1384 5252; x_wconf 89' lang='grc' dir='ltr'>Τί</span> <span class='ocrx_word' id='word_1_714' title='bbox 1438 5199 1540 5274; x_wconf 80' lang='grc' dir='ltr'>τὴν</span> <span class='ocrx_word' id='word_1_715' title='bbox 1597 5200 1849 5271; x_wconf 84' lang='grc' dir='ltr'>στάθμην</span> 
     </span>
    </p>
   </div>
   <div class='ocr_carea' id='block_1_101' title="bbox 281 5291 1852 5362">
    <p class='ocr_par' dir='ltr' id='par_1_101' title="bbox 281 5291 1852 5362">
     <span class='ocr_line' id='line_1_101' title="bbox 281 5291 1852 5362; baseline 0.004 -21"><span class='ocrx_word' id='word_1_716' title='bbox 281 5291 599 5359; x_wconf 72' lang='grc' dir='ltr'>παράγετε;</span> <span class='ocrx_word' id='word_1_717' title='bbox 632 5291 697 5342; x_wconf 89' lang='grc' dir='ltr'><strong>Τί</strong></span> <span class='ocrx_word' id='word_1_718' title='bbox 724 5291 823 5362; x_wconf 80' lang='grc' dir='ltr'>τὴν</span> <span class='ocrx_word' id='word_1_719' title='bbox 854 5292 1134 5362; x_wconf 79' lang='grc' dir='ltr'>σταφυλὴν</span> <span class='ocrx_word' id='word_1_720' title='bbox 1171 5291 1492 5361; x_wconf 81' lang='grc' dir='ltr'>ἀχρειοῦτε;</span> <span class='ocrx_word' id='word_1_721' title='bbox 1531 5292 1596 5342; x_wconf 88' lang='grc' dir='ltr'><strong>Τί</strong></span> <span class='ocrx_word' id='word_1_722' title='bbox 1622 5292 1715 5346; x_wconf 84' lang='grc' dir='ltr'>τὸν</span> <span class='ocrx_word' id='word_1_723' title='bbox 1749 5310 1852 5348; x_wconf 83' lang='grc' dir='ltr'>κα-</span> 
     </span>
    </p>
   </div>
   <div class='ocr_carea' id='block_1_102' title="bbox 282 5379 1848 5452">
    <p class='ocr_par' dir='ltr' id='par_1_102' title="bbox 282 5379 1848 5452">
     <span class='ocr_line' id='line_1_102' title="bbox 282 5379 1848 5452; baseline 0.003 -22"><span class='ocrx_word' id='word_1_724' title='bbox 282 5379 410 5433; x_wconf 80' lang='grc' dir='ltr'>νόνα</span> <span class='ocrx_word' id='word_1_725' title='bbox 441 5381 814 5450; x_wconf 78' lang='grc' dir='ltr'>στρεϐλοῦτε;</span> <span class='ocrx_word' id='word_1_726' title='bbox 857 5382 923 5433; x_wconf 88' lang='grc' dir='ltr'><strong>Τί</strong></span> <span class='ocrx_word' id='word_1_727' title='bbox 977 5380 1118 5440; x_wconf 69' lang='grc' dir='ltr'>κατὰ</span> <span class='ocrx_word' id='word_1_728' title='bbox 1153 5383 1253 5448; x_wconf 76' lang='grc' dir='ltr'>τῆς</span> <span class='ocrx_word' id='word_1_729' title='bbox 1305 5383 1534 5436; x_wconf 85' lang='grc' dir='ltr'>καθέτου</span> <span class='ocrx_word' id='word_1_730' title='bbox 1571 5385 1848 5452; x_wconf 86' lang='grc' dir='ltr'>χωρεῖτε;</span> 
     </span>
    </p>
   </div>
   <div class='ocr_carea' id='block_1_103' title="bbox 285 5469 1855 5542">
    <p class='ocr_par' dir='ltr' id='par_1_103' title="bbox 285 5469 1855 5542">
     <span class='ocr_line' id='line_1_103' title="bbox 285 5469 1855 5542; baseline 0.003 -22"><span class='ocrx_word' id='word_1_731' title='bbox 285 5469 348 5521; x_wconf 87' lang='grc' dir='ltr'><strong>Τί</strong></span> <span class='ocrx_word' id='word_1_732' title='bbox 376 5470 470 5521; x_wconf 76' lang='grc' dir='ltr'>τὸν</span> <span class='ocrx_word' id='word_1_733' title='bbox 501 5469 819 5523; x_wconf 83' lang='grc' dir='ltr'>δικαιοῦντα</span> <span class='ocrx_word' id='word_1_734' title='bbox 853 5470 1014 5536; x_wconf 52' lang='grc' dir='ltr'>ζυγὸν</span> <span class='ocrx_word' id='word_1_735' title='bbox 1049 5472 1372 5542; x_wconf 67' lang='grc' dir='ltr'>μέςιφεσθε;</span> <span class='ocrx_word' id='word_1_736' title='bbox 1424 5473 1488 5524; x_wconf 87' lang='grc' dir='ltr'><strong>Τί</strong></span> <span class='ocrx_word' id='word_1_737' title='bbox 1519 5471 1575 5523; x_wconf 81' lang='grc' dir='ltr'>δὲ</span> <span class='ocrx_word' id='word_1_738' title='bbox 1619 5473 1718 5540; x_wconf 73' lang='grc' dir='ltr'><strong>ἐμὲ</strong></span> <span class='ocrx_word' id='word_1_739' title='bbox 1759 5473 1855 5524; x_wconf 77' lang='grc' dir='ltr'>καὶ</span> 
     </span>
    </p>
   </div>
   <div class='ocr_carea' id='block_1_104' title="bbox 287 5559 1859 5635">
    <p class='ocr_par' dir='ltr' id='par_1_104' title="bbox 287 5559 1859 5635">
     <span class='ocr_line' id='line_1_104' title="bbox 287 5559 1859 5635; baseline 0.003 -23"><span class='ocrx_word' id='word_1_740' title='bbox 287 5559 445 5630; x_wconf 69' lang='grc' dir='ltr'>μόνον</span> <span class='ocrx_word' id='word_1_741' title='bbox 471 5563 530 5613; x_wconf 82' lang='grc' dir='ltr'>ἐν</span> <span class='ocrx_word' id='word_1_742' title='bbox 562 5562 871 5634; x_wconf 79' lang='grc' dir='ltr'>ἀνθρώποις</span> <span class='ocrx_word' id='word_1_743' title='bbox 918 5563 1147 5628; x_wconf 76' lang='grc' dir='ltr'>ἕκαστος</span> <span class='ocrx_word' id='word_1_744' title='bbox 1179 5565 1392 5618; x_wconf 80' lang='grc' dir='ltr'>ἐθέλετε</span> <span class='ocrx_word' id='word_1_745' title='bbox 1428 5565 1670 5634; x_wconf 74' lang='grc' dir='ltr'>μετρεῖν,</span> <span class='ocrx_word' id='word_1_746' title='bbox 1724 5565 1859 5635; x_wconf 84' lang='grc' dir='ltr'>πρὸς</span> 
     </span>
    </p>
   </div>
   <div class='ocr_carea' id='block_1_105' title="bbox 1959 4557 3531 4631">
    <p class='ocr_par' dir='ltr' id='par_1_105' title="bbox 1959 4557 3531 4631">
     <span class='ocr_line' id='line_1_105' title="bbox 1959 4557 3531 4631; baseline -0.005 -15"><span class='ocrx_word' id='word_1_747' title='bbox 1959 4562 2132 4631; x_wconf 82' lang='lat' dir='ltr'><strong>pellit,</strong></span> <span class='ocrx_word' id='word_1_748' title='bbox 2171 4569 2311 4626; x_wconf 91' lang='lat' dir='ltr'><strong>et,ut</strong></span> <span class='ocrx_word' id='word_1_749' title='bbox 2336 4561 2436 4614; x_wconf 91' lang='lat' dir='ltr'><strong>sibi</strong></span> <span class='ocrx_word' id='word_1_750' title='bbox 2469 4561 2701 4622; x_wconf 84' lang='lat' dir='ltr'><strong>videtur,</strong></span> <span class='ocrx_word' id='word_1_751' title='bbox 2731 4559 3080 4626; x_wconf 86' lang='lat' dir='ltr'><strong>pouderantis</strong></span> <span class='ocrx_word' id='word_1_752' title='bbox 3104 4572 3357 4611; x_wconf 80' lang='lat' dir='ltr'><strong>mensura</strong></span> <span class='ocrx_word' id='word_1_753' title='bbox 3400 4557 3531 4610; x_wconf 57' lang='lat' dir='ltr'><strong>chao</strong></span> 
     </span>
    </p>
   </div>
   <div class='ocr_carea' id='block_1_106' title="bbox 1969 4649 3169 4720">
    <p class='ocr_par' dir='ltr' id='par_1_106' title="bbox 1969 4649 3169 4720">
     <span class='ocr_line' id='line_1_106' title="bbox 1969 4649 3169 4720; baseline -0.003 -13"><span class='ocrx_word' id='word_1_754' title='bbox 1969 4653 2168 4718; x_wconf 81' lang='lat' dir='ltr'><strong>ritatis,</strong></span> <span class='ocrx_word' id='word_1_755' title='bbox 2203 4651 2445 4706; x_wconf 83' lang='lat' dir='ltr'><strong>naturale</strong></span> <span class='ocrx_word' id='word_1_756' title='bbox 2478 4661 2752 4706; x_wconf 85' lang='lat' dir='ltr'><strong>mensurat</strong></span> <span class='ocrx_word' id='word_1_757' title='bbox 2782 4649 3169 4720; x_wconf 79' lang='lat' dir='ltr'><strong>aequilibrium.</strong></span> 
     </span>
    </p>
   </div>
   <div class='ocr_carea' id='block_1_107' title="bbox 2019 4828 3535 4906">
    <p class='ocr_par' dir='ltr' id='par_1_107' title="bbox 2019 4828 3535 4906">
     <span class='ocr_line' id='line_1_107' title="bbox 2019 4828 3535 4906; baseline -0.008 -15"><span class='ocrx_word' id='word_1_758' title='bbox 2019 4837 2108 4894; x_wconf 75' lang='grc'><strong>47.</strong></span> <span class='ocrx_word' id='word_1_759' title='bbox 2151 4836 2288 4903; x_wconf 87' lang='lat' dir='ltr'><strong>Quid</strong></span> <span class='ocrx_word' id='word_1_760' title='bbox 2323 4835 2482 4906; x_wconf 78' lang='lat' dir='ltr'><strong>igitur</strong></span> <span class='ocrx_word' id='word_1_761' title='bbox 2514 4835 2664 4888; x_wconf 90' lang='lat' dir='ltr'><strong>illum</strong></span> <span class='ocrx_word' id='word_1_762' title='bbox 2692 4834 2780 4906; x_wconf 90' lang='lat' dir='ltr'><strong>qui</strong></span> <span class='ocrx_word' id='word_1_763' title='bbox 2823 4832 3090 4886; x_wconf 81' lang='lat' dir='ltr'><strong>ﬂammam</strong></span> <span class='ocrx_word' id='word_1_764' title='bbox 3126 4829 3194 4884; x_wconf 87' lang='lat' dir='ltr'><strong>ad</strong></span> <span class='ocrx_word' id='word_1_765' title='bbox 3224 4828 3535 4888; x_wconf 74' lang='lat' dir='ltr'><strong>incendium</strong></span> 
     </span>
    </p>
   </div>
   <div class='ocr_carea' id='block_1_108' title="bbox 1951 4921 3532 4990">
    <p class='ocr_par' dir='ltr' id='par_1_108' title="bbox 1951 4921 3532 4990">
     <span class='ocr_line' id='line_1_108' title="bbox 1951 4921 3532 4990; baseline -0.006 -8"><span class='ocrx_word' id='word_1_766' title='bbox 1951 4929 2142 4983; x_wconf 83' lang='lat' dir='ltr'><strong>domus</strong></span> <span class='ocrx_word' id='word_1_767' title='bbox 2173 4928 2437 4990; x_wconf 87' lang='lat' dir='ltr'><strong>accendit,</strong></span> <span class='ocrx_word' id='word_1_768' title='bbox 2478 4927 2624 4980; x_wconf 85' lang='lat' dir='ltr'><strong>velut</strong></span> <span class='ocrx_word' id='word_1_769' title='bbox 2658 4926 2932 4983; x_wconf 85' lang='lat' dir='ltr'><strong>hominem</strong></span> <span class='ocrx_word' id='word_1_770' title='bbox 2978 4932 3258 4978; x_wconf 89' lang='lat' dir='ltr'><strong>strenuum</strong></span> <span class='ocrx_word' id='word_1_771' title='bbox 3311 4921 3532 4990; x_wconf 79' lang='lat' dir='ltr'><strong>pulchre</strong></span> 
     </span>
    </p>
   </div>
   <div class='ocr_carea' id='block_1_109' title="bbox 1952 5015 3534 5090">
    <p class='ocr_par' dir='ltr' id='par_1_109' title="bbox 1952 5015 3534 5090">
     <span class='ocr_line' id='line_1_109' title="bbox 1952 5015 3534 5090; baseline -0.005 -16"><span class='ocrx_word' id='word_1_772' title='bbox 1952 5021 2175 5090; x_wconf 80' lang='lat' dir='ltr'><strong>pingitis</strong></span> <span class='ocrx_word' id='word_1_773' title='bbox 2209 5030 2262 5075; x_wconf 90' lang='lat' dir='ltr'><strong>et</strong></span> <span class='ocrx_word' id='word_1_774' title='bbox 2292 5021 2437 5073; x_wconf 87' lang='lat' dir='ltr'><strong>illum</strong></span> <span class='ocrx_word' id='word_1_775' title='bbox 2467 5020 2557 5088; x_wconf 85' lang='lat' dir='ltr'><strong>qui</strong></span> <span class='ocrx_word' id='word_1_776' title='bbox 2597 5018 2875 5073; x_wconf 82' lang='lat' dir='ltr'><strong>succendit</strong></span> <span class='ocrx_word' id='word_1_777' title='bbox 2929 5017 3204 5070; x_wconf 86' lang='lat' dir='ltr'><strong>lucernam</strong></span> <span class='ocrx_word' id='word_1_778' title='bbox 3273 5015 3534 5067; x_wconf 66' lang='lat' dir='ltr'><strong>custodia:</strong></span> 
     </span>
    </p>
   </div>
   <div class='ocr_carea' id='block_1_110' title="bbox 1959 5098 3531 5184">
    <p class='ocr_par' dir='ltr' id='par_1_110' title="bbox 1959 5098 3531 5184">
     <span class='ocr_line' id='line_1_110' title="bbox 1959 5098 3531 5184; baseline -0.005 -20"><span class='ocrx_word' id='word_1_779' title='bbox 1959 5113 2130 5184; x_wconf 71' lang='lat' dir='ltr'><strong>gratia</strong></span> <span class='ocrx_word' id='word_1_780' title='bbox 2180 5121 2433 5180; x_wconf 88' lang='lat' dir='ltr'><strong>tanquam</strong></span> <span class='ocrx_word' id='word_1_781' title='bbox 2491 5110 2790 5164; x_wconf 80' lang='lat' dir='ltr'><strong>maleﬁcum</strong></span> <span class='ocrx_word' id='word_1_782' title='bbox 2851 5107 3185 5164; x_wconf 76' lang='lat' dir='ltr'><strong>describitis?</strong></span> <span class='ocrx_word' id='word_1_783' title='bbox 3249 5098 3531 5172; x_wconf 81' lang='lat' dir='ltr'><strong>Quid&#39;rc-</strong></span> 
     </span>
    </p>
   </div>
   <div class='ocr_carea' id='block_1_111' title="bbox 1976 5194 3532 5268">
    <p class='ocr_par' dir='ltr' id='par_1_111' title="bbox 1976 5194 3532 5268">
     <span class='ocr_line' id='line_1_111' title="bbox 1976 5194 3532 5268; baseline -0.005 -12"><span class='ocrx_word' id='word_1_784' title='bbox 1976 5215 2118 5256; x_wconf 81' lang='lat' dir='ltr'><strong>ctum</strong></span> <span class='ocrx_word' id='word_1_785' title='bbox 2180 5203 2444 5255; x_wconf 83' lang='lat' dir='ltr'><strong>adversus</strong></span> <span class='ocrx_word' id='word_1_786' title='bbox 2488 5199 2808 5268; x_wconf 78' lang='lat' dir='ltr'><strong>magistrum</strong></span> <span class='ocrx_word' id='word_1_787' title='bbox 2876 5197 3032 5251; x_wconf 88' lang='lat' dir='ltr'><strong>aliter</strong></span> <span class='ocrx_word' id='word_1_788' title='bbox 3098 5195 3361 5251; x_wconf 69' lang='lat' dir='ltr'><strong>docetis?</strong></span> <span class='ocrx_word' id='word_1_789' title='bbox 3395 5194 3532 5258; x_wconf 78' lang='lat' dir='ltr'><strong>Quid</strong></span> 
     </span>
    </p>
   </div>
   <div class='ocr_carea' id='block_1_112' title="bbox 1959 5284 3528 5356">
    <p class='ocr_par' dir='ltr' id='par_1_112' title="bbox 1959 5284 3528 5356">
     <span class='ocr_line' id='line_1_112' title="bbox 1959 5284 3528 5356; baseline -0.008 -12"><span class='ocrx_word' id='word_1_790' title='bbox 1959 5293 2216 5344; x_wconf 87' lang='lat' dir='ltr'><strong>amussim</strong></span> <span class='ocrx_word' id='word_1_791' title='bbox 2249 5289 2603 5356; x_wconf 88' lang='lat' dir='ltr'><strong>pervertitis?</strong></span> <span class='ocrx_word' id='word_1_792' title='bbox 2643 5286 2781 5353; x_wconf 87' lang='lat' dir='ltr'><strong>Quid</strong></span> <span class='ocrx_word' id='word_1_793' title='bbox 2815 5287 3260 5355; x_wconf 82' lang='lat' dir='ltr'><strong>perpendiculum</strong></span> <span class='ocrx_word' id='word_1_794' title='bbox 3321 5284 3528 5336; x_wconf 64' lang='lat' dir='ltr'><strong>distur»</strong></span> 
     </span>
    </p>
   </div>
   <div class='ocr_carea' id='block_1_113' title="bbox 1961 5377 3529 5447">
    <p class='ocr_par' dir='ltr' id='par_1_113' title="bbox 1961 5377 3529 5447">
     <span class='ocr_line' id='line_1_113' title="bbox 1961 5377 3529 5447; baseline -0.009 -9"><span class='ocrx_word' id='word_1_795' title='bbox 1961 5382 2150 5438; x_wconf 81' lang='lat' dir='ltr'><strong>batis‘l</strong></span> <span class='ocrx_word' id='word_1_796' title='bbox 2183 5381 2320 5447; x_wconf 85' lang='lat' dir='ltr'><strong>Quid</strong></span> <span class='ocrx_word' id='word_1_797' title='bbox 2367 5380 2600 5447; x_wconf 77' lang='lat' dir='ltr'><strong>regulam</strong></span> <span class='ocrx_word' id='word_1_798' title='bbox 2637 5379 2989 5447; x_wconf 70' lang='lat' dir='ltr'><strong>depravatis?</strong></span> <span class='ocrx_word' id='word_1_799' title='bbox 3029 5377 3167 5446; x_wconf 86' lang='lat' dir='ltr'><strong>Quid</strong></span> <span class='ocrx_word' id='word_1_800' title='bbox 3191 5384 3376 5430; x_wconf 84' lang='lat' dir='ltr'><strong>contra</strong></span> <span class='ocrx_word' id='word_1_801' title='bbox 3417 5388 3529 5424; x_wconf 61' lang='lat' dir='ltr'><strong>meo</strong></span> 
     </span>
    </p>
   </div>
   <div class='ocr_carea' id='block_1_114' title="bbox 1961 5461 3529 5540">
    <p class='ocr_par' dir='ltr' id='par_1_114' title="bbox 1961 5461 3529 5540">
     <span class='ocr_line' id='line_1_114' title="bbox 1961 5461 3529 5540; baseline -0.008 -12"><span class='ocrx_word' id='word_1_802' title='bbox 1961 5481 2072 5528; x_wconf 78' lang='lat' dir='ltr'><strong>tam</strong></span> <span class='ocrx_word' id='word_1_803' title='bbox 2109 5472 2318 5528; x_wconf 77' lang='lat' dir='ltr'><strong>exilis?</strong></span> <span class='ocrx_word' id='word_1_804' title='bbox 2361 5471 2498 5538; x_wconf 78' lang='lat' dir='ltr'><strong>Quid</strong></span> <span class='ocrx_word' id='word_1_805' title='bbox 2540 5472 2740 5540; x_wconf 82' lang='lat' dir='ltr'><strong>justum</strong></span> <span class='ocrx_word' id='word_1_806' title='bbox 2777 5467 3095 5536; x_wconf 83' lang='lat' dir='ltr'><strong>vituperatis</strong></span> <span class='ocrx_word' id='word_1_807' title='bbox 3139 5463 3351 5533; x_wconf 74' lang='lat' dir='ltr'><strong>jugum?</strong></span> <span class='ocrx_word' id='word_1_808' title='bbox 3392 5461 3529 5526; x_wconf 83' lang='lat' dir='ltr'><strong>Quid</strong></span> 
     </span>
    </p>
   </div>
   <div class='ocr_carea' id='block_1_115' title="bbox 1965 5554 3536 5632">
    <p class='ocr_par' dir='ltr' id='par_1_115' title="bbox 1965 5554 3536 5632">
     <span class='ocr_line' id='line_1_115' title="bbox 1965 5554 3536 5632; baseline -0.003 -14"><span class='ocrx_word' id='word_1_809' title='bbox 1965 5575 2144 5620; x_wconf 87' lang='lat' dir='ltr'><strong>autem</strong></span> <span class='ocrx_word' id='word_1_810' title='bbox 2193 5577 2276 5617; x_wconf 91' lang='lat' dir='ltr'><strong>me</strong></span> <span class='ocrx_word' id='word_1_811' title='bbox 2306 5601 2322 5628; x_wconf 90' lang='lat'><strong>,</strong></span> <span class='ocrx_word' id='word_1_812' title='bbox 2353 5563 2633 5632; x_wconf 86' lang='lat' dir='ltr'><strong>solumque</strong></span> <span class='ocrx_word' id='word_1_813' title='bbox 2667 5562 2810 5615; x_wconf 87' lang='lat' dir='ltr'><strong>inter</strong></span> <span class='ocrx_word' id='word_1_814' title='bbox 2853 5559 3122 5620; x_wconf 78' lang='lat' dir='ltr'><strong>hmuincs,</strong></span> <span class='ocrx_word' id='word_1_815' title='bbox 3162 5554 3536 5622; x_wconf 54' lang='lat' dir='ltr'><strong>unusquisque</strong></span> 
     </span>
    </p>
   </div>
   <div class='ocr_carea' id='block_1_116' title="bbox 353 5735 3406 5812">
    <p class='ocr_par' dir='ltr' id='par_1_116' title="bbox 353 5735 3406 5812">
     <span class='ocr_line' id='line_1_116' title="bbox 353 5735 3406 5812; baseline -0 -18"><span class='ocrx_word' id='word_1_816' title='bbox 353 5740 428 5810; x_wconf 79' lang='lat' dir='ltr'><strong>(l)</strong></span> <span class='ocrx_word' id='word_1_817' title='bbox 460 5762 477 5794; x_wconf 77' lang='grc' dir='ltr'><strong>ι</strong></span> <span class='ocrx_word' id='word_1_818' title='bbox 507 5741 647 5797; x_wconf 86' lang='lat' dir='ltr'><strong>lluic</strong></span> <span class='ocrx_word' id='word_1_819' title='bbox 676 5757 805 5800; x_wconf 70' lang='lat' dir='ltr'><strong>mete</strong></span> <span class='ocrx_word' id='word_1_820' title='bbox 830 5741 928 5798; x_wconf 85' lang='lat' dir='ltr'><strong>loci</strong></span> <span class='ocrx_word' id='word_1_821' title='bbox 968 5743 1138 5798; x_wconf 86' lang='lat' dir='ltr'><strong>mutili</strong></span> <span class='ocrx_word' id='word_1_822' title='bbox 1165 5743 1526 5800; x_wconf 84' lang='lat' dir='ltr'><strong>emendationi</strong></span> <span class='ocrx_word' id='word_1_823' title='bbox 1552 5743 1662 5812; x_wconf 86' lang='lat' dir='ltr'><strong>jam</strong></span> <span class='ocrx_word' id='word_1_824' title='bbox 1703 5742 1878 5798; x_wconf 71' lang='lat' dir='ltr'><strong>nimus</strong></span> <span class='ocrx_word' id='word_1_825' title='bbox 1908 5742 2140 5809; x_wconf 87' lang='lat' dir='ltr'><strong>conﬁdo,</strong></span> <span class='ocrx_word' id='word_1_826' title='bbox 2180 5761 2196 5794; x_wconf 75' lang='grc' dir='ltr'><strong>ι</strong></span> <span class='ocrx_word' id='word_1_827' title='bbox 2254 5743 2327 5797; x_wconf 86' lang='lat' dir='ltr'><strong>ait</strong></span> <span class='ocrx_word' id='word_1_828' title='bbox 2361 5744 2535 5800; x_wconf 84' lang='lat' dir='ltr'><strong>editor</strong></span> <span class='ocrx_word' id='word_1_829' title='bbox 2560 5743 2612 5798; x_wconf 90' lang='lat' dir='ltr'><strong>in</strong></span> <span class='ocrx_word' id='word_1_830' title='bbox 2645 5740 2899 5798; x_wconf 71' lang='lat' dir='ltr'><strong>Mantissa</strong></span> <span class='ocrx_word' id='word_1_831' title='bbox 2929 5735 3406 5796; x_wconf 84' lang='lat' dir='ltr'><strong>Observationum.</strong></span> 
     </span>
    </p>
   </div>
  </div>
