4034 6206
465 309 570 372 “7

1175 316 1560 378 EUSTATIII
1571 318 1596 379 l
1627 319 2038 380 THESSALOI

2139 319 2389 384 IENSIS
2429 325 2997 388 ΜΕΤΗΟΡΟΙᾸΤΛΞ
3025 407 3036 416 ο

3621 329 3736 393 418

469 426 710 472 vestrum
745 419 926 473 metiri
951 421 1236 491 vultjuxta
1267 427 1477 494 pondus
1499 430 1642 498 quod
1661 429 1776 499 ipse
1809 429 2038 500 profert,

2146 431 2204 484 ὃν
2240 431 2401 502 ὑμεῖς
2458 435 2798 506 προϐάλλετε
2838 436 3105 507 σταθμὸν,
3166 440 3264 491 καὶ
3323 438 3730 509 λογοπραγεῖτε

469 518 522 558 et
563 523 686 576 quae
721 518 849 563 sunt
883 511 932 564 in
973 528 1057 567 tne
1081 515 1336 570 amicitia:
1362 518 1518 588 juga,
1544 519 1625 574 sic
1647 521 1887 575 examini
1915 519 2045 576 sub-

467 599 662 663 jirilis?
700 599 804 666 Ipsi
839 605 1058 669 quidem
1103 606 1297 661 librate
1349 624 1446 664 vos
1489 627 1708 666 sursum
1761 617 2040 679 deorsum,

468 697 526 740 ut
557 688 785 752 accidit;
821 705 907 743 me
943 706 1072 748 vero
1111 697 1330 751 statuite
1363 703 1794 768 comparandum
1826 701 1892 753 ad
1922 715 2043 754 mo-

472 779 636 832 menti
672 782 1062 848 aequalitatem,
1097 789 1184 841 ubi
1220 806 1324 844 non
1357 801 1440 847 est
1466 793 1715 848 invenire
1744 793 2040 861 quidquam

465 871 610 936 apud
649 887 746 928 vos
777 875 1012 942 positum
1049 877 1100 931 in
1129 881 1462 950 azquatione.
1505 883 1562 937 Si
1592 885 1736 938 enim
1795 885 2044 952 aliquan-

471 960 641 1015 tulum
676 964 860 1020 lances
911 968 1071 1022 vobis
1125 972 1440 1027 custodiunt
1499 976 1885 1044 aequilibrium,
1936 991 2040 1030 non

483 1052 666 1118 potius
703 1054 898 1123 aliquis
933 1059 1053 1112 solo
1097 1061 1244 1116 visus
1307 1072 1560 1119 contactu
1599 1067 1700 1120 boc
1733 1067 1894 1132 vidit,
1935 1075 2045 1122 sta-

465 1152 671 1212 timque
713 1149 1041 1203 antitbctum
1065 1153 1320 1207 amicitia:
1342 1166 1534 1210 vestrae
1565 1165 1809 1212 nostram
1843 1159 1899 1213 in
1929 1159 2041 1213 lan-

463 1252 581 1292 cem
637 1241 974 1309 dominatur,
1034 1255 1091 1300 et
1151 1249 1404 1305 deorsum
1463 1263 1809 1322 aggravatam
1865 1255 2041 1310 reddit

463 1329 711 1386 inutilem
749 1349 810 1386 ac
839 1347 1200 1405 qumrentem,
1230 1343 1319 1396 tibi
1369 1347 1655 1400 consistat.
1690 1345 1750 1398 Et
1787 1363 2041 1416 magnum

462 1423 682 1487 quidem
711 1427 864 1481 nobis
893 1429 1166 1498 impendet
1197 1438 1576 1506 crimen,quod
1603 1454 1707 1490 non
1733 1449 1881 1494 recte
1913 1454 2045 1494 con-

462 1527 743 1570 Vcrsamur
774 1533 897 1572 cum
932 1521 1316 1578 illustrioribus
1350 1526 1510 1594 hujus
1533 1527 1767 1583 civitatis
1798 1540 1849 1585 et
1871 1547 2041 1598 egen-

462 1605 698 1662 tioribus
737 1649 750 1674 ,
790 1611 884 1665 sed
939 1613 1210 1669 conlusim
1263 1626 1319 1670 et
1376 1618 1668 1675 indiscrete
1721 1624 2046 1676 commisce-

2143 523 2213 576 τὰ
2249 525 2310 577 ὲν
2344 527 2473 595 ἐμοὶ
2506 529 2605 596 τῆς
2656 529 2840 597 φιλίας
2871 529 3051 598 ζυγά;
3116 531 3230 584 Καὶ
3260 529 3420 584 αὑίεολ⁵
3452 531 3552 600 μὲν
3608 532 3731 584 ἄνω

2145 615 2297 671 κάτω
2327 621 2743 688 τρυτανίζεσοε,
2777 623 2886 690 ὅπη
2941 622 3084 695 τύχῃ
3111 637 3125 651 ’
3161 623 3262 692 ἐμὲ
3303 622 3361 674 δὲ
3416 620 3726 675 συναλλάσ-

2146 725 2264 762 σειν
2293 711 2623 764 έπιτάσσετε
2659 715 2795 783 πρὸς
2832 715 3056 782 ἰσότητα
3089 715 3289 784 ῥοπῆς,
3325 713 3456 767 ἔνθα
3500 713 3577 782 μὴ
3632 712 3727 765 ἐσ-

2142 820 2228 856 τιν
2278 803 2482 875 εὑρεῖν,
2542 805 2596 858 τί
2625 807 2759 878 παρ’
2793 807 2923 878 ὑμῖν
2974 806 3257 868 καθεστὼς
3297 807 3355 858 ὲν
3398 807 3726 874 ταυτότητι.

2145 898 2207 951 Εἰ
2247 899 2358 968 γάρ
2391 915 2493 951 που
2553 900 2649 953 καὶ
2699 900 2836 971 πρὸς
2893 899 3066 971 βραχὺ
3127 901 3183 954 αἱ
3216 898 3556 968 πλάστιγγες
3590 899 3728 968 ὑμῖν

2145 988 2445 1058 φυλάξουσι
2499 990 2562 1044 τὸ
2622 990 2890 1061 ἀρρεπὲς,
2953 990 3202 1048 ἀλλὀὐκ
3259 991 3401 1059 ἔφθη
3463 1008 3548 1052 τις
3597 991 3728 1043 οὑδὲ

2144 1086 2284 1140 κατὰ
2319 1088 2492 1158 μόνην
2522 1087 2742 1155 ἐπαφὴν
2771 1087 2948 1157 δψεως
2977 1086 3111 1140 αὑτὸ
3145 1087 3293 1148 ἰδεῖν,
3331 1087 3424 1139 καὶ
3472 1086 3635 1148 εὐθὺς
3662 1085 3727 1137 τὸ

2143 1180 2428 1233 ἀντίθετον
2457 1183 2524 1250 τῇ
2553 1179 2676 1232 καθ’
2709 1181 2858 1250 ὑμᾶς
2891 1179 3045 1250 φιλία
3073 1180 3334 1249 τυραννεῖ
3381 1176 3482 1246 τὴν
3515 1177 3727 1246 ἡμετέ-

2151 1288 2253 1342 ραν
2308 1273 2644 1340 πλάστιγγα,
2689 1273 2786 1326 καὶ
2831 1272 3217 1343 βαρυνομένην
3274 1271 3427 1323 κάτω
3481 1269 3724 1339 ἀχρειοῖ,

2145 1360 2439 1430 ζητοῦσαν,
2474 1362 2578 1414 ποῦ
2613 1377 2745 1416 ποτε
2803 1361 3226 1432 καθεστήξεται.
3265 1362 3375 1414 Καὶ
3411 1360 3557 1429 μέγα
3617 1359 3730 1426 μὲν

2141 1454 2276 1522 ἡμῖν
2311 1455 2607 1508 ὲπικλᾶται
2639 1457 3029 1526 κατηγόρημα,
3057 1456 3142 1509 ὅτι
3174 1454 3249 1524 μὴ
3277 1454 3415 1523 πρὸς
3447 1453 3730 1524 ὀρθότητα

2145 1546 2515 1615 ὲπιϐάλλομεν
2552 1549 2664 1608 τοῖς
2691 1541 2756 1600 τε
2777 1547 3084 1618 περιδόξοις
3110 1548 3210 1616 τῆς
3244 1547 3456 1609 πόλεως
3487 1545 3723 1615 ταύτης,

2144 1641 2259 1701 τοῖς
2297 1656 2357 1692 τε
2393 1640 2832 1708 ὑποδεεστέροις,
2867 1639 3003 1692 ἀλλὰ
3059 1639 3266 1711 φύρδην
3321 1641 3418 1692 καὶ
3474 1638 3725 1707 ἀκρίτως

465 1713 584 1751 mur
622 1699 754 1754 illis.
803 1702 956 1756 Nihil
984 1710 1168 1761 autem
1225 1708 1316 1763 hic
1353 1710 1406 1764 in
1464 1722 1652 1767 nostra
1710 1716 2038 1768 discretione

2146 1699 2332 1795 αὑτοῖς
2384 1699 2834 1803 προσφερόμεθα,
2871 1699 3235 1802 Ἐχομενιδέ
3279 1733 3444 1802 ἡμεῖς
3476 1699 3590 1784 οὐθ’
3637 1699 3730 1782 sv-

461 1791 840 1859 corrigendum
873 1795 1158 1852 habemus.
1207 1799 1366 1854 Ratio
1417 1813 1596 1856 autem
1647 1813 1731 1858 est
1810 1803 2041 1874 Euripus
2070 1776 2119 1836 Β

461 1881 553 1946 qui
581 1898 680 1937 nos
709 1886 1010 1940 circumdat
1064 1899 1118 1942 et
1152 1893 1390 1945 versoria
1423 1907 1636 1964 semper
1679 1913 1898 1966 gyrans.
1944 1897 2041 1951 Vix

462 1973 607 2026 enim
662 1975 859 2045 aliquis
920 1993 950 2031 e
988 1982 1191 2034 nostris
1253 1983 1466 2039 civibus
1515 1989 1803 2054 quemdam
1881 1990 2041 2045 bodie

461 2066 776 2131 praedicavit
803 2069 1196 2140 bonorabilcm,
1215 2090 1336 2128 cum
1384 2076 1473 2130 ille
1503 2092 1624 2132 Cras
1649 2080 2040 2148 ignominiosus

460 2157 716 2210 scribitur
749 2159 1021 2230 similique
1046 2164 1330 2218 confestim
1381 2165 1670 2222 deseritur.
1714 2171 1872 2225 Divos
1897 2187 2041 2227 nunc

460 2251 690 2316 superbe
723 2251 964 2319 loquitur
987 2264 1040 2308 et
1075 2258 1234 2325 paulo
1265 2269 1382 2326 post
1412 2262 1794 2328 egentissimus
1838 2265 1902 2316 ad
1939 2269 2042 2318 mi-

458 2343 770 2398 sericordiae
799 2344 1019 2412 januam
1078 2350 1271 2417 pulsat.
1300 2349 1505 2406 Nobilis
1533 2354 1583 2404 in
1617 2358 1867 2421 pra-scuti
1905 2366 2042 2410 tem-

460 2434 608 2499 poris
639 2447 841 2500 puncto
877 2450 990 2507 post
1021 2440 1184 2494 breve
1215 2443 1554 2497 ntaledicitur
1597 2446 1814 2516 ignobili
1841 2463 2040 2517 genere

459 2525 539 2578 sic
566 2537 742 2593 ortus,
779 2540 830 2583 ut
865 2535 1292 2588 contemnendus
1319 2535 1410 2598 sit,
1432 2545 1714 2600 elservus,
1749 2541 2037 2608 ttldicitnr,

456 2629 557 2681 pro
580 2617 752 2672 libero
780 2633 1112 2688 compareat.
1151 2622 1446 2688 Quemdam
1477 2627 1792 2696 aliquandiu
1841 2632 2038 2685 virtute

459 2709 740 2775 praeditum
771 2712 1134 2779 testabantur,
1164 2724 1218 2769 et
1251 2717 1398 2769 brevi
1451 2728 1694 2787 tempore
1717 2729 1901 2787 postea
1925 2736 2040 2776 sce-

464 2797 636 2855 lestus
669 2801 1049 2867 denuntiatur,
1078 2806 1227 2859 velut
1263 2808 1308 2859 si
1345 2811 1616 2861 somnium
1653 2812 1839 2864 umbra
1888 2822 2037 2882 tege-

2146 1823 2321 1877 ταῦθα
2356 1825 2700 1894 ἐπιδιορθοῦν
2727 1826 2787 1878 τδ
2812 1827 2870 1878 ὲν
2895 1827 3028 1896 ἡμῖν
3058 1828 3329 1894 κριτικόν.
3361 1825 3434 1878 Τὸ
3460 1824 3518 1877 δὲ
3547 1825 3727 1878 αἴτιον

2144 1921 2172 1972 ό
2202 1921 2510 1991 περιρρέων
2553 1919 2700 1988 ἡμᾶς
2736 1917 2972 1987 Εὑριπος
3021 1920 3116 1973 καὶ
3162 1918 3223 1972 τδ
3250 1919 3570 1987 ἀείστροφον
3596 1917 3728 1970 ἀνε-

2151 2008 2397 2078 μούριυν.
2432 2006 2510 2062 Οὑ
2540 2009 2733 2078 φθάνει
2766 2009 2877 2079 γάρ
2902 2026 2987 2071 τις
3016 2009 3125 2061 τῶν
3158 2009 3449 2079 ἡμετέρων
3483 2007 3727 2060 πολιτῶν

2144 2103 2364 2172 ἔντιμον
2412 2101 2804 2173 ἀποφήνασθαι
2870 2118 2995 2154 τινα
3054 2101 3319 2172 σήμερον,
3375 2100 3470 2153 καὶ
3527 2099 3728 2169 αὑριον

2145 2194 2353 2256 ἐκεῖνος
2387 2193 2583 2260 ἄτιμος
2614 2192 2730 2262 ἅμα
2753 2193 3008 2262 γραφεὶς,
3045 2191 3136 2242 καὶ
3183 2193 3429 2260 ἀχρόνως
3483 2189 3724 2242 ἀπαλει-

2144 2283 2289 2351 φείς.
2321 2281 2587 2345 Πλούσιος
2619 2282 2747 2350 ἄρτι
2807 2280 3223 2349 σεμνολογεῖται
3247 2297 3260 2310 ο
3299 2281 3395 2332 καὶ
3428 2279 3570 2350 μετὰ
3629 2295 3725 2348 μι-

2142 2375 2274 2444 κρὸν
2315 2375 2662 2437 πενέστατος,
2696 2372 2794 2444 τὴν
2822 2371 3210 2444 φιλανθρώπου
3239 2371 3411 2441 θύραν
3442 2370 3726 2437 κοπτόμε-

2141 2478 2250 2523 νος.
2281 2461 2525 2530 Εὑγενὴς
2552 2464 2609 2515 ὲν
2642 2464 2708 2532 τῇ
2740 2461 3066 2532 καθεστώσῃ
3093 2460 3192 2514 τοῦ
3226 2461 3418 2531 χρόνου
3463 2461 3673 2528 στιγμῇ
3704 2475 3719 2489 ο

2141 2553 2235 2605 καὶ
2293 2552 2433 2624 μετὰ
2489 2553 2686 2605 λεπτὸν
2739 2556 3142 2624 κακηγορεῖται
3205 2552 3398 2621 γένους
3447 2551 3722 2618 κατάγειν

2139 2645 2278 2708 οἴου,
2321 2646 2414 2696 καὶ
2449 2643 2982 2716 ἁποτροπιάζεσθαι,
3043 2645 3138 2698 καί
3187 2661 3318 2698 ποτε
3350 2644 3448 2696 καὶ
3501 2642 3718 2708 δοῦλος,

2137 2733 2167 2787 ὃ
2194 2733 2258 2804 δή
2288 2734 2532 2802 λέγεται,
2556 2735 2671 2789 ἀντ’
2698 2735 2989 2804 ἐλευθέρου
3013 2735 3226 2805 φανείς.
3268 2734 3606 2805 ’Δρεταινειν
3629 2750 3721 2796 τις

2139 2824 2318 2897 καιρῷ
2360 2843 2492 2879 ποτε
2529 2829 2893 2895 μαρτυρεῖται
2920 2844 2935 2858 ο
2978 2827 3189 2897 βραχὺς
3234 2825 3300 2896 δὴ
3353 2826 3567 2896 χρόνος,
3617 2825 3720 2878 καὶ

457 2904 628 2946 retur.
651 2893 710 2948 In
746 2911 882 2965 quas
911 2897 1077 2967 igitur
1129 2899 1414 2967 opiniones
1439 2900 1850 2971 voluntatesque
1885 2920 2036 2959 men-

464 2996 572 3038 tem
605 2997 901 3055 vertemus,
933 3005 1055 3044 cum
1106 2991 1185 3044 sic
1237 2992 1291 3045 in
1327 2992 1601 3045 diversum
1659 2995 2032 3052 scinduntur?

2137 2915 2503 2983 καταλέγεται
2559 2918 2639 2978 εἰς
2673 2916 2982 2984 ἐξάγιστον,
3024 2916 3101 2979 ώς
3137 2916 3297 2986 εἴπερ
3343 2917 3478 2984 ὄναρ
3521 2915 3718 2969 έσκιάο

2137 3004 2284 3068 ζετο.
2349 3006 2490 3076 ῐῐρὺς
2544 3006 2722 3069 ποίοις
2753 3005 2884 3074 γοῦν
2913 3007 3006 3060 τὸν
3061 3006 3191 3060 νοῦν
3232 3008 3430 3077 ἕξομεν
3469 3008 3713 3076 δόγμασι

461 3076 592 3130 Volo
643 3080 870 3150 diligere
927 3081 1222 3137 laudatos:
1283 3084 1597 3153 priusquam
1630 3085 1684 3140 in
1736 3099 1915 3146 incute
1946 3107 2030 3148 re-

2139 3097 2234 3149 καὶ
2291 3097 2616 3167 θελήμασιν,
2674 3099 2724 3152 εἰ
2761 3098 2904 3151 οὑτω
2968 3098 3107 3168 πρὸς
3173 3097 3536 3165 ἐναντιότητα
3595 3096 3719 3167 σχι-

455 3183 745 3241 ponantur,
773 3177 1138 3247 expelluntur.
2134 3188 2364 3254 ζονταις
2435 3189 2633 3243 Ἐθέλω
2721 3191 2974 3259 στέργειν
3052 3191 3181 3251 τοὺς
3255 3189 3714 3257 ἐπαινουμένους

2136 3284 2232 3336 καὶ
2263 3280 2434 3353 πρινὴ
2473 3283 2762 3351 ιγκαθίσαι
2797 3282 2998 3346 αὑτοὺς
3043 3285 3100 3346 ές
3133 3281 3333 3353 ψυχὴν,
3376 3281 3718 3336 ἀπανίσταν-

2132 3390 2246 3428 ται.

526 3439 617 3497 ιε.
660 3443 752 3500 Sic
799 3447 852 3500 in
893 3448 1012 3504 aliis
1044 3451 1238 3506 eli‘ecta
1281 3455 1581 3509 mutatione
1617 3471 1881 3529 gyroque,
1924 3461 2030 3516 boc

2210 3471 2321 3534 μην.
2379 3466 2492 3518 Καὶ
2523 3466 2734 3537 τροπῆς
2757 3465 2901 3520 οὑτω
2938 3466 3034 3520 καὶ
3068 3467 3311 3538 στροφῆς
3346 3463 3712 3536 πλημμελου-

454 3548 553 3600 ego
588 3538 821 3604 experiri
847 3554 1065 3608 arguor,
1093 3552 1146 3596 et
1171 3545 1237 3598 de
1264 3547 1404 3599 man
1434 3556 1724 3616 gravatus,
1753 3549 2031 3609 mali-me-

2139 3557 2305 3626 μένης
2363 3558 2419 3609 ὲν
2447 3557 2649 3624 ἄλλοις,
2681 3557 2793 3626 έγὼ
2849 3559 3010 3612 τοῦτο
3058 3561 3293 3629 πάσχειν
3323 3559 3712 3630 διαϐάλλομαι,

458 3625 682 3682 iuiuisse
723 3630 1047 3696 tualedicor;
1087 3643 1143 3687 et
1180 3636 1362 3705 aliquo
1397 3644 1556 3693 modo
1575 3639 1734 3696 s'icuti
1781 3643 1906 3697 luna
1945 3646 2029 3700 vi-

2139 3652 2224 3702 καὶ
2257 3649 2621 3719 βαρυνόμενος
2671 3651 2763 3702 ἐπὶ
2782 3650 2859 3719 τῷ
2890 3649 3065 3721 κακῷ,
3113 3652 3474 3721 μνησικακεῖν
3537 3668 3712 3704 κακο-

453 3719 620 3784 deor,
671 3737 856 3790 quam,
891 3737 955 3777 ex
1006 3725 1211 3790 fabula,
1259 3737 1432 3782 mater
1487 3731 1821 3803 increpabat,
1861 3737 2026 3804 quod,

2139 3744 2422 3814 λογοῖψαι,
2460 3744 2555 3796 καί
2592 3762 2696 3797 που
2726 3745 2904 3798 καὶτὸ
2935 3719 3035 3814 τῆς
3071 3719 3305 3816 σελήνης
3339 3745 3713 3815 φαντάζομαι,

455 3812 650 3864 stolam
683 3813 962 3883 eleganter
995 3824 1195 3871 textam
1225 3834 1494 3888 quaerens,
1525 3825 1628 3876 sub
1676 3835 1777 3877 una
1820 3829 2030 3896 magni-

2139 3836 2198 3906 ἢν
2238 3837 2271 3900 ἡ
2306 3812 2512 3908 μυθικὴ
2547 3837 2733 3908 μήτηρ
2771 3812 3072 3907 μέμφεται,
3106 3812 3197 3891 ὅτι⁷
3235 3812 3555 3906 εὐπάρυφον
3588 3812 3711 3906 ’ζη-

456 3902 648 3956 tudine
695 3919 799 3957 non
839 3917 1080 3961 maneret
1115 3909 1180 3960 ad
1233 3909 1285 3962 id
1339 3914 1482 3980 quod
1520 3913 1736 3967 volebat
1771 3913 2025 3970 obtinen-

2139 3902 2318 3978 τοὺσα-
2340 3902 2560 3994 στολὴ-ν,
2747 3902 2860 3997 ἔχει
2899 3902 3000 3994 νὲφ’
3034 3902 3152 3991 ἑνὸς
3191 3902 3709 3998 μεγέθους-μένειν,

455 3996 604 4060 dum,
641 3999 734 4051 scd
760 3999 1035 4067 paulisper
1075 4001 1255 4068 plena,
1288 4003 1498 4074 reliquo
1523 4015 1766 4075 tempore
1802 4009 1855 4062 in
1885 4008 2030 4063 intle-

2139 4015 2219 4070 ἵνα
2253 4017 2346 4068 καὶ
2374 4015 2537 4089 τύχῃ,
2577 4011 2637 4069 οὑ
2669 3996 2834 4084 θέλει,
2875 4015 3012 4070 ἀλλά
3067 3996 3240 4087 βραχὺ
3273 4034 3327 4069 τι
3395 3996 3708 4087 πλήθουσα,

455 4087 662 4141 finitam
737 4091 1003 4147 claritatis
1056 4093 1484 4163 magnitudinem
1573 4108 2023 4154 commutaretur.

2139 4108 2197 4160 τὺ
2231 4106 2420 4160 λοιπὸν
2449 4087 2544 4160 τοῦ
2577 4107 2698 4160 κατ’
2756 4106 2930 4174 αὑτὴν
2973 4107 3168 4177 χρόνου
3201 4106 3594 4171 ἐξαλλάσσεται
3627 4110 3711 4169 εἰς

456 4177 587 4231 Dico
626 4193 754 4232 vero
811 4180 994 4236 forsan
1044 4199 1261 4253 quoque
1317 4187 1496 4241 meis:
1534 4187 1588 4241 in
1623 4205 1787 4243 unum
1823 4191 2026 4260 aliquid

2139 4198 2483 4270 ἀπερίληπτα
2521 4197 2726 4269 μεγέθη
2761 4197 3065 4268 φωτισμοῦ.
3122 4199 3231 4251 Καί
3289 4191 3390 4251 πού
3420 4215 3562 4268 φημι
3609 4199 3710 4253 καὶ

455 4272 734 4326 definitum
791 4277 1113 4344 consistite;
1168 4293 1262 4333 vos
1314 4281 1458 4348 ipsos
1492 4281 1545 4334 in
1589 4298 1752 4336 unum
1792 4284 2026 4341 indivise

2139 4292 2295 4353 αὐτὸς
2330 4294 2442 4353 τοῖς
2475 4293 2652 4361 ἐμοῖς,
2684 4292 2759 4355 ώς
2825 4291 3247 4361 άιιοκατάστητε
3287 4281 3478 4355 εἰς’ἓν
3515 4308 3570 4344 τι
3612 4293 3709 4346 τέο

456 4373 620 4431 atque
677 4366 1095 4423 inimutabiliter
1151 4367 1485 4435 terminate,’
1528 4383 1581 4425 ct
1629 4375 1707 4427 sic
1755 4375 1956 4442 aliquid
1992 4395 2018 4432 a

2139 4379 2315 4434 ἰειον-
2366 4382 2588 4451 ὁρίσαι-ε
2635 4382 2780 4448 ὑμᾶς
2832 4383 3030 4444 αὑτοὺς
3069 4383 3150 4444 εἰς
3205 4380 3264 4435 ἓν
3301 4381 3537 4450 ἀσχιδῶς
3605 4383 3706 4435 καὶ

458 4458 616 4512 nobis
656 4460 881 4526 quaerite
905 4461 1206 4517 definitum.
1237 4463 1417 4520 Donec
1449 4475 1629 4520 autem
1665 4481 1761 4521 vos
1791 4470 2024 4524 mutabi-

2139 4471 2548 4540 ἂμετακινήτως
2567 4487 2581 4502 ο
2613 4471 2708 4522 καὶ
2739 4469 2881 4523 οὑτω
2909 4471 3006 4524 καὶ
3036 4472 3184 4540 ἡμᾶς
3217 4473 3499 4525 ἀπαιτεῖτε
3561 4473 3706 4542 πρός

458 4547 537 4602 les
568 4551 966 4618 contorquctis,
1001 4563 1053 4608 et
1076 4554 1143 4608 ad
1167 4570 1379 4609 omnem
1418 4567 1634 4611 ventum
1675 4559 1948 4614 vcrtimini
1973 4571 2027 4615 et

2139 4577 2181 4613 rt
2214 4561 2548 4632 ὡρισμένον.
2610 4562 2754 4623 Ἕως
2789 4561 2843 4615 δὲ
2904 4562 3063 4632 ὑμεῖς
3115 4563 3372 4633 εὑρίπους
3433 4564 3702 4628 ἑλίσσετε,

455 4645 864 4711 convertimini,
896 4647 1057 4702 sinite
1089 4663 1188 4702 nos
1221 4650 1522 4717 quiescere,
1560 4654 1794 4721 gravari,
1831 4669 2028 4708 memo-

458 4734 708 4805 riamque
743 4738 866 4792 mali
920 4741 1064 4806 quod
1104 4739 1373 4806 videmus,
1415 4740 1649 4806 habere,
1691 4744 2023 4810 contristari,

455 4823 795 4894 retinereque
860 4826 1232 4883 affabilitatem
1266 4844 1280 4882 :
1313 4846 1435 4883 nam
1472 4831 1586 4900 ipsa
1614 4831 1828 4898 fiducia,
1880 4838 2023 4905 quod

453 4929 719 4980 amemur,
753 4919 1040 4985 quamdam
1073 4920 1234 4974 liabet
1265 4924 1707 4979 rescrvationem.

525 5089 615 5143 49.
658 5089 956 5160 Confiteor,
1042 5097 1240 5152 fratres
1298 5099 1376 5168 (ct
1423 5102 1630 5156 utinam
1686 5105 1821 5169 veri,
1882 5111 2024 5171 quod

454 5182 672 5238 diliicile
703 5187 838 5254 est),
874 5188 941 5241 ad
972 5187 1271 5258 simplicem
1315 5207 1601 5247 occursum
1643 5197 1839 5250 tetrico
1871 5198 2019 5250 vultu

458 5291 543 5331 me
594 5276 856 5332 confiteor
897 5281 1113 5347 intueri,
1159 5297 1279 5335 cum
1328 5283 1467 5337 l'orte
1524 5285 1719 5338 belluis
1769 5301 2019 5350 occurro,

452 5369 657 5423 veritus
686 5383 754 5423 ne
795 5386 881 5426 me
916 5373 1322 5441 aggrediantur.
1353 5375 1596 5429 Cunctor
1631 5378 1794 5430 etiam
1829 5377 1976 5447 loqui
2005 5420 2019 5443 ,

457 5472 524 5511 ne
559 5458 891 5517 dormientes
931 5464 1182 5520 inimicos
1225 5467 1690 5535 expcrgefaciam.
1735 5467 1804 5523 Ut
1848 5479 2017 5524 totum

453 5549 698 5615 eloquar,
742 5567 844 5606 non
895 5569 1014 5607 sum
1063 5555 1201 5609 idem
1249 5571 1312 5610 ac
1362 5557 1475 5609 beri
1529 5559 1666 5610 mala
1713 5562 2025 5615 machinan-

459 5639 624 5705 tibns,
655 5643 771 5696 sive
798 5643 1093 5714 loquimur,
1145 5648 1259 5702 sive
1307 5649 1554 5704 silemus.
1606 5649 1842 5709 Mutatus
1874 5670 2017 5723 smn,

2130 4653 2224 4706 καὶ
2274 4653 2410 4722 πρὸς
2447 4653 2680 4705 ἕκαστον
2713 4653 2915 4722 ἄνεμον
2946 4654 3241 4723 στρέφεσθε
3271 4659 3370 4709 καὶ
3419 4655 3706 4724 ἀντιστρέ-

2130 4741 2319 4810 φεσθε,
2350 4743 2538 4809 ἀφίετε
2575 4743 2867 4812 ἡσυχάζειν
2895 4744 3064 4813 ἡμᾶς,
3091 4746 3184 4797 καὶ
3217 4744 3573 4816 βαρύνεσθαι,
3605 4749 3708 4799 καὶ

2135 4836 2360 4905 μνήμην
2389 4834 2560 4906 ἔχειν,
2615 4834 2676 4888 οὑ
2714 4837 2986 4908 βλέπομεν
3037 4837 3233 4902 κακοῦ,
3261 4837 3354 4890 καὶ
3384 4837 3702 4901 λυπεῖσθαι,

2133 4929 2230 4980 καὶ
2261 4928 2477 4997 ἐπέχειν
2498 4930 2559 4979 τ’)
2595 4929 3008 4999 εὐπροσήγορον
3030 4944 3044 4958 ⁶
3081 4929 3205 4980 ἐπεὶ
3234 4929 3329 4982 καὶ
3355 4931 3412 4980 τὶ
3449 4928 3699 4999 θαρρεῖν,

2133 5019 2208 5080 ὡς
2249 5017 2616 5088 ἁγαπώμεθα,
2643 5021 2846 5088 ἐποχήν
2877 5003 3161 5087 τιναθέχει.

2202 5109 2310 5180 μθ’.
2351 5110 2888 5181 Ὀμολογῶ,ἀδελφοὶ
2923 5110 3059 5178 (εἴθε
3086 5110 3144 5162 δὲ
3185 5111 3280 5163 καὶ
3309 5111 3545 5180 γνήσιοι,
3576 5109 3705 5162 δυσ-

2128 5203 2302 5265 κόλως
2329 5201 2489 5273 ἔχει),
2523 5203 2602 5266 εἰς
2634 5204 2884 5273 ἐντυχίαν
2924 5203 3024 5272 τὴν
3052 5202 3239 5265 ἁπλῶς
3265 5202 3705 5270 ὲξομολογοῦμαι

2131 5294 2433 5364 σκυθρωπὰ
2477 5293 2721 5363 βλέπειν,
2751 5298 2841 5346 ὅτε
2891 5312 2994 5347 που
3025 5293 3235 5362 θηρίοις
3264 5293 3490 5363 ἐντύχω,
3530 5293 3704 5346 δεδοι-

2130 5383 2261 5450 κὼς,
2319 5385 2394 5454 μή
2438 5401 2569 5437 ποτε
2626 5383 2750 5437 κατ’
2806 5385 2941 5454 ἐμοῦ
2985 5385 3325 5454 πηδήσωσιν.
3376 5383 3548 5438 Ὀκνῶ
3607 5385 3707 5437 καὶ

2131 5477 2301 5546 αὐτὴν
2353 5477 2565 5540 λαλιὰν,
2621 5477 2696 5547 μὴ
2729 5479 2825 5529 καὶ
2857 5478 3144 5544 ἁφυπνίσω
3169 5476 3395 5546 ἐχθροὺς
3424 5475 3702 5539 εὕδοντας.

2133 5569 2308 5628 Ὄλως
2340 5567 2394 5619 δὲ
2425 5569 2621 5629 εἰπεῖν,
2649 5568 2750 5619 οὑκ
2777 5568 2893 5636 εἰμὶ
2919 5569 3125 5630 ἐκεῖνος
3151 5570 3180 5618 ὁ
3205 5567 3400 5636 πρώην
3416 5570 3529 5628 τοῖς
3557 5569 3708 5621 κακά

2133 5659 2574 5727 μηχανωμένοις,
2607 5658 2718 5710 εῐτε
2744 5657 3041 5727 λαλοῦμεν,
3073 5657 3185 5710 εἴτε
3215 5658 3477 5726 σιγῶμεν.
3514 5658 3707 5727 Ἐξηλ-

457 5743 562 5781 nou
624 5732 838 5800 quidem
903 5737 1178 5804 omnibus,
1237 5737 1558 5808 quibusdam
1626 5742 1840 5809 saltem,
1907 5747 2018 5800 sive

2139 5751 2358 5816 ιαγμαι,
2399 5751 2532 5801 πᾶσι
2563 5749 2661 5820 μὲν
2707 5748 2925 5816 οὑκουν,
2957 5751 3068 5814 τοῖς
3097 5748 3152 5803 δέ
3187 5767 3272 5819 γε,
3303 5751 3410 5804 εἴτε
3440 5749 3706 5819 φίλοφρο-
