  <div class='ocr_page' id='page_1' title='image "/cluster/home/n/w/nwhite01/storage/ocr_20150623/136/hvd.32044054100201/232.png"; bbox 0 0 4034 6206; ppageno 0'>
   <div class='ocr_carea' id='block_1_1' title="bbox 260 236 374 297">
    <p class='ocr_par' dir='ltr' id='par_1_1' title="bbox 260 236 374 297">
     <span class='ocr_line' id='line_1_1' title="bbox 260 236 374 297; baseline -0.009 0"><span class='ocrx_word' id='word_1_1' title='bbox 260 236 374 297; x_wconf 69' lang='grc'><strong>443</strong></span> 
     </span>
    </p>
   </div>
   <div class='ocr_carea' id='block_1_2' title="bbox 1226 224 2575 338">
    <p class='ocr_par' dir='ltr' id='par_1_2' title="bbox 1226 224 2575 338">
     <span class='ocr_line' id='line_1_2' title="bbox 1226 224 2575 338; baseline 0.021 -28"><span class='ocrx_word' id='word_1_2' title='bbox 1226 224 1566 316; x_wconf 63' lang='lat' dir='ltr'><strong>CONTRA</strong></span> <span class='ocrx_word' id='word_1_3' title='bbox 1607 258 2111 328; x_wconf 69' lang='lat' dir='ltr'><strong>lNJUliIARUM</strong></span> <span class='ocrx_word' id='word_1_4' title='bbox 2151 252 2575 338; x_wconf 68' lang='lat' dir='ltr'><strong>MEMORIA’M</strong></span> 
     </span>
    </p>
   </div>
   <div class='ocr_carea' id='block_1_3' title="bbox 3411 287 3522 351">
    <p class='ocr_par' dir='ltr' id='par_1_3' title="bbox 3411 287 3522 351">
     <span class='ocr_line' id='line_1_3' title="bbox 3411 287 3522 351; baseline -0.009 0"><span class='ocrx_word' id='word_1_5' title='bbox 3411 287 3522 351; x_wconf 69' lang='lat'><strong>450</strong></span> 
     </span>
    </p>
   </div>
   <div class='ocr_carea' id='block_1_4' title="bbox 252 346 1834 465">
    <p class='ocr_par' dir='ltr' id='par_1_4' title="bbox 252 346 1834 465">
     <span class='ocr_line' id='line_1_4' title="bbox 252 346 1834 440; baseline 0.015 -40"><span class='ocrx_word' id='word_1_6' title='bbox 252 346 523 419; x_wconf 77' lang='grc' dir='ltr'>νούμεθα,</span> <span class='ocrx_word' id='word_1_7' title='bbox 560 349 670 403; x_wconf 80' lang='grc' dir='ltr'>είτε</span> <span class='ocrx_word' id='word_1_8' title='bbox 700 353 1198 426; x_wconf 83' lang='grc' dir='ltr'>χρηστολογοῦμεν.</span> <span class='ocrx_word' id='word_1_9' title='bbox 1238 360 1349 414; x_wconf 76' lang='grc' dir='ltr'>εἴτε</span> <span class='ocrx_word' id='word_1_10' title='bbox 1382 365 1834 440; x_wconf 83' lang='grc' dir='ltr'>συμπράττομεν.</span> 
     </span>
     <span class='ocr_line' id='line_1_5' title="bbox 252 438 1794 465; baseline 0 0"><span class='ocrx_word' id='word_1_11' title='bbox 252 438 367 465; x_wconf 60' lang='grc' dir='ltr'><strong>Α.-</strong></span> <span class='ocrx_word' id='word_1_12' title='bbox 397 442 811 465; x_wconf 69' lang='grc' dir='ltr'><strong>-..-.-..-...ι---Δ..</strong></span> <span class='ocrx_word' id='word_1_13' title='bbox 856 447 955 465; x_wconf 46' lang='grc' dir='ltr'><strong>-.η</strong></span> <span class='ocrx_word' id='word_1_14' title='bbox 1071 449 1147 465; x_wconf 60' lang='grc' dir='ltr'><strong>..ς</strong></span> <span class='ocrx_word' id='word_1_15' title='bbox 1337 454 1365 465; x_wconf 87' lang='grc'><strong><em>-</em></strong></span> <span class='ocrx_word' id='word_1_16' title='bbox 1512 459 1525 465; x_wconf 94' lang='grc'><strong>-</strong></span> <span class='ocrx_word' id='word_1_17' title='bbox 1783 462 1794 465; x_wconf 86' lang='lat'>_</span> 
     </span>
    </p>
   </div>
   <div class='ocr_carea' id='block_1_5' title="bbox 1941 346 3523 465">
    <p class='ocr_par' dir='ltr' id='par_1_5' title="bbox 1943 374 3523 465">
     <span class='ocr_line' id='line_1_6' title="bbox 1943 374 3523 465; baseline 0.017 -40"><span class='ocrx_word' id='word_1_18' title='bbox 1943 374 2173 431; x_wconf 89' lang='lat' dir='ltr'><strong>comiter</strong></span> <span class='ocrx_word' id='word_1_19' title='bbox 2213 382 2448 449; x_wconf 80' lang='lat' dir='ltr'><strong>agimus.</strong></span> <span class='ocrx_word' id='word_1_20' title='bbox 2483 386 2600 441; x_wconf 88' lang='lat' dir='ltr'><strong>sive</strong></span> <span class='ocrx_word' id='word_1_21' title='bbox 2630 387 2766 444; x_wconf 88' lang='lat' dir='ltr'><strong>bona</strong></span> <span class='ocrx_word' id='word_1_22' title='bbox 2802 390 3108 460; x_wconf 83' lang='lat' dir='ltr'><strong>loquimur,</strong></span> <span class='ocrx_word' id='word_1_23' title='bbox 3137 393 3254 450; x_wconf 77' lang='lat' dir='ltr'><strong>sive</strong></span> <span class='ocrx_word' id='word_1_24' title='bbox 3294 395 3523 465; x_wconf 85' lang='lat' dir='ltr'><strong>opitula-</strong></span> 
     </span>
    </p>
   </div>
   <div class='ocr_carea' id='block_1_6' title="bbox 250 438 1841 531">
    <p class='ocr_par' dir='ltr' id='par_1_6' title="bbox 250 438 1841 531">
     <span class='ocr_line' id='line_1_7' title="bbox 250 438 1841 531; baseline 0.014 -37"><span class='ocrx_word' id='word_1_25' title='bbox 250 438 367 494; x_wconf 68' lang='grc' dir='ltr'>εἴτε</span> <span class='ocrx_word' id='word_1_26' title='bbox 394 442 838 514; x_wconf 77' lang='grc' dir='ltr'>συνεφεπὸμεθα,</span> <span class='ocrx_word' id='word_1_27' title='bbox 850 447 960 499; x_wconf 84' lang='grc' dir='ltr'>είτε</span> <span class='ocrx_word' id='word_1_28' title='bbox 985 465 1039 502; x_wconf 90' lang='grc' dir='ltr'><strong>τι</strong></span> <span class='ocrx_word' id='word_1_29' title='bbox 1062 449 1191 504; x_wconf 74' lang='grc' dir='ltr'>ἄλλο</span> <span class='ocrx_word' id='word_1_30' title='bbox 1214 454 1476 526; x_wconf 78' lang='grc' dir='ltr'>ποιοῦμεν</span> <span class='ocrx_word' id='word_1_31' title='bbox 1501 438 1841 531; x_wconf 71' lang='grc' dir='ltr'>ἀγαπητικὸν</span> 
     </span>
    </p>
   </div>
   <div class='ocr_carea' id='block_1_7' title="bbox 251 532 1841 626">
    <p class='ocr_par' dir='ltr' id='par_1_7' title="bbox 251 532 1841 626">
     <span class='ocr_line' id='line_1_8' title="bbox 251 532 1841 626; baseline 0.014 -41"><span class='ocrx_word' id='word_1_32' title='bbox 251 532 352 587; x_wconf 68' lang='grc' dir='ltr'>καὶ</span> <span class='ocrx_word' id='word_1_33' title='bbox 372 532 636 626; x_wconf 72' lang='grc' dir='ltr'>ἐμμελὲς,</span> <span class='ocrx_word' id='word_1_34' title='bbox 653 536 857 626; x_wconf 85' lang='grc' dir='ltr'>διατιθε</span> <span class='ocrx_word' id='word_1_35' title='bbox 866 539 1047 609; x_wconf 83' lang='grc' dir='ltr'>μένοις</span> <span class='ocrx_word' id='word_1_36' title='bbox 1065 539 1322 613; x_wconf 79' lang='grc' dir='ltr'>ἔμπαλιν,</span> <span class='ocrx_word' id='word_1_37' title='bbox 1341 546 1490 602; x_wconf 86' lang='grc' dir='ltr'>ὥσπε</span> <span class='ocrx_word' id='word_1_38' title='bbox 1499 566 1530 620; x_wconf 90' lang='grc' dir='ltr'><strong>ρ</strong></span> <span class='ocrx_word' id='word_1_39' title='bbox 1549 549 1607 615; x_wconf 80' lang='grc' dir='ltr'>ἐξ</span> <span class='ocrx_word' id='word_1_40' title='bbox 1624 552 1841 626; x_wconf 84' lang='grc' dir='ltr'>ἐπιτεχ-</span> 
     </span>
    </p>
   </div>
   <div class='ocr_carea' id='block_1_8' title="bbox 249 623 1847 714">
    <p class='ocr_par' dir='ltr' id='par_1_8' title="bbox 249 623 1847 714">
     <span class='ocr_line' id='line_1_9' title="bbox 249 623 1847 714; baseline 0.015 -40"><span class='ocrx_word' id='word_1_41' title='bbox 249 623 489 692; x_wconf 77' lang='grc' dir='ltr'>νήσεως.</span> <span class='ocrx_word' id='word_1_42' title='bbox 523 625 699 680; x_wconf 84' lang='grc' dir='ltr'>Ὀκνῶ</span> <span class='ocrx_word' id='word_1_43' title='bbox 720 627 820 691; x_wconf 80' lang='grc' dir='ltr'>τὰς</span> <span class='ocrx_word' id='word_1_44' title='bbox 846 632 1150 699; x_wconf 75' lang='grc' dir='ltr'>καρδιακὰς</span> <span class='ocrx_word' id='word_1_45' title='bbox 1172 636 1345 700; x_wconf 81' lang='grc' dir='ltr'>πύλας</span> <span class='ocrx_word' id='word_1_46' title='bbox 1368 638 1494 704; x_wconf 84' lang='grc' dir='ltr'>ὅλας</span> <span class='ocrx_word' id='word_1_47' title='bbox 1518 623 1847 714; x_wconf 74' lang='grc' dir='ltr'>ἐξανοίγειν,</span> 
     </span>
    </p>
   </div>
   <div class='ocr_carea' id='block_1_9' title="bbox 248 714 1840 823">
    <p class='ocr_par' dir='ltr' id='par_1_9' title="bbox 248 714 1840 823">
     <span class='ocr_line' id='line_1_10' title="bbox 248 714 1840 823; baseline 0.014 -55"><span class='ocrx_word' id='word_1_48' title='bbox 248 714 657 787; x_wconf 71' lang='grc' dir='ltr'>εὐλαϐούμενος</span> <span class='ocrx_word' id='word_1_49' title='bbox 688 719 863 791; x_wconf 86' lang='grc' dir='ltr'>λόχον.</span> <span class='ocrx_word' id='word_1_50' title='bbox 884 724 1141 795; x_wconf 76' lang='grc' dir='ltr'>Φείδομαι</span> <span class='ocrx_word' id='word_1_51' title='bbox 1165 728 1262 797; x_wconf 85' lang='grc' dir='ltr'><strong>τῆς</strong></span> <span class='ocrx_word' id='word_1_52' title='bbox 1285 730 1587 823; x_wconf 56' lang='grc' dir='ltr'>ἁπλότητος</span> <span class='ocrx_word' id='word_1_53' title='bbox 1607 736 1695 789; x_wconf 77' lang='grc' dir='ltr'>διὰ</span> <span class='ocrx_word' id='word_1_54' title='bbox 1715 738 1840 801; x_wconf 81' lang='grc' dir='ltr'>τοὺς</span> 
     </span>
    </p>
   </div>
   <div class='ocr_carea' id='block_1_10' title="bbox 253 809 1840 891">
    <p class='ocr_par' dir='ltr' id='par_1_10' title="bbox 253 809 1840 891">
     <span class='ocr_line' id='line_1_11' title="bbox 253 809 1840 891; baseline 0.014 -31"><span class='ocrx_word' id='word_1_55' title='bbox 253 809 533 874; x_wconf 83' lang='grc' dir='ltr'>ἐλικτούς.</span> <span class='ocrx_word' id='word_1_56' title='bbox 564 812 640 864; x_wconf 83' lang='grc' dir='ltr'><strong>Οὐ</strong></span> <span class='ocrx_word' id='word_1_57' title='bbox 674 812 864 884; x_wconf 53' lang='lat' dir='ltr'><strong>saepe</strong></span> <span class='ocrx_word' id='word_1_58' title='bbox 894 817 1138 886; x_wconf 83' lang='grc' dir='ltr'><strong>γυμνοῦν</strong></span> <span class='ocrx_word' id='word_1_59' title='bbox 1167 820 1227 873; x_wconf 72' lang='grc' dir='ltr'>τὸ</span> <span class='ocrx_word' id='word_1_60' title='bbox 1260 809 1555 891; x_wconf 68' lang='grc' dir='ltr'>πρόσωτῖον</span> <span class='ocrx_word' id='word_1_61' title='bbox 1595 825 1683 880; x_wconf 88' lang='grc' dir='ltr'><strong>διά</strong></span> <span class='ocrx_word' id='word_1_62' title='bbox 1715 845 1840 883; x_wconf 91' lang='grc' dir='ltr'>τινα</span> 
     </span>
    </p>
   </div>
   <div class='ocr_carea' id='block_1_11' title="bbox 255 900 1835 986">
    <p class='ocr_par' dir='ltr' id='par_1_11' title="bbox 255 900 1835 986">
     <span class='ocr_line' id='line_1_12' title="bbox 255 900 1835 986; baseline 0.013 -34"><span class='ocrx_word' id='word_1_63' title='bbox 255 900 291 969; x_wconf 78' lang='grc' dir='ltr'>ἢ</span> <span class='ocrx_word' id='word_1_64' title='bbox 326 900 520 970; x_wconf 79' lang='grc' dir='ltr'>σφῆκα</span> <span class='ocrx_word' id='word_1_65' title='bbox 552 902 586 972; x_wconf 73' lang='grc' dir='ltr'>ἦ</span> <span class='ocrx_word' id='word_1_66' title='bbox 619 902 847 974; x_wconf 85' lang='grc' dir='ltr'>θρήνην,</span> <span class='ocrx_word' id='word_1_67' title='bbox 886 906 964 977; x_wconf 80' lang='grc'><strong>(1)</strong></span> <span class='ocrx_word' id='word_1_68' title='bbox 998 907 1111 962; x_wconf 76' lang='grc' dir='ltr'>εἴτε</span> <span class='ocrx_word' id='word_1_69' title='bbox 1165 913 1263 964; x_wconf 79' lang='grc' dir='ltr'>καὶ</span> <span class='ocrx_word' id='word_1_70' title='bbox 1325 913 1498 985; x_wconf 81' lang='grc' dir='ltr'>αὐτὴν</span> <span class='ocrx_word' id='word_1_71' title='bbox 1551 916 1835 986; x_wconf 83' lang='grc' dir='ltr'>μέλισσαν,</span> 
     </span>
    </p>
   </div>
   <div class='ocr_carea' id='block_1_12' title="bbox 256 992 1839 1076">
    <p class='ocr_par' dir='ltr' id='par_1_12' title="bbox 256 992 1839 1076">
     <span class='ocr_line' id='line_1_13' title="bbox 256 992 1839 1076; baseline 0.014 -34"><span class='ocrx_word' id='word_1_72' title='bbox 256 992 359 1063; x_wconf 76' lang='grc' dir='ltr'><strong>τὴν</strong></span> <span class='ocrx_word' id='word_1_73' title='bbox 392 993 572 1055; x_wconf 77' lang='grc' dir='ltr'>ἄλλως</span> <span class='ocrx_word' id='word_1_74' title='bbox 602 995 701 1064; x_wconf 77' lang='grc' dir='ltr'>μὲν</span> <span class='ocrx_word' id='word_1_75' title='bbox 728 995 1009 1066; x_wconf 85' lang='grc' dir='ltr'>γλυκεῖαν,</span> <span class='ocrx_word' id='word_1_76' title='bbox 1040 999 1117 1070; x_wconf 88' lang='grc' dir='ltr'><strong>τῷ</strong></span> <span class='ocrx_word' id='word_1_77' title='bbox 1151 1002 1209 1055; x_wconf 78' lang='grc' dir='ltr'><strong>δέ</strong></span> <span class='ocrx_word' id='word_1_78' title='bbox 1267 1005 1478 1074; x_wconf 79' lang='grc' dir='ltr'><strong>κέντρῳ</strong></span> <span class='ocrx_word' id='word_1_79' title='bbox 1518 1009 1839 1076; x_wconf 84' lang='grc' dir='ltr'>πικραίνου-</span> 
     </span>
    </p>
   </div>
   <div class='ocr_carea' id='block_1_13' title="bbox 258 1084 1837 1170">
    <p class='ocr_par' dir='ltr' id='par_1_13' title="bbox 258 1084 1837 1170">
     <span class='ocr_line' id='line_1_14' title="bbox 258 1084 1837 1170; baseline 0.014 -35"><span class='ocrx_word' id='word_1_80' title='bbox 258 1100 381 1139; x_wconf 85' lang='grc' dir='ltr'>σαν.</span> <span class='ocrx_word' id='word_1_81' title='bbox 416 1084 703 1140; x_wconf 54' lang='lat' dir='ltr'><strong>sumi)...»</strong></span> <span class='ocrx_word' id='word_1_82' title='bbox 731 1088 830 1149; x_wconf 79' lang='grc' dir='ltr'>τὰς</span> <span class='ocrx_word' id='word_1_83' title='bbox 863 1093 1075 1160; x_wconf 84' lang='grc' dir='ltr'>χεῖρας,</span> <span class='ocrx_word' id='word_1_84' title='bbox 1112 1093 1162 1146; x_wconf 87' lang='grc' dir='ltr'><strong>εί</strong></span> <span class='ocrx_word' id='word_1_85' title='bbox 1208 1093 1549 1166; x_wconf 81' lang='grc' dir='ltr'>δεξιούμεναι</span> <span class='ocrx_word' id='word_1_86' title='bbox 1572 1100 1837 1170; x_wconf 82' lang='grc' dir='ltr'>δρύπτον·</span> 
     </span>
    </p>
   </div>
   <div class='ocr_carea' id='block_1_14' title="bbox 258 1177 1832 1264">
    <p class='ocr_par' dir='ltr' id='par_1_14' title="bbox 258 1177 1832 1264">
     <span class='ocr_line' id='line_1_15' title="bbox 258 1177 1832 1264; baseline 0.013 -37"><span class='ocrx_word' id='word_1_87' title='bbox 258 1192 371 1229; x_wconf 86' lang='grc' dir='ltr'>ται.</span> <span class='ocrx_word' id='word_1_88' title='bbox 409 1177 681 1247; x_wconf 84' lang='grc' dir='ltr'>Παρέλκω</span> <span class='ocrx_word' id='word_1_89' title='bbox 705 1183 800 1233; x_wconf 74' lang='grc' dir='ltr'><strong>καὶ</strong></span> <span class='ocrx_word' id='word_1_90' title='bbox 823 1180 884 1234; x_wconf 78' lang='grc' dir='ltr'>τὸ</span> <span class='ocrx_word' id='word_1_91' title='bbox 914 1183 1142 1251; x_wconf 82' lang='grc' dir='ltr'>μέλιδιά</span> <span class='ocrx_word' id='word_1_92' title='bbox 1172 1187 1269 1251; x_wconf 83' lang='grc' dir='ltr'><strong>τὰς</strong></span> <span class='ocrx_word' id='word_1_93' title='bbox 1300 1189 1621 1256; x_wconf 75' lang='grc' dir='ltr'>ἐπιϐούλους</span> <span class='ocrx_word' id='word_1_94' title='bbox 1648 1194 1832 1264; x_wconf 86' lang='grc' dir='ltr'>μυίας.</span> 
     </span>
    </p>
   </div>
   <div class='ocr_carea' id='block_1_15' title="bbox 261 1266 1837 1356">
    <p class='ocr_par' dir='ltr' id='par_1_15' title="bbox 261 1266 1837 1356">
     <span class='ocr_line' id='line_1_16' title="bbox 261 1266 1837 1356; baseline 0.015 -38"><span class='ocrx_word' id='word_1_95' title='bbox 261 1266 337 1319; x_wconf 82' lang='grc' dir='ltr'>Οὐ</span> <span class='ocrx_word' id='word_1_96' title='bbox 367 1268 657 1338; x_wconf 76' lang='grc' dir='ltr'>προφαίνω</span> <span class='ocrx_word' id='word_1_97' title='bbox 686 1272 1002 1345; x_wconf 83' lang='grc' dir='ltr'>γλύκασμα,</span> <span class='ocrx_word' id='word_1_98' title='bbox 1032 1271 1114 1339; x_wconf 79' lang='grc' dir='ltr'>οἷς</span> <span class='ocrx_word' id='word_1_99' title='bbox 1143 1279 1176 1349; x_wconf 80' lang='grc' dir='ltr'><strong>ή</strong></span> <span class='ocrx_word' id='word_1_100' title='bbox 1201 1279 1471 1344; x_wconf 76' lang='grc' dir='ltr'><strong>ἀντίδοσις</strong></span> <span class='ocrx_word' id='word_1_101' title='bbox 1501 1286 1700 1356; x_wconf 86' lang='grc' dir='ltr'>πικρά.</span> <span class='ocrx_word' id='word_1_102' title='bbox 1728 1287 1837 1340; x_wconf 79' lang='grc' dir='ltr'><strong>Καὶ</strong></span> 
     </span>
    </p>
   </div>
   <div class='ocr_carea' id='block_1_16' title="bbox 260 1358 1836 1446">
    <p class='ocr_par' dir='ltr' id='par_1_16' title="bbox 260 1358 1836 1446">
     <span class='ocr_line' id='line_1_17' title="bbox 260 1358 1836 1446; baseline 0.012 -35"><span class='ocrx_word' id='word_1_103' title='bbox 260 1360 368 1426; x_wconf 69' lang='grc' dir='ltr'>ἔχει</span> <span class='ocrx_word' id='word_1_104' title='bbox 395 1362 491 1414; x_wconf 75' lang='grc' dir='ltr'>καὶ</span> <span class='ocrx_word' id='word_1_105' title='bbox 518 1362 708 1428; x_wconf 79' lang='grc' dir='ltr'>τοῦτο,</span> <span class='ocrx_word' id='word_1_106' title='bbox 745 1358 923 1434; x_wconf 71' lang='grc' dir='ltr'>οἶμαι,</span> <span class='ocrx_word' id='word_1_107' title='bbox 965 1366 1123 1434; x_wconf 87' lang='grc' dir='ltr'>λόγον</span> <span class='ocrx_word' id='word_1_108' title='bbox 1152 1370 1273 1422; x_wconf 86' lang='grc' dir='ltr'>τινά</span> <span class='ocrx_word' id='word_1_109' title='bbox 1301 1386 1316 1402; x_wconf 88' lang='grc'><strong>·</strong></span> <span class='ocrx_word' id='word_1_110' title='bbox 1353 1372 1475 1425; x_wconf 76' lang='grc' dir='ltr'>ἀντὶ</span> <span class='ocrx_word' id='word_1_111' title='bbox 1527 1375 1619 1428; x_wconf 83' lang='grc' dir='ltr'><strong>τοῦ</strong></span> <span class='ocrx_word' id='word_1_112' title='bbox 1661 1377 1836 1446; x_wconf 85' lang='grc' dir='ltr'>μάννα</span> 
     </span>
    </p>
   </div>
   <div class='ocr_carea' id='block_1_17' title="bbox 260 1448 1832 1539">
    <p class='ocr_par' dir='ltr' id='par_1_17' title="bbox 260 1448 1832 1539">
     <span class='ocr_line' id='line_1_18' title="bbox 260 1448 1832 1539; baseline 0.013 -36"><span class='ocrx_word' id='word_1_113' title='bbox 260 1452 394 1523; x_wconf 81' lang='grc' dir='ltr'><strong>χολὴ</strong></span> <span class='ocrx_word' id='word_1_114' title='bbox 431 1448 509 1523; x_wconf 75' lang='grc' dir='ltr'>τῷ</span> <span class='ocrx_word' id='word_1_115' title='bbox 547 1457 790 1526; x_wconf 76' lang='grc' dir='ltr'><strong>μεγίστῳ</strong></span> <span class='ocrx_word' id='word_1_116' title='bbox 820 1456 978 1527; x_wconf 84' lang='grc' dir='ltr'>ἡμῶν</span> <span class='ocrx_word' id='word_1_117' title='bbox 1008 1457 1243 1533; x_wconf 81' lang='grc' dir='ltr'>δεσπότῃ</span> <span class='ocrx_word' id='word_1_118' title='bbox 1273 1463 1529 1536; x_wconf 81' lang='grc' dir='ltr'>άλλαγμά</span> <span class='ocrx_word' id='word_1_119' title='bbox 1577 1483 1706 1522; x_wconf 89' lang='grc' dir='ltr'>ποτε</span> <span class='ocrx_word' id='word_1_120' title='bbox 1745 1465 1832 1539; x_wconf 77' lang='grc' dir='ltr'><strong>ἦν.</strong></span> 
     </span>
    </p>
   </div>
   <div class='ocr_carea' id='block_1_18' title="bbox 259 1543 1837 1633">
    <p class='ocr_par' dir='ltr' id='par_1_18' title="bbox 259 1543 1837 1633">
     <span class='ocr_line' id='line_1_19' title="bbox 259 1543 1837 1633; baseline 0.012 -37"><span class='ocrx_word' id='word_1_121' title='bbox 259 1543 470 1598; x_wconf 73' lang='grc' dir='ltr'>Εἴπατε</span> <span class='ocrx_word' id='word_1_122' title='bbox 490 1545 643 1612; x_wconf 82' lang='grc' dir='ltr'>γοῦν,</span> <span class='ocrx_word' id='word_1_123' title='bbox 662 1549 711 1600; x_wconf 82' lang='grc' dir='ltr'><strong>εί</strong></span> <span class='ocrx_word' id='word_1_124' title='bbox 736 1548 874 1617; x_wconf 85' lang='grc' dir='ltr'><strong>μετά</strong></span> <span class='ocrx_word' id='word_1_125' title='bbox 891 1547 989 1619; x_wconf 84' lang='grc' dir='ltr'>τὴν</span> <span class='ocrx_word' id='word_1_126' title='bbox 1005 1551 1261 1622; x_wconf 71' lang='grc' dir='ltr'>τοιαύτην</span> <span class='ocrx_word' id='word_1_127' title='bbox 1283 1555 1446 1626; x_wconf 80' lang='grc' dir='ltr'>χολὴν</span> <span class='ocrx_word' id='word_1_128' title='bbox 1475 1558 1720 1623; x_wconf 79' lang='grc' dir='ltr'>εἰσαῦθις</span> <span class='ocrx_word' id='word_1_129' title='bbox 1745 1562 1837 1633; x_wconf 77' lang='grc' dir='ltr'>ἐρ-</span> 
     </span>
    </p>
   </div>
   <div class='ocr_carea' id='block_1_19' title="bbox 255 1635 1836 1721">
    <p class='ocr_par' dir='ltr' id='par_1_19' title="bbox 255 1635 1836 1721">
     <span class='ocr_line' id='line_1_20' title="bbox 255 1635 1836 1721; baseline 0.012 -34"><span class='ocrx_word' id='word_1_130' title='bbox 255 1635 427 1705; x_wconf 49' lang='lat' dir='ltr'><strong>path;</strong></span> <span class='ocrx_word' id='word_1_131' title='bbox 467 1639 546 1706; x_wconf 75' lang='grc' dir='ltr'><strong>(Ξ)</strong></span> <span class='ocrx_word' id='word_1_132' title='bbox 581 1640 760 1708; x_wconf 82' lang='grc' dir='ltr'>μάννα</span> <span class='ocrx_word' id='word_1_133' title='bbox 791 1643 924 1709; x_wconf 86' lang='grc' dir='ltr'>τοῖς,</span> <span class='ocrx_word' id='word_1_134' title='bbox 953 1642 1027 1706; x_wconf 85' lang='grc' dir='ltr'>ὡς</span> <span class='ocrx_word' id='word_1_135' title='bbox 1055 1642 1120 1697; x_wconf 77' lang='grc' dir='ltr'>ἂν</span> <span class='ocrx_word' id='word_1_136' title='bbox 1178 1646 1325 1700; x_wconf 89' lang='grc' dir='ltr'>είποι</span> <span class='ocrx_word' id='word_1_137' title='bbox 1354 1665 1454 1711; x_wconf 87' lang='grc' dir='ltr'>τις.</span> <span class='ocrx_word' id='word_1_138' title='bbox 1512 1651 1836 1721; x_wconf 78' lang='grc' dir='ltr'>ἐγκρασιχό-</span> 
     </span>
    </p>
   </div>
   <div class='ocr_carea' id='block_1_20' title="bbox 255 1724 1907 1813">
    <p class='ocr_par' dir='ltr' id='par_1_20' title="bbox 255 1724 1907 1813">
     <span class='ocr_line' id='line_1_21' title="bbox 255 1724 1907 1813; baseline 0.011 -32"><span class='ocrx_word' id='word_1_139' title='bbox 255 1729 367 1792; x_wconf 85' lang='grc' dir='ltr'>λοις</span> <span class='ocrx_word' id='word_1_140' title='bbox 395 1730 626 1795; x_wconf 67' lang='grc' dir='ltr'>ἐκείνοις</span> <span class='ocrx_word' id='word_1_141' title='bbox 654 1749 670 1799; x_wconf 85' lang='grc'>;</span> <span class='ocrx_word' id='word_1_142' title='bbox 708 1732 855 1789; x_wconf 82' lang='grc' dir='ltr'>Ἀλλ’</span> <span class='ocrx_word' id='word_1_143' title='bbox 880 1734 982 1789; x_wconf 81' lang='grc' dir='ltr'>οὐκ</span> <span class='ocrx_word' id='word_1_144' title='bbox 1009 1737 1075 1790; x_wconf 86' lang='grc' dir='ltr'>ἂν</span> <span class='ocrx_word' id='word_1_145' title='bbox 1101 1735 1226 1791; x_wconf 78' lang='grc' dir='ltr'>οὔτε</span> <span class='ocrx_word' id='word_1_146' title='bbox 1256 1740 1387 1794; x_wconf 82' lang='grc' dir='ltr'>αὐτὸ</span> <span class='ocrx_word' id='word_1_147' title='bbox 1422 1741 1597 1795; x_wconf 72' lang='grc' dir='ltr'>εἰπεῖν</span> <span class='ocrx_word' id='word_1_148' title='bbox 1635 1743 1831 1813; x_wconf 76' lang='grc' dir='ltr'>ἔχοιτε,</span> <span class='ocrx_word' id='word_1_149' title='bbox 1867 1724 1907 1778; x_wconf 72' lang='grc' dir='ltr'><strong>Β</strong></span> 
     </span>
    </p>
   </div>
   <div class='ocr_carea' id='block_1_21' title="bbox 251 1822 1837 1900">
    <p class='ocr_par' dir='ltr' id='par_1_21' title="bbox 251 1822 1837 1900">
     <span class='ocr_line' id='line_1_22' title="bbox 251 1822 1837 1900; baseline 0.009 -26"><span class='ocrx_word' id='word_1_150' title='bbox 251 1822 361 1876; x_wconf 76' lang='grc' dir='ltr'>οὐδ’</span> <span class='ocrx_word' id='word_1_151' title='bbox 415 1822 484 1876; x_wconf 75' lang='grc' dir='ltr'>ἂν</span> <span class='ocrx_word' id='word_1_152' title='bbox 549 1828 906 1894; x_wconf 77' lang='grc' dir='ltr'><strong>μνησικακεῖν</strong></span> <span class='ocrx_word' id='word_1_153' title='bbox 958 1827 1364 1900; x_wconf 82' lang='grc' dir='ltr'>βλασφημοίητε</span> <span class='ocrx_word' id='word_1_154' title='bbox 1390 1832 1481 1886; x_wconf 81' lang='grc' dir='ltr'>τὸν</span> <span class='ocrx_word' id='word_1_155' title='bbox 1519 1833 1670 1899; x_wconf 72' lang='grc' dir='ltr'>Θεὸν,</span> <span class='ocrx_word' id='word_1_156' title='bbox 1689 1839 1837 1891; x_wconf 80' lang='grc' dir='ltr'>ἐπει-</span> 
     </span>
    </p>
   </div>
   <div class='ocr_carea' id='block_1_22' title="bbox 253 1913 1833 1997">
    <p class='ocr_par' dir='ltr' id='par_1_22' title="bbox 253 1913 1833 1997">
     <span class='ocr_line' id='line_1_23' title="bbox 253 1913 1833 1997; baseline 0.011 -30"><span class='ocrx_word' id='word_1_157' title='bbox 253 1913 316 1984; x_wconf 77' lang='grc' dir='ltr'>δὴ</span> <span class='ocrx_word' id='word_1_158' title='bbox 348 1917 436 1980; x_wconf 83' lang='grc' dir='ltr'><strong>είς</strong></span> <span class='ocrx_word' id='word_1_159' title='bbox 462 1916 686 1989; x_wconf 83' lang='grc' dir='ltr'>διαρκὲς</span> <span class='ocrx_word' id='word_1_160' title='bbox 716 1920 776 1973; x_wconf 78' lang='grc' dir='ltr'>οὐ</span> <span class='ocrx_word' id='word_1_161' title='bbox 818 1922 1371 1992; x_wconf 84' lang='grc' dir='ltr'>μαννοδοτεῖ.Ἀπαγε</span> <span class='ocrx_word' id='word_1_162' title='bbox 1397 1925 1497 1995; x_wconf 83' lang='grc' dir='ltr'>τῆς</span> <span class='ocrx_word' id='word_1_163' title='bbox 1521 1928 1791 1997; x_wconf 83' lang='grc' dir='ltr'>ἁμαρτίας</span> <span class='ocrx_word' id='word_1_164' title='bbox 1819 1931 1833 1984; x_wconf 82' lang='grc' dir='ltr'><strong>ι</strong></span> 
     </span>
    </p>
   </div>
   <div class='ocr_carea' id='block_1_23' title="bbox 257 2006 1835 2091">
    <p class='ocr_par' dir='ltr' id='par_1_23' title="bbox 257 2006 1835 2091">
     <span class='ocr_line' id='line_1_24' title="bbox 257 2006 1835 2091; baseline 0.012 -32"><span class='ocrx_word' id='word_1_165' title='bbox 257 2006 522 2061; x_wconf 75' lang='grc' dir='ltr'><strong>Μάλιστα</strong></span> <span class='ocrx_word' id='word_1_166' title='bbox 577 2010 677 2072; x_wconf 83' lang='grc' dir='ltr'>μὲν</span> <span class='ocrx_word' id='word_1_167' title='bbox 709 2006 803 2067; x_wconf 80' lang='grc' dir='ltr'><strong>οῦν</strong></span> <span class='ocrx_word' id='word_1_168' title='bbox 851 2014 1196 2083; x_wconf 80' lang='grc' dir='ltr'>ἐννοήσεσοε,</span> <span class='ocrx_word' id='word_1_169' title='bbox 1235 2017 1310 2081; x_wconf 84' lang='grc' dir='ltr'>ὼς</span> <span class='ocrx_word' id='word_1_170' title='bbox 1336 2019 1497 2082; x_wconf 63' lang='grc' dir='ltr'>αὖτις</span> <span class='ocrx_word' id='word_1_171' title='bbox 1555 2022 1657 2091; x_wconf 80' lang='grc' dir='ltr'>μὲν</span> <span class='ocrx_word' id='word_1_172' title='bbox 1696 2019 1835 2079; x_wconf 72' lang='grc' dir='ltr'>οἶδεν</span> 
     </span>
    </p>
   </div>
   <div class='ocr_carea' id='block_1_24' title="bbox 260 2095 1834 2173">
    <p class='ocr_par' dir='ltr' id='par_1_24' title="bbox 260 2095 1834 2173">
     <span class='ocr_line' id='line_1_25' title="bbox 260 2095 1834 2173; baseline 0.015 -28"><span class='ocrx_word' id='word_1_173' title='bbox 260 2095 514 2159; x_wconf 76' lang='grc' dir='ltr'>ἐκείνους</span> <span class='ocrx_word' id='word_1_174' title='bbox 564 2100 770 2163; x_wconf 77' lang='grc' dir='ltr'>κακοὺς</span> <span class='ocrx_word' id='word_1_175' title='bbox 800 2102 1066 2173; x_wconf 70' lang='grc' dir='ltr'>μένοντας</span> <span class='ocrx_word' id='word_1_176' title='bbox 1089 2120 1104 2136; x_wconf 79' lang='grc'><strong><em>⁸</em></strong></span> <span class='ocrx_word' id='word_1_177' title='bbox 1143 2107 1192 2159; x_wconf 84' lang='grc' dir='ltr'><strong>οῖ</strong></span> <span class='ocrx_word' id='word_1_178' title='bbox 1244 2107 1302 2161; x_wconf 84' lang='grc' dir='ltr'>δὲ</span> <span class='ocrx_word' id='word_1_179' title='bbox 1341 2110 1442 2162; x_wconf 79' lang='grc' dir='ltr'>οὐκ</span> <span class='ocrx_word' id='word_1_180' title='bbox 1493 2111 1834 2169; x_wconf 71' lang='grc' dir='ltr'>ἀλλοιοῦνται</span> 
     </span>
    </p>
   </div>
   <div class='ocr_carea' id='block_1_25' title="bbox 254 2188 1835 2275">
    <p class='ocr_par' dir='ltr' id='par_1_25' title="bbox 254 2188 1835 2275">
     <span class='ocr_line' id='line_1_26' title="bbox 254 2188 1835 2275; baseline 0.015 -37"><span class='ocrx_word' id='word_1_181' title='bbox 254 2188 332 2251; x_wconf 85' lang='grc' dir='ltr'><strong>είς</strong></span> <span class='ocrx_word' id='word_1_182' title='bbox 363 2189 431 2240; x_wconf 81' lang='grc' dir='ltr'>τὸ</span> <span class='ocrx_word' id='word_1_183' title='bbox 461 2189 807 2264; x_wconf 81' lang='grc' dir='ltr'>δεξιώτερον.</span> <span class='ocrx_word' id='word_1_184' title='bbox 866 2196 1184 2251; x_wconf 79' lang='grc' dir='ltr'>Κάντεῦθεν</span> <span class='ocrx_word' id='word_1_185' title='bbox 1232 2201 1289 2253; x_wconf 91' lang='grc' dir='ltr'><strong>ἐν</strong></span> <span class='ocrx_word' id='word_1_186' title='bbox 1320 2202 1622 2275; x_wconf 74' lang='grc' dir='ltr'>μετεώροις</span> <span class='ocrx_word' id='word_1_187' title='bbox 1677 2205 1777 2275; x_wconf 85' lang='grc' dir='ltr'>μὲν</span> <span class='ocrx_word' id='word_1_188' title='bbox 1806 2209 1835 2262; x_wconf 86' lang='grc' dir='ltr'>ὀ</span> 
     </span>
    </p>
   </div>
   <div class='ocr_carea' id='block_1_26' title="bbox 252 2277 1833 2359">
    <p class='ocr_par' dir='ltr' id='par_1_26' title="bbox 252 2277 1833 2359">
     <span class='ocr_line' id='line_1_27' title="bbox 252 2277 1833 2359; baseline 0.013 -29"><span class='ocrx_word' id='word_1_189' title='bbox 252 2277 369 2332; x_wconf 88' lang='grc' dir='ltr'><strong>τῶν</strong></span> <span class='ocrx_word' id='word_1_190' title='bbox 409 2279 662 2350; x_wconf 74' lang='grc' dir='ltr'>ἀγγᾶλων</span> <span class='ocrx_word' id='word_1_191' title='bbox 686 2284 854 2355; x_wconf 74' lang='grc' dir='ltr'>ἄρτος</span> <span class='ocrx_word' id='word_1_192' title='bbox 884 2289 1293 2358; x_wconf 83' lang='grc' dir='ltr'>κειμηλιοῦται,</span> <span class='ocrx_word' id='word_1_193' title='bbox 1347 2287 1428 2355; x_wconf 76' lang='grc' dir='ltr'>οἷς</span> <span class='ocrx_word' id='word_1_194' title='bbox 1455 2295 1485 2347; x_wconf 80' lang='grc' dir='ltr'><strong>δ</strong></span> <span class='ocrx_word' id='word_1_195' title='bbox 1519 2298 1696 2359; x_wconf 80' lang='grc' dir='ltr'>κοινὸς</span> <span class='ocrx_word' id='word_1_196' title='bbox 1724 2299 1833 2351; x_wconf 85' lang='grc' dir='ltr'><strong>τῶν</strong></span> 
     </span>
    </p>
   </div>
   <div class='ocr_carea' id='block_1_27' title="bbox 252 2368 1833 2458">
    <p class='ocr_par' dir='ltr' id='par_1_27' title="bbox 252 2368 1833 2458">
     <span class='ocr_line' id='line_1_28' title="bbox 252 2368 1833 2458; baseline 0.016 -39"><span class='ocrx_word' id='word_1_197' title='bbox 252 2368 488 2435; x_wconf 85' lang='grc' dir='ltr'>ἀγαθῶν</span> <span class='ocrx_word' id='word_1_198' title='bbox 518 2372 721 2441; x_wconf 88' lang='grc' dir='ltr'>ταμίας</span> <span class='ocrx_word' id='word_1_199' title='bbox 743 2377 1037 2448; x_wconf 84' lang='grc' dir='ltr'>ἐπιμετρεῖ</span> <span class='ocrx_word' id='word_1_200' title='bbox 1066 2380 1230 2434; x_wconf 79' lang='grc' dir='ltr'>αὐτόν</span> <span class='ocrx_word' id='word_1_201' title='bbox 1258 2398 1271 2412; x_wconf 75' lang='grc'><strong><em>⁸</em></strong></span> <span class='ocrx_word' id='word_1_202' title='bbox 1310 2384 1359 2437; x_wconf 83' lang='lat' dir='ltr'><strong>oi</strong></span> <span class='ocrx_word' id='word_1_203' title='bbox 1391 2383 1448 2438; x_wconf 75' lang='grc' dir='ltr'>δὲ</span> <span class='ocrx_word' id='word_1_204' title='bbox 1482 2387 1614 2458; x_wconf 81' lang='grc' dir='ltr'>πρὶν</span> <span class='ocrx_word' id='word_1_205' title='bbox 1635 2387 1705 2441; x_wconf 87' lang='grc' dir='ltr'><strong>δι’</strong></span> <span class='ocrx_word' id='word_1_206' title='bbox 1734 2391 1833 2443; x_wconf 71' lang='lat' dir='ltr'><strong>a6-</strong></span> 
     </span>
    </p>
   </div>
   <div class='ocr_carea' id='block_1_28' title="bbox 247 2459 1336 2537">
    <p class='ocr_par' dir='ltr' id='par_1_28' title="bbox 247 2459 1336 2537">
     <span class='ocr_line' id='line_1_29' title="bbox 247 2459 1336 2537; baseline 0.015 -25"><span class='ocrx_word' id='word_1_207' title='bbox 247 2459 343 2513; x_wconf 80' lang='grc' dir='ltr'><strong>τοῦ</strong></span> <span class='ocrx_word' id='word_1_208' title='bbox 379 2464 761 2535; x_wconf 75' lang='grc' dir='ltr'>τρυφήσαντες</span> <span class='ocrx_word' id='word_1_209' title='bbox 777 2470 1032 2523; x_wconf 75' lang='grc' dir='ltr'>πεινῶσιν</span> <span class='ocrx_word' id='word_1_210' title='bbox 1057 2472 1336 2537; x_wconf 83' lang='grc' dir='ltr'>ἐπιεικῶς.</span> 
     </span>
    </p>
   </div>
   <div class='ocr_carea' id='block_1_29' title="bbox 312 2590 1831 2685">
    <p class='ocr_par' dir='ltr' id='par_1_29' title="bbox 312 2590 1831 2685">
     <span class='ocr_line' id='line_1_30' title="bbox 312 2590 1831 2685; baseline 0.013 -35"><span class='ocrx_word' id='word_1_211' title='bbox 312 2604 387 2651; x_wconf 78' lang='grc' dir='ltr'><strong>ν’.</strong></span> <span class='ocrx_word' id='word_1_212' title='bbox 460 2590 772 2672; x_wconf 78' lang='grc' dir='ltr'>Ἐπάγομαι</span> <span class='ocrx_word' id='word_1_213' title='bbox 825 2604 1097 2661; x_wconf 79' lang='grc' dir='ltr'>πυθέσθαι</span> <span class='ocrx_word' id='word_1_214' title='bbox 1149 2610 1280 2682; x_wconf 72' lang='grc' dir='ltr'>περὶ</span> <span class='ocrx_word' id='word_1_215' title='bbox 1333 2611 1425 2666; x_wconf 89' lang='grc' dir='ltr'><strong>τοῦ</strong></span> <span class='ocrx_word' id='word_1_216' title='bbox 1482 2610 1831 2685; x_wconf 78' lang='grc' dir='ltr'>Ἰσκαριώτου</span> 
     </span>
    </p>
   </div>
   <div class='ocr_carea' id='block_1_30' title="bbox 250 2690 1832 2779">
    <p class='ocr_par' dir='ltr' id='par_1_30' title="bbox 250 2690 1832 2779">
     <span class='ocr_line' id='line_1_31' title="bbox 250 2690 1832 2779; baseline 0.013 -38"><span class='ocrx_word' id='word_1_217' title='bbox 250 2690 530 2761; x_wconf 80' lang='grc' dir='ltr'>μαθητοῦ,</span> <span class='ocrx_word' id='word_1_218' title='bbox 568 2692 680 2746; x_wconf 84' lang='grc' dir='ltr'>είτε</span> <span class='ocrx_word' id='word_1_219' title='bbox 714 2696 1009 2763; x_wconf 67' lang='grc' dir='ltr'>σέσωσται,</span> <span class='ocrx_word' id='word_1_220' title='bbox 1070 2700 1182 2753; x_wconf 77' lang='grc' dir='ltr'>εἴτε</span> <span class='ocrx_word' id='word_1_221' title='bbox 1222 2702 1318 2755; x_wconf 70' lang='grc' dir='ltr'>καὶ</span> <span class='ocrx_word' id='word_1_222' title='bbox 1382 2704 1500 2774; x_wconf 67' lang='lat' dir='ltr'><strong>pf);</strong></span> <span class='ocrx_word' id='word_1_223' title='bbox 1562 2707 1673 2760; x_wconf 80' lang='grc' dir='ltr'><strong>Καὶ</strong></span> <span class='ocrx_word' id='word_1_224' title='bbox 1731 2708 1832 2779; x_wconf 72' lang='grc' dir='ltr'>ἤδη</span> 
     </span>
    </p>
   </div>
   <div class='ocr_carea' id='block_1_31' title="bbox 244 2782 1831 2863">
    <p class='ocr_par' dir='ltr' id='par_1_31' title="bbox 244 2782 1831 2863">
     <span class='ocr_line' id='line_1_32' title="bbox 244 2782 1831 2863; baseline 0.012 -29"><span class='ocrx_word' id='word_1_225' title='bbox 244 2782 398 2836; x_wconf 75' lang='grc' dir='ltr'>δοκῶ</span> <span class='ocrx_word' id='word_1_226' title='bbox 421 2784 642 2840; x_wconf 86' lang='grc' dir='ltr'>ἀκούειν</span> <span class='ocrx_word' id='word_1_227' title='bbox 668 2787 1057 2861; x_wconf 70' lang='grc' dir='ltr'>ὕπηχουμένην</span> <span class='ocrx_word' id='word_1_228' title='bbox 1117 2792 1416 2863; x_wconf 77' lang='grc' dir='ltr'>ἀπόφασιν,</span> <span class='ocrx_word' id='word_1_229' title='bbox 1451 2795 1529 2860; x_wconf 83' lang='grc' dir='ltr'>ὡς</span> <span class='ocrx_word' id='word_1_230' title='bbox 1554 2798 1614 2851; x_wconf 81' lang='grc' dir='ltr'><strong>ού</strong></span> <span class='ocrx_word' id='word_1_231' title='bbox 1656 2798 1831 2853; x_wconf 82' lang='grc' dir='ltr'>σέσω-</span> 
     </span>
    </p>
   </div>
   <div class='ocr_carea' id='block_1_32' title="bbox 249 2872 1829 2957">
    <p class='ocr_par' dir='ltr' id='par_1_32' title="bbox 249 2872 1829 2957">
     <span class='ocr_line' id='line_1_33' title="bbox 249 2872 1829 2957; baseline 0.013 -34"><span class='ocrx_word' id='word_1_232' title='bbox 249 2887 385 2925; x_wconf 80' lang='grc' dir='ltr'>σται</span> <span class='ocrx_word' id='word_1_233' title='bbox 410 2872 439 2924; x_wconf 83' lang='grc' dir='ltr'><strong>δ</strong></span> <span class='ocrx_word' id='word_1_234' title='bbox 480 2874 787 2947; x_wconf 80' lang='grc' dir='ltr'>ἄνθρωπος.</span> <span class='ocrx_word' id='word_1_235' title='bbox 824 2880 933 2933; x_wconf 78' lang='grc' dir='ltr'><strong>Καὶ</strong></span> <span class='ocrx_word' id='word_1_236' title='bbox 961 2880 1172 2951; x_wconf 79' lang='grc' dir='ltr'>ἐπάγω,</span> <span class='ocrx_word' id='word_1_237' title='bbox 1225 2884 1338 2948; x_wconf 80' lang='grc' dir='ltr'><strong>πῶς</strong></span> <span class='ocrx_word' id='word_1_238' title='bbox 1367 2886 1429 2956; x_wconf 77' lang='grc' dir='ltr'>δή</span> <span class='ocrx_word' id='word_1_239' title='bbox 1476 2904 1602 2941; x_wconf 90' lang='grc' dir='ltr'>ποτε</span> <span class='ocrx_word' id='word_1_240' title='bbox 1632 2889 1829 2957; x_wconf 87' lang='grc' dir='ltr'>τοῦτο;</span> 
     </span>
    </p>
   </div>
   <div class='ocr_carea' id='block_1_33' title="bbox 246 2964 1833 3045">
    <p class='ocr_par' dir='ltr' id='par_1_33' title="bbox 246 2964 1833 3045">
     <span class='ocr_line' id='line_1_34' title="bbox 246 2964 1833 3045; baseline 0.014 -30"><span class='ocrx_word' id='word_1_241' title='bbox 246 2964 363 3016; x_wconf 73' lang='grc' dir='ltr'><strong>Καὶ</strong></span> <span class='ocrx_word' id='word_1_242' title='bbox 392 2964 503 3036; x_wconf 70' lang='grc' dir='ltr'>μὴν</span> <span class='ocrx_word' id='word_1_243' title='bbox 525 2968 828 3039; x_wconf 81' lang='grc' dir='ltr'>μεταμέλου</span> <span class='ocrx_word' id='word_1_244' title='bbox 862 2970 1085 3045; x_wconf 75' lang='grc' dir='ltr'>κέντρον</span> <span class='ocrx_word' id='word_1_245' title='bbox 1114 2974 1280 3028; x_wconf 76' lang='grc' dir='ltr'>ὑπέδυ</span> <span class='ocrx_word' id='word_1_246' title='bbox 1307 2979 1537 3043; x_wconf 84' lang='grc' dir='ltr'>ἐκεῖνον,</span> <span class='ocrx_word' id='word_1_247' title='bbox 1563 2982 1657 3035; x_wconf 80' lang='grc' dir='ltr'>καὶ</span> <span class='ocrx_word' id='word_1_248' title='bbox 1689 3000 1833 3036; x_wconf 85' lang='grc' dir='ltr'>κατ-</span> 
     </span>
    </p>
   </div>
   <div class='ocr_carea' id='block_1_34' title="bbox 1952 469 3520 546">
    <p class='ocr_par' dir='ltr' id='par_1_34' title="bbox 1952 469 3520 546">
     <span class='ocr_line' id='line_1_35' title="bbox 1952 469 3520 546; baseline 0.015 -29"><span class='ocrx_word' id='word_1_249' title='bbox 1952 479 2097 534; x_wconf 89' lang='lat' dir='ltr'><strong>mur,</strong></span> <span class='ocrx_word' id='word_1_250' title='bbox 2132 469 2250 525; x_wconf 87' lang='lat' dir='ltr'><strong>sive</strong></span> <span class='ocrx_word' id='word_1_251' title='bbox 2279 472 2424 527; x_wconf 82' lang='lat' dir='ltr'><strong>aliud</strong></span> <span class='ocrx_word' id='word_1_252' title='bbox 2470 478 2595 546; x_wconf 90' lang='lat' dir='ltr'><strong>quid</strong></span> <span class='ocrx_word' id='word_1_253' title='bbox 2631 494 2697 534; x_wconf 82' lang='lat' dir='ltr'><strong>ex</strong></span> <span class='ocrx_word' id='word_1_254' title='bbox 2748 482 3016 538; x_wconf 88' lang='lat' dir='ltr'><strong>cbaritate</strong></span> <span class='ocrx_word' id='word_1_255' title='bbox 3050 484 3135 539; x_wconf 88' lang='lat' dir='ltr'><strong>vel</strong></span> <span class='ocrx_word' id='word_1_256' title='bbox 3174 487 3520 540; x_wconf 85' lang='lat' dir='ltr'><strong>concinentia</strong></span> 
     </span>
    </p>
   </div>
   <div class='ocr_carea' id='block_1_35' title="bbox 1949 556 3520 647">
    <p class='ocr_par' dir='ltr' id='par_1_35' title="bbox 1949 556 3520 647">
     <span class='ocr_line' id='line_1_36' title="bbox 1949 556 3520 647; baseline 0.013 -37"><span class='ocrx_word' id='word_1_257' title='bbox 1949 556 2204 628; x_wconf 80' lang='lat' dir='ltr'><strong>facimus,</strong></span> <span class='ocrx_word' id='word_1_258' title='bbox 2257 578 2287 618; x_wconf 92' lang='lat' dir='ltr'><strong>e</strong></span> <span class='ocrx_word' id='word_1_259' title='bbox 2324 570 2605 625; x_wconf 87' lang='lat' dir='ltr'><strong>contrario</strong></span> <span class='ocrx_word' id='word_1_260' title='bbox 2653 572 2994 643; x_wconf 84' lang='lat' dir='ltr'><strong>disponatur,</strong></span> <span class='ocrx_word' id='word_1_261' title='bbox 3051 586 3309 647; x_wconf 77' lang='lat' dir='ltr'><strong>tanquam</strong></span> <span class='ocrx_word' id='word_1_262' title='bbox 3342 593 3407 631; x_wconf 79' lang='lat' dir='ltr'><strong>es</strong></span> <span class='ocrx_word' id='word_1_263' title='bbox 3436 578 3520 631; x_wconf 90' lang='lat' dir='ltr'><strong>in-</strong></span> 
     </span>
    </p>
   </div>
   <div class='ocr_carea' id='block_1_36' title="bbox 1953 647 3517 736">
    <p class='ocr_par' dir='ltr' id='par_1_36' title="bbox 1953 647 3517 736">
     <span class='ocr_line' id='line_1_37' title="bbox 1953 647 3517 736; baseline 0.013 -33"><span class='ocrx_word' id='word_1_264' title='bbox 1953 647 2190 706; x_wconf 89' lang='lat' dir='ltr'><strong>dustria.</strong></span> <span class='ocrx_word' id='word_1_265' title='bbox 2223 653 2413 710; x_wconf 74' lang='lat' dir='ltr'><strong>llacceo</strong></span> <span class='ocrx_word' id='word_1_266' title='bbox 2446 673 2672 715; x_wconf 89' lang='lat' dir='ltr'><strong>cunctas</strong></span> <span class='ocrx_word' id='word_1_267' title='bbox 2706 665 2919 731; x_wconf 87' lang='lat' dir='ltr'><strong>aperire</strong></span> <span class='ocrx_word' id='word_1_268' title='bbox 2955 668 3138 722; x_wconf 80' lang='lat' dir='ltr'><strong>cordis</strong></span> <span class='ocrx_word' id='word_1_269' title='bbox 3182 667 3396 736; x_wconf 81' lang='lat' dir='ltr'><strong>januas,</strong></span> <span class='ocrx_word' id='word_1_270' title='bbox 3428 669 3517 723; x_wconf 84' lang='lat' dir='ltr'><strong>in-</strong></span> 
     </span>
    </p>
   </div>
   <div class='ocr_carea' id='block_1_37' title="bbox 1946 738 3517 829">
    <p class='ocr_par' dir='ltr' id='par_1_37' title="bbox 1946 738 3517 829">
     <span class='ocr_line' id='line_1_38' title="bbox 1946 738 3517 829; baseline 0.015 -37"><span class='ocrx_word' id='word_1_271' title='bbox 1946 738 2115 795; x_wconf 83' lang='lat' dir='ltr'><strong>sidias</strong></span> <span class='ocrx_word' id='word_1_272' title='bbox 2169 744 2385 801; x_wconf 88' lang='lat' dir='ltr'><strong>timens.</strong></span> <span class='ocrx_word' id='word_1_273' title='bbox 2433 748 2517 804; x_wconf 83' lang='lat' dir='ltr'><strong>Ab</strong></span> <span class='ocrx_word' id='word_1_274' title='bbox 2564 751 2901 821; x_wconf 74' lang='lat' dir='ltr'><strong>ingenuitate</strong></span> <span class='ocrx_word' id='word_1_275' title='bbox 2940 771 3107 813; x_wconf 78' lang='lat' dir='ltr'><strong>caveo</strong></span> <span class='ocrx_word' id='word_1_276' title='bbox 3135 770 3517 829; x_wconf 75' lang='lat' dir='ltr'><strong>proptertor-</strong></span> 
     </span>
    </p>
   </div>
   <div class='ocr_carea' id='block_1_38' title="bbox 1951 836 3512 920">
    <p class='ocr_par' dir='ltr' id='par_1_38' title="bbox 1951 836 3512 920">
     <span class='ocr_line' id='line_1_39' title="bbox 1951 836 3512 920; baseline 0.013 -36"><span class='ocrx_word' id='word_1_277' title='bbox 1951 840 2156 890; x_wconf 88' lang='lat' dir='ltr'><strong>tuosos.</strong></span> <span class='ocrx_word' id='word_1_278' title='bbox 2190 836 2308 892; x_wconf 85' lang='lat' dir='ltr'><strong>Non</strong></span> <span class='ocrx_word' id='word_1_279' title='bbox 2342 840 2516 896; x_wconf 90' lang='lat' dir='ltr'><strong>audeo</strong></span> <span class='ocrx_word' id='word_1_280' title='bbox 2549 844 2754 899; x_wconf 90' lang='lat' dir='ltr'><strong>vultum</strong></span> <span class='ocrx_word' id='word_1_281' title='bbox 2783 848 2990 903; x_wconf 87' lang='lat' dir='ltr'><strong>nudare</strong></span> <span class='ocrx_word' id='word_1_282' title='bbox 3028 859 3249 919; x_wconf 70' lang='lat' dir='ltr'><strong>promer</strong></span> <span class='ocrx_word' id='word_1_283' title='bbox 3277 851 3512 920; x_wconf 82' lang='lat' dir='ltr'><strong>aliquam</strong></span> 
     </span>
    </p>
   </div>
   <div class='ocr_carea' id='block_1_39' title="bbox 1944 936 3515 1010">
    <p class='ocr_par' dir='ltr' id='par_1_39' title="bbox 1944 936 3515 1010">
     <span class='ocr_line' id='line_1_40' title="bbox 1944 936 3515 1010; baseline 0.014 -33"><span class='ocrx_word' id='word_1_284' title='bbox 1944 937 2167 995; x_wconf 78' lang='lat' dir='ltr'><strong>vespam</strong></span> <span class='ocrx_word' id='word_1_285' title='bbox 2209 942 2301 985; x_wconf 92' lang='lat' dir='ltr'><strong>ant</strong></span> <span class='ocrx_word' id='word_1_286' title='bbox 2349 936 2694 1003; x_wconf 88' lang='lat' dir='ltr'><strong>crabronem,</strong></span> <span class='ocrx_word' id='word_1_287' title='bbox 2748 939 2831 993; x_wconf 88' lang='lat' dir='ltr'><strong>vel</strong></span> <span class='ocrx_word' id='word_1_288' title='bbox 2863 940 3033 1009; x_wconf 85' lang='lat' dir='ltr'><strong>ipsam</strong></span> <span class='ocrx_word' id='word_1_289' title='bbox 3073 956 3248 1010; x_wconf 86' lang='lat' dir='ltr'><strong>apem,</strong></span> <span class='ocrx_word' id='word_1_290' title='bbox 3296 943 3362 997; x_wconf 85' lang='lat' dir='ltr'><strong>de</strong></span> <span class='ocrx_word' id='word_1_291' title='bbox 3407 958 3515 998; x_wconf 61' lang='lat' dir='ltr'><strong>cm-</strong></span> 
     </span>
    </p>
   </div>
   <div class='ocr_carea' id='block_1_40' title="bbox 1947 1020 3518 1099">
    <p class='ocr_par' dir='ltr' id='par_1_40' title="bbox 1947 1020 3518 1099">
     <span class='ocr_line' id='line_1_41' title="bbox 1947 1020 3518 1099; baseline 0.011 -31"><span class='ocrx_word' id='word_1_292' title='bbox 1947 1022 2064 1071; x_wconf 87' lang='lat' dir='ltr'><strong>tero</strong></span> <span class='ocrx_word' id='word_1_293' title='bbox 2094 1020 2313 1087; x_wconf 77' lang='lat' dir='ltr'><strong>quidem</strong></span> <span class='ocrx_word' id='word_1_294' title='bbox 2362 1024 2598 1091; x_wconf 82' lang='lat' dir='ltr'><strong>dulcem,</strong></span> <span class='ocrx_word' id='word_1_295' title='bbox 2633 1028 2726 1083; x_wconf 89' lang='lat' dir='ltr'><strong>sed</strong></span> <span class='ocrx_word' id='word_1_296' title='bbox 2757 1031 2950 1085; x_wconf 89' lang='lat' dir='ltr'><strong>aculeo</strong></span> <span class='ocrx_word' id='word_1_297' title='bbox 2989 1040 3338 1099; x_wconf 78' lang='lat' dir='ltr'><strong>pungenlem.</strong></span> <span class='ocrx_word' id='word_1_298' title='bbox 3378 1031 3518 1086; x_wconf 89' lang='lat' dir='ltr'><strong>Sub-</strong></span> 
     </span>
    </p>
   </div>
   <div class='ocr_carea' id='block_1_41' title="bbox 1947 1109 3513 1194">
    <p class='ocr_par' dir='ltr' id='par_1_41' title="bbox 1947 1109 3513 1194">
     <span class='ocr_line' id='line_1_42' title="bbox 1947 1109 3513 1194; baseline 0.012 -34"><span class='ocrx_word' id='word_1_299' title='bbox 1947 1109 2102 1163; x_wconf 83' lang='lat' dir='ltr'><strong>tralto</strong></span> <span class='ocrx_word' id='word_1_300' title='bbox 2136 1128 2345 1179; x_wconf 86' lang='lat' dir='ltr'><strong>manus,</strong></span> <span class='ocrx_word' id='word_1_301' title='bbox 2374 1132 2494 1171; x_wconf 87' lang='lat' dir='ltr'><strong>cum</strong></span> <span class='ocrx_word' id='word_1_302' title='bbox 2536 1121 2741 1175; x_wconf 78' lang='lat' dir='ltr'><strong>stricta:</strong></span> <span class='ocrx_word' id='word_1_303' title='bbox 2781 1122 3112 1178; x_wconf 84' lang='lat' dir='ltr'><strong>lacerantur.</strong></span> <span class='ocrx_word' id='word_1_304' title='bbox 3146 1123 3246 1178; x_wconf 82' lang='lat' dir='ltr'><strong>Mel</strong></span> <span class='ocrx_word' id='word_1_305' title='bbox 3296 1140 3513 1194; x_wconf 81' lang='lat' dir='ltr'><strong>quoque</strong></span> 
     </span>
    </p>
   </div>
   <div class='ocr_carea' id='block_1_42' title="bbox 1944 1198 3514 1283">
    <p class='ocr_par' dir='ltr' id='par_1_42' title="bbox 1944 1198 3514 1283">
     <span class='ocr_line' id='line_1_43' title="bbox 1944 1198 3514 1283; baseline 0.01 -33"><span class='ocrx_word' id='word_1_306' title='bbox 1944 1198 2222 1255; x_wconf 80' lang='lat' dir='ltr'><strong>abscondo</strong></span> <span class='ocrx_word' id='word_1_307' title='bbox 2277 1205 2347 1257; x_wconf 88' lang='lat' dir='ltr'><strong>ob</strong></span> <span class='ocrx_word' id='word_1_308' title='bbox 2383 1223 2595 1263; x_wconf 80' lang='lat' dir='ltr'><strong>untscas</strong></span> <span class='ocrx_word' id='word_1_309' title='bbox 2633 1212 2947 1268; x_wconf 87' lang='lat' dir='ltr'><strong>insidiosas.</strong></span> <span class='ocrx_word' id='word_1_310' title='bbox 2990 1212 3101 1267; x_wconf 85' lang='lat' dir='ltr'><strong>Non</strong></span> <span class='ocrx_word' id='word_1_311' title='bbox 3155 1226 3514 1283; x_wconf 65' lang='lat' dir='ltr'><strong>praemonstro</strong></span> 
     </span>
    </p>
   </div>
   <div class='ocr_carea' id='block_1_43' title="bbox 1944 1290 3518 1367">
    <p class='ocr_par' dir='ltr' id='par_1_43' title="bbox 1944 1290 3518 1367">
     <span class='ocr_line' id='line_1_44' title="bbox 1944 1290 3518 1367; baseline 0.011 -24"><span class='ocrx_word' id='word_1_312' title='bbox 1944 1290 2310 1359; x_wconf 79' lang='lat' dir='ltr'><strong>dulcedinem.</strong></span> <span class='ocrx_word' id='word_1_313' title='bbox 2347 1312 2411 1350; x_wconf 89' lang='lat' dir='ltr'><strong>eo</strong></span> <span class='ocrx_word' id='word_1_314' title='bbox 2445 1300 2586 1367; x_wconf 86' lang='lat' dir='ltr'><strong>quod</strong></span> <span class='ocrx_word' id='word_1_315' title='bbox 2617 1312 2698 1355; x_wconf 87' lang='lat' dir='ltr'><strong>est</strong></span> <span class='ocrx_word' id='word_1_316' title='bbox 2750 1318 2932 1356; x_wconf 77' lang='lat' dir='ltr'><strong>amara</strong></span> <span class='ocrx_word' id='word_1_317' title='bbox 2968 1306 3273 1361; x_wconf 73' lang='lat' dir='ltr'><strong>retributio.</strong></span> <span class='ocrx_word' id='word_1_318' title='bbox 3324 1305 3385 1358; x_wconf 88' lang='lat' dir='ltr'><strong>Et</strong></span> <span class='ocrx_word' id='word_1_319' title='bbox 3421 1307 3518 1360; x_wconf 87' lang='lat' dir='ltr'><strong>ba-</strong></span> 
     </span>
    </p>
   </div>
   <div class='ocr_carea' id='block_1_44' title="bbox 1946 1383 3516 1467">
    <p class='ocr_par' dir='ltr' id='par_1_44' title="bbox 1946 1383 3516 1467">
     <span class='ocr_line' id='line_1_45' title="bbox 1946 1383 3516 1467; baseline 0.011 -32"><span class='ocrx_word' id='word_1_320' title='bbox 1946 1383 2035 1436; x_wconf 85' lang='lat' dir='ltr'><strong>bet</strong></span> <span class='ocrx_word' id='word_1_321' title='bbox 2084 1387 2184 1439; x_wconf 84' lang='lat' dir='ltr'><strong>hoc</strong></span> <span class='ocrx_word' id='word_1_322' title='bbox 2248 1398 2377 1454; x_wconf 89' lang='lat' dir='ltr'><strong>puto</strong></span> <span class='ocrx_word' id='word_1_323' title='bbox 2449 1394 2737 1461; x_wconf 84' lang='lat' dir='ltr'><strong>quamdam</strong></span> <span class='ocrx_word' id='word_1_324' title='bbox 2805 1397 3250 1467; x_wconf 76' lang='lat' dir='ltr'><strong>rationcntzpro</strong></span> <span class='ocrx_word' id='word_1_325' title='bbox 3319 1413 3516 1453; x_wconf 81' lang='lat' dir='ltr'><strong>manna</strong></span> 
     </span>
    </p>
   </div>
   <div class='ocr_carea' id='block_1_45' title="bbox 1945 1475 3510 1544">
    <p class='ocr_par' dir='ltr' id='par_1_45' title="bbox 1945 1475 3510 1544">
     <span class='ocr_line' id='line_1_46' title="bbox 1945 1475 3510 1544; baseline 0.01 -16"><span class='ocrx_word' id='word_1_326' title='bbox 1945 1475 2068 1530; x_wconf 88' lang='lat' dir='ltr'><strong>bilis</strong></span> <span class='ocrx_word' id='word_1_327' title='bbox 2131 1482 2367 1535; x_wconf 76' lang='lat' dir='ltr'><strong>maximo</strong></span> <span class='ocrx_word' id='word_1_328' title='bbox 2428 1495 2616 1540; x_wconf 88' lang='lat' dir='ltr'><strong>nostro</strong></span> <span class='ocrx_word' id='word_1_329' title='bbox 2675 1486 2903 1543; x_wconf 84' lang='lat' dir='ltr'><strong>Domino</strong></span> <span class='ocrx_word' id='word_1_330' title='bbox 2959 1489 3058 1542; x_wconf 79' lang='lat' dir='ltr'><strong>fuit</strong></span> <span class='ocrx_word' id='word_1_331' title='bbox 3123 1491 3252 1544; x_wconf 91' lang='lat' dir='ltr'><strong>olim</strong></span> <span class='ocrx_word' id='word_1_332' title='bbox 3312 1490 3510 1544; x_wconf 87' lang='lat' dir='ltr'><strong>oblata.</strong></span> 
     </span>
    </p>
   </div>
   <div class='ocr_carea' id='block_1_46' title="bbox 1947 1566 3515 1646">
    <p class='ocr_par' dir='ltr' id='par_1_46' title="bbox 1947 1566 3515 1646">
     <span class='ocr_line' id='line_1_47' title="bbox 1947 1566 3515 1646; baseline 0.011 -27"><span class='ocrx_word' id='word_1_333' title='bbox 1947 1566 2117 1624; x_wconf 86' lang='lat' dir='ltr'><strong>Dicite</strong></span> <span class='ocrx_word' id='word_1_334' title='bbox 2143 1586 2275 1639; x_wconf 80' lang='lat' dir='ltr'><strong>ergo</strong></span> <span class='ocrx_word' id='word_1_335' title='bbox 2303 1589 2370 1626; x_wconf 82' lang='lat' dir='ltr'><strong>an</strong></span> <span class='ocrx_word' id='word_1_336' title='bbox 2413 1586 2534 1644; x_wconf 92' lang='lat' dir='ltr'><strong>post</strong></span> <span class='ocrx_word' id='word_1_337' title='bbox 2584 1578 2895 1645; x_wconf 78' lang='lat' dir='ltr'><strong>linjusmodi</strong></span> <span class='ocrx_word' id='word_1_338' title='bbox 2966 1582 3130 1636; x_wconf 90' lang='lat' dir='ltr'><strong>bilem</strong></span> <span class='ocrx_word' id='word_1_339' title='bbox 3167 1582 3342 1636; x_wconf 87' lang='lat' dir='ltr'><strong>adbnc</strong></span> <span class='ocrx_word' id='word_1_340' title='bbox 3374 1584 3515 1646; x_wconf 82' lang='lat' dir='ltr'><strong>istis,</strong></span> 
     </span>
    </p>
   </div>
   <div class='ocr_carea' id='block_1_47' title="bbox 1945 1658 3517 1735">
    <p class='ocr_par' dir='ltr' id='par_1_47' title="bbox 1945 1658 3517 1735">
     <span class='ocr_line' id='line_1_48' title="bbox 1945 1658 3517 1735; baseline 0.011 -28"><span class='ocrx_word' id='word_1_341' title='bbox 1945 1664 2003 1710; x_wconf 87' lang='lat' dir='ltr'><strong>ul.</strong></span> <span class='ocrx_word' id='word_1_342' title='bbox 2060 1658 2133 1713; x_wconf 86' lang='lat' dir='ltr'><strong>ita</strong></span> <span class='ocrx_word' id='word_1_343' title='bbox 2200 1662 2404 1728; x_wconf 78' lang='lat' dir='ltr'><strong>dicant,</strong></span> <span class='ocrx_word' id='word_1_344' title='bbox 2459 1665 2687 1730; x_wconf 77' lang='lat' dir='ltr'><strong>biliosis,</strong></span> <span class='ocrx_word' id='word_1_345' title='bbox 2750 1669 2948 1735; x_wconf 64' lang='lat' dir='ltr'><strong>plne-rit</strong></span> <span class='ocrx_word' id='word_1_346' title='bbox 3008 1687 3226 1725; x_wconf 84' lang='lat' dir='ltr'><strong>manna.</strong></span> <span class='ocrx_word' id='word_1_347' title='bbox 3278 1672 3383 1724; x_wconf 85' lang='lat' dir='ltr'><strong>Sed</strong></span> <span class='ocrx_word' id='word_1_348' title='bbox 3415 1672 3517 1724; x_wconf 86' lang='lat' dir='ltr'><strong>hoc</strong></span> 
     </span>
    </p>
   </div>
   <div class='ocr_carea' id='block_1_48' title="bbox 1940 1749 3519 1830">
    <p class='ocr_par' dir='ltr' id='par_1_48' title="bbox 1940 1749 3519 1830">
     <span class='ocr_line' id='line_1_49' title="bbox 1940 1749 3519 1830; baseline 0.01 -31"><span class='ocrx_word' id='word_1_349' title='bbox 1940 1749 2124 1804; x_wconf 84' lang='lat' dir='ltr'><strong>dicere</strong></span> <span class='ocrx_word' id='word_1_350' title='bbox 2182 1767 2291 1805; x_wconf 89' lang='lat' dir='ltr'><strong>non</strong></span> <span class='ocrx_word' id='word_1_351' title='bbox 2328 1756 2579 1820; x_wconf 75' lang='lat' dir='ltr'><strong>possetis,</strong></span> <span class='ocrx_word' id='word_1_352' title='bbox 2640 1774 2745 1813; x_wconf 88' lang='lat' dir='ltr'><strong>nec</strong></span> <span class='ocrx_word' id='word_1_353' title='bbox 2797 1774 3044 1813; x_wconf 79' lang='lat' dir='ltr'><strong>asserere</strong></span> <span class='ocrx_word' id='word_1_354' title='bbox 3092 1761 3519 1830; x_wconf 82' lang='lat' dir='ltr'><strong>blasphemando</strong></span> 
     </span>
    </p>
   </div>
   <div class='ocr_carea' id='block_1_49' title="bbox 1941 1840 3515 1919">
    <p class='ocr_par' dir='ltr' id='par_1_49' title="bbox 1941 1840 3515 1919">
     <span class='ocr_line' id='line_1_50' title="bbox 1941 1840 3515 1919; baseline 0.01 -29"><span class='ocrx_word' id='word_1_355' title='bbox 1941 1840 2067 1893; x_wconf 89' lang='lat' dir='ltr'><strong>mali</strong></span> <span class='ocrx_word' id='word_1_356' title='bbox 2111 1844 2421 1900; x_wconf 84' lang='lat' dir='ltr'><strong>meminisse</strong></span> <span class='ocrx_word' id='word_1_357' title='bbox 2454 1845 2645 1912; x_wconf 81' lang='lat' dir='ltr'><strong>Deum,</strong></span> <span class='ocrx_word' id='word_1_358' title='bbox 2678 1864 2744 1903; x_wconf 84' lang='lat' dir='ltr'><strong>co</strong></span> <span class='ocrx_word' id='word_1_359' title='bbox 2793 1853 2936 1919; x_wconf 88' lang='lat' dir='ltr'><strong>quod</strong></span> <span class='ocrx_word' id='word_1_360' title='bbox 2987 1868 3180 1905; x_wconf 84' lang='lat' dir='ltr'><strong>manna</strong></span> <span class='ocrx_word' id='word_1_361' title='bbox 3237 1854 3366 1906; x_wconf 79' lang='lat' dir='ltr'><strong>dare</strong></span> <span class='ocrx_word' id='word_1_362' title='bbox 3409 1869 3515 1907; x_wconf 91' lang='lat' dir='ltr'><strong>non</strong></span> 
     </span>
    </p>
   </div>
   <div class='ocr_carea' id='block_1_50' title="bbox 1941 1939 3519 2016">
    <p class='ocr_par' dir='ltr' id='par_1_50' title="bbox 1941 1939 3519 2016">
     <span class='ocr_line' id='line_1_51' title="bbox 1941 1939 3519 2016; baseline 0.006 -27"><span class='ocrx_word' id='word_1_363' title='bbox 1941 1939 2403 2001; x_wconf 81' lang='lat' dir='ltr'><strong>perseveraverit.</strong></span> <span class='ocrx_word' id='word_1_364' title='bbox 2437 1941 2594 1996; x_wconf 84' lang='lat' dir='ltr'><strong>Absit</strong></span> <span class='ocrx_word' id='word_1_365' title='bbox 2622 1943 2725 1997; x_wconf 84' lang='lat' dir='ltr'><strong>hoc</strong></span> <span class='ocrx_word' id='word_1_366' title='bbox 2768 1947 3086 2014; x_wconf 83' lang='lat' dir='ltr'><strong>peccatum!</strong></span> <span class='ocrx_word' id='word_1_367' title='bbox 3124 1945 3357 2001; x_wconf 77' lang='lat' dir='ltr'><strong>Maxime</strong></span> <span class='ocrx_word' id='word_1_368' title='bbox 3397 1946 3519 2016; x_wconf 90' lang='lat' dir='ltr'><strong>qui-</strong></span> 
     </span>
    </p>
   </div>
   <div class='ocr_carea' id='block_1_51' title="bbox 1938 2027 3518 2106">
    <p class='ocr_par' dir='ltr' id='par_1_51' title="bbox 1938 2027 3518 2106">
     <span class='ocr_line' id='line_1_52' title="bbox 1938 2027 3518 2106; baseline 0.006 -26"><span class='ocrx_word' id='word_1_369' title='bbox 1938 2027 2058 2081; x_wconf 83' lang='lat' dir='ltr'><strong>dem</strong></span> <span class='ocrx_word' id='word_1_370' title='bbox 2098 2029 2262 2097; x_wconf 77' lang='lat' dir='ltr'><strong>igitur</strong></span> <span class='ocrx_word' id='word_1_371' title='bbox 2294 2033 2549 2103; x_wconf 77' lang='lat' dir='ltr'><strong>cogitate,</strong></span> <span class='ocrx_word' id='word_1_372' title='bbox 2601 2037 2747 2104; x_wconf 79' lang='lat' dir='ltr'><strong>quod</strong></span> <span class='ocrx_word' id='word_1_373' title='bbox 2805 2038 2923 2106; x_wconf 85' lang='lat' dir='ltr'><strong>ipse</strong></span> <span class='ocrx_word' id='word_1_374' title='bbox 2988 2042 3203 2091; x_wconf 85' lang='lat' dir='ltr'><strong>noverit</strong></span> <span class='ocrx_word' id='word_1_375' title='bbox 3253 2037 3375 2091; x_wconf 90' lang='lat' dir='ltr'><strong>illos</strong></span> <span class='ocrx_word' id='word_1_376' title='bbox 3402 2053 3518 2091; x_wconf 83' lang='lat' dir='ltr'><strong>ma-</strong></span> 
     </span>
    </p>
   </div>
   <div class='ocr_carea' id='block_1_52' title="bbox 1939 2126 3513 2189">
    <p class='ocr_par' dir='ltr' id='par_1_52' title="bbox 1939 2126 3513 2189">
     <span class='ocr_line' id='line_1_53' title="bbox 1939 2126 3513 2189; baseline 0.006 -14"><span class='ocrx_word' id='word_1_377' title='bbox 1939 2133 2072 2177; x_wconf 86' lang='lat' dir='ltr'><strong>nere</strong></span> <span class='ocrx_word' id='word_1_378' title='bbox 2117 2126 2326 2189; x_wconf 82' lang='lat' dir='ltr'><strong>malos;</strong></span> <span class='ocrx_word' id='word_1_379' title='bbox 2367 2126 2453 2179; x_wconf 87' lang='lat' dir='ltr'><strong>isti</strong></span> <span class='ocrx_word' id='word_1_380' title='bbox 2486 2142 2615 2182; x_wconf 87' lang='lat' dir='ltr'><strong>vero</strong></span> <span class='ocrx_word' id='word_1_381' title='bbox 2648 2144 2752 2183; x_wconf 91' lang='lat' dir='ltr'><strong>non</strong></span> <span class='ocrx_word' id='word_1_382' title='bbox 2806 2131 3154 2185; x_wconf 82' lang='lat' dir='ltr'><strong>uuttabantur</strong></span> <span class='ocrx_word' id='word_1_383' title='bbox 3196 2131 3250 2185; x_wconf 90' lang='lat' dir='ltr'><strong>in</strong></span> <span class='ocrx_word' id='word_1_384' title='bbox 3302 2131 3513 2185; x_wconf 88' lang='lat' dir='ltr'><strong>melius.</strong></span> 
     </span>
    </p>
   </div>
   <div class='ocr_carea' id='block_1_53' title="bbox 1941 2211 3512 2289">
    <p class='ocr_par' dir='ltr' id='par_1_53' title="bbox 1941 2211 3512 2289">
     <span class='ocr_line' id='line_1_54' title="bbox 1941 2211 3512 2289; baseline 0.004 -25"><span class='ocrx_word' id='word_1_385' title='bbox 1941 2211 2079 2266; x_wconf 80' lang='lat' dir='ltr'><strong>Hinc</strong></span> <span class='ocrx_word' id='word_1_386' title='bbox 2102 2212 2155 2266; x_wconf 89' lang='lat' dir='ltr'><strong>in</strong></span> <span class='ocrx_word' id='word_1_387' title='bbox 2182 2216 2389 2271; x_wconf 66' lang='lat' dir='ltr'><strong>aethere</strong></span> <span class='ocrx_word' id='word_1_388' title='bbox 2412 2218 2631 2286; x_wconf 86' lang='lat' dir='ltr'><strong>quidem</strong></span> <span class='ocrx_word' id='word_1_389' title='bbox 2664 2219 2818 2288; x_wconf 85' lang='lat' dir='ltr'><strong>panis</strong></span> <span class='ocrx_word' id='word_1_390' title='bbox 2839 2222 3155 2289; x_wconf 78' lang='lat' dir='ltr'><strong>angelorum</strong></span> <span class='ocrx_word' id='word_1_391' title='bbox 3179 2220 3512 2283; x_wconf 78' lang='lat' dir='ltr'><strong>reconditur.</strong></span> 
     </span>
    </p>
   </div>
   <div class='ocr_carea' id='block_1_54' title="bbox 1937 2303 3513 2372">
    <p class='ocr_par' dir='ltr' id='par_1_54' title="bbox 1937 2303 3513 2372">
     <span class='ocr_line' id='line_1_55' title="bbox 1937 2303 3513 2372; baseline 0.005 -15"><span class='ocrx_word' id='word_1_392' title='bbox 1937 2303 2140 2372; x_wconf 85' lang='lat' dir='ltr'><strong>quibus</strong></span> <span class='ocrx_word' id='word_1_393' title='bbox 2161 2319 2285 2359; x_wconf 91' lang='lat' dir='ltr'><strong>eum</strong></span> <span class='ocrx_word' id='word_1_394' title='bbox 2313 2310 2623 2364; x_wconf 88' lang='lat' dir='ltr'><strong>communis</strong></span> <span class='ocrx_word' id='word_1_395' title='bbox 2670 2312 2935 2365; x_wconf 86' lang='lat' dir='ltr'><strong>bonorum</strong></span> <span class='ocrx_word' id='word_1_396' title='bbox 2960 2311 3277 2366; x_wconf 81' lang='lat' dir='ltr'><strong>distributor</strong></span> <span class='ocrx_word' id='word_1_397' title='bbox 3294 2312 3443 2366; x_wconf 84' lang='lat' dir='ltr'><strong>addit</strong></span> <span class='ocrx_word' id='word_1_398' title='bbox 3460 2313 3513 2365; x_wconf 91' lang='lat' dir='ltr'><strong>in</strong></span> 
     </span>
    </p>
   </div>
   <div class='ocr_carea' id='block_1_55' title="bbox 1938 2402 3518 2474">
    <p class='ocr_par' dir='ltr' id='par_1_55' title="bbox 1938 2402 3518 2474">
     <span class='ocr_line' id='line_1_56' title="bbox 1938 2402 3518 2474; baseline 0.003 -22"><span class='ocrx_word' id='word_1_399' title='bbox 1938 2412 2195 2452; x_wconf 86' lang='lat' dir='ltr'><strong>mensura</strong></span> <span class='ocrx_word' id='word_1_400' title='bbox 2239 2416 2255 2453; x_wconf 89' lang='lat'><strong>:</strong></span> <span class='ocrx_word' id='word_1_401' title='bbox 2292 2402 2384 2468; x_wconf 89' lang='lat' dir='ltr'><strong>qui</strong></span> <span class='ocrx_word' id='word_1_402' title='bbox 2417 2402 2570 2468; x_wconf 88' lang='lat' dir='ltr'><strong>prius</strong></span> <span class='ocrx_word' id='word_1_403' title='bbox 2608 2410 2793 2456; x_wconf 84' lang='lat' dir='ltr'><strong>autem</strong></span> <span class='ocrx_word' id='word_1_404' title='bbox 2840 2418 2915 2457; x_wconf 79' lang='lat' dir='ltr'><strong>er</strong></span> <span class='ocrx_word' id='word_1_405' title='bbox 2938 2420 3004 2459; x_wconf 88' lang='lat' dir='ltr'><strong>eo</strong></span> <span class='ocrx_word' id='word_1_406' title='bbox 3051 2405 3351 2474; x_wconf 87' lang='lat' dir='ltr'><strong>carpebant</strong></span> <span class='ocrx_word' id='word_1_407' title='bbox 3377 2402 3518 2457; x_wconf 82' lang='lat' dir='ltr'><strong>deli-</strong></span> 
     </span>
    </p>
   </div>
   <div class='ocr_carea' id='block_1_56' title="bbox 1942 2490 2738 2565">
    <p class='ocr_par' dir='ltr' id='par_1_56' title="bbox 1942 2490 2738 2565">
     <span class='ocr_line' id='line_1_57' title="bbox 1942 2490 2738 2565; baseline 0.009 -22"><span class='ocrx_word' id='word_1_408' title='bbox 1942 2490 2083 2558; x_wconf 85' lang='lat' dir='ltr'><strong>cias,</strong></span> <span class='ocrx_word' id='word_1_409' title='bbox 2121 2493 2518 2548; x_wconf 82' lang='lat' dir='ltr'><strong>convenienter</strong></span> <span class='ocrx_word' id='word_1_410' title='bbox 2555 2505 2738 2565; x_wconf 74' lang='lat' dir='ltr'><strong>egent.</strong></span> 
     </span>
    </p>
   </div>
   <div class='ocr_carea' id='block_1_57' title="bbox 2009 2623 3513 2701">
    <p class='ocr_par' dir='ltr' id='par_1_57' title="bbox 2009 2623 3513 2701">
     <span class='ocr_line' id='line_1_58' title="bbox 2009 2623 3513 2701; baseline 0.007 -22"><span class='ocrx_word' id='word_1_411' title='bbox 2009 2623 2100 2679; x_wconf 85' lang='grc'><strong>50.</strong></span> <span class='ocrx_word' id='word_1_412' title='bbox 2142 2626 2401 2681; x_wconf 80' lang='lat' dir='ltr'><strong>Adducor</strong></span> <span class='ocrx_word' id='word_1_413' title='bbox 2439 2629 2505 2683; x_wconf 84' lang='lat' dir='ltr'><strong>ad</strong></span> <span class='ocrx_word' id='word_1_414' title='bbox 2546 2631 2996 2701; x_wconf 78' lang='lat' dir='ltr'><strong>interrogandum</strong></span> <span class='ocrx_word' id='word_1_415' title='bbox 3026 2635 3091 2688; x_wconf 83' lang='lat' dir='ltr'><strong>de</strong></span> <span class='ocrx_word' id='word_1_416' title='bbox 3124 2635 3382 2690; x_wconf 86' lang='lat' dir='ltr'><strong>lscariota</strong></span> <span class='ocrx_word' id='word_1_417' title='bbox 3428 2636 3513 2690; x_wconf 88' lang='lat' dir='ltr'><strong>di-</strong></span> 
     </span>
    </p>
   </div>
   <div class='ocr_carea' id='block_1_58' title="bbox 1936 2717 3512 2796">
    <p class='ocr_par' dir='ltr' id='par_1_58' title="bbox 1936 2717 3512 2796">
     <span class='ocr_line' id='line_1_59' title="bbox 1936 2717 3512 2796; baseline 0.008 -27"><span class='ocrx_word' id='word_1_418' title='bbox 1936 2717 2169 2785; x_wconf 86' lang='lat' dir='ltr'><strong>scipulo,</strong></span> <span class='ocrx_word' id='word_1_419' title='bbox 2209 2734 2276 2773; x_wconf 90' lang='lat' dir='ltr'><strong>an</strong></span> <span class='ocrx_word' id='word_1_420' title='bbox 2327 2720 2513 2774; x_wconf 74' lang='lat' dir='ltr'><strong>salvus</strong></span> <span class='ocrx_word' id='word_1_421' title='bbox 2565 2722 2656 2787; x_wconf 91' lang='lat' dir='ltr'><strong>sit,</strong></span> <span class='ocrx_word' id='word_1_422' title='bbox 2690 2738 2893 2778; x_wconf 87' lang='lat' dir='ltr'><strong>annon.</strong></span> <span class='ocrx_word' id='word_1_423' title='bbox 2928 2724 2991 2778; x_wconf 86' lang='lat' dir='ltr'><strong>Et</strong></span> <span class='ocrx_word' id='word_1_424' title='bbox 3021 2727 3131 2795; x_wconf 82' lang='lat' dir='ltr'><strong>jam</strong></span> <span class='ocrx_word' id='word_1_425' title='bbox 3167 2727 3354 2781; x_wconf 84' lang='lat' dir='ltr'><strong>audire</strong></span> <span class='ocrx_word' id='word_1_426' title='bbox 3381 2739 3512 2796; x_wconf 87' lang='lat' dir='ltr'><strong>puto</strong></span> 
     </span>
    </p>
   </div>
   <div class='ocr_carea' id='block_1_59' title="bbox 1936 2810 3512 2887">
    <p class='ocr_par' dir='ltr' id='par_1_59' title="bbox 1936 2810 3512 2887">
     <span class='ocr_line' id='line_1_60' title="bbox 1936 2810 3512 2887; baseline 0.006 -24"><span class='ocrx_word' id='word_1_427' title='bbox 1936 2810 2377 2879; x_wconf 85' lang='lat' dir='ltr'><strong>submurtnurari</strong></span> <span class='ocrx_word' id='word_1_428' title='bbox 2413 2814 2844 2870; x_wconf 85' lang='lat' dir='ltr'><strong>declarationem</strong></span> <span class='ocrx_word' id='word_1_429' title='bbox 2886 2818 3030 2887; x_wconf 88' lang='lat' dir='ltr'><strong>quod</strong></span> <span class='ocrx_word' id='word_1_430' title='bbox 3063 2833 3173 2872; x_wconf 91' lang='lat' dir='ltr'><strong>non</strong></span> <span class='ocrx_word' id='word_1_431' title='bbox 3216 2818 3408 2873; x_wconf 81' lang='lat' dir='ltr'><strong>salvus</strong></span> <span class='ocrx_word' id='word_1_432' title='bbox 3438 2820 3512 2873; x_wconf 85' lang='lat' dir='ltr'><strong>sit</strong></span> 
     </span>
    </p>
   </div>
   <div class='ocr_carea' id='block_1_60' title="bbox 1935 2903 3513 2978">
    <p class='ocr_par' dir='ltr' id='par_1_60' title="bbox 1935 2903 3513 2978">
     <span class='ocr_line' id='line_1_61' title="bbox 1935 2903 3513 2978; baseline 0.005 -19"><span class='ocrx_word' id='word_1_433' title='bbox 1935 2904 2025 2959; x_wconf 86' lang='lat' dir='ltr'><strong>bic</strong></span> <span class='ocrx_word' id='word_1_434' title='bbox 2052 2903 2239 2960; x_wconf 86' lang='lat' dir='ltr'><strong>homo.</strong></span> <span class='ocrx_word' id='word_1_435' title='bbox 2279 2903 2347 2960; x_wconf 86' lang='lat' dir='ltr'><strong>Et</strong></span> <span class='ocrx_word' id='word_1_436' title='bbox 2380 2906 2521 2962; x_wconf 85' lang='lat' dir='ltr'><strong>addo</strong></span> <span class='ocrx_word' id='word_1_437' title='bbox 2555 2925 2569 2962; x_wconf 92' lang='lat'><strong>:</strong></span> <span class='ocrx_word' id='word_1_438' title='bbox 2610 2909 2885 2978; x_wconf 84' lang='lat' dir='ltr'><strong>quomodo</strong></span> <span class='ocrx_word' id='word_1_439' title='bbox 2938 2910 3152 2965; x_wconf 88' lang='lat' dir='ltr'><strong>tandem</strong></span> <span class='ocrx_word' id='word_1_440' title='bbox 3180 2911 3381 2967; x_wconf 77' lang='lat' dir='ltr'><strong>factum</strong></span> <span class='ocrx_word' id='word_1_441' title='bbox 3424 2920 3513 2967; x_wconf 88' lang='lat' dir='ltr'><strong>est</strong></span> 
     </span>
    </p>
   </div>
   <div class='ocr_carea' id='block_1_61' title="bbox 1937 2996 3507 3069">
    <p class='ocr_par' dir='ltr' id='par_1_61' title="bbox 1937 2996 3507 3069">
     <span class='ocr_line' id='line_1_62' title="bbox 1937 2996 3507 3069; baseline 0.004 -21"><span class='ocrx_word' id='word_1_442' title='bbox 1937 2996 2121 3052; x_wconf 85' lang='lat' dir='ltr'><strong>istud?</strong></span> <span class='ocrx_word' id='word_1_443' title='bbox 2167 2997 2422 3054; x_wconf 82' lang='lat' dir='ltr'><strong>Attamen</strong></span> <span class='ocrx_word' id='word_1_444' title='bbox 2465 3000 2797 3069; x_wconf 74' lang='lat' dir='ltr'><strong>poenitentia:</strong></span> <span class='ocrx_word' id='word_1_445' title='bbox 2842 3000 3097 3055; x_wconf 84' lang='lat' dir='ltr'><strong>stimulus</strong></span> <span class='ocrx_word' id='word_1_446' title='bbox 3143 3000 3310 3055; x_wconf 86' lang='lat' dir='ltr'><strong>subiit</strong></span> <span class='ocrx_word' id='word_1_447' title='bbox 3357 3000 3507 3055; x_wconf 88' lang='lat' dir='ltr'><strong>illum</strong></span> 
     </span>
    </p>
   </div>
   <div class='ocr_carea' id='block_1_62' title="bbox 243 3055 1834 3163">
    <p class='ocr_par' dir='ltr' id='par_1_62' title="bbox 243 3055 1832 3144">
     <span class='ocr_line' id='line_1_63' title="bbox 243 3055 1832 3144; baseline 0.013 -35"><span class='ocrx_word' id='word_1_448' title='bbox 243 3055 434 3122; x_wconf 76' lang='grc' dir='ltr'>ἐνυξε,</span> <span class='ocrx_word' id='word_1_449' title='bbox 490 3060 584 3113; x_wconf 83' lang='grc' dir='ltr'>καὶ</span> <span class='ocrx_word' id='word_1_450' title='bbox 611 3060 674 3132; x_wconf 83' lang='grc' dir='ltr'>δὴ</span> <span class='ocrx_word' id='word_1_451' title='bbox 737 3064 833 3119; x_wconf 72' lang='grc' dir='ltr'>καὶ</span> <span class='ocrx_word' id='word_1_452' title='bbox 883 3065 1159 3134; x_wconf 81' lang='grc' dir='ltr'>ἐποίησεν.</span> <span class='ocrx_word' id='word_1_453' title='bbox 1214 3068 1315 3122; x_wconf 82' lang='grc' dir='ltr'>ὅσα</span> <span class='ocrx_word' id='word_1_454' title='bbox 1366 3070 1625 3144; x_wconf 78' lang='grc' dir='ltr'>διέκρινε,</span> <span class='ocrx_word' id='word_1_455' title='bbox 1659 3076 1832 3144; x_wconf 83' lang='grc' dir='ltr'>τυφλὰ</span> 
     </span>
    </p>
   </div>
   <div class='ocr_carea' id='block_1_63' title="bbox 1941 3055 3506 3163">
    <p class='ocr_par' dir='ltr' id='par_1_63' title="bbox 1941 3055 3506 3163">
     <span class='ocr_line' id='line_1_64' title="bbox 1941 3055 3506 3163; baseline -0.001 -17"><span class='ocrx_word' id='word_1_456' title='bbox 1941 3101 1995 3146; x_wconf 92' lang='lat' dir='ltr'><strong>et</strong></span> <span class='ocrx_word' id='word_1_457' title='bbox 2018 3092 2268 3163; x_wconf 82' lang='lat' dir='ltr'><strong>pupugit,</strong></span> <span class='ocrx_word' id='word_1_458' title='bbox 2301 3101 2355 3146; x_wconf 90' lang='lat' dir='ltr'><strong>et</strong></span> <span class='ocrx_word' id='word_1_459' title='bbox 2383 3055 2533 3148; x_wconf 54' lang='lat' dir='ltr'><strong>certe</strong></span> <span class='ocrx_word' id='word_1_460' title='bbox 2564 3092 2654 3146; x_wconf 91' lang='lat' dir='ltr'><strong>ille</strong></span> <span class='ocrx_word' id='word_1_461' title='bbox 2688 3092 2817 3147; x_wconf 79' lang='lat' dir='ltr'><strong>fecit</strong></span> <span class='ocrx_word' id='word_1_462' title='bbox 2841 3108 2960 3162; x_wconf 62' lang='lat' dir='ltr'><strong>qua</strong></span> <span class='ocrx_word' id='word_1_463' title='bbox 2991 3090 3333 3161; x_wconf 79' lang='lat' dir='ltr'><strong>dijnilicavit,</strong></span> <span class='ocrx_word' id='word_1_464' title='bbox 3361 3106 3506 3146; x_wconf 65' lang='lat' dir='ltr'><strong>caeca</strong></span> 
     </span>
    </p>
   </div>
   <div class='ocr_carea' id='block_1_64' title="bbox 247 3148 1825 3229">
    <p class='ocr_par' dir='ltr' id='par_1_64' title="bbox 247 3148 1825 3229">
     <span class='ocr_line' id='line_1_65' title="bbox 247 3148 1825 3229; baseline 0.013 -29"><span class='ocrx_word' id='word_1_465' title='bbox 247 3148 357 3216; x_wconf 67' lang='grc' dir='ltr'>μὲν</span> <span class='ocrx_word' id='word_1_466' title='bbox 390 3151 487 3203; x_wconf 74' lang='grc' dir='ltr'>καὶ</span> <span class='ocrx_word' id='word_1_467' title='bbox 517 3151 791 3224; x_wconf 83' lang='grc' dir='ltr'>ὠδινήσας</span> <span class='ocrx_word' id='word_1_468' title='bbox 821 3158 917 3210; x_wconf 78' lang='grc' dir='ltr'>καὶ</span> <span class='ocrx_word' id='word_1_469' title='bbox 944 3158 1235 3214; x_wconf 83' lang='grc' dir='ltr'>ἀποτεκὼν</span> <span class='ocrx_word' id='word_1_470' title='bbox 1267 3162 1495 3229; x_wconf 87' lang='grc' dir='ltr'>ἐκεῖνος,</span> <span class='ocrx_word' id='word_1_471' title='bbox 1524 3166 1585 3218; x_wconf 85' lang='grc' dir='ltr'><strong>ού</strong></span> <span class='ocrx_word' id='word_1_472' title='bbox 1640 3167 1825 3221; x_wconf 75' lang='grc' dir='ltr'>τέλεον</span> 
     </span>
    </p>
   </div>
   <div class='ocr_carea' id='block_1_65' title="bbox 242 3240 1825 3324">
    <p class='ocr_par' dir='ltr' id='par_1_65' title="bbox 242 3240 1825 3324">
     <span class='ocr_line' id='line_1_66' title="bbox 242 3240 1825 3324; baseline 0.012 -31"><span class='ocrx_word' id='word_1_473' title='bbox 242 3240 323 3303; x_wconf 63' lang='grc' dir='ltr'>δὲ,</span> <span class='ocrx_word' id='word_1_474' title='bbox 366 3242 523 3312; x_wconf 83' lang='grc' dir='ltr'>ὅμως</span> <span class='ocrx_word' id='word_1_475' title='bbox 558 3243 755 3314; x_wconf 77' lang='grc' dir='ltr'>ἄγονος</span> <span class='ocrx_word' id='word_1_476' title='bbox 811 3247 1081 3317; x_wconf 65' lang='grc' dir='ltr'>ἀπεκϐεις,</span> <span class='ocrx_word' id='word_1_477' title='bbox 1135 3252 1211 3313; x_wconf 77' lang='grc' dir='ltr'>ὡς</span> <span class='ocrx_word' id='word_1_478' title='bbox 1248 3252 1324 3324; x_wconf 79' lang='grc' dir='ltr'>μὴ</span> <span class='ocrx_word' id='word_1_479' title='bbox 1353 3256 1455 3308; x_wconf 83' lang='grc' dir='ltr'>οὐκ</span> <span class='ocrx_word' id='word_1_480' title='bbox 1485 3256 1825 3322; x_wconf 66' lang='grc' dir='ltr'>ἐνδείξασθαι</span> 
     </span>
    </p>
   </div>
   <div class='ocr_carea' id='block_1_66' title="bbox 242 3332 1824 3418">
    <p class='ocr_par' dir='ltr' id='par_1_66' title="bbox 242 3332 1824 3418">
     <span class='ocr_line' id='line_1_67' title="bbox 242 3332 1824 3418; baseline 0.012 -34"><span class='ocrx_word' id='word_1_481' title='bbox 242 3332 605 3402; x_wconf 79' lang='grc' dir='ltr'>κατάγνωσιν</span> <span class='ocrx_word' id='word_1_482' title='bbox 630 3336 1045 3408; x_wconf 80' lang='grc' dir='ltr'>ἁμαρτάνοντος</span> <span class='ocrx_word' id='word_1_483' title='bbox 1079 3342 1246 3408; x_wconf 80' lang='grc' dir='ltr'>αὐτὸς</span> <span class='ocrx_word' id='word_1_484' title='bbox 1284 3345 1503 3401; x_wconf 84' lang='grc' dir='ltr'>ἐαυτοῦ.</span> <span class='ocrx_word' id='word_1_485' title='bbox 1535 3348 1602 3401; x_wconf 86' lang='grc' dir='ltr'>Τί</span> <span class='ocrx_word' id='word_1_486' title='bbox 1640 3348 1704 3418; x_wconf 84' lang='grc' dir='ltr'>δὴ</span> <span class='ocrx_word' id='word_1_487' title='bbox 1729 3348 1824 3403; x_wconf 80' lang='grc' dir='ltr'>οὖν</span> 
     </span>
    </p>
   </div>
   <div class='ocr_carea' id='block_1_67' title="bbox 242 3426 1826 3514">
    <p class='ocr_par' dir='ltr' id='par_1_67' title="bbox 242 3426 1826 3514">
     <span class='ocr_line' id='line_1_68' title="bbox 242 3426 1826 3514; baseline 0.013 -36"><span class='ocrx_word' id='word_1_488' title='bbox 242 3429 268 3479; x_wconf 81' lang='grc' dir='ltr'>ὁ</span> <span class='ocrx_word' id='word_1_489' title='bbox 295 3426 367 3479; x_wconf 75' lang='grc' dir='ltr'>τὸ</span> <span class='ocrx_word' id='word_1_490' title='bbox 398 3428 813 3501; x_wconf 83' lang='grc' dir='ltr'>γλωσσόκομον,</span> <span class='ocrx_word' id='word_1_491' title='bbox 843 3433 873 3485; x_wconf 80' lang='grc' dir='ltr'><strong>ὁ</strong></span> <span class='ocrx_word' id='word_1_492' title='bbox 928 3434 1022 3487; x_wconf 72' lang='grc' dir='ltr'>καὶ</span> <span class='ocrx_word' id='word_1_493' title='bbox 1046 3435 1210 3502; x_wconf 72' lang='grc' dir='ltr'>αὐτὸς</span> <span class='ocrx_word' id='word_1_494' title='bbox 1245 3436 1408 3508; x_wconf 84' lang='grc' dir='ltr'>λογὰς</span> <span class='ocrx_word' id='word_1_495' title='bbox 1442 3441 1501 3495; x_wconf 90' lang='grc' dir='ltr'><strong>ἐν</strong></span> <span class='ocrx_word' id='word_1_496' title='bbox 1530 3441 1826 3514; x_wconf 80' lang='grc' dir='ltr'>μαθηταῖς,</span> 
     </span>
    </p>
   </div>
   <div class='ocr_carea' id='block_1_68' title="bbox 250 3520 1828 3606">
    <p class='ocr_par' dir='ltr' id='par_1_68' title="bbox 250 3520 1828 3606">
     <span class='ocr_line' id='line_1_69' title="bbox 250 3520 1828 3606; baseline 0.014 -37"><span class='ocrx_word' id='word_1_497' title='bbox 250 3520 745 3591; x_wconf 76' lang='grc' dir='ltr'>παρακέκρουσται</span> <span class='ocrx_word' id='word_1_498' title='bbox 776 3525 854 3589; x_wconf 87' lang='grc' dir='ltr'><strong>είς</strong></span> <span class='ocrx_word' id='word_1_499' title='bbox 888 3526 1187 3591; x_wconf 83' lang='grc' dir='ltr'>ἀπώλειαν,</span> <span class='ocrx_word' id='word_1_500' title='bbox 1240 3530 1337 3583; x_wconf 76' lang='grc' dir='ltr'>καὶ</span> <span class='ocrx_word' id='word_1_501' title='bbox 1352 3532 1555 3586; x_wconf 53' lang='grc' dir='ltr'>κέθέλει</span> <span class='ocrx_word' id='word_1_502' title='bbox 1585 3535 1828 3606; x_wconf 78' lang='grc' dir='ltr'>ἐλέγχειν</span> 
     </span>
    </p>
   </div>
   <div class='ocr_carea' id='block_1_69' title="bbox 245 3612 1826 3698">
    <p class='ocr_par' dir='ltr' id='par_1_69' title="bbox 245 3612 1826 3698">
     <span class='ocr_line' id='line_1_70' title="bbox 245 3612 1826 3698; baseline 0.013 -35"><span class='ocrx_word' id='word_1_503' title='bbox 245 3612 340 3664; x_wconf 79' lang='grc' dir='ltr'>τὸν</span> <span class='ocrx_word' id='word_1_504' title='bbox 393 3612 530 3666; x_wconf 79' lang='grc' dir='ltr'>Θεὸν</span> <span class='ocrx_word' id='word_1_505' title='bbox 555 3613 630 3678; x_wconf 84' lang='grc' dir='ltr'><strong>ὡς</strong></span> <span class='ocrx_word' id='word_1_506' title='bbox 660 3616 751 3668; x_wconf 78' lang='grc' dir='ltr'>ἐπὶ</span> <span class='ocrx_word' id='word_1_507' title='bbox 784 3618 970 3692; x_wconf 76' lang='grc' dir='ltr'>ἀμύνῃ</span> <span class='ocrx_word' id='word_1_508' title='bbox 997 3636 1013 3685; x_wconf 86' lang='lat'><strong>;</strong></span> <span class='ocrx_word' id='word_1_509' title='bbox 1063 3621 1204 3674; x_wconf 77' lang='grc' dir='ltr'>Ἀλλ’</span> <span class='ocrx_word' id='word_1_510' title='bbox 1239 3621 1348 3676; x_wconf 87' lang='grc' dir='ltr'>ίδού</span> <span class='ocrx_word' id='word_1_511' title='bbox 1390 3641 1456 3694; x_wconf 87' lang='grc' dir='ltr'><strong>με</strong></span> <span class='ocrx_word' id='word_1_512' title='bbox 1487 3626 1583 3680; x_wconf 77' lang='grc' dir='ltr'>καὶ</span> <span class='ocrx_word' id='word_1_513' title='bbox 1611 3627 1700 3681; x_wconf 74' lang='grc' dir='ltr'><strong>τὸν</strong></span> <span class='ocrx_word' id='word_1_514' title='bbox 1728 3629 1826 3698; x_wconf 77' lang='grc' dir='ltr'><strong>τῆς</strong></span> 
     </span>
    </p>
   </div>
   <div class='ocr_carea' id='block_1_70' title="bbox 248 3703 1825 3789">
    <p class='ocr_par' dir='ltr' id='par_1_70' title="bbox 248 3703 1825 3789">
     <span class='ocr_line' id='line_1_71' title="bbox 248 3703 1825 3789; baseline 0.013 -37"><span class='ocrx_word' id='word_1_515' title='bbox 248 3703 492 3771; x_wconf 71' lang='grc' dir='ltr'>ἀπορίας</span> <span class='ocrx_word' id='word_1_516' title='bbox 520 3705 727 3774; x_wconf 79' lang='grc' dir='ltr'>ταύτης</span> <span class='ocrx_word' id='word_1_517' title='bbox 748 3707 949 3779; x_wconf 76' lang='grc' dir='ltr'>δεσμὸν</span> <span class='ocrx_word' id='word_1_518' title='bbox 972 3711 1129 3766; x_wconf 76' lang='grc' dir='ltr'>αὐτοὶ</span> <span class='ocrx_word' id='word_1_519' title='bbox 1168 3713 1476 3770; x_wconf 84' lang='grc' dir='ltr'>ἐπιλύεσθε.</span> <span class='ocrx_word' id='word_1_520' title='bbox 1506 3717 1647 3771; x_wconf 77' lang='grc' dir='ltr'><strong>Φατέ</strong></span> <span class='ocrx_word' id='word_1_521' title='bbox 1691 3719 1825 3789; x_wconf 78' lang='grc' dir='ltr'>γὰρ,</span> 
     </span>
    </p>
   </div>
   <div class='ocr_carea' id='block_1_71' title="bbox 249 3794 1829 3877">
    <p class='ocr_par' dir='ltr' id='par_1_71' title="bbox 249 3794 1829 3877">
     <span class='ocr_line' id='line_1_72' title="bbox 249 3794 1829 3877; baseline 0.011 -33"><span class='ocrx_word' id='word_1_522' title='bbox 249 3795 330 3854; x_wconf 81' lang='grc' dir='ltr'>ὡς</span> <span class='ocrx_word' id='word_1_523' title='bbox 383 3794 614 3860; x_wconf 80' lang='grc' dir='ltr'>δεόντως</span> <span class='ocrx_word' id='word_1_524' title='bbox 643 3799 851 3861; x_wconf 81' lang='grc' dir='ltr'>ἐκεῖνος</span> <span class='ocrx_word' id='word_1_525' title='bbox 872 3802 902 3854; x_wconf 82' lang='grc' dir='ltr'>ὁ</span> <span class='ocrx_word' id='word_1_526' title='bbox 930 3802 1235 3874; x_wconf 72' lang='grc' dir='ltr'>ἐρωτήσας,</span> <span class='ocrx_word' id='word_1_527' title='bbox 1270 3805 1430 3877; x_wconf 84' lang='grc' dir='ltr'>είπερ</span> <span class='ocrx_word' id='word_1_528' title='bbox 1459 3806 1624 3871; x_wconf 74' lang='grc' dir='ltr'>αὐτός</span> <span class='ocrx_word' id='word_1_529' title='bbox 1679 3809 1829 3862; x_wconf 89' lang='grc' dir='ltr'>ἐστιν</span> 
     </span>
    </p>
   </div>
   <div class='ocr_carea' id='block_1_72' title="bbox 248 3887 1827 3969">
    <p class='ocr_par' dir='ltr' id='par_1_72' title="bbox 248 3887 1827 3969">
     <span class='ocr_line' id='line_1_73' title="bbox 248 3887 1827 3969; baseline 0.012 -31"><span class='ocrx_word' id='word_1_530' title='bbox 248 3887 276 3937; x_wconf 80' lang='grc' dir='ltr'><strong>ὁ</strong></span> <span class='ocrx_word' id='word_1_531' title='bbox 306 3889 642 3958; x_wconf 82' lang='grc' dir='ltr'>παραδιδοὺς</span> <span class='ocrx_word' id='word_1_532' title='bbox 697 3892 789 3944; x_wconf 81' lang='grc' dir='ltr'>τὸν</span> <span class='ocrx_word' id='word_1_533' title='bbox 833 3893 1173 3960; x_wconf 76' lang='grc' dir='ltr'>διδάσκαλον,</span> <span class='ocrx_word' id='word_1_534' title='bbox 1206 3898 1301 3951; x_wconf 77' lang='grc' dir='ltr'><strong>καὶ</strong></span> <span class='ocrx_word' id='word_1_535' title='bbox 1334 3898 1573 3964; x_wconf 82' lang='grc' dir='ltr'>ἀκούσας</span> <span class='ocrx_word' id='word_1_536' title='bbox 1620 3902 1702 3969; x_wconf 83' lang='grc' dir='ltr'><strong>τὺ,</strong></span> <span class='ocrx_word' id='word_1_537' title='bbox 1754 3903 1827 3957; x_wconf 81' lang='grc' dir='ltr'><strong>Σὺ</strong></span> 
     </span>
    </p>
   </div>
   <div class='ocr_carea' id='block_1_73' title="bbox 255 3974 1831 4060">
    <p class='ocr_par' dir='ltr' id='par_1_73' title="bbox 255 3974 1831 4060">
     <span class='ocr_line' id='line_1_74' title="bbox 255 3974 1831 4060; baseline 0.012 -29"><span class='ocrx_word' id='word_1_538' title='bbox 255 3974 447 4046; x_wconf 74' lang='grc' dir='ltr'>εἴπας,</span> <span class='ocrx_word' id='word_1_539' title='bbox 475 3982 572 4036; x_wconf 74' lang='grc' dir='ltr'>καὶ</span> <span class='ocrx_word' id='word_1_540' title='bbox 619 3981 761 4038; x_wconf 78' lang='grc' dir='ltr'>οὕτω</span> <span class='ocrx_word' id='word_1_541' title='bbox 810 3986 1200 4057; x_wconf 85' lang='grc' dir='ltr'>καταμηνύσας</span> <span class='ocrx_word' id='word_1_542' title='bbox 1217 3990 1412 4045; x_wconf 88' lang='grc' dir='ltr'>ἐαυτοῦ</span> <span class='ocrx_word' id='word_1_543' title='bbox 1436 3992 1497 4046; x_wconf 85' lang='grc' dir='ltr'>τὸ</span> <span class='ocrx_word' id='word_1_544' title='bbox 1512 3993 1705 4060; x_wconf 78' lang='grc' dir='ltr'>δεινὸν,</span> <span class='ocrx_word' id='word_1_545' title='bbox 1736 3997 1831 4050; x_wconf 77' lang='grc' dir='ltr'>καὶ</span> 
     </span>
    </p>
   </div>
   <div class='ocr_carea' id='block_1_74' title="bbox 256 4075 1828 4156">
    <p class='ocr_par' dir='ltr' id='par_1_74' title="bbox 256 4075 1828 4156">
     <span class='ocr_line' id='line_1_75' title="bbox 256 4075 1828 4156; baseline 0.008 -29"><span class='ocrx_word' id='word_1_546' title='bbox 256 4075 414 4143; x_wconf 83' lang='grc' dir='ltr'>ὅμως</span> <span class='ocrx_word' id='word_1_547' title='bbox 448 4075 524 4146; x_wconf 84' lang='grc' dir='ltr'>μὴ</span> <span class='ocrx_word' id='word_1_548' title='bbox 566 4078 892 4147; x_wconf 75' lang='grc' dir='ltr'>μεταγνοὺς,</span> <span class='ocrx_word' id='word_1_549' title='bbox 927 4080 1063 4136; x_wconf 83' lang='grc' dir='ltr'><strong>ἀλλά</strong></span> <span class='ocrx_word' id='word_1_550' title='bbox 1096 4084 1191 4135; x_wconf 72' lang='grc' dir='ltr'>καὶ</span> <span class='ocrx_word' id='word_1_551' title='bbox 1217 4083 1452 4154; x_wconf 78' lang='grc' dir='ltr'>φιλήσας</span> <span class='ocrx_word' id='word_1_552' title='bbox 1482 4084 1544 4138; x_wconf 76' lang='grc' dir='ltr'>τὸ</span> <span class='ocrx_word' id='word_1_553' title='bbox 1576 4089 1828 4156; x_wconf 76' lang='grc' dir='ltr'>μισητὸν,</span> 
     </span>
    </p>
   </div>
   <div class='ocr_carea' id='block_1_75' title="bbox 258 4166 1832 4250">
    <p class='ocr_par' dir='ltr' id='par_1_75' title="bbox 258 4166 1832 4250">
     <span class='ocr_line' id='line_1_76' title="bbox 258 4166 1832 4250; baseline 0.007 -29"><span class='ocrx_word' id='word_1_554' title='bbox 258 4168 457 4234; x_wconf 74' lang='grc' dir='ltr'>ἄγονος</span> <span class='ocrx_word' id='word_1_555' title='bbox 489 4166 706 4238; x_wconf 76' lang='grc' dir='ltr'>ἔμεινεν</span> <span class='ocrx_word' id='word_1_556' title='bbox 748 4171 951 4242; x_wconf 83' lang='grc' dir='ltr'>ἀρετῆς</span> <span class='ocrx_word' id='word_1_557' title='bbox 983 4174 1075 4227; x_wconf 81' lang='grc' dir='ltr'>καὶ</span> <span class='ocrx_word' id='word_1_558' title='bbox 1096 4174 1313 4246; x_wconf 82' lang='grc' dir='ltr'>δένδρον</span> <span class='ocrx_word' id='word_1_559' title='bbox 1340 4176 1629 4248; x_wconf 70' lang='grc' dir='ltr'>ἀπεφάνθη</span> <span class='ocrx_word' id='word_1_560' title='bbox 1680 4179 1832 4250; x_wconf 79' lang='grc' dir='ltr'>εὐερ-</span> 
     </span>
    </p>
   </div>
   <div class='ocr_carea' id='block_1_76' title="bbox 257 4256 1831 4341">
    <p class='ocr_par' dir='ltr' id='par_1_76' title="bbox 257 4256 1831 4341">
     <span class='ocr_line' id='line_1_77' title="bbox 257 4256 1831 4341; baseline 0.008 -29"><span class='ocrx_word' id='word_1_561' title='bbox 257 4256 353 4321; x_wconf 72' lang='grc' dir='ltr'><strong>νές</strong></span> <span class='ocrx_word' id='word_1_562' title='bbox 389 4259 489 4326; x_wconf 81' lang='grc' dir='ltr'><strong>μὲν</strong></span> <span class='ocrx_word' id='word_1_563' title='bbox 539 4260 739 4324; x_wconf 74' lang='grc' dir='ltr'>ἄλλως.</span> <span class='ocrx_word' id='word_1_564' title='bbox 797 4264 893 4317; x_wconf 76' lang='grc' dir='ltr'>καὶ</span> <span class='ocrx_word' id='word_1_565' title='bbox 943 4258 1057 4318; x_wconf 76' lang='grc' dir='ltr'>οἷον</span> <span class='ocrx_word' id='word_1_566' title='bbox 1091 4266 1527 4335; x_wconf 75' lang='grc' dir='ltr'>ἐπαγγέλλεσθαι</span> <span class='ocrx_word' id='word_1_567' title='bbox 1580 4272 1831 4341; x_wconf 78' lang='grc' dir='ltr'>καρποὺς</span> 
     </span>
    </p>
   </div>
   <div class='ocr_carea' id='block_1_77' title="bbox 258 4351 1831 4433">
    <p class='ocr_par' dir='ltr' id='par_1_77' title="bbox 258 4351 1831 4433">
     <span class='ocr_line' id='line_1_78' title="bbox 258 4351 1831 4433; baseline 0.009 -32"><span class='ocrx_word' id='word_1_568' title='bbox 258 4351 526 4418; x_wconf 75' lang='grc' dir='ltr'>εὐγενεῖς,</span> <span class='ocrx_word' id='word_1_569' title='bbox 580 4353 1014 4426; x_wconf 84' lang='grc' dir='ltr'>ἀτελεσφόρητον</span> <span class='ocrx_word' id='word_1_570' title='bbox 1063 4357 1120 4410; x_wconf 85' lang='grc' dir='ltr'><strong>δέ</strong></span> <span class='ocrx_word' id='word_1_571' title='bbox 1157 4356 1378 4428; x_wconf 86' lang='grc' dir='ltr'>ἀληθῶς</span> <span class='ocrx_word' id='word_1_572' title='bbox 1429 4359 1513 4423; x_wconf 88' lang='grc' dir='ltr'><strong>είς</strong></span> <span class='ocrx_word' id='word_1_573' title='bbox 1567 4359 1831 4433; x_wconf 82' lang='grc' dir='ltr'>εὐφορίαν</span> 
     </span>
    </p>
   </div>
   <div class='ocr_carea' id='block_1_78' title="bbox 1934 3184 3505 3261">
    <p class='ocr_par' dir='ltr' id='par_1_78' title="bbox 1934 3184 3505 3261">
     <span class='ocr_line' id='line_1_79' title="bbox 1934 3184 3505 3261; baseline 0.001 -25"><span class='ocrx_word' id='word_1_574' title='bbox 1934 3186 2150 3254; x_wconf 89' lang='lat' dir='ltr'><strong>quidem</strong></span> <span class='ocrx_word' id='word_1_575' title='bbox 2182 3187 2492 3261; x_wconf 86' lang='lat' dir='ltr'><strong>parturiens</strong></span> <span class='ocrx_word' id='word_1_576' title='bbox 2520 3195 2574 3240; x_wconf 90' lang='lat' dir='ltr'><strong>et</strong></span> <span class='ocrx_word' id='word_1_577' title='bbox 2605 3186 2847 3255; x_wconf 82' lang='lat' dir='ltr'><strong>pariens,</strong></span> <span class='ocrx_word' id='word_1_578' title='bbox 2888 3201 2995 3240; x_wconf 93' lang='lat' dir='ltr'><strong>non</strong></span> <span class='ocrx_word' id='word_1_579' title='bbox 3023 3196 3205 3240; x_wconf 88' lang='lat' dir='ltr'><strong>autem</strong></span> <span class='ocrx_word' id='word_1_580' title='bbox 3243 3184 3505 3255; x_wconf 78' lang='lat' dir='ltr'><strong>perfecte,</strong></span> 
     </span>
    </p>
   </div>
   <div class='ocr_carea' id='block_1_79' title="bbox 1936 3275 3507 3346">
    <p class='ocr_par' dir='ltr' id='par_1_79' title="bbox 1936 3275 3507 3346">
     <span class='ocr_line' id='line_1_80' title="bbox 1936 3275 3507 3346; baseline -0.002 -16"><span class='ocrx_word' id='word_1_581' title='bbox 1936 3291 2162 3330; x_wconf 87' lang='lat' dir='ltr'><strong>manens</strong></span> <span class='ocrx_word' id='word_1_582' title='bbox 2195 3285 2376 3331; x_wconf 82' lang='lat' dir='ltr'><strong>tamen</strong></span> <span class='ocrx_word' id='word_1_583' title='bbox 2409 3275 2632 3342; x_wconf 86' lang='lat' dir='ltr'><strong>sterilis,</strong></span> <span class='ocrx_word' id='word_1_584' title='bbox 2657 3276 2727 3330; x_wconf 85' lang='lat' dir='ltr'><strong>ita</strong></span> <span class='ocrx_word' id='word_1_585' title='bbox 2762 3284 2822 3330; x_wconf 89' lang='lat' dir='ltr'><strong>ut</strong></span> <span class='ocrx_word' id='word_1_586' title='bbox 2881 3276 3000 3346; x_wconf 84' lang='lat' dir='ltr'><strong>ipse</strong></span> <span class='ocrx_word' id='word_1_587' title='bbox 3042 3292 3151 3330; x_wconf 89' lang='lat' dir='ltr'><strong>non</strong></span> <span class='ocrx_word' id='word_1_588' title='bbox 3191 3276 3507 3331; x_wconf 82' lang='lat' dir='ltr'><strong>ostenderet</strong></span> 
     </span>
    </p>
   </div>
   <div class='ocr_carea' id='block_1_80' title="bbox 1932 3366 3508 3439">
    <p class='ocr_par' dir='ltr' id='par_1_80' title="bbox 1932 3366 3508 3439">
     <span class='ocr_line' id='line_1_81' title="bbox 1932 3366 3508 3439; baseline -0.003 -16"><span class='ocrx_word' id='word_1_589' title='bbox 1932 3367 2017 3423; x_wconf 85' lang='lat' dir='ltr'><strong>sui</strong></span> <span class='ocrx_word' id='word_1_590' title='bbox 2044 3367 2216 3439; x_wconf 84' lang='lat' dir='ltr'><strong>ipsius</strong></span> <span class='ocrx_word' id='word_1_591' title='bbox 2247 3367 2553 3436; x_wconf 80' lang='lat' dir='ltr'><strong>peccatoris</strong></span> <span class='ocrx_word' id='word_1_592' title='bbox 2578 3369 3113 3424; x_wconf 89' lang='lat' dir='ltr'><strong>condemnationem.</strong></span> <span class='ocrx_word' id='word_1_593' title='bbox 3141 3368 3280 3434; x_wconf 86' lang='lat' dir='ltr'><strong>Quid</strong></span> <span class='ocrx_word' id='word_1_594' title='bbox 3312 3366 3508 3437; x_wconf 72' lang='lat' dir='ltr'><strong>igitur?</strong></span> 
     </span>
    </p>
   </div>
   <div class='ocr_carea' id='block_1_81' title="bbox 1935 3458 3506 3530">
    <p class='ocr_par' dir='ltr' id='par_1_81' title="bbox 1935 3458 3506 3530">
     <span class='ocr_line' id='line_1_82' title="bbox 1935 3458 3506 3530; baseline -0.001 -16"><span class='ocrx_word' id='word_1_595' title='bbox 1935 3460 2328 3526; x_wconf 77' lang='lat' dir='ltr'><strong>tbesaurarius;</strong></span> <span class='ocrx_word' id='word_1_596' title='bbox 2357 3463 2449 3530; x_wconf 83' lang='lat' dir='ltr'><strong>qui</strong></span> <span class='ocrx_word' id='word_1_597' title='bbox 2484 3468 2540 3515; x_wconf 89' lang='lat' dir='ltr'><strong>et</strong></span> <span class='ocrx_word' id='word_1_598' title='bbox 2564 3459 2681 3527; x_wconf 83' lang='lat' dir='ltr'><strong>ipse</strong></span> <span class='ocrx_word' id='word_1_599' title='bbox 2729 3458 2939 3515; x_wconf 87' lang='lat' dir='ltr'><strong>electus</strong></span> <span class='ocrx_word' id='word_1_600' title='bbox 2988 3470 3111 3514; x_wconf 88' lang='lat' dir='ltr'><strong>erat</strong></span> <span class='ocrx_word' id='word_1_601' title='bbox 3167 3460 3311 3513; x_wconf 90' lang='lat' dir='ltr'><strong>inter</strong></span> <span class='ocrx_word' id='word_1_602' title='bbox 3340 3460 3506 3514; x_wconf 85' lang='lat' dir='ltr'><strong>disci-</strong></span> 
     </span>
    </p>
   </div>
   <div class='ocr_carea' id='block_1_82' title="bbox 1934 3551 3507 3623">
    <p class='ocr_par' dir='ltr' id='par_1_82' title="bbox 1934 3551 3507 3623">
     <span class='ocr_line' id='line_1_83' title="bbox 1934 3551 3507 3623; baseline -0.002 -16"><span class='ocrx_word' id='word_1_603' title='bbox 1934 3555 2109 3622; x_wconf 85' lang='lat' dir='ltr'><strong>pulos,</strong></span> <span class='ocrx_word' id='word_1_604' title='bbox 2139 3554 2415 3623; x_wconf 85' lang='lat' dir='ltr'><strong>projectus</strong></span> <span class='ocrx_word' id='word_1_605' title='bbox 2451 3562 2538 3606; x_wconf 86' lang='lat' dir='ltr'><strong>est</strong></span> <span class='ocrx_word' id='word_1_606' title='bbox 2576 3552 2633 3607; x_wconf 91' lang='lat' dir='ltr'><strong>in</strong></span> <span class='ocrx_word' id='word_1_607' title='bbox 2670 3552 3054 3620; x_wconf 87' lang='lat' dir='ltr'><strong>perditionem,</strong></span> <span class='ocrx_word' id='word_1_608' title='bbox 3089 3559 3146 3605; x_wconf 86' lang='lat' dir='ltr'><strong>et</strong></span> <span class='ocrx_word' id='word_1_609' title='bbox 3193 3551 3361 3605; x_wconf 89' lang='lat' dir='ltr'><strong>Deum</strong></span> <span class='ocrx_word' id='word_1_610' title='bbox 3416 3565 3507 3604; x_wconf 84' lang='lat' dir='ltr'><strong>ar-</strong></span> 
     </span>
    </p>
   </div>
   <div class='ocr_carea' id='block_1_83' title="bbox 1933 3641 3505 3718">
    <p class='ocr_par' dir='ltr' id='par_1_83' title="bbox 1933 3641 3505 3718">
     <span class='ocr_line' id='line_1_84' title="bbox 1933 3641 3505 3718; baseline -0.001 -21"><span class='ocrx_word' id='word_1_611' title='bbox 1933 3660 2097 3718; x_wconf 74' lang='lat' dir='ltr'><strong>guere</strong></span> <span class='ocrx_word' id='word_1_612' title='bbox 2148 3646 2217 3701; x_wconf 90' lang='lat' dir='ltr'><strong>de</strong></span> <span class='ocrx_word' id='word_1_613' title='bbox 2262 3644 2625 3703; x_wconf 85' lang='lat' dir='ltr'><strong>vindicatione</strong></span> <span class='ocrx_word' id='word_1_614' title='bbox 2667 3642 2989 3713; x_wconf 66' lang='lat' dir='ltr'><strong>praesumit?</strong></span> <span class='ocrx_word' id='word_1_615' title='bbox 3019 3642 3088 3696; x_wconf 84' lang='lat' dir='ltr'><strong>At</strong></span> <span class='ocrx_word' id='word_1_616' title='bbox 3120 3655 3247 3697; x_wconf 86' lang='lat' dir='ltr'><strong>ecce</strong></span> <span class='ocrx_word' id='word_1_617' title='bbox 3301 3641 3505 3696; x_wconf 87' lang='lat' dir='ltr'><strong>nodum</strong></span> 
     </span>
    </p>
   </div>
   <div class='ocr_carea' id='block_1_84' title="bbox 1936 3733 3504 3807">
    <p class='ocr_par' dir='ltr' id='par_1_84' title="bbox 1936 3733 3504 3807">
     <span class='ocr_line' id='line_1_85' title="bbox 1936 3733 3504 3807; baseline -0.003 -14"><span class='ocrx_word' id='word_1_618' title='bbox 1936 3738 2099 3807; x_wconf 86' lang='lat' dir='ltr'><strong>hujus</strong></span> <span class='ocrx_word' id='word_1_619' title='bbox 2153 3736 2490 3792; x_wconf 80' lang='lat' dir='ltr'><strong>diﬂicultatis</strong></span> <span class='ocrx_word' id='word_1_620' title='bbox 2521 3736 2621 3804; x_wconf 90' lang='lat' dir='ltr'><strong>ipsi</strong></span> <span class='ocrx_word' id='word_1_621' title='bbox 2657 3737 2791 3790; x_wconf 89' lang='lat' dir='ltr'><strong>mibi</strong></span> <span class='ocrx_word' id='word_1_622' title='bbox 2823 3735 3058 3791; x_wconf 84' lang='lat' dir='ltr'><strong>solvitis.</strong></span> <span class='ocrx_word' id='word_1_623' title='bbox 3098 3733 3289 3790; x_wconf 84' lang='lat' dir='ltr'><strong>Dicitis</strong></span> <span class='ocrx_word' id='word_1_624' title='bbox 3354 3735 3504 3790; x_wconf 86' lang='lat' dir='ltr'><strong>enim</strong></span> 
     </span>
    </p>
   </div>
   <div class='ocr_carea' id='block_1_85' title="bbox 1937 3824 3509 3894">
    <p class='ocr_par' dir='ltr' id='par_1_85' title="bbox 1937 3824 3509 3894">
     <span class='ocr_line' id='line_1_86' title="bbox 1937 3824 3509 3894; baseline -0.003 -14"><span class='ocrx_word' id='word_1_625' title='bbox 1937 3824 2153 3887; x_wconf 86' lang='lat' dir='ltr'><strong>merito.</strong></span> <span class='ocrx_word' id='word_1_626' title='bbox 2191 3826 2335 3893; x_wconf 88' lang='lat' dir='ltr'><strong>quod</strong></span> <span class='ocrx_word' id='word_1_627' title='bbox 2365 3824 2455 3878; x_wconf 89' lang='lat' dir='ltr'><strong>ille</strong></span> <span class='ocrx_word' id='word_1_628' title='bbox 2489 3824 2582 3893; x_wconf 88' lang='lat' dir='ltr'><strong>qui</strong></span> <span class='ocrx_word' id='word_1_629' title='bbox 2630 3825 3011 3894; x_wconf 72' lang='lat' dir='ltr'><strong>interrogavit.</strong></span> <span class='ocrx_word' id='word_1_630' title='bbox 3038 3825 3081 3879; x_wconf 88' lang='lat' dir='ltr'><strong>si</strong></span> <span class='ocrx_word' id='word_1_631' title='bbox 3129 3824 3347 3892; x_wconf 87' lang='lat' dir='ltr'><strong>quidem</strong></span> <span class='ocrx_word' id='word_1_632' title='bbox 3392 3828 3509 3890; x_wconf 83' lang='lat' dir='ltr'><strong>ipse</strong></span> 
     </span>
    </p>
   </div>
   <div class='ocr_carea' id='block_1_86' title="bbox 1933 3913 3503 3983">
    <p class='ocr_par' dir='ltr' id='par_1_86' title="bbox 1933 3913 3503 3983">
     <span class='ocr_line' id='line_1_87' title="bbox 1933 3913 3503 3983; baseline -0.001 -14"><span class='ocrx_word' id='word_1_633' title='bbox 1933 3923 2078 3969; x_wconf 87' lang='lat' dir='ltr'><strong>esset</strong></span> <span class='ocrx_word' id='word_1_634' title='bbox 2106 3913 2197 3983; x_wconf 88' lang='lat' dir='ltr'><strong>qui</strong></span> <span class='ocrx_word' id='word_1_635' title='bbox 2235 3915 2474 3968; x_wconf 84' lang='lat' dir='ltr'><strong>traderet</strong></span> <span class='ocrx_word' id='word_1_636' title='bbox 2510 3913 2850 3981; x_wconf 75' lang='lat' dir='ltr'><strong>magistrum,</strong></span> <span class='ocrx_word' id='word_1_637' title='bbox 2870 3923 2924 3969; x_wconf 91' lang='lat' dir='ltr'><strong>et</strong></span> <span class='ocrx_word' id='word_1_638' title='bbox 2968 3914 3177 3967; x_wconf 85' lang='lat' dir='ltr'><strong>audivit</strong></span> <span class='ocrx_word' id='word_1_639' title='bbox 3207 3913 3338 3968; x_wconf 90' lang='lat' dir='ltr'><strong>illud</strong></span> <span class='ocrx_word' id='word_1_640' title='bbox 3370 3928 3388 3969; x_wconf 88' lang='lat'><strong>:</strong></span> <span class='ocrx_word' id='word_1_641' title='bbox 3422 3913 3503 3968; x_wconf 89' lang='lat' dir='ltr'><strong>Tu</strong></span> 
     </span>
    </p>
   </div>
   <div class='ocr_carea' id='block_1_87' title="bbox 1936 4004 3512 4071">
    <p class='ocr_par' dir='ltr' id='par_1_87' title="bbox 1936 4004 3512 4071">
     <span class='ocr_line' id='line_1_88' title="bbox 1936 4004 3512 4071; baseline -0.001 -11"><span class='ocrx_word' id='word_1_642' title='bbox 1936 4006 2156 4071; x_wconf 80' lang='lat' dir='ltr'><strong>dixisti;</strong></span> <span class='ocrx_word' id='word_1_643' title='bbox 2208 4013 2264 4059; x_wconf 86' lang='lat' dir='ltr'><strong>et.</strong></span> <span class='ocrx_word' id='word_1_644' title='bbox 2329 4005 2410 4059; x_wconf 88' lang='lat' dir='ltr'><strong>sic</strong></span> <span class='ocrx_word' id='word_1_645' title='bbox 2458 4004 2833 4058; x_wconf 77' lang='lat' dir='ltr'><strong>manifestavit</strong></span> <span class='ocrx_word' id='word_1_646' title='bbox 2901 4019 3051 4059; x_wconf 88' lang='lat' dir='ltr'><strong>suam</strong></span> <span class='ocrx_word' id='word_1_647' title='bbox 3106 4004 3412 4070; x_wconf 78' lang='lat' dir='ltr'><strong>perﬁdiam,</strong></span> <span class='ocrx_word' id='word_1_648' title='bbox 3454 4013 3512 4059; x_wconf 83' lang='lat' dir='ltr'><strong>et</strong></span> 
     </span>
    </p>
   </div>
   <div class='ocr_carea' id='block_1_88' title="bbox 1939 4082 3511 4161">
    <p class='ocr_par' dir='ltr' id='par_1_88' title="bbox 1939 4082 3511 4161">
     <span class='ocr_line' id='line_1_89' title="bbox 1939 4082 3511 4161; baseline -0.001 -11"><span class='ocrx_word' id='word_1_649' title='bbox 1939 4082 2118 4151; x_wconf 82' lang='lat' dir='ltr'><strong>tamen</strong></span> <span class='ocrx_word' id='word_1_650' title='bbox 2150 4110 2258 4151; x_wconf 93' lang='lat' dir='ltr'><strong>non</strong></span> <span class='ocrx_word' id='word_1_651' title='bbox 2283 4096 2517 4149; x_wconf 85' lang='lat' dir='ltr'><strong>mutavit</strong></span> <span class='ocrx_word' id='word_1_652' title='bbox 2536 4094 2881 4156; x_wconf 85' lang='lat' dir='ltr'><strong>sententiam,</strong></span> <span class='ocrx_word' id='word_1_653' title='bbox 2914 4094 3008 4149; x_wconf 91' lang='lat' dir='ltr'><strong>sed</strong></span> <span class='ocrx_word' id='word_1_654' title='bbox 3032 4092 3195 4148; x_wconf 88' lang='lat' dir='ltr'><strong>etiam</strong></span> <span class='ocrx_word' id='word_1_655' title='bbox 3220 4094 3365 4161; x_wconf 90' lang='lat' dir='ltr'><strong>quod</strong></span> <span class='ocrx_word' id='word_1_656' title='bbox 3392 4104 3511 4148; x_wconf 89' lang='lat' dir='ltr'><strong>erat</strong></span> 
     </span>
    </p>
   </div>
   <div class='ocr_carea' id='block_1_89' title="bbox 1937 4186 3510 4257">
    <p class='ocr_par' dir='ltr' id='par_1_89' title="bbox 1937 4186 3510 4257">
     <span class='ocr_line' id='line_1_90' title="bbox 1937 4186 3510 4257; baseline -0.003 -12"><span class='ocrx_word' id='word_1_657' title='bbox 1937 4190 2321 4245; x_wconf 89' lang='lat' dir='ltr'><strong>detestandum</strong></span> <span class='ocrx_word' id='word_1_658' title='bbox 2359 4191 2585 4257; x_wconf 88' lang='lat' dir='ltr'><strong>amavit,</strong></span> <span class='ocrx_word' id='word_1_659' title='bbox 2622 4188 2839 4243; x_wconf 86' lang='lat' dir='ltr'><strong>virtutis</strong></span> <span class='ocrx_word' id='word_1_660' title='bbox 2881 4187 3085 4241; x_wconf 88' lang='lat' dir='ltr'><strong>sterilis</strong></span> <span class='ocrx_word' id='word_1_661' title='bbox 3111 4187 3331 4251; x_wconf 88' lang='lat' dir='ltr'><strong>mansit,</strong></span> <span class='ocrx_word' id='word_1_662' title='bbox 3357 4186 3510 4253; x_wconf 66' lang='lat' dir='ltr'><strong>fuit-</strong></span> 
     </span>
    </p>
   </div>
   <div class='ocr_carea' id='block_1_90' title="bbox 1938 4275 3511 4362">
    <p class='ocr_par' dir='ltr' id='par_1_90' title="bbox 1938 4275 3511 4362">
     <span class='ocr_line' id='line_1_91' title="bbox 1938 4275 3511 4362; baseline -0.004 -26"><span class='ocrx_word' id='word_1_663' title='bbox 1938 4296 2045 4352; x_wconf 90' lang='lat' dir='ltr'><strong>que</strong></span> <span class='ocrx_word' id='word_1_664' title='bbox 2094 4279 2476 4335; x_wconf 87' lang='lat' dir='ltr'><strong>tnanil&#39;estatus</strong></span> <span class='ocrx_word' id='word_1_665' title='bbox 2507 4289 2565 4332; x_wconf 93' lang='lat' dir='ltr'><strong>ut</strong></span> <span class='ocrx_word' id='word_1_666' title='bbox 2611 4277 2786 4362; x_wconf 46' lang='lat' dir='ltr'><strong>arbor.</strong></span> <span class='ocrx_word' id='word_1_667' title='bbox 2828 4276 3047 4330; x_wconf 87' lang='lat' dir='ltr'><strong>aliunde</strong></span> <span class='ocrx_word' id='word_1_668' title='bbox 3090 4276 3309 4347; x_wconf 84' lang='lat' dir='ltr'><strong>quidem</strong></span> <span class='ocrx_word' id='word_1_669' title='bbox 3373 4275 3511 4330; x_wconf 88' lang='lat' dir='ltr'><strong>bene</strong></span> 
     </span>
    </p>
   </div>
   <div class='ocr_carea' id='block_1_91' title="bbox 1941 4368 3511 4444">
    <p class='ocr_par' dir='ltr' id='par_1_91' title="bbox 1941 4368 3511 4444">
     <span class='ocr_line' id='line_1_92' title="bbox 1941 4368 3511 4444; baseline -0.004 -14"><span class='ocrx_word' id='word_1_670' title='bbox 1941 4385 2112 4442; x_wconf 90' lang='lat' dir='ltr'><strong>creta,</strong></span> <span class='ocrx_word' id='word_1_671' title='bbox 2151 4390 2217 4431; x_wconf 88' lang='lat' dir='ltr'><strong>ac</strong></span> <span class='ocrx_word' id='word_1_672' title='bbox 2255 4376 2381 4430; x_wconf 88' lang='lat' dir='ltr'><strong>talis</strong></span> <span class='ocrx_word' id='word_1_673' title='bbox 2409 4389 2532 4444; x_wconf 58' lang='lat' dir='ltr'><strong>quae</strong></span> <span class='ocrx_word' id='word_1_674' title='bbox 2563 4374 2739 4428; x_wconf 88' lang='lat' dir='ltr'><strong>bonos</strong></span> <span class='ocrx_word' id='word_1_675' title='bbox 2786 4370 3111 4440; x_wconf 87' lang='lat' dir='ltr'><strong>polliceatur</strong></span> <span class='ocrx_word' id='word_1_676' title='bbox 3147 4368 3378 4435; x_wconf 80' lang='lat' dir='ltr'><strong>fructus,</strong></span> <span class='ocrx_word' id='word_1_677' title='bbox 3411 4368 3511 4424; x_wconf 82' lang='lat' dir='ltr'><strong>sed</strong></span> 
     </span>
    </p>
   </div>
   <div class='ocr_carea' id='block_1_92' title="bbox 262 4437 1834 4527">
    <p class='ocr_par' dir='ltr' id='par_1_92' title="bbox 262 4437 1829 4521">
     <span class='ocr_line' id='line_1_93' title="bbox 262 4437 1829 4521; baseline 0.008 -30"><span class='ocrx_word' id='word_1_678' title='bbox 262 4438 360 4492; x_wconf 75' lang='grc' dir='ltr'>καὶ</span> <span class='ocrx_word' id='word_1_679' title='bbox 386 4437 575 4507; x_wconf 62' lang='lat' dir='ltr'><strong>eam;</strong></span> <span class='ocrx_word' id='word_1_680' title='bbox 601 4441 822 4508; x_wconf 81' lang='grc' dir='ltr'>ἐπάξιον</span> <span class='ocrx_word' id='word_1_681' title='bbox 848 4445 943 4497; x_wconf 73' lang='grc' dir='ltr'>καὶ</span> <span class='ocrx_word' id='word_1_682' title='bbox 969 4445 1279 4517; x_wconf 78' lang='grc' dir='ltr'>καταϐολῆς</span> <span class='ocrx_word' id='word_1_683' title='bbox 1307 4449 1388 4512; x_wconf 87' lang='grc' dir='ltr'><strong>είς</strong></span> <span class='ocrx_word' id='word_1_684' title='bbox 1415 4447 1528 4521; x_wconf 89' lang='grc' dir='ltr'><strong>πῦρ</strong></span> <span class='ocrx_word' id='word_1_685' title='bbox 1560 4448 1659 4504; x_wconf 75' lang='grc' dir='ltr'>καὶ</span> <span class='ocrx_word' id='word_1_686' title='bbox 1689 4450 1829 4506; x_wconf 87' lang='grc' dir='ltr'>καῦ-</span> 
     </span>
    </p>
   </div>
   <div class='ocr_carea' id='block_1_93' title="bbox 1941 4437 3512 4527">
    <p class='ocr_par' dir='ltr' id='par_1_93' title="bbox 1941 4437 3512 4527">
     <span class='ocr_line' id='line_1_94' title="bbox 1941 4437 3512 4527; baseline -0.006 -8"><span class='ocrx_word' id='word_1_687' title='bbox 1941 4480 2048 4519; x_wconf 88' lang='lat' dir='ltr'><strong>non</strong></span> <span class='ocrx_word' id='word_1_688' title='bbox 2085 4437 2373 4519; x_wconf 83' lang='lat' dir='ltr'><strong>maturans</strong></span> <span class='ocrx_word' id='word_1_689' title='bbox 2421 4437 2487 4516; x_wconf 77' lang='lat' dir='ltr'><strong>ad</strong></span> <span class='ocrx_word' id='word_1_690' title='bbox 2542 4437 3055 4521; x_wconf 68' lang='lat' dir='ltr'><strong>iructillcationt-tn,</strong></span> <span class='ocrx_word' id='word_1_691' title='bbox 3087 4467 3144 4512; x_wconf 90' lang='lat' dir='ltr'><strong>et</strong></span> <span class='ocrx_word' id='word_1_692' title='bbox 3192 4456 3358 4527; x_wconf 75' lang='lat' dir='ltr'><strong>digna</strong></span> <span class='ocrx_word' id='word_1_693' title='bbox 3392 4472 3512 4526; x_wconf 71' lang='lat' dir='ltr'><strong>qua:</strong></span> 
     </span>
    </p>
   </div>
   <div class='ocr_carea' id='block_1_94' title="bbox 263 4548 372 4587">
    <p class='ocr_par' dir='ltr' id='par_1_94' title="bbox 263 4548 372 4587">
     <span class='ocr_line' id='line_1_95' title="bbox 263 4548 372 4587; baseline 0.037 -4"><span class='ocrx_word' id='word_1_694' title='bbox 263 4548 372 4587; x_wconf 83' lang='grc' dir='ltr'>σιν.</span> 
     </span>
    </p>
   </div>
   <div class='ocr_carea' id='block_1_95' title="bbox 333 4734 1833 4813">
    <p class='ocr_par' dir='ltr' id='par_1_95' title="bbox 333 4734 1833 4813">
     <span class='ocr_line' id='line_1_96' title="bbox 333 4734 1833 4813; baseline 0.005 -24"><span class='ocrx_word' id='word_1_695' title='bbox 333 4734 438 4790; x_wconf 82' lang='grc' dir='ltr'>να’.</span> <span class='ocrx_word' id='word_1_696' title='bbox 459 4736 525 4789; x_wconf 80' lang='lat' dir='ltr'><strong>Ei</strong></span> <span class='ocrx_word' id='word_1_697' title='bbox 546 4735 602 4791; x_wconf 83' lang='grc' dir='ltr'>δέ</span> <span class='ocrx_word' id='word_1_698' title='bbox 632 4752 718 4800; x_wconf 91' lang='grc' dir='ltr'><strong>τις</strong></span> <span class='ocrx_word' id='word_1_699' title='bbox 742 4736 878 4806; x_wconf 77' lang='grc' dir='ltr'>πρὸς</span> <span class='ocrx_word' id='word_1_700' title='bbox 900 4736 1073 4791; x_wconf 88' lang='grc' dir='ltr'>ταῦτα</span> <span class='ocrx_word' id='word_1_701' title='bbox 1099 4739 1317 4809; x_wconf 81' lang='grc' dir='ltr'>εὐφυῶς</span> <span class='ocrx_word' id='word_1_702' title='bbox 1335 4740 1705 4813; x_wconf 80' lang='grc' dir='ltr'>ἀνθυποφέρει</span> <span class='ocrx_word' id='word_1_703' title='bbox 1730 4745 1791 4797; x_wconf 68' lang='grc' dir='ltr'><strong>τό</strong></span> <span class='ocrx_word' id='word_1_704' title='bbox 1817 4761 1833 4777; x_wconf 90' lang='grc'><strong>·</strong></span> 
     </span>
    </p>
   </div>
   <div class='ocr_carea' id='block_1_96' title="bbox 279 4825 1836 4903">
    <p class='ocr_par' dir='ltr' id='par_1_96' title="bbox 279 4825 1836 4903">
     <span class='ocr_line' id='line_1_97' title="bbox 279 4825 1836 4903; baseline 0.006 -25"><span class='ocrx_word' id='word_1_705' title='bbox 279 4826 420 4878; x_wconf 81' lang='grc' dir='ltr'>Ἀλλ’</span> <span class='ocrx_word' id='word_1_706' title='bbox 464 4826 648 4895; x_wconf 76' lang='grc' dir='ltr'>ἡμεῖς,</span> <span class='ocrx_word' id='word_1_707' title='bbox 670 4825 719 4878; x_wconf 80' lang='grc' dir='ltr'><strong>εί</strong></span> <span class='ocrx_word' id='word_1_708' title='bbox 744 4825 837 4880; x_wconf 82' lang='grc' dir='ltr'><strong>καί</strong></span> <span class='ocrx_word' id='word_1_709' title='bbox 856 4844 912 4880; x_wconf 88' lang='grc' dir='ltr'><strong>τι</strong></span> <span class='ocrx_word' id='word_1_710' title='bbox 930 4828 1094 4899; x_wconf 80' lang='grc' dir='ltr'>τυχὸν</span> <span class='ocrx_word' id='word_1_711' title='bbox 1121 4830 1379 4899; x_wconf 79' lang='grc' dir='ltr'>φορτικὸν</span> <span class='ocrx_word' id='word_1_712' title='bbox 1402 4832 1633 4903; x_wconf 76' lang='grc' dir='ltr'>προέϐη,</span> <span class='ocrx_word' id='word_1_713' title='bbox 1650 4833 1726 4897; x_wconf 85' lang='grc' dir='ltr'><strong>ὡς</strong></span> <span class='ocrx_word' id='word_1_714' title='bbox 1741 4835 1836 4889; x_wconf 84' lang='grc' dir='ltr'><strong>αὐ-</strong></span> 
     </span>
    </p>
   </div>
   <div class='ocr_carea' id='block_1_97' title="bbox 266 4917 1838 4994">
    <p class='ocr_par' dir='ltr' id='par_1_97' title="bbox 266 4917 1838 4994">
     <span class='ocr_line' id='line_1_98' title="bbox 266 4917 1838 4994; baseline 0.006 -24"><span class='ocrx_word' id='word_1_715' title='bbox 266 4919 354 4981; x_wconf 72' lang='grc' dir='ltr'>τὸς</span> <span class='ocrx_word' id='word_1_716' title='bbox 378 4917 505 4984; x_wconf 81' lang='grc' dir='ltr'>οῖει,</span> <span class='ocrx_word' id='word_1_717' title='bbox 532 4918 980 4990; x_wconf 74' lang='grc' dir='ltr'>ἐκθεραπεύομεν</span> <span class='ocrx_word' id='word_1_718' title='bbox 1005 4922 1181 4974; x_wconf 82' lang='grc' dir='ltr'>ἐκεῖνο</span> <span class='ocrx_word' id='word_1_719' title='bbox 1210 4926 1423 4990; x_wconf 81' lang='grc' dir='ltr'>τιμαῖς,</span> <span class='ocrx_word' id='word_1_720' title='bbox 1454 4928 1838 4994; x_wconf 80' lang='grc' dir='ltr'>προπομπαῖς,</span> 
     </span>
    </p>
   </div>
   <div class='ocr_carea' id='block_1_98' title="bbox 269 5009 1842 5085">
    <p class='ocr_par' dir='ltr' id='par_1_98' title="bbox 269 5009 1842 5085">
     <span class='ocr_line' id='line_1_99' title="bbox 269 5009 1842 5085; baseline 0.006 -23"><span class='ocrx_word' id='word_1_721' title='bbox 269 5009 525 5079; x_wconf 81' lang='grc' dir='ltr'>κεφαλῶν</span> <span class='ocrx_word' id='word_1_722' title='bbox 546 5011 777 5080; x_wconf 82' lang='grc' dir='ltr'>κλίσεσι,</span> <span class='ocrx_word' id='word_1_723' title='bbox 812 5014 1068 5082; x_wconf 83' lang='grc' dir='ltr'>χρηστοῖς</span> <span class='ocrx_word' id='word_1_724' title='bbox 1093 5015 1307 5085; x_wconf 78' lang='grc' dir='ltr'>προσρή</span> <span class='ocrx_word' id='word_1_725' title='bbox 1318 5032 1474 5084; x_wconf 87' lang='grc' dir='ltr'>μασι,</span> <span class='ocrx_word' id='word_1_726' title='bbox 1505 5016 1573 5070; x_wconf 90' lang='grc' dir='ltr'><strong>δι’</strong></span> <span class='ocrx_word' id='word_1_727' title='bbox 1600 5009 1676 5070; x_wconf 83' lang='grc' dir='ltr'>ὧν</span> <span class='ocrx_word' id='word_1_728' title='bbox 1706 5019 1842 5071; x_wconf 81' lang='grc' dir='ltr'>πάν-</span> 
     </span>
    </p>
   </div>
   <div class='ocr_carea' id='block_1_99' title="bbox 270 5102 1836 5179">
    <p class='ocr_par' dir='ltr' id='par_1_99' title="bbox 270 5102 1836 5179">
     <span class='ocr_line' id='line_1_100' title="bbox 270 5102 1836 5179; baseline 0.006 -24"><span class='ocrx_word' id='word_1_729' title='bbox 270 5120 377 5157; x_wconf 88' lang='grc' dir='ltr'><strong>των</strong></span> <span class='ocrx_word' id='word_1_730' title='bbox 438 5103 591 5172; x_wconf 82' lang='grc' dir='ltr'>φιλία</span> <span class='ocrx_word' id='word_1_731' title='bbox 648 5102 1155 5176; x_wconf 81' lang='grc' dir='ltr'>χαρακτηρίζεται,</span> <span class='ocrx_word' id='word_1_732' title='bbox 1207 5107 1404 5161; x_wconf 76' lang='grc' dir='ltr'>οὐκοῦν</span> <span class='ocrx_word' id='word_1_733' title='bbox 1495 5111 1836 5179; x_wconf 84' lang='grc' dir='ltr'>μνησικάκου</span> 
     </span>
    </p>
   </div>
   <div class='ocr_carea' id='block_1_100' title="bbox 273 5195 1837 5271">
    <p class='ocr_par' dir='ltr' id='par_1_100' title="bbox 273 5195 1837 5271">
     <span class='ocr_line' id='line_1_101' title="bbox 273 5195 1837 5271; baseline 0.003 -22"><span class='ocrx_word' id='word_1_734' title='bbox 273 5196 625 5266; x_wconf 77' lang='grc' dir='ltr'>ἀποτέλεσμα</span> <span class='ocrx_word' id='word_1_735' title='bbox 653 5195 728 5264; x_wconf 77' lang='grc' dir='ltr'>μὴ</span> <span class='ocrx_word' id='word_1_736' title='bbox 763 5197 901 5267; x_wconf 76' lang='grc' dir='ltr'>πρὸς</span> <span class='ocrx_word' id='word_1_737' title='bbox 933 5197 1066 5267; x_wconf 78' lang='grc' dir='ltr'>ἡμῖν</span> <span class='ocrx_word' id='word_1_738' title='bbox 1103 5196 1177 5260; x_wconf 82' lang='grc' dir='ltr'>ὡς</span> <span class='ocrx_word' id='word_1_739' title='bbox 1212 5199 1306 5250; x_wconf 79' lang='grc' dir='ltr'>καὶ</span> <span class='ocrx_word' id='word_1_740' title='bbox 1333 5200 1502 5252; x_wconf 80' lang='grc' dir='ltr'>πάλαι</span> <span class='ocrx_word' id='word_1_741' title='bbox 1527 5200 1722 5271; x_wconf 77' lang='grc' dir='ltr'>εἰκαίῳ</span> <span class='ocrx_word' id='word_1_742' title='bbox 1754 5218 1837 5254; x_wconf 86' lang='grc' dir='ltr'><strong>σοι</strong></span> 
     </span>
    </p>
   </div>
   <div class='ocr_carea' id='block_1_101' title="bbox 271 5287 1837 5359">
    <p class='ocr_par' dir='ltr' id='par_1_101' title="bbox 271 5287 1837 5359">
     <span class='ocr_line' id='line_1_102' title="bbox 271 5287 1837 5359; baseline 0.003 -20"><span class='ocrx_word' id='word_1_743' title='bbox 271 5288 357 5340; x_wconf 67' lang='grc' dir='ltr'>τὸν</span> <span class='ocrx_word' id='word_1_744' title='bbox 407 5287 536 5342; x_wconf 89' lang='grc' dir='ltr'>νοῦν</span> <span class='ocrx_word' id='word_1_745' title='bbox 556 5305 570 5319; x_wconf 79' lang='grc'><strong>’</strong></span> <span class='ocrx_word' id='word_1_746' title='bbox 618 5290 777 5358; x_wconf 77' lang='grc' dir='ltr'>ἡμεῖς</span> <span class='ocrx_word' id='word_1_747' title='bbox 835 5288 971 5359; x_wconf 75' lang='grc' dir='ltr'>πρὸς</span> <span class='ocrx_word' id='word_1_748' title='bbox 1002 5287 1101 5356; x_wconf 79' lang='grc' dir='ltr'>μὲν</span> <span class='ocrx_word' id='word_1_749' title='bbox 1132 5288 1193 5340; x_wconf 77' lang='grc' dir='ltr'>τὸ</span> <span class='ocrx_word' id='word_1_750' title='bbox 1220 5288 1380 5357; x_wconf 73' lang='grc' dir='ltr'>δῆθεν</span> <span class='ocrx_word' id='word_1_751' title='bbox 1411 5292 1837 5359; x_wconf 76' lang='grc' dir='ltr'>παραγραφικδν</span> 
     </span>
    </p>
   </div>
   <div class='ocr_carea' id='block_1_102' title="bbox 275 5380 1834 5451">
    <p class='ocr_par' dir='ltr' id='par_1_102' title="bbox 275 5380 1834 5451">
     <span class='ocr_line' id='line_1_103' title="bbox 275 5380 1834 5451; baseline -0.001 -18"><span class='ocrx_word' id='word_1_752' title='bbox 275 5381 345 5433; x_wconf 82' lang='grc' dir='ltr'><strong>τό·</strong></span> <span class='ocrx_word' id='word_1_753' title='bbox 392 5399 411 5431; x_wconf 80' lang='grc' dir='ltr'><strong>ι</strong></span> <span class='ocrx_word' id='word_1_754' title='bbox 440 5380 497 5432; x_wconf 83' lang='grc' dir='ltr'><strong>εί</strong></span> <span class='ocrx_word' id='word_1_755' title='bbox 522 5381 575 5433; x_wconf 88' lang='grc' dir='ltr'><strong>τί</strong></span> <span class='ocrx_word' id='word_1_756' title='bbox 603 5396 707 5434; x_wconf 88' lang='grc' dir='ltr'><strong>που</strong></span> <span class='ocrx_word' id='word_1_757' title='bbox 743 5382 838 5434; x_wconf 76' lang='grc' dir='ltr'>καὶ</span> <span class='ocrx_word' id='word_1_758' title='bbox 865 5380 1174 5434; x_wconf 83' lang='grc' dir='ltr'>τετέλεσται</span> <span class='ocrx_word' id='word_1_759' title='bbox 1209 5380 1467 5451; x_wconf 71' lang='grc' dir='ltr'>φορτικὸν</span> <span class='ocrx_word' id='word_1_760' title='bbox 1488 5382 1611 5434; x_wconf 85' lang='grc' dir='ltr'>καθ’</span> <span class='ocrx_word' id='word_1_761' title='bbox 1633 5380 1834 5449; x_wconf 79' lang='grc' dir='ltr'>ἡμετέ-</span> 
     </span>
    </p>
   </div>
   <div class='ocr_carea' id='block_1_103' title="bbox 277 5470 1833 5541">
    <p class='ocr_par' dir='ltr' id='par_1_103' title="bbox 277 5470 1833 5541">
     <span class='ocr_line' id='line_1_104' title="bbox 277 5470 1833 5541; baseline 0.001 -19"><span class='ocrx_word' id='word_1_762' title='bbox 277 5486 372 5539; x_wconf 77' lang='grc' dir='ltr'><strong>ραν</strong></span> <span class='ocrx_word' id='word_1_763' title='bbox 415 5470 659 5541; x_wconf 81' lang='grc' dir='ltr'>δόκησιν,</span> <span class='ocrx_word' id='word_1_764' title='bbox 696 5489 715 5523; x_wconf 75' lang='grc' dir='ltr'><strong>ι</strong></span> <span class='ocrx_word' id='word_1_765' title='bbox 747 5470 872 5526; x_wconf 77' lang='grc' dir='ltr'>οὒτε</span> <span class='ocrx_word' id='word_1_766' title='bbox 928 5472 1083 5526; x_wconf 79' lang='grc' dir='ltr'>αὐτοὶ</span> <span class='ocrx_word' id='word_1_767' title='bbox 1120 5472 1177 5534; x_wconf 84' lang='grc' dir='ltr'><strong>ἐς</strong></span> <span class='ocrx_word' id='word_1_768' title='bbox 1207 5470 1443 5538; x_wconf 85' lang='grc' dir='ltr'>πέλαγος</span> <span class='ocrx_word' id='word_1_769' title='bbox 1500 5471 1833 5538; x_wconf 78' lang='grc' dir='ltr'>ἀποδείξεως</span> 
     </span>
    </p>
   </div>
   <div class='ocr_carea' id='block_1_104' title="bbox 344 5691 788 5766">
    <p class='ocr_par' dir='ltr' id='par_1_104' title="bbox 344 5691 788 5766">
     <span class='ocr_line' id='line_1_105' title="bbox 344 5691 788 5766; baseline 0 -20"><span class='ocrx_word' id='word_1_770' title='bbox 344 5691 424 5763; x_wconf 77' lang='grc' dir='ltr'><strong>(ι)</strong></span> <span class='ocrx_word' id='word_1_771' title='bbox 450 5692 788 5766; x_wconf 77' lang='grc' dir='ltr'>-⁹Δνθρήνην.</span> 
     </span>
    </p>
   </div>
   <div class='ocr_carea' id='block_1_105' title="bbox 1939 4547 3515 4627">
    <p class='ocr_par' dir='ltr' id='par_1_105' title="bbox 1939 4547 3515 4627">
     <span class='ocr_line' id='line_1_106' title="bbox 1939 4547 3515 4627; baseline -0.007 -15"><span class='ocrx_word' id='word_1_772' title='bbox 1939 4557 2120 4613; x_wconf 90' lang='lat' dir='ltr'><strong>securi</strong></span> <span class='ocrx_word' id='word_1_773' title='bbox 2187 4569 2448 4627; x_wconf 80' lang='lat' dir='ltr'><strong>percussa</strong></span> <span class='ocrx_word' id='word_1_774' title='bbox 2500 4551 2819 4623; x_wconf 83' lang='lat' dir='ltr'><strong>p’rojiciatur</strong></span> <span class='ocrx_word' id='word_1_775' title='bbox 2868 4549 2925 4604; x_wconf 90' lang='lat' dir='ltr'><strong>in</strong></span> <span class='ocrx_word' id='word_1_776' title='bbox 2974 4549 3150 4620; x_wconf 74' lang='lat' dir='ltr'><strong>ignem</strong></span> <span class='ocrx_word' id='word_1_777' title='bbox 3185 4547 3241 4602; x_wconf 91' lang='lat' dir='ltr'><strong>in</strong></span> <span class='ocrx_word' id='word_1_778' title='bbox 3286 4550 3515 4603; x_wconf 79' lang='lat' dir='ltr'><strong>combu-</strong></span> 
     </span>
    </p>
   </div>
   <div class='ocr_carea' id='block_1_106' title="bbox 1935 4646 2190 4700">
    <p class='ocr_par' dir='ltr' id='par_1_106' title="bbox 1935 4646 2190 4700">
     <span class='ocr_line' id='line_1_107' title="bbox 1935 4646 2190 4700; baseline -0.008 0"><span class='ocrx_word' id='word_1_779' title='bbox 1935 4646 2190 4700; x_wconf 85' lang='lat' dir='ltr'><strong>stionem.</strong></span> 
     </span>
    </p>
   </div>
   <div class='ocr_carea' id='block_1_107' title="bbox 2012 4742 3513 4821">
    <p class='ocr_par' dir='ltr' id='par_1_107' title="bbox 2012 4742 3513 4821">
     <span class='ocr_line' id='line_1_108' title="bbox 2012 4742 3513 4821; baseline -0.007 -13"><span class='ocrx_word' id='word_1_780' title='bbox 2012 4754 2103 4808; x_wconf 76' lang='lat' dir='ltr'><strong>5i.</strong></span> <span class='ocrx_word' id='word_1_781' title='bbox 2149 4751 2208 4806; x_wconf 91' lang='lat' dir='ltr'><strong>Si</strong></span> <span class='ocrx_word' id='word_1_782' title='bbox 2252 4751 2376 4821; x_wconf 84' lang='lat' dir='ltr'><strong>quis</strong></span> <span class='ocrx_word' id='word_1_783' title='bbox 2418 4758 2601 4805; x_wconf 89' lang='lat' dir='ltr'><strong>autem</strong></span> <span class='ocrx_word' id='word_1_784' title='bbox 2655 4757 2846 4818; x_wconf 89' lang='lat' dir='ltr'><strong>postea</strong></span> <span class='ocrx_word' id='word_1_785' title='bbox 2896 4744 3219 4800; x_wconf 81' lang='lat' dir='ltr'><strong>naturaliter</strong></span> <span class='ocrx_word' id='word_1_786' title='bbox 3279 4742 3513 4813; x_wconf 78' lang='lat' dir='ltr'><strong>objicit:</strong></span> 
     </span>
    </p>
   </div>
   <div class='ocr_carea' id='block_1_108' title="bbox 1941 4829 3516 4907">
    <p class='ocr_par' dir='ltr' id='par_1_108' title="bbox 1941 4829 3516 4907">
     <span class='ocr_line' id='line_1_109' title="bbox 1941 4829 3516 4907; baseline -0.005 -13"><span class='ocrx_word' id='word_1_787' title='bbox 1941 4842 2046 4896; x_wconf 87' lang='lat' dir='ltr'><strong>Sed</strong></span> <span class='ocrx_word' id='word_1_788' title='bbox 2109 4854 2232 4901; x_wconf 88' lang='lat' dir='ltr'><strong>nos.</strong></span> <span class='ocrx_word' id='word_1_789' title='bbox 2264 4838 2311 4893; x_wconf 88' lang='lat' dir='ltr'><strong>si</strong></span> <span class='ocrx_word' id='word_1_790' title='bbox 2360 4836 2492 4907; x_wconf 89' lang='lat' dir='ltr'><strong>quid</strong></span> <span class='ocrx_word' id='word_1_791' title='bbox 2545 4833 2756 4889; x_wconf 88' lang='lat' dir='ltr'><strong>molesti</strong></span> <span class='ocrx_word' id='word_1_792' title='bbox 2788 4872 2805 4895; x_wconf 89' lang='lat'><strong>.</strong></span> <span class='ocrx_word' id='word_1_793' title='bbox 2849 4833 2993 4887; x_wconf 87' lang='lat' dir='ltr'><strong>sicut</strong></span> <span class='ocrx_word' id='word_1_794' title='bbox 3026 4832 3142 4900; x_wconf 87' lang='lat' dir='ltr'><strong>ipse</strong></span> <span class='ocrx_word' id='word_1_795' title='bbox 3180 4836 3360 4900; x_wconf 84' lang='lat' dir='ltr'><strong>putas,</strong></span> <span class='ocrx_word' id='word_1_796' title='bbox 3394 4829 3516 4886; x_wconf 81' lang='lat' dir='ltr'><strong>illa-</strong></span> 
     </span>
    </p>
   </div>
   <div class='ocr_carea' id='block_1_109' title="bbox 1947 4918 3515 4992">
    <p class='ocr_par' dir='ltr' id='par_1_109' title="bbox 1947 4918 3515 4992">
     <span class='ocr_line' id='line_1_110' title="bbox 1947 4918 3515 4992; baseline -0.006 -9"><span class='ocrx_word' id='word_1_797' title='bbox 1947 4940 2061 4983; x_wconf 91' lang='lat' dir='ltr'><strong>tum</strong></span> <span class='ocrx_word' id='word_1_798' title='bbox 2100 4936 2205 4992; x_wconf 84' lang='lat' dir='ltr'><strong>est.</strong></span> <span class='ocrx_word' id='word_1_799' title='bbox 2245 4924 2378 4979; x_wconf 83' lang='lat' dir='ltr'><strong>illud</strong></span> <span class='ocrx_word' id='word_1_800' title='bbox 2414 4922 2736 4986; x_wconf 88' lang='lat' dir='ltr'><strong>honoribus,</strong></span> <span class='ocrx_word' id='word_1_801' title='bbox 2768 4919 3142 4983; x_wconf 86' lang='lat' dir='ltr'><strong>comitatibus,</strong></span> <span class='ocrx_word' id='word_1_802' title='bbox 3188 4918 3386 4987; x_wconf 87' lang='lat' dir='ltr'><strong>capitis</strong></span> <span class='ocrx_word' id='word_1_803' title='bbox 3434 4921 3515 4973; x_wconf 80' lang='lat' dir='ltr'><strong>in-</strong></span> 
     </span>
    </p>
   </div>
   <div class='ocr_carea' id='block_1_110' title="bbox 1944 5009 3515 5083">
    <p class='ocr_par' dir='ltr' id='par_1_110' title="bbox 1944 5009 3515 5083">
     <span class='ocr_line' id='line_1_111' title="bbox 1944 5009 3515 5083; baseline -0.005 -10"><span class='ocrx_word' id='word_1_804' title='bbox 1944 5017 2358 5079; x_wconf 87' lang='lat' dir='ltr'><strong>clinationibus,</strong></span> <span class='ocrx_word' id='word_1_805' title='bbox 2391 5014 2575 5083; x_wconf 85' lang='lat' dir='ltr'><strong>probis</strong></span> <span class='ocrx_word' id='word_1_806' title='bbox 2599 5011 3046 5075; x_wconf 87' lang='lat' dir='ltr'><strong>salutationibus,</strong></span> <span class='ocrx_word' id='word_1_807' title='bbox 3077 5009 3276 5079; x_wconf 86' lang='lat' dir='ltr'><strong>quibus</strong></span> <span class='ocrx_word' id='word_1_808' title='bbox 3300 5010 3515 5065; x_wconf 88' lang='lat' dir='ltr'><strong>cunctis</strong></span> 
     </span>
    </p>
   </div>
   <div class='ocr_carea' id='block_1_111' title="bbox 1946 5095 3514 5168">
    <p class='ocr_par' dir='ltr' id='par_1_111' title="bbox 1946 5095 3514 5168">
     <span class='ocr_line' id='line_1_112' title="bbox 1946 5095 3514 5168; baseline -0.005 -13"><span class='ocrx_word' id='word_1_809' title='bbox 1946 5102 2184 5157; x_wconf 86' lang='lat' dir='ltr'><strong>amicitia</strong></span> <span class='ocrx_word' id='word_1_810' title='bbox 2215 5101 2479 5168; x_wconf 78' lang='lat' dir='ltr'><strong>signatur,</strong></span> <span class='ocrx_word' id='word_1_811' title='bbox 2512 5098 2824 5152; x_wconf 85' lang='lat' dir='ltr'><strong>curavimus</strong></span> <span class='ocrx_word' id='word_1_812' title='bbox 2856 5111 2871 5150; x_wconf 91' lang='lat'><strong>:</strong></span> <span class='ocrx_word' id='word_1_813' title='bbox 2907 5109 3039 5163; x_wconf 74' lang='lat' dir='ltr'><strong>ergo</strong></span> <span class='ocrx_word' id='word_1_814' title='bbox 3068 5095 3192 5149; x_wconf 90' lang='lat' dir='ltr'><strong>mali</strong></span> <span class='ocrx_word' id='word_1_815' title='bbox 3238 5096 3514 5149; x_wconf 74' lang='lat' dir='ltr'><strong>memoria:</strong></span> 
     </span>
    </p>
   </div>
   <div class='ocr_carea' id='block_1_112' title="bbox 1942 5185 3513 5259">
    <p class='ocr_par' dir='ltr' id='par_1_112' title="bbox 1942 5185 3513 5259">
     <span class='ocr_line' id='line_1_113' title="bbox 1942 5185 3513 5259; baseline -0.005 -13"><span class='ocrx_word' id='word_1_816' title='bbox 1942 5190 2336 5259; x_wconf 83' lang='lat' dir='ltr'><strong>consequentia</strong></span> <span class='ocrx_word' id='word_1_817' title='bbox 2382 5197 2488 5255; x_wconf 88' lang='lat' dir='ltr'><strong>est,</strong></span> <span class='ocrx_word' id='word_1_818' title='bbox 2542 5189 2687 5258; x_wconf 90' lang='lat' dir='ltr'><strong>quod</strong></span> <span class='ocrx_word' id='word_1_819' title='bbox 2733 5201 2860 5256; x_wconf 76' lang='lat' dir='ltr'><strong>erga</strong></span> <span class='ocrx_word' id='word_1_820' title='bbox 2913 5201 3011 5241; x_wconf 91' lang='lat' dir='ltr'><strong>nos</strong></span> <span class='ocrx_word' id='word_1_821' title='bbox 3050 5186 3193 5241; x_wconf 86' lang='lat' dir='ltr'><strong>sicut</strong></span> <span class='ocrx_word' id='word_1_822' title='bbox 3238 5186 3371 5240; x_wconf 90' lang='lat' dir='ltr'><strong>olim</strong></span> <span class='ocrx_word' id='word_1_823' title='bbox 3417 5185 3513 5239; x_wconf 92' lang='lat' dir='ltr'><strong>tibi</strong></span> 
     </span>
    </p>
   </div>
   <div class='ocr_carea' id='block_1_113' title="bbox 1946 5277 3512 5350">
    <p class='ocr_par' dir='ltr' id='par_1_113' title="bbox 1946 5277 3512 5350">
     <span class='ocr_line' id='line_1_114' title="bbox 1946 5277 3512 5350; baseline -0.006 -14"><span class='ocrx_word' id='word_1_824' title='bbox 1946 5298 2050 5336; x_wconf 91' lang='lat' dir='ltr'><strong>non</strong></span> <span class='ocrx_word' id='word_1_825' title='bbox 2103 5282 2175 5336; x_wconf 84' lang='lat' dir='ltr'><strong>sit</strong></span> <span class='ocrx_word' id='word_1_826' title='bbox 2221 5281 2462 5348; x_wconf 87' lang='lat' dir='ltr'><strong>animus;</strong></span> <span class='ocrx_word' id='word_1_827' title='bbox 2514 5294 2612 5334; x_wconf 90' lang='lat' dir='ltr'><strong>nos</strong></span> <span class='ocrx_word' id='word_1_828' title='bbox 2652 5280 2884 5350; x_wconf 40' lang='lat' dir='ltr'><strong>.quidem</strong></span> <span class='ocrx_word' id='word_1_829' title='bbox 2929 5279 3085 5349; x_wconf 80' lang='lat' dir='ltr'><strong>juxta</strong></span> <span class='ocrx_word' id='word_1_830' title='bbox 3142 5277 3512 5348; x_wconf 60' lang='lat' dir='ltr'><strong>prascriptnm</strong></span> 
     </span>
    </p>
   </div>
   <div class='ocr_carea' id='block_1_114' title="bbox 1946 5367 3512 5443">
    <p class='ocr_par' dir='ltr' id='par_1_114' title="bbox 1946 5367 3512 5443">
     <span class='ocr_line' id='line_1_115' title="bbox 1946 5367 3512 5443; baseline -0.007 -15"><span class='ocrx_word' id='word_1_831' title='bbox 1946 5377 2048 5428; x_wconf 84' lang='lat' dir='ltr'><strong>hoc</strong></span> <span class='ocrx_word' id='word_1_832' title='bbox 2084 5391 2098 5427; x_wconf 90' lang='lat'><strong>:</strong></span> <span class='ocrx_word' id='word_1_833' title='bbox 2134 5372 2191 5427; x_wconf 89' lang='lat' dir='ltr'><strong>Si</strong></span> <span class='ocrx_word' id='word_1_834' title='bbox 2225 5373 2369 5443; x_wconf 77' lang='lat' dir='ltr'><strong>&quot;quid</strong></span> <span class='ocrx_word' id='word_1_835' title='bbox 2423 5372 2635 5428; x_wconf 87' lang='lat' dir='ltr'><strong>molesti</strong></span> <span class='ocrx_word' id='word_1_836' title='bbox 2686 5373 2843 5442; x_wconf 81' lang='lat' dir='ltr'><strong>juxta</strong></span> <span class='ocrx_word' id='word_1_837' title='bbox 2912 5381 3150 5427; x_wconf 86' lang='lat' dir='ltr'><strong>nostram</strong></span> <span class='ocrx_word' id='word_1_838' title='bbox 3201 5367 3512 5435; x_wconf 80' lang='lat' dir='ltr'><strong>opinionem</strong></span> 
     </span>
    </p>
   </div>
   <div class='ocr_carea' id='block_1_115' title="bbox 1947 5459 3511 5538">
    <p class='ocr_par' dir='ltr' id='par_1_115' title="bbox 1947 5459 3511 5538">
     <span class='ocr_line' id='line_1_116' title="bbox 1947 5459 3511 5538; baseline -0.001 -23"><span class='ocrx_word' id='word_1_839' title='bbox 1947 5476 2315 5538; x_wconf 76' lang='lat' dir='ltr'><strong>perpell’altltlt</strong></span> <span class='ocrx_word' id='word_1_840' title='bbox 2357 5475 2464 5530; x_wconf 80' lang='lat' dir='ltr'><strong>est,</strong></span> <span class='ocrx_word' id='word_1_841' title='bbox 2516 5480 2619 5522; x_wconf 86' lang='lat' dir='ltr'><strong>nec</strong></span> <span class='ocrx_word' id='word_1_842' title='bbox 2684 5464 2863 5536; x_wconf 89' lang='lat' dir='ltr'><strong>ipsiin</strong></span> <span class='ocrx_word' id='word_1_843' title='bbox 2904 5462 3232 5534; x_wconf 74' lang='lat' dir='ltr'><strong>profundum</strong></span> <span class='ocrx_word' id='word_1_844' title='bbox 3288 5459 3511 5513; x_wconf 62' lang='lat' dir='ltr'><strong>«lenien-</strong></span> 
     </span>
    </p>
   </div>
   <div class='ocr_carea' id='block_1_116' title="bbox 2018 5687 2428 5761">
    <p class='ocr_par' dir='ltr' id='par_1_116' title="bbox 2018 5687 2428 5761">
     <span class='ocr_line' id='line_1_117' title="bbox 2018 5687 2428 5761; baseline -0.007 -17"><span class='ocrx_word' id='word_1_845' title='bbox 2018 5690 2095 5761; x_wconf 53' lang='grc' dir='ltr'><strong>κε)</strong></span> <span class='ocrx_word' id='word_1_846' title='bbox 2138 5687 2428 5760; x_wconf 59' lang='lat' dir='ltr'><strong>sepem.</strong></span> 
     </span>
    </p>
   </div>
  </div>
