4034 6206
532 287 637 352 451

1246 287 1663 347 EUSTATIIU
1696 286 2442 350 TIIESSALONICENSIS
2484 289 3042 348 METROI‘OLszE

3684 280 3795 342 4:32

544 400 803 456 trationis
836 417 1024 457 sumus
1056 400 1315 466 demersi,
1351 415 1449 455 nec
1476 414 1574 457 vos
1597 404 1660 455 ad
1696 404 1853 457 talem
1885 400 2105 456 diilicul.

2223 396 2652 468 ίκκυὸιστῶμεν,
2705 399 2831 452 οὔτε
2894 400 3043 470 ὑμᾶς
3096 396 3155 460 ἐς
3193 392 3456 459 τοιαύτην
3520 391 3795 464 ἐργωδίαν

542 497 710 545 tatem
740 491 878 546 tradi
899 491 1289 556 concedimus;
1314 491 1495 560 jaceat
1529 503 1708 548 autem
1740 506 1848 557 res,
1869 501 1928 547 ttt
1951 492 2110 545 ambo

538 583 951 652 not-imus,ego,
995 582 1239 651 inquam,
1276 593 1333 637 et
1389 599 1503 646 vos,
1535 586 1615 640 vel
1666 595 1724 637 ut
1778 584 2109 639 arbitramur

543 673 651 741 Ego
710 690 838 728 vero
881 689 1208 746 comparans
1254 689 1375 729 cum
1431 677 1633 731 vestris
1665 690 1758 730 eas
1811 689 1932 745 quae
1982 683 2111 728 sunt

541 780 715 831 usque
753 779 899 819 nunc
951 780 1018 819 ex
1053 782 1137 820 me
1171 768 1586 831 retributiones,
1627 768 1948 834 interrogo:
1979 765 2109 835 quid

538 871 641 924 ego
666 858 801 911 meis
819 858 1124 925 atquialibus
1153 860 1326 913 cedo?
1342 859 1532 913 Nonne
1565 859 1838 913 circuiens
1861 859 2109 927 amplexu

543 950 689 1000 velut
744 948 795 1000 in
835 949 1035 1004 servile
1065 949 1342 1003 vinculum
1382 965 1576 1005 manus
1629 964 1794 1018 super
1826 962 1924 1003 vos
1977 964 2108 1003 con-

538 1036 747 1103 jungo?
789 1037 979 1091 Nonne
1019 1049 1183 1104 caput
1208 1049 1264 1093 et
1289 1041 1560 1094 cervicem
1593 1040 1893 1092 submitto?
1920 1038 2114 1093 Nonne

542 1128 777 1183 dull-iter
810 1132 1101 1199 alloquor?
1132 1129 1321 1184 Nonne
1349 1132 1514 1184 rectis
1545 1129 1800 1196 precibus
1838 1142 1988 1183 meos
2020 1130 2114 1181 ob-

543 1220 701 1288 siguo
744 1223 1064 1277 sermones?
1097 1223 1236 1288 Quid
1281 1224 1444 1291 igitur
1508 1230 1720 1293 oportet
1767 1222 1999 1288 amplius
2046 1236 2112 1274 ex

545 1325 629 1364 me
662 1315 727 1367 ad
760 1314 1210 1369 retrilmtionem‘!
1239 1315 1294 1369 Si
1330 1331 1479 1380 vero,
1519 1318 1774 1384 quoniam
1809 1328 1915 1367 non
1946 1316 2113 1382 ipnm‘

547 1409 739 1474 paticis
768 1408 1072 1476 gaudemus
1110 1406 1487 1468 comitatibus,
1524 1405 1884 1474 triumphales
1918 1417 2109 1472 grava-

546 1513 688 1559 mus,
729 1499 858 1550 mihi
890 1507 1199 1563 opportune
1226 1496 1541 1559 dicendum,
1568 1498 1711 1563 quod
1741 1509 1771 1548 a
1802 1502 1951 1548 tanto
1980 1502 2115 1546 tem-

547 1603 677 1656 pore
712 1605 832 1642 sum
881 1588 1025 1657 apud
1059 1604 1177 1656 vos,
1207 1597 1262 1642 et
1318 1590 1559 1642 nondum
1617 1603 1703 1643 me
1756 1586 2112 1655 cognoscitis.

554 1679 663 1733 ‘lon
709 1681 1074 1734 recordamini
1112 1681 1391 1748 quomodo
1430 1680 1641 1734 centies
1678 1680 1942 1733 adversus
1980 1679 2113 1731 istos

549 1772 851 1827 honoribus
890 1772 1234 1825 insanientes
1270 1770 1714 1824 declamaverim.
1749 1767 1865 1821 Non
1896 1767 2106 1835 recogi-
2138 1760 2184 1820 B

548 1862 676 1914 tatis
733 1876 1071 1929 qua-cunque
1123 1875 1265 1929 ξιξερο
1295 1862 1601 1915 collocutus
1636 1861 1737 1913 sim
1795 1858 1861 1913 ad
1896 1857 2117 1913 audito-

548 1951 726 2015 rium;
760 1951 812 2003 in
845 1952 1047 2020 quibus
1076 1950 1263 2013 etiam,
1297 1949 1443 2019 quod
1475 1949 1675 2003 frustra
1712 1948 1913 2015 gaudet
1957 1963 2115 2017 pom-

550 2042 744 2108 paticis
824 2041 1215 2111 progressibus
1280 2042 1369 2095 ille
1432 2042 1522 2108 qui
1591 2049 1810 2109 reputat
1872 2041 2114 2093 ultimam

546 2135 1004 2202 propositionem,
1060 2134 1115 2189 in
1163 2149 1295 2202 qua,
1345 2134 1392 2188 si
1439 2132 1580 2188 forte
1625 2132 1918 2203 contigerit
1971 2142 2115 2195 eam,

548 2239 717 2293 super
760 2224 948 2279 iethali
983 2224 1184 2279 feretro
1218 2225 1759 2289 snblimiseievatus,
1794 2238 1902 2277 non
1951 2221 2119 2277 sentit

544 2319 749 2387 quibus
791 2319 1091 2381 exaltatur,
1139 2326 1194 2370 et
1242 2315 1385 2370 forte
1429 2316 1774 2386 immergitur
1809 2314 1912 2369 sub
1949 2314 2120 2381 pluri-

550 2424 762 2465 morum
799 2410 1037 2479 injuriis,
1068 2409 1269 2479 quibus
1296 2410 1439 2471 licet.
1462 2408 1529 2462 ad
1561 2407 1885 2461 mortuaiem
1915 2406 2116 2461 lectum

552 2503 1139 2571 appropinquantilnts,
1196 2501 1249 2555 in
1286 2499 1561 2554 maxillam
1585 2498 1795 2554 cadere
1820 2499 2115 2568 iacentem,

553 2607 849 2663 nasumque
881 2591 1067 2660 digitis
1102 2591 1371 2661 iujuriose
1412 2591 1636 2645 turbare
1674 2605 1737 2643 ac
1787 2590 1968 2643 forsan
1999 2602 2115 2642 ma—

551 2680 732 2737 litiose
776 2682 1138 2750 proculcare:
1170 2679 1353 2751 qualia
1406 2679 1573 2734 multa
1629 2677 1878 2734 novimus
1908 2677 1975 2731 de
2008 2692 2120 2731 sce-

550 2772 723 2840 lestis,
760 2772 875 2843 qui,
913 2772 993 2826 vel
1061 2776 1183 2841 post
1231 2782 1488 2843 mortem,
1552 2785 1770 2839 gravem
1813 2767 2117 2823 nutrientcs

554 2865 1021 2933 inveteratamque
1053 2863 1210 2924 iram.
1264 2841 1367 2915 non
1425 2860 1754 2916 erubescunt
1801 2873 2000 2911 vanum
2040 2855 2116 2910 la-

551 2967 768 3011 cessere
801 2954 1097 3023 pulverem.

622 3043 712 3099 5'2.
744 3042 844 3110 Qui
879 3044 1011 3097 tales
1045 3043 1206 3113 igitur
1228 3040 1583 3112 cogitationes
1636 3038 1686 3095 lu
1728 3048 1908 3094 mente
1935 3038 2115 3094 revol-

552 3137 631 3190 vit
687 3133 933 3207 (revolvit
967 3141 1143 3187 autem
1200 3148 1329 3187 sane
1384 3133 1474 3202 qui
1536 3131 1770 3201 seipsum
1839 3099 2190 3184 mortalemC

555 3228 816 3293 agnoscit,
850 3238 1027 3293 neque
1089 3224 1227 3278 ultra
1267 3224 1539 3278 hominem
1574 3220 1773 3275 sentire
1798 3219 2117 3289 praesumit),

556 3326 762 3387 quanto
784 3334 904 3373 cum
931 3312 1131 3385 gaudio
1150 3317 1422 3384 acciperet
1456 3309 1787 3367 honoritlcos
1820 3310 2123 3378 triumphos

556 3411 845 3479 gloriaeque
900 3410 1098 3475 larvas,
1129 3409 1194 3461 ad
1253 3406 1523 3462 modicum
1570 3412 1780 3475 tempus
1833 3404 1887 3458 in
1922 3404 2122 3458 idolum

553 3512 784 3568 erectas,
808 3510 861 3557 et
878 3516 1089 3556 rursum
1115 3500 1343 3561 solutas,
1375 3511 1434 3553 ut
1461 3510 1528 3552 ne
1556 3496 1746 3551 umbra
1767 3495 1987 3564 quidem
2007 3496 2125 3550 sine

556 3594 854 3649 substantia
909 3591 1225 3647 remaneat?
1303 3589 1414 3659 Ego
1469 3603 1597 3645 vero
1653 3603 1881 3658 prorsus
1926 3586 2119 3655 hujus-

563 3685 707 3740 modi
742 3682 1077 3739 turbulentas
1109 3684 1348 3736 detestor
1374 3678 1787 3742 ostentationes,
1825 3677 1969 3731 aeris
1997 3676 2123 3745 qui.

556 3777 678 3830 dem
710 3775 995 3830 serenitate
1024 3779 1535 3845 reguante,propter
1564 3767 1788 3825 multum
1822 3769 2121 3839 pulverem,

557 3881 715 3939 quem
752 3875 893 3920 terra
921 3864 1192 3931 minuens,
1241 3877 1364 3919 cum
1405 3875 1435 3916 a
1493 3862 1675 3917 multis
1709 3861 1946 3931 agitatur
1977 3856 2121 3927 pedi.

560 3961 683 4025 bus,
724 3958 927 4013 excitat
951 3959 1004 4013 in
1041 3956 1217 4027 ipsum
1265 3955 1473 4009 vultum
1496 3963 1551 4009 et
1581 3955 1633 4007 in
1666 3952 1836 4022 ipsius
1867 3948 2122 4019 insignia,

557 4064 679 4118 quae
706 4066 806 4123 ego
836 4065 971 4122 pura
1008 4062 1225 4104 manere
1256 4058 1310 4103 et
1336 4046 1538 4116 absque
1561 4045 1688 4101 odio
1725 4056 1845 4100 esse
1873 4041 2122 4113 praefero.

559 4142 787 4208 Quando
835 4150 1012 4193 autem
1046 4138 1282 4205 pulveris
1323 4137 1490 4192 nubes
1519 4137 1572 4191 in
1602 4146 1841 4201 caenum,
1871 4144 1927 4189 et
1950 4132 2124 4204 ipsum

557 4245 845 4301 aquosum,
891 4231 1169 4295 miscetur,
1200 4238 1272 4284 ita
1332 4240 1389 4281 ut
1427 4240 1532 4282 non
1593 4227 1765 4282 solum
1825 4233 2004 4295 caput,
2031 4224 2127 4281 sed

557 4325 722 4377 etiam
750 4329 923 4377 totum
981 4336 1180 4389 corpus
1211 4323 1668 4376 circumventatnr
1732 4319 1967 4387 insidiis,
2000 4328 2128 4374 tunc

2214 494 2449 564 ἀφίεμεν
2476 490 2805 548 ἀποδύεσθαι
2829 508 2845 524 ’
2897 491 3102 546 κείσθω
3135 489 3191 542 δὲ
3236 487 3298 540 τὸ
3330 484 3589 555 πρᾶγμα,
3644 482 3679 553 ἢ
3715 482 3800 547 ὡς

2210 587 2437 657 οἴδαμεν
2479 586 2666 655 ἄμφω,
2725 582 2835 649 ἐγώ
2866 600 2925 635 τε
2960 581 3163 651 δηλαδὴ
3197 577 3296 632 καὶ
3354 576 3537 645 ὑμεῖς,
3574 574 3688 628 εἴτε
3717 572 3801 639 ὥς

2213 677 2533 747 νομίζομεν.
2599 673 2741 740 Ἐγὼ
2779 673 2836 725 δὲ
2896 668 3283 738 ἅντισταθμῶν
3330 667 3453 730 ταῖς
3488 664 3802 734 ὑμετέραις

2215 768 2317 831 τὰς
2346 768 2403 831 ἐξ
2435 764 2569 834 ἐμοῦ
2598 764 2734 833 πρός
2765 779 2827 830 γε
2885 763 2945 816 τὸ
2976 761 3153 832 παρὸν
3175 758 3551 828 ἁντιχάριτας,
3586 755 3805 809 πυνθά-

2217 876 2376 929 νομαι
2402 876 2416 890 ο
2443 854 2508 910 Τί
2562 854 2617 908 δὲ
2652 853 2760 923 ἐγὼ
2808 850 3106 923 μειονεκτῶ
3156 850 3266 902 τῶν
3303 846 3425 900 καθ’
3454 846 3602 915 ἡμᾶς
3630 860 3646 909 ;
3680 841 3806 897 Οὐκ

2218 943 2538 1005 ἑπαλλᾶττω
2592 946 2870 1015 περιάγων
2927 946 3025 1005 τὰς
3079 941 3268 1013 χεῖρας
3312 938 3561 1008 πλέγδην
3589 937 3667 999 ὡς
3717 936 3807 998 εἰς

2217 1043 2415 1111 δεσμὸν
2439 1040 2757 1094 δουλόσυνον
2810 1036 2897 1106 ἐφ’
2928 1037 3098 1105 ὑμῖνς
3138 1035 3198 1086 οὗ
3252 1030 3571 1085 κατακλίνω
3620 1046 3807 1095 κεφα-

2216 1135 2314 1202 λὴν
2361 1132 2455 1185 καλ⁸
2509 1129 2822 1199 τράχηλον,
2879 1128 2941 1180 οὐ
2971 1124 3266 1195 προσλαλῶ
3321 1120 3807 1191 γλαφυρώτερονς

2170 1210 2175 1239 ³
2217 1226 2315 1275 οϊκ
2337 1220 2728 1290 ὲπισφραγίξω
2760 1218 2885 1282 τοὺς
2911 1218 3103 1285 λόγους
3148 1216 3339 1286 ὀρθαῖς
3372 1213 3562 1281 εὐχαῖς
3588 1229 3604 1277 ;
3635 1211 3703 1263 Τί
3734 1210 3811 1278 δὴ

2217 1311 2308 1365 οὖν
2340 1311 2531 1381 χρέους
2570 1309 2881 1380 ὑπέρπλεον
2931 1310 3057 1377 ἐμοὶ
3090 1306 3233 1375 πρὸς
3264 1305 3519 1358 ἀπότισιν
3550 1319 3565 1367 ;
3619 1301 3685 1353 El
3729 1298 3809 1365 δ’,

2219 1404 2298 1457 δτι
2321 1404 2684 1473 προπομπαῖς
2708 1402 2768 1453 οὐ
2792 1400 3083 1472 χαίρομεν,
3115 1397 3422 1469 βαρύνομεν
3446 1394 3569 1456 τοὺς
3599 1391 3815 1463 θριαμ-

2219 1497 2424 1559 ϐικοὺς,
2466 1498 2578 1548 ἔστι
2615 1512 2703 1564 μοι
2731 1494 2944 1562 καίριον
2967 1493 3164 1555 είπεῖν,
3202 1488 3278 1551 ὡς
3303 1485 3561 1541 τοσοῦτον
3598 1484 3813 1554 χρόνον

2219 1590 2333 1657 εἰμὶ
2371 1586 2489 1656 μεθ’
2517 1584 2692 1655 ὑμῶν,
2726 1586 2825 1638 καὶ
2853 1581 3007 1637 οὔπω
3031 1599 3097 1651 με
3131 1581 3335 1634 οἴδατε.
3370 1580 3445 1633 Οὐ
3488 1574 3808 1648 μέμνησθε,

2219 1683 2366 1741 ὅπως
2390 1679 2500 1747 ἐγὼ
2532 1677 3018 1749 κατερῤητόρευσα
3051 1674 3320 1745 μυριάκις
3348 1672 3458 1725 τῶν
3474 1669 3620 1724 οὕτω
3650 1666 3813 1733 6050-

2217 1772 2550 1842 μανούντων.
2585 1770 2698 1824 Οὐκ
2748 1767 3069 1824 ἀναπολεῖτε
3097 1767 3177 1826 είς
3207 1763 3355 1827 νοῦν,
3386 1757 3475 1816 οἷα
3533 1760 3813 1822 πολλάκις

2219 1863 2479 1932 ὡμίλησα
2508 1866 2585 1924 εἰς
2618 1862 2855 1928 ἐπήκοον
2925 1859 2984 1911 ὲν
3015 1851 3099 1920 οἷς
3125 1856 3242 1918 καὶ,
3272 1855 3356 1908 ὅτι
3410 1852 3589 1923 μάτην
3615 1851 3814 1920 χαίρει

2220 1957 2535 2026 πολυοχλοις
2559 1955 2805 2026 προόδοις
2823 1956 2851 2008 ό
2877 1954 2977 2024 τὴν
3006 1951 3330 2006 τελευταίαν
3355 1946 3618 2019 πρόθεσιν
3646 1947 3816 2000 ἐνθυ-

2223 2048 2513 2119 μούμενος,
2537 2046 2658 2101 καθ’
2690 2047 2782 2118 ἢν,
2816 2048 2867 2100 εί
2890 2062 2995 2100 που
3047 2043 3144 2096 καὶ
3172 2042 3327 2113 τύγοι
3364 2040 3555 2108 αὐτῆς.
3586 2040 3646 2091 ἒν
3666 2040 3816 2108 ξρέρ-

2218 2153 2332 2208 τρῳ
2367 2138 2605 2207 νεκρικῴ
2636 2137 2910 2207 μετέωρος
2941 2136 3262 2206 αίρόμενος,
3292 2130 3421 2186 οὔτε
3446 2130 3810 2196 αίσθάνεται,

2222 2223 2298 2285 ὧν
2350 2231 2667 2298 ὲκτιμᾶται,
2725 2228 2821 2281 καί
2874 2244 2976 2282 που
3026 2227 3123 2282 καὶ
3174 2224 3284 2280 ὑπὸ
3310 2224 3577 2278 πλειόνων
3604 2222 3793 2293 ὖδρεσ

2219 2317 2607 2381 καταλούεται,
2638 2311 2719 2379 οἷς
2773 2315 2975 2381 ἔξεστι,
3034 2316 3130 2370 καὶ
3176 2316 3252 2385 τῷ
3286 2312 3609 2384 νεκροφόριρ
3639 2313 3817 2382 σκίμ-

2221 2409 2341 2461 ποδι
2366 2407 2665 2471 πελάζουσι
2697 2407 2842 2458 κατὰ
2873 2405 3083 2475 κόρρης
3108 2420 3164 2457 τε
3198 2403 3424 2457 τύπτειν
3455 2402 3547 2455 τὸν
3574 2403 3815 2470 προκεί-

2222 2516 2409 2571 μενον,
2448 2500 2541 2552 καὶ
2570 2499 2668 2567 τὴν
2698 2500 2821 2568 ῥῖνα
2857 2496 3040 2565 ὀχλείν
3066 2493 3359 2557 δακτύλοις
3402 2494 3460 2556 ἐς
3486 2492 3669 2562 ὓϐριν,
3705 2488 3815 2545 καί

2220 2610 2321 2646 που
2350 2591 2445 2644 καὶ
2475 2589 2798 2644 ὲνάλλεσθαι
2850 2588 3327 2657 κακοπραγμόνως
3350 2602 3365 2616 ·
3424 2587 3588 2640 ὁποῖα
3625 2583 3815 2637 πολλὰ

2219 2685 2443 2754 οἴδαμεν
2468 2685 2563 2737 ἰπὶ
2585 2682 2907 2752 ἀλιτηρίων,
2937 2682 2987 2735 οῖ
3013 2683 3108 2736 καὶ
3150 2682 3293 2750 μετὰ
3348 2680 3583 2734 θάνατον
3624 2678 3813 2748 βαρὺν

2219 2776 2375 2829 κότον
2402 2777 2700 2846 τρέφοντες
2731 2774 2833 2827 οὐκ
2864 2772 3106 2839 ὀκνοῦσι,
3139 2772 3332 2843 κωφὴν
3380 2774 3541 2840 γαῖαν
3590 2767 3816 2833 αἰκίζε-

2221 2868 2346 2921 σθαι

2288 3040 2386 3114 νβ’.
2431 3042 2488 3097 Ὀ
2520 3042 2699 3096 τοίνυν
2751 3041 2977 3095 τοιαῦτα
3036 3041 3287 3112 νοήματα
3316 3042 3397 3103 είς
3424 3040 3525 3111 τὴν
3553 3039 3803 3111 καρδίαν

2223 3137 2439 3205 ἀνάγων
2472 3134 2684 3207 (ἀνάγει
2714 3134 2770 3187 δὲ
2811 3134 3028 3197 πάντως
3058 3134 3087 3187 ό
3119 3133 3311 3203 θνητὸν
3344 3133 3536 3186 ἑαυτὸν
3569 3148 3808 3199 γνωμα-

2223 3230 2418 3291 τεύων.
2445 3229 2537 3283 καὶ
2562 3228 2637 3299 μὴ
2657 3227 2957 3299 τυραννῶν,
2983 3227 3204 3297 φρονεῖν
3225 3225 3293 3279 τὰ
3318 3225 3460 3293 ὑπὲρ
3482 3222 3807 3292 ἄνθρωπον)

2225 3319 2339 3384 πῶς
2372 3322 2439 3375 ἂν
2467 3320 2787 3394 ᾲποδέχοιτο
2821 3317 3128 3387 θριάμϐους
3154 3317 3486 3388 τιμητικοὺς
3519 3317 3619 3370 καὶ
3647 3331 3806 3367 σκιν-

2224 3414 2460 3483 δαλμοὺς
2516 3412 2694 3479 δόξης,
2726 3412 2805 3474 εἰς
2852 3407 3026 3480 βραχύ
3056 3426 3109 3462 τι
3154 3407 3305 3480 ὧρας
3331 3406 3806 3476 είδωλοποιουμέ-

2226 3523 2369 3572 νους,
2398 3506 2491 3558 καὶ
2527 3500 2683 3566 αὖθις
2724 3500 3045 3571 λυομένους,
3077 3500 3152 3564 ὡς
3184 3501 3292 3554 οὐδ’
3320 3500 3388 3554 ἂν
3431 3497 3563 3552 σκιά
3593 3514 3676 3560 τις
3716 3497 3803 3561 εἰς

2224 3599 2637 3661 ἀνυπόστατονς
2675 3594 2818 3662 Ἐγὼ
2855 3594 2911 3647 δὲ
2947 3594 3042 3647 καὶ
3090 3593 3265 3656 ἄλλως
3313 3591 3666 3661 μυσάττομαι
3700 3591 3805 3653 τὰς

2225 3689 2480 3751 τοιαύτας
2528 3687 2855 3756 ὀχλοκόπους
2888 3683 3172 3756 προόδους,
3221 3682 3403 3744 εὐδίας
3434 3681 3534 3751 μὲν
3583 3679 3805 3749 αίθρια-

2227 3778 2446 3850 εούσης,
2472 3778 2561 3832 διὰ
2588 3778 2650 3830 τὸ
2681 3776 2817 3830 πολὺ
2869 3775 2967 3844 τῆς
3017 3774 3243 3838 κόνεως,
3265 3773 3333 3844 ἢν
3372 3775 3407 3843 ἡ
3438 3773 3509 3842 γῆ
3542 3771 3806 3824 λεπτοτο-

2230 3872 2428 3943 μοῦσα,
2456 3872 2547 3923 ὅτε
2575 3868 2793 3931 πολλοῖς
2836 3867 3076 3938 ὀχλεῖται
3115 3865 3300 3931 ποσὶν,
3331 3867 3650 3933 ἀναπέμπει
3705 3863 3807 3918 καὶ

2228 3962 2349 4017 κατ’
2386 3961 2552 4016 αὐτοῦ
2612 3959 2905 4031 προσώπου
2962 3959 3058 4013 καὶ
3112 3958 3224 4013 τῶν
3257 3958 3315 4012 ιν
3372 3957 3520 4025 αὐτῷ
3571 3956 3805 4026 τιμίων,

2228 4052 2372 4123 ἆπερ
2418 4051 2527 4120 ἐγὼ
2573 4051 2878 4120 καθαρείως
2912 4048 3222 4103 διακεῖσθαι
3258 4049 3354 4102 καὶ
3408 4046 3808 4102 ἀνεπιϐουλεύ-

2227 4161 2334 4207 τως
2379 4142 2523 4213 ἔχειν
2556 4136 2966 4212 φιλοτιμοῦμαι.
2992 4137 3125 4193 Ὅτε
3154 4138 3212 4193 es
3260 4155 3391 4192 ποτε
3441 4142 3470 4190 ό
3516 4138 3809 4201 κονίσαλος

2233 4237 2331 4304 μὲν
2384 4236 2465 4297 είς
2514 4233 2685 4303 πηλὸν
2725 4232 2963 4301 φυρᾶται
3018 4231 3111 4284 καὶ
3162 4228 3324 4284 αὐτὸν
3379 4228 3677 4298 κάθυγρον,
3713 4228 3808 4280 καὶ

2230 4321 2341 4379 οἷον
2372 4324 2617 4395 κεφαλῆς
2648 4324 2746 4394 μὲν
2776 4322 2972 4376 οὔκουν
3005 4321 3195 4392 μόνης,
3220 4321 3313 4374 τοῦ
3356 4321 3552 4382 παντὸς
3576 4321 3632 4373 δὲ
3673 4337 3810 4373 κατρ

560 4431 661 4469 nec
696 4414 761 4469 ab
805 4413 1149 4470 amicissimis
1188 4412 1241 4469 in
1300 4412 1695 4467 incommodum
1729 4411 1851 4467 volo
1878 4411 1997 4482 cogi
2033 4422 2122 4466 co-

2230 4415 2598 4471 επιὸουλεύειν
2634 4411 2905 4485 σώματος,
2940 4412 3062 4467 οὐδὲ
3090 4411 3213 4466 τότε
3241 4411 3350 4466 οὐδ’
3389 4412 3494 4465 ὑπὸ
3528 4412 3638 4463 τῶν
3679 4430 3775 4478 φιτ

562 4506 831 4561 mitatum.
913 4502 1201 4559 Suiliciunt
1245 4501 1388 4556 enim
1440 4516 1578 4571 quos
1621 4500 1763 4556 Deus
1820 4500 2127 4556 necessario

560 4595 827 4666 disposuit
861 4595 927 4647 ad
960 4592 1373 4662 praecedendum
1417 4591 1501 4646 vel
1563 4592 1629 4645 ad
1662 4590 2126 4659 consequendum.

555 4685 697 4753 Quid
747 4684 914 4754 igitur
946 4697 1110 4754 grave
1143 4681 1394 4743 multum,
1428 4680 1472 4734 si
1502 4694 1677 4733 meam
1711 4681 1850 4733 hanc
1880 4677 2130 4731 volunta-

561 4790 667 4832 tem
695 4778 952 4842 obiirmo,
1010 4775 1281 4830 reluctans
1354 4774 1479 4829 huic
1510 4785 1629 4842 quae
1688 4787 1791 4826 non
1836 4780 1919 4825 est
1967 4769 2128 4823 mea?

560 4869 716 4935 Quod
757 4878 931 4923 autem
962 4866 1416 4936 profundissimas
1458 4865 1804 4919 adorationes
1834 4863 1913 4917 sic
1948 4860 2127 4916 immi-

559 4967 752 5015 dornm
784 4961 987 5030 absque
1017 4960 1124 5014 ulla
1184 4956 1300 5013 fieri
1361 4958 1569 5012 ratione
1611 4957 1815 5026 judico,
1870 4954 2130 5009 conﬁteor

563 5056 664 5109 hoc
693 5064 746 5110 et
776 5055 968 5123 probo.
1000 5053 1159 5109 Ratio
1196 5065 1324 5107 vero
1375 5065 1480 5106 non
1509 5049 1704 5116 solum,
1749 5048 1894 5117 quod
1945 5047 2128 5101 divina

558 5148 638 5200 sic
705 5146 1013 5200 hominibus
1107 5144 1264 5198 multi
1379 5150 1723 5207 consecrant,
1820 5140 1908 5195 ubi
2020 5150 2125 5193 non

559 5242 796 5303 oportet,
832 5233 926 5287 sed
960 5242 1012 5286 et
1043 5234 1298 5301 quoniam
1334 5231 1635 5298 hujusmodi
1676 5228 1841 5282 multa
1872 5227 1925 5281 in
1948 5226 2129 5280 homi~

564 5330 722 5385 nibus
791 5326 992 5382 lusorie
1051 5326 1420 5393 fallaciterqne
1474 5323 1616 5379 facta
1678 5338 1796 5376 sum
1845 5330 2124 5391 expertus.

561 5423 699 5477 Aule
747 5436 874 5474 vero
906 5418 1297 5490 experientiam
1328 5421 1552 5475 edoctus
1609 5432 1757 5470 eram
1790 5428 1917 5484 erga
1970 5413 2131 5469 Chri-

561 5521 702 5565 stum
761 5511 1096 5565 Salvalorem
1139 5525 1370 5578 genuum
1429 5510 1575 5562 illaut
1621 5506 1904 5561 ﬂexionem
1948 5506 2014 5559 ad
2048 5504 2129 5557 lu-

559 5599 791 5665 dicrum,
822 5611 1039 5670 propter
1067 5600 1209 5669 quod
1244 5603 1484 5670 perversi
1514 5597 1592 5653 illi
1636 5597 1950 5652 adoratores
1980 5596 2129 5652 dant-

563 5698 725 5743 nantu
733 5704 777 5742 1⁵.

2229 4510 2409 4564 τάτων
2463 4506 2633 4561 ἐθέλω
2691 4505 3076 4577 τυραννεῖσθαι
3126 4505 3208 4567 είς
3269 4503 3606 4574 προπομπὴν
3635 4503 3799 4572 ex)“.

2231 4600 2355 4673 ράν.
2401 4598 2658 4667 Ἀρκοῦσι
2708 4598 2817 4669 γὰρ
2857 4598 2952 4651 καὶ
2975 4596 3069 4660 οὓς
3096 4596 3280 4658 όΘεδς
3318 4596 3632 4663 ἀναγκαίως
3683 4598 3803 4650 ἑπέ-

2229 4689 2392 4754 ταξεν
2419 4689 2454 4760 ἢ
2489 4688 2877 4759 προηγεῖσθαι,
2906 4688 2939 4759 ἢ
2996 4687 3424 4757 συνεφέπεσθαι.
3469 4688 3534 4739 Τί
3576 4687 3641 4757 δὴ
3669 4686 3810 4755 γοῦν

2233 4781 2374 4850 βαρὺ
2407 4782 2463 4841 ὲς
2518 4779 2673 4843 πολὺ,
2706 4780 2801 4831 ἐὰν
2831 4779 3029 4847 τούμὸν
3070 4776 3230 4831 τοῦτο
3282 4778 3495 4846 θέλημα
3546 4779 3808 4838 συνιστῶ,

2232 4871 2623 4925 ἁποδυσπετῶν
2658 4871 2737 4933 είς
2768 4871 2827 4924 τὸ
2866 4869 2943 4941 μὴ
2989 4870 3119 4937 ἐμόν
3150 4885 3165 4933 ;
3206 4869 3330 4923 Ὀτι
3362 4871 3416 4923 δὲ
3449 4871 3543 4924 καὶ
3578 4875 3678 4932 τὰς
3713 4871 3784 4939 βλ

2232 4964 2470 5025 θυτάτας
2516 4965 2921 5033 προσκυνήσεις
2963 4962 3072 5016 τῶν
3123 4961 3295 5025 οὕτως
3328 4962 3513 5031 ὑγρῶν
3557 4964 3810 5015 κατακύ-

2234 5070 2391 5108 πτειν
2419 5055 2477 5107 ἐν
2507 5054 2683 5107 οὐδενὶ
2725 5054 2870 5124 λόγῳ
2896 5054 3141 5125 τίθεμαι.
3187 5053 3324 5108 ἀλλὰ
3356 5056 3448 5108 καὶ
3481 5055 3810 5122 ἀπολογίζο·

2234 5162 2355 5216 μαι,
2383 5144 2855 5215 ἂνθομολογοῦμαι
2884 5149 2983 5201 καὶ
3009 5146 3164 5200 αὐτό.
3201 5147 3278 5200 Τὸ
3307 5146 3362 5201 δὲ
3412 5148 3584 5201 αίτιον
3614 5149 3676 5200 οὐ
3714 5148 3814 5216 μό-

2231 5251 2344 5300 νον,
2368 5235 2450 5287 ὅτι
2484 5233 2553 5287 τὰ
2605 5233 2701 5286 τοῦ
2729 5233 2865 5287 Θεοῦ
2893 5234 3203 5305 ἀνθρώποις
3236 5237 3285 5289 oi
3316 5236 3502 5289 πολλοὶ
3530 5236 3812 5291 όσιοῦνται

2229 5322 2420 5389 οὕτως,
2448 5325 2534 5394 ἐφ’
2566 5316 2649 5388 οἷς
2676 5325 2738 5377 οὐ
2778 5326 2977 5395 χρεὼν,
3001 5326 3138 5379 ἀλλὰ
3180 5329 3276 5381 καὶ
3322 5327 3405 5379 ὅτι
3458 5327 3814 5397 πεπείραμαι

2231 5416 2403 5470 πολλὰ
2426 5415 2652 5469 τοιαῦτα
2678 5417 2774 5471 καὶ
2801 5415 3111 5477 παικτικῶς
3138 5416 3196 5467 ὲν
3218 5413 3531 5486 ἀνθρώποις
3552 5417 3813 5486 ῥᾳδιουρ-

2229 5507 2495 5575 γούμενα.
2524 5506 2636 5576 Πρὸ
2667 5506 2723 5560 δέ
2759 5523 2824 5573 γε
2876 5505 2979 5575 τῆς
3019 5507 3213 5579 πείρας
3269 5506 3379 5576 ἔχω
3410 5506 3677 5575 διδαχθεὶς
3711 5509 3812 5561 καὶ

2228 5599 2331 5666 τὴν
2357 5597 2451 5649 ἐπὶ
2479 5597 2558 5667 τῷ
2607 5599 2810 5667 σωτῆρι
2845 5597 3067 5668 Χριστῷ
3098 5597 3279 5653 κλίσιν
3308 5598 3552 5667 γονάτων
3580 5599 3811 5669 ἐκείνην

2229 5688 2328 5757 τὴν
2359 5691 2417 5740 ὲν
2463 5683 2935 5759 μυκτηρισμῷ,οὒ
2995 5689 3184 5744 ἕνεκεν
3237 5690 3290 5744 οἱ
3348 5674 3547 5759 φαῦλοι
3604 5692 3812 5746 ἐκεῖνοι

2239 5781 2617 5853 προσκυνηταὶ
2646 5781 3058 5849 καταλέγονται.
