4034 6206
333 310 442 374 453

1316 307 1621 371 CONTRA
1660 308 2156 373 INJURIABUM
2198 315 2637 376 MEMORIAM.

3476 314 3582 378 4:34

399 431 505 490 νγ’.
535 425 697 489 Ἴσως
724 426 781 479 δέ
818 426 917 480 οὐκ
962 426 1189 496 ἀπᾷδον,
1237 426 1333 479 καὶ
1385 426 1544 496 λόγον
1575 427 1707 497 ὑμῖν
1738 430 1904 498 ἐρεῖν,

2081 429 2167 483 55.
2197 426 2358 485 Forte
2391 431 2554 485 etiam
2582 443 2686 485 non
2711 428 2814 484 erit
2843 429 3103 484 absonum
3132 429 3395 482 rationem
3429 426 3581 479 vobis

329 520 387 584 ἐξ
422 510 485 572 οὗ
523 518 744 589 πρώτου
789 520 882 573 τὸν
921 521 1167 575 τοιοῦτον
1223 521 1350 576 νοῦν
1398 523 1689 594 ἐκέρδανα,
1740 524 1909 595 πείρα

328 610 622 674 διαλαὸὼν,
648 611 715 681 ἢν
740 612 1064 683 συγγραφῆς
1088 613 1305 686 ἀπάσης
1332 614 1638 685 πρόδρομον
1660 613 1775 669 οῖδα
1784 632 1905 682 μεν.

327 701 652 757 mea-3mm
682 704 818 774 ἦτην
849 704 1022 774 σοφὼ,
1049 707 1142 760 καὶ
1177 706 1341 776 ἄμφω
1371 708 1552 777 ἄνδρε,
1577 710 1604 763 δ
1636 708 1735 780 μέν
1784 707 1908 777 ἐμοὶ

330 794 673 862 τεταγμένος
699 798 778 859 είς
818 797 1065 867 ἀγωγὴν,
1096 801 1124 853 ό
1158 799 1213 853 δὲ
1245 800 1430 871 ἕτερος
1490 802 1726 873 χρηστὸς
1756 799 1907 871 αύτῷ

329 887 475 938 κατᾶ
507 887 819 957 συνήθειαν.
852 891 961 943 Καὶ
1010 886 1078 961 ἦν
1127 894 1329 962 ἀμφοῖν
1371 894 1518 955 ἅπαν
1558 897 1795 966 πρᾶγμα
1821 895 1909 962 cpi-

329 981 464 1041 ὶιον,
498 980 567 1034 τὰ
604 980 768 1045 οἴκοι,
799 986 866 1037 τὰ
896 983 1121 1055 θύραζε,
1154 988 1249 1039 καὶ
1279 988 1417 1050 ὅλως
1445 990 1640 1049 εἰπεῖν,
1666 988 1759 1040 τοῦ
1788 987 1904 1057 βίου

327 1070 389 1121 τὸ
423 1074 554 1125 πᾶν.
588 1067 731 1127 Ἧκε
768 1075 832 1140 δὴ
859 1077 1051 1147 καιρὸς
1086 1077 1385 1149 τρυγητοῶ
1423 1079 1516 1134 καὶ
1539 1079 1615 1142 ώς
1646 1082 1908 1150 ἑκάτερος

330 1160 615 1217 κάνταῦθα
650 1163 873 1231 εἴθιστο,
935 1168 1322 1239 συμπροῆλθον
1356 1172 1457 1241 τῆς
1507 1170 1773 1243 μεγίστης
1799 1171 1910 1225 τῶν

329 1251 543 1304 πόλεων
573 1256 653 1319 εἴς
672 1273 794 1309 τινα
812 1258 1012 1328 χωρία,
1037 1259 1098 1312 ού
1128 1262 1271 1314 πάνυ
1298 1260 1419 1331 μὲν,
1448 1263 1908 1334 ἀνακεχωρηκότα

331 1341 389 1395 δὲ
443 1345 690 1414 μετρίως
732 1345 832 1412 τῆς
865 1347 1305 1416 Μεγαλοπόλεως
1337 1357 1680 1420 προαστείων
1711 1354 1866 1423 δίκην
1888 1371 1902 1386 ⁸

326 1426 405 1486 ὧν
424 1434 486 1486 τδ
519 1435 621 1505 μὲν
660 1436 739 1508 τῷ
762 1440 1100 1511 γεραιοτέρῳ
1132 1443 1404 1512 πατρόθεν
1434 1445 1731 1515 ἀφώριστο,
1764 1445 1825 1498 τὸ
1861 1447 1907 1500 δ’

324 1525 521 1598 ἓτερον
547 1529 1054 1603 ἀντεπαρεκάθητο,
1092 1535 1416 1603 συγγενείας
1445 1537 1590 1609 λόγῳ
1628 1539 1909 1608 προσῆκον
1955 1575 1958 1578 ~

325 1618 410 1687 τῷ
440 1619 549 1688 ’μῷ
572 1620 885 1695 καθηγητῇ.
919 1625 1032 1679 Kal
1061 1628 1093 1696 ἠ
1124 1627 1271 1692 θέσις
1307 1630 1586 1698 ἑκατέρων
1620 1632 1910 1701 ἀντιπρόσ-

2010 537 2302 593 exponere,
2329 539 2394 577 ex
2432 540 2539 593 quo
2578 524 2752 594 primo
2779 524 2939 577 talem
2972 524 3193 588 concepi
3221 528 3586 582 mentem,ex~

2009 617 2270 686 perientia
2296 616 2571 685 colligens,
2603 630 2758 683 quam
2783 616 2956 667 omnis
2981 612 3166 681 scripti
3197 610 3580 680 praeambnlum

2013 710 2282 764 novimus.
2337 709 2506 763 Erant
2552 707 2798 775 magistri
2859 706 3275 772 duosapientes.
3321 710 3373 754 et
3426 701 3583 754 ambo

2012 803 2135 870 viri,
2173 819 2309 858 unus
2343 802 2560 871 quidem
2605 800 2737 853 milii
2769 798 3086 868 praepositus
3114 798 3178 850 ad
3217 790 3580 863 disciplinam,

2011 907 2064 952 et
2089 897 2223 951 alter
2254 897 2402 951 utilis
2443 904 2659 964 pmpter
2697 892 3162 949 consncttnlinem.
3194 889 3258 942 Et
3299 888 3580 941 amborum

2010 997 2128 1043 erat
2161 991 2518 1057 quodcunque
2556 987 2843 1048 dilectum,
2896 984 3009 1037 sive
3057 981 3200 1049 quod
3268 979 3432 1042 domi,
3471 977 3585 1031 sive

2010 1081 2152 1150 quod
2177 1081 2599 1159 extranlomnm,
2643 1090 2746 1131 uno
2785 1077 2972 1140 verbo,
3041 1083 3211 1128 totum
3263 1072 3387 1124 vitae
3438 1086 3585 1123 com—
3644 1136 3649 1141 ο

2012 1173 2295 1228 mercium.
2334 1171 2487 1225 Venit
2514 1187 2677 1239 porro
2727 1170 3011 1224 vindemite
3042 1176 3271 1233 tempus,
3308 1173 3359 1217 et
3390 1178 3583 1217 secuti-

2011 1266 2135 1320 dum
2162 1265 2439 1334 utriusque
2480 1278 2707 1328 morem,
2737 1274 2766 1315 e
2839 1264 3071 1314 maxima
3097 1258 3372 1313 civitatum
3449 1268 3582 1306 con-

2013 1365 2278 1412 venerunt
2308 1358 2359 1411 in
2392 1356 2613 1425 prmdia,
2648 1370 2751 1408 non
2790 1354 3019 1408 multum
3055 1350 3296 1419 quidem,
3334 1348 3426 1400 sed
3464 1360 3582 1399 mo-

2012 1449 2214 1515 dicum,
2242 1448 2624 1503 subttrbiorum
2660 1446 2854 1503 instar.
2885 1459 2910 1496 a
2950 1440 3268 1510 Megalopoli
3300 1436 3577 1492 distantia.

2011 1539 2257 1605 Quorum
2284 1553 2450 1591 unum
2494 1544 2611 1591 erat
2643 1533 2841 1589 seniori
2872 1548 2989 1586 sors
3022 1530 3271 1586 devoluta
3317 1539 3534 1595 paterna
3564 1542 3580 1587 ;

2012 1628 2242 1682 alterttm
2305 1637 2483 1680 autem
2541 1624 2753 1678 ratione
2845 1619 3261 1690 prOpinquitatis
3316 1619 3585 1683 obtigerat

325 1722 503 1815 tome,
529 1709 623 1765 τοῦ
697 1712 797 1781 μὲν
826 1717 1058 1782 ἐκεῖθεν,
1085 1716 1176 1769 τοῦ
1226 1717 1271 1771 δ’
1318 1718 1468 1774 ἐνθεν
1513 1723 1764 1790 κειμένου
1808 1722 1906 1792 τῆς

2013 1731 2136 1770 meo
2210 1714 2550 1784 przeceptori.
2628 1712 2922 1781 Utriusque
2998 1711 3135 1764 Situs
3206 1722 3271 1760 ex
3348 1707 3583 1760 adverso

324 1803 413 1857 διὰ
451 1803 622 1858 λίθων
660 1806 970 1877 μαρμάρων
1030 1811 1278 1880 στρωτῆς
1325 1811 1468 1876 ὁδοῦ,
1518 1804 1585 1883 ἧς
1636 1814 1902 1885 ἐπιπολῆς

324 1894 478 1968 ἱερδς
509 1898 645 1961 νεὼς
667 1900 745 1969 τῷ
779 1899 1158 1969 μεγαλωνύμῳ
1186 1903 1423 1974 μάρτυρι
1449 1904 1708 1976 Γεωργίῳ
1739 1905 1901 1975 μέχρι

328 1991 427 2045 καὶ
461 1991 555 2045 νῦν
594 1994 833 2061 ἵδρυται.
868 1988 945 2048 Οὗ
1012 1995 1295 2063 προεστὼς
1351 1996 1409 2061 ἐξ
1460 1993 1739 2049 ἀνατολῶν
1768 1995 1901 2051 κίων

330 2085 630 2155 μάρμαρος
661 2088 724 2138 ἐκ
761 2083 957 2140 λευκοῦ
1014 2087 1316 2155 ἁνεστήλου
1365 2088 1504 2143 κατά
1541 2088 1783 2155 κεφαλῆς
1826 2087 1903 2152 ώς

327 2170 418 2228 οἷα
447 2178 542 2228 καὶ
591 2178 943 2248 κιονόκρανον
982 2176 1299 2248 μαρμάριον
1343 2181 1571 2245 πίνακα,
1617 2179 1902 2233 στίλόοντα

328 2268 580 2341 ἡλιῶδες,
613 2258 656 2338 ᾧ
685 2270 926 2340 σταυροῦ
949 2271 1122 2334 τύπος
1152 2271 1333 2342 τίμιος
1367 2270 1762 2342 ἐγκεχόιρακτο.
1791 2271 1903 2325 Kal

326 2354 397 2428 ἦν
424 2362 489 2412 ἐκ
519 2359 670 2413 τοῦδε
698 2362 810 2431 τοῖς
842 2363 963 2415 ἐκεῖ
985 2362 1175 2430 κλῆσις
1194 2360 1524 2431 παρώνυμος
1550 2364 1763 2416 πίνακι.
1793 2362 1906 2415 Kal

330 2454 358 2504 ὁ
386 2452 520 2506 κίων
548 2451 649 2520 μὲν
675 2425 883 2517 ἐκεῖνος
918 2454 1094 2525 χρόνῳ
1122 2453 1316 2524 μακρῷ
1350 2453 1595 2513 πεισθεὶς
1625 2452 1905 2508 κελεύοντι

330 2543 635 2612 τρυμαλέος
670 2544 893 2600 ὁθενοῦν
916 2545 1146 2614 γίνεται,
1173 2546 1267 2600 καὶ
1294 2547 1483 2599 πίπτει
1515 2546 1727 2617 (χρόνος
1751 2541 1907 2611 οὗτος

330 2639 392 2690 οὗ
431 2638 687 2709 μακρὸς),
727 2639 821 2693 καὶ
843 2639 1133 2711 θραυσθεὶς
1182 2640 1368 2694 οὐκέτι
1423 2641 1728 2713 ἀνίσταται,
1776 2640 1909 2694 Συν-

335 2732 544 2799 απῆλθε
574 2733 633 2785 δὶ
687 2730 838 2803 αὐτῷ
865 2732 960 2787 καὶ
984 2733 1012 2785 ὁ
1036 2733 1315 2804 κιονίκτης
1348 2733 1581 2803 σταυρός
1601 2750 1616 2764 ·
1643 2732 1735 2786 καὶ
1758 2730 1909 2802 ὅμως

336 2823 577 2894 τοῦνομα
602 2822 682 2894 τῷ
715 2825 865 2896 τόπῳ
889 2824 1100 2878 ἐκεῖθεν
1128 2825 1360 2889 σώζεται
1412 2825 1504 2878 καί
1535 2825 1782 2879 καλεῖται
1813 2825 1910 2877 Πι-

336 2917 596 2972 νακίδιον.
627 2918 845 2988 Ὀνομα
895 2916 1054 2972 τοῦτο
1101 2919 1258 2972 κενὸν
1292 2919 1642 2988 πράγματος,
1667 2919 1908 2983 ἐγκατα-

336 3009 639 3078 χωσθέντος
689 3009 784 3064 τοῦ
822 3008 988 3079 ἔργου
1039 3009 1266 3081 ὀλέθρῳ,
1303 3004 1392 3063 οἷα
1442 3011 1537 3065 καί
1586 3028 1691 3063 τινι
1724 3010 1904 3079 τάφῳ.

2008 1819 2148 1874 erat,
2180 1808 2306 1862 hinc
2335 1816 2389 1861 et
2423 1807 2546 1861 inde
2576 1794 2729 1875 juxta
2752 1804 2892 1857 viam
2936 1801 3207 1870 lapidibus
3259 1799 3584 1852 marmoreis

2002 1908 2252 1957 stratam.
2292 1913 2455 1967 super
2489 1908 2652 1964 quam
2685 1894 2828 1948 mdes
2867 1904 3023 1947 sacra
3079 1888 3378 1943 fortissimo
3432 1900 3582 1939 mar-

2006 1994 2106 2064 tyri
2145 1990 2379 2061 Georgio
2406 2003 2578 2057 usque
2612 2003 2754 2042 nunc
2784 1986 3037 2052 assurgit.
3063 1984 3224 2046 Ante,
3254 1980 3321 2036 ab
3349 1981 3581 2046 oriente,

2004 2097 2309 2137 marmorea
2341 2080 2592 2137 columna
2620 2077 2824 2134 coloris
2877 2074 3007 2141 albi,
3057 2076 3238 2144 capite
3268 2073 3432 2141 cippi,
3467 2082 3586 2125 tan-

2004 2187 2167 2243 quam
2214 2182 2580 2225 marmoreum
2653 2167 2961 2239 capitellum
3006 2166 3254 2235 pinacem
3295 2160 3580 2217 offerebat.

2004 2264 2135 2320 solis
2165 2259 2377 2332 fulgore
2405 2262 2733 2326 radiantem,
2768 2258 2857 2314 cui
2906 2255 3241 2312 venerabilis
3274 2268 3435 2325 typus
3461 2268 3586 2307 crn-

2006 2357 2086 2411 cis
2116 2365 2235 2411 erat
2266 2355 2590 2423 insculptus.
2616 2363 2620 2367 '
2643 2350 2710 2406 Et
2765 2359 2881 2405 erat
2913 2350 3106 2404 exinde
3137 2347 3240 2401 loci
3281 2360 3583 2414 cognomen

2007 2448 2190 2506 Pittaci
2226 2458 2493 2504 ututuum.
2529 2447 2595 2502 Et
2616 2446 2864 2502 colunma
2916 2442 3133 2515 quidem
3182 2441 3343 2509 longo
3389 2440 3584 2493 cedens

2009 2540 2242 2612 tempori
2284 2538 2522 2608 undique
2558 2537 2786 2592 tremula
2824 2536 2965 2590 facta
2996 2544 3102 2597 est,
3134 2540 3190 2588 et
3221 2531 3419 2587 cecidit
3451 2530 3583 2601 (non

2009 2630 2201 2704 procul
2233 2634 2390 2686 abest
2411 2625 2642 2700 tempus)
2666 2645 2680 2694 ;
2700 2639 2752 2682 et
2782 2626 2952 2681 fracta
2978 2625 3216 2679 nomium
3241 2632 3419 2677 ercet:
3444 2630 3581 2674 stat:

2010 2725 2190 2795 lapsus
2245 2732 2328 2779 est
2362 2730 2541 2776 autem
2571 2735 2693 2773 cum
2730 2717 2816 2771 illa
2847 2718 3025 2772 crucis
3052 2712 3370 2781 capitularis
3403 2722 3583 2781 ιιριις,

2010 2826 2063 2872 et
2097 2826 2274 2869 tamen
2303 2812 2421 2869 loco
2451 2826 2646 2868 nomen
2692 2810 2888 2864 exhinc
2984 2817 3258 2862 servatum
3294 2815 3373 2859 est
3405 2810 3458 2857 et
3489 2817 3584 2856 vo-

2011 2915 2165 2962 catur
2213 2902 2578 2959 Pinacidiuln.
2651 2900 2856 2955 Nomen
2905 2908 2988 2954 est
3042 2914 3103 2952 re
3157 2910 3406 2961 vacuum,
3466 2909 3586 2961 quae

2012 2996 2161 3067 operi
2213 2996 2267 3050 in
2304 2994 2515 3049 ruinam
2549 3001 2824 3063 aggerato,
2857 2989 3015 3046 sicuti
3069 2988 3280 3046 cuidam
3349 2985 3580 3044 tumulo.

337 3100 428 3153 καὶ
458 3099 629 3151 τύπον
666 3094 778 3153 οἷον
810 3078 1066 3168 κενηρίου
1124 3078 1546 3168 περισώξοντος.
1577 3099 1672 3163 Εἰς
1722 3099 1787 3170 δὴ
1821 3078 1906 3151 τό-

2010 3089 2163 3160 quasi
2200 3096 2384 3158 typum
2422 3085 2731 3154 cenotapltii
2793 3092 3098 3138 conservat.
3137 3081 3195 3135 In
3222 3081 3365 3135 hunc
3402 3078 3582 3130 locnm

337 3208 436 3245 πον
468 3189 659 3245 τοῦτον
691 3188 1101 3261 παρεγενέσθην
1133 3189 1301 3260 ἄμφω
1340 3191 1388 3244 οἰ
1428 3193 1602 3260 σοφοὶ,
1632 3191 1724 3243 καὶ
1755 3190 1909 3243 καθι-

337 3285 603 3355 ζήσαντες
660 3283 754 3338 ἐπὶ
783 3282 884 3353 τὴν
941 3281 1305 3354 λιθόστρωτον
1350 3282 1446 3335 ἐπὶ
1492 3281 1806 3352 καχλήκων,
1857 3281 1907 3336 οἳ

340 3376 579 3447 σωρηδον
600 3376 718 3427 ἐκεῖ
739 3373 1115 3427 ἐστοιόἀδαται
1135 3390 1150 3405 ο
1175 3375 1270 3426 καὶ
1296 3373 1400 3427 ὑπὸ
1428 3375 1565 3445 συκῇ
1600 3373 1904 3441 γεγονότες,

336 3461 402 3536 ἦς
438 3466 752 3520 ἆπετελεῐτο
782 3465 908 3519 σκιά
952 3481 1034 3519 τις
1068 3465 1387 3536 ἀμφιλαφὴς
1418 3468 1512 3520 καὶ
1568 3466 1654 3519 οἵα
1683 3465 1905 3518 σκέπειν

338 3558 555 3621 ἀλύπως
571 3556 695 3620 τοὺς
716 3557 803 3609 ἐπ’
819 3557 957 3628 αὐτῇ
980 3556 1368 3622 ἐνδοιάζοντας,
1389 3557 1626 3624 ὡμίλουν
1655 3555 1905 3626 ἀλλήλοις

338 3651 404 3703 τὰ
433 3649 602 3703 πλείω
637 3649 735 3720 μὲν
768 3648 1101 3716 καταμόνας,
1147 3647 1277 3719 ώςῆ
1310 3650 1619 3718 φιλοσοφεῖν
1647 3650 1907 3719 αὐτοσχέ-

340 3744 442 3802 δια.
474 3742 506 3811 ἢ
542 3738 658 3811 βίου
702 3740 922 3809 τρίϐους
979 3743 1381 3812 περιηγεῖσθαι.
1412 3740 1607 3794 Ἤθελε
1632 3742 1686 3795 δὲ
1718 3742 1904 3805 αὐτοῖς

339 3834 369 3902 ὴ
403 3832 691 3897 φιλόσοφος
719 3829 1005 3895 ἀστειότης
1035 3831 1128 3888 καί
1151 3846 1205 3883 τι
1237 3832 1373 3900 πρὸς
1402 3833 1561 3902 χάριν
1593 3831 1758 3903 ᾅδειν,
1806 3849 1905 3884 κα-

340 3922 783 3991 ταμωκωμένους
811 3920 920 3975 τῶν
946 3922 1066 3977 ὅσοι
1092 3921 1234 3976 κατὰ
1263 3924 1362 3986 τὰς
1383 3923 1536 3984 ὁδοὺς
1567 3923 1907 3995 προφοροὼ-

339 4030 424 4064 ται
461 4004 564 4065 ὧδε
591 4012 687 4064 καὶ
716 4004 843 4073 ὦδε,
889 4010 1275 4075 πλανύττοντες
1332 4011 1391 4064 ἐν
1442 4012 1749 4082 πράγμασι,
1809 4013 1905 4066 καὶ

344 4102 454 4171 βίου
483 4101 643 4155 τοῦτο
675 4102 883 4170 δίασμα
905 4101 1388 4173 περιστρέφοντες,
1415 4102 1555 4157 ὥστε
1583 4104 1900 4174 τρέφεσθαι.

342 4192 459 4244 Τῶν
483 4191 541 4245 δὲ
571 4190 843 4259 ἀγελαίων
872 4191 1094 4245 ἐκείνων
1120 4191 1313 4247 ὀδιτῶν
1335 4194 1589 4259 ἀστείους
1619 4196 1906 4266 μυκτῆρας

341 4281 702 4350 ἀκροωμένων
733 4281 784 4334 οί
826 4281 926 4349 μὲν
982 4280 1293 4350 σεμνότεροι
1325 4284 1422 4336 καὶ
1475 4286 1673 4349 εἰδότες
1708 4285 1785 4339 τὼ
1813 4287 1908 4340 λα·-

342 4373 523 4425 λοῦντε
562 4372 747 4442 ἄνδρε,
781 4371 1032 4427 ἐσιώπων
1065 4372 1159 4424 καὶ
1192 4376 1583 4444 προσεκύνουν,
1613 4378 1708 4430 καὶ
1759 4376 1903 4430 οὕτω

339 4464 605 4532 τιμῶντες
639 4461 1043 4532 ἀπηλλάττοντο
1063 4477 1080 4494 ·
1108 4463 1157 4516 oi
1186 4464 1243 4517 δὲ
1269 4467 1405 4518 κατὰ
1435 4468 1663 4536 νεότητα
1710 4467 1903 4538 θερμοὶ

338 4555 678 4623 ἀντεφώνουν
702 4554 906 4625 ἡρέμα,
939 4552 1035 4606 καὶ
1066 4555 1100 4624 ἡ
1129 4552 1223 4607 τοῦ
1253 4553 1412 4621 λόγου
1446 4556 1599 4627 χάρις
1631 4557 1903 4624 ἀπεγέννα

340 4648 485 4704 τινὰς
527 4648 586 4698 ἐν
616 4645 845 4708 ἐκείνοις
901 4645 1148 4715 χάριτας,
1181 4645 1373 4715 ἱλαρὰς
1431 4646 1552 4717 μέν,
1582 4650 1683 4701 οὐκ
1714 4647 1818 4714 ἔξω
1846 4649 1903 4702 δέ

344 4750 477 4797 τινος
505 4733 815 4801 ἀγροικίας.
841 4733 1031 4787 ὁποίαν
1072 4736 1099 4787 ὁ
1143 4735 1445 4804 γεωργικὸς
1473 4736 1743 4808 ἀκόρητος
1789 4736 1904 4808 βίος

338 4818 439 4874 οἶδε
469 4822 747 4891 τημελεῖν.
784 4822 973 4876 Πολλοὶ
998 4822 1054 4876 δέ
1095 4824 1188 4877 καὶ
1239 4825 1320 4886 είς
1366 4824 1427 4878 τὸ
1460 4826 1780 4897 συνάμωρον
1807 4829 1901 4882 ὲκ-

338 4913 607 4977 κλίνοντες
638 4914 1027 4984 ἐϐλασφήμουν
1076 4916 1172 4968 καὶ
1204 4915 1358 4968 αὐτοὶ
1392 4917 1726 4988 ἀδιαφόρως,
1752 4918 1829 4980 ώς
1866 4920 1900 4990 ἡ

336 5004 466 5073 τρὺξ
489 5004 747 5058 ύπελὰλει
771 5003 921 5058 ἔνδον
949 5003 1145 5068 ζέουσα
1163 5021 1177 5037 ο
1208 5008 1300 5059 καὶ
1324 5001 1391 5074 ἦν
1417 5010 1529 5069 τοῖς
1552 5012 1734 5078 σοφοῖς
1762 5012 1905 5062 ἐκεῖ·

337 5095 422 5148 θεν
455 5096 629 5163 γέλως
668 5096 1023 5166 μειδιάματος
1053 5098 1153 5166 μὲν
1193 5100 1570 5168 σφοδρότερος,
1627 5100 1817 5170 μῶμον
1846 5101 1902 5154 δὲ

335 5186 429 5237 οὐκ
467 5187 881 5256 ἐπισυρόμενος.
908 5186 1221 5259 Παρίστατο
1251 5189 1348 5241 ἐπὶ
1392 5190 1602 5253 τούτοις
1633 5192 1727 5245 καὶ
1772 5208 1898 5244 νεα-

336 5278 450 5340 νίας
480 5278 581 5329 οὐκ
612 5275 866 5349 ἀγεννὴς,
891 5281 1234 5350 γραμμάτων
1264 5280 1373 5333 τῶν
1415 5280 1515 5350 μὲν
1547 5282 1649 5351 ήδη
1702 5298 1902 5350 γεγευ-

337 5370 515 5436 μένος,
555 5368 668 5422 τῶν
724 5370 781 5423 δέ
841 5371 1075 5440 μέλλων,
1109 5375 1201 5425 καὶ
1249 5370 1455 5444 δολιχὸν
1487 5373 1687 5445 εὐτυχῆ
1716 5374 1904 5427 τοῦτον

335 5461 529 5514 ἁνύσαι
585 5464 1083 5533 καραδοκούμσνος.
1128 5465 1431 5537 Ἐθάρῥησε
1498 5466 1560 5538 δὴ
1621 5468 1715 5520 καὶ⁵
1761 5468 1908 5520 ἐκεῖ·

334 5570 442 5617 νις,
479 5555 624 5622 ἐπεὶ,
658 5556 783 5609 καθ’
813 5554 1066 5628 Ὅμηρον
1126 5559 1322 5627 εἰπεῖν,
1365 5559 1511 5630 νεοίη
1579 5560 1671 5615 καὶ
1700 5560 1906 5615 ἐκεῖνον

347 5752 351 5756 ’
404 5738 482 5795 tl)
518 5737 689 5789 Αὑτοῦ

2012 3186 2343 3239 devenerunt
2371 3182 2531 3236 ambo
2563 3181 2860 3248 sapientes,
2915 3188 2969 3233 et
3002 3180 3054 3233 in
3097 3176 3402 3231 litliostroto
3429 3174 3585 3228 sede-
3686 3220 3693 3227 .

2010 3282 2140 3327 runt
2201 3283 2393 3340 super
2427 3271 2660 3338 lapillos,
2720 3272 2810 3339 qui
2876 3266 3172 3338 aggeratim
3209 3265 3279 3319 ibi
3344 3262 3585 3333 congesti

2009 3372 2174 3429 sunt;
2207 3373 2260 3418 et
2321 3364 2420 3417 sub
2479 3361 2580 3416 ficu
2644 3361 2800 3417 strati
2855 3360 3010 3428 cujus
3046 3356 3232 3412 ttmbra
3267 3355 3589 3425 producitur

2008 3457 2185 3526 ampla
2222 3455 2466 3525 talisque,
2504 3462 2560 3506 nt
2592 3452 2874 3509 commode
2925 3460 3061 3520 tegat
3094 3463 3186 3503 eos
3220 3449 3311 3515 qui
3342 3446 3443 3501 sub
3471 3445 3585 3511 ipsa

2009 3551 2302 3612 disserunt,
2336 3557 2523 3601 mutuo
2555 3542 3067 3606 confabttlabantttr,
3103 3539 3422 3609 plerumque
3457 3537 3584 3596 soli,

2010 3650 2066 3695 ut
2105 3640 2185 3694 vel
2239 3640 2405 3693 libere
2462 3635 2995 3707 philosopharentur,
3044 3631 3127 3685 vel
3182 3632 3304 3685 vita:
3366 3629 3587 3684 semitas

2008 3732 2362 3801 explicarent.
2413 3728 2640 3783 Volebat
2669 3735 2847 3781 autem
2894 3725 3042 3793 ipsos
3074 3722 3445 3792 philosophica
3483 3737 3577 3773 ur-

2011 3822 2227 3879 banitas
2261 3820 2465 3890 aliquid
2514 3832 2711 3872 cauere
2766 3817 3086 3887 gratiosum,
3144 3814 3381 3867 ridentes
3443 3811 3585 3875 illos,

2008 3916 2315 3987 quicunque
2358 3926 2457 3981 per
2487 3909 2599 3962 vias
2630 3908 2759 3962 illuc
2791 3907 3057 3968 feruntur,
3096 3903 3327 3966 negotiis
3375 3916 3583 3955 vacan-

2010 4017 2111 4071 tes.
2143 4016 2197 4064 et
2248 4008 2349 4061 hoc
2381 4004 2505 4059 vitae
2547 4002 2751 4066 licium,
2807 4008 2864 4053 ut
2890 3997 3211 4060 educentur,
3274 3995 3585 4049 circumitu-

2010 4109 2164 4155 cunt.
2228 4095 2411 4153 Turba
2467 4094 2737 4148 viatorum
2797 4089 3013 4144 illorum
3070 4078 3308 4141 urbanas
3362 4082 3589 4137 facetias

2007 4187 2344 4245 audientium
2380 4182 2723 4240 honestiores
2752 4179 2972 4252 quidem
3006 4177 3140 4233 duos
3169 4176 3414 4229 videntes
3443 4174 3585 4225 viros

2008 4281 2402 4350 colloquentes,
2423 4277 2654 4333 silebant
2683 4279 2737 4329 et
2758 4271 3089 4337 salutabant,
3119 4277 3173 4323 et
3198 4268 3277 4323 sic
3317 4268 3585 4321 honoran-

2014 4385 2093 4429 tes
2128 4368 2623 4444 praateribantmui
2684 4379 2810 4420 vero
2831 4363 3113 4433 jnventute
3156 4359 3454 4422 fervebant,
3485 4356 3589 4411 levi

2010 4476 2234 4518 susurro
2283 4457 2698 4526 respondebant,
2730 4466 2783 4510 et
2813 4454 3077 4508 sermonis
3114 4451 3286 4522 gratia
3320 4451 3585 4519 quasdam

2009 4557 2067 4612 in
2100 4557 2230 4627 ipsis
2256 4554 2454 4624 gratias
2504 4550 2856 4620 producebat,
2912 4545 3129 4616 jocosas
3186 4541 3427 4612 quidetu,
3492 4539 3588 4592 sed

2008 4665 2115 4703 non
2149 4658 2300 4703 extra
2334 4647 2618 4716 Quamdam
2668 4639 3047 4703 rusticitatem,
3096 4637 3308 4707 qualem
3360 4634 3587 4704 agrestis

2009 4750 2064 4794 et
2096 4753 2199 4793 non
2229 4735 2466 4806 expolita
2498 4735 2603 4788 vita
2641 4732 2940 4803 producere
2965 4728 3119 4784 solet.
3159 4725 3307 4780 Multi
3341 4737 3466 4778 vero
3490 4723 3587 4777 de-

2009 4833 2273 4888 clinantes
2305 4831 2370 4885 ad
2412 4830 2791 4896 prmdatorem,
2838 4821 3284 4894 blaspltemabant
3318 4820 3444 4891 ipsi,
3474 4832 3582 4872 non

2009 4940 2168 4979 secus
2197 4936 2259 4975 ac
2288 4922 2388 4974 lanx
2435 4926 2737 4972 murmurat
2792 4916 2938 4970 intus
2988 4922 3255 4977 aestuans;
3287 4920 3342 4966 et
3387 4910 3585 4963 exinde

2010 5011 2349 5083 sapientibus
2378 5019 2496 5064 erat
2524 5010 2684 5069 risus,
2718 5006 2894 5060 medio
2942 5006 3154 5073 quidem
3221 5002 3331 5056 risu
3364 5001 3577 5062 fortior,

2012 5107 2105 5160 sed
2133 5118 2236 5158 non
2284 5109 2407 5170 post
2446 5114 2504 5153 se
2520 5099 2988 5167 .vituperationeut
3033 5095 3281 5148 trahens.
3316 5091 3579 5160 Superve-

2009 5200 2086 5254 nit
2142 5203 2322 5249 autem
2357 5202 2409 5248 et
2435 5192 2648 5261 juvenis
2703 5205 2809 5244 non
2872 5188 3146 5258 ignobilis,
3190 5186 3388 5241 btteris
3445 5197 3578 5252 pau-

2011 5292 2149 5369 culis
2199 5288 2418 5358 quidem
2467 5284 2578 5353 jam
2632 5283 2924 5346 delibutus,
2959 5283 3082 5336 aliis
3129 5264 3305 5333 autem
3361 5273 3579 5327 studi-re

2014 5364 2256 5452 paratus,
2293 5390 2346 5437 et
2378 5380 2479 5434 hoc
2526 5377 2651 5432 lclix
2690 5376 3019 5433 curriculum
3080 5373 3337 5443 perlicere
3365 5364 3579 5420 fortiter

2013 5473 2286 5525 annitcns.
2322 5467 2501 5522 Ausus
2527 5473 2813 5520 autemest
2880 5462 2993 5524 ille,
3049 5459 3335 5528 siquidem,
3390 5461 3449 5507 ut
3504 5452 3581 5505 ait

2017 5560 2300 5624 llonterus,
2352 5556 2499 5612 illum
2542 5555 2763 5625 juventa
2830 5552 3025 5609 devicit
3084 5547 3345 5602 advertus
3399 5540 3585 5598 senio-
