4034 6206
329 2287 342 2301 .
429 2246 850 2299 commOtiOnetn
919 2257 1194 2311 movente,

420 289 525 355 455

1127 292 1551 353 ΕΗΞΤΑΤΠῙΙ
1593 288 1990 355 THESSALO

2101 285 2361 348 ZENSIS
2401 285 2965 348 METBOPOLITIE

3575 282 3677 346 456

423 429 537 466 rem
613 411 838 466 mordax
898 415 1146 467 emittere
1193 413 1436 467 verbum.
1471 411 1572 478 Qui
1609 411 1859 481 jucunda:
1921 407 1996 460 bi-

2116 424 2135 456 ι
2175 405 2509 475 ἐξενίκησεν,
2541 403 2791 456 ἐκῦαλεῖν
2820 401 2951 464 ἔπος
2996 419 3049 453 τι
3100 399 3369 470 κέρτομον
3405 400 3548 454 κατὰ
3580 397 3680 454 τοῦ

423 504 625 559 larilati
656 519 900 558 amarunt
928 504 1163 573 jnngens
1189 505 1455 566 animum,
1491 503 1692 557 elevari
1717 502 1993 570 paululum

427 600 479 651 in
513 598 656 652 ulnis
684 597 918 653 hominis
965 596 1123 650 fortis
1201 595 1616 665 grammaticum
1685 593 1948 658 excogitat
1976 635 1992 657 ,

425 700 478 742 et
509 692 693 743 statim
728 706 790 744 ac
818 704 944 743 cum
984 697 1116 742 nutu
1169 687 1419 742 sublimis
1451 688 1755 750 extollitur,
1810 686 1861 739 in
1887 684 1999 737 clu-

428 799 522 835 nes
551 784 668 848 ejus
701 783 850 849 virga
903 791 985 836 ter
1016 782 1351 835 immittitur.
1383 781 1463 834 Ad
1515 781 1565 833 id
1597 789 1808 832 lanium
1875 792 1997 830 ma-

427 891 564 944 gn~is
601 875 688 928 ille
727 877 832 930 dux
882 876 1142 929 ultionem
1185 890 1407 929 mensus
1461 883 1564 928 est.
1624 873 1770 926 Illius
1801 867 1995 925 'auteui

428 967 631 1019 vultum
669 967 1028 1021 circumdedit
1081 968 1276 1035 pudor,
1309 965 1540 1019 naturali
1595 963 1994 1034 pulchritudini

426 1073 689 1126 roseoque
716 1059 882 1113 colori
925 1061 1176 1113 ruborem
1231 1058 1593 1112 substituens.
1642 1055 1776 1110 Cum
1842 1071 1995 1117 vero,

426 1157 708 1217 postquam
781 1151 1046 1205 urbanum
1104 1150 1472 1219 impudentem
1525 1149 1606 1202 sic
1638 1147 1996 1216 pudefeierit,

428 1242 728 1294 surrexerit
762 1243 940 1296 bonus
966 1256 1155 1305 senex,
1187 1239 1572 1309 transieritqne
1600 1239 1994 1302 lithostrotnm,

427 1343 478 1385 rt
511 1335 576 1386 ad
625 1337 799 1388 locum
854 1351 1010 1388 suum
1100 1334 1638 1403 appropinquavcrit.
1704 1333 1998 1385 comitante

428 1440 548 1476 tneo
585 1426 843 1493 magistro
903 1426 1331 1492 miserantesque
1400 1425 1589 1478 oculos
1626 1425 1678 1478 in
1742 1424 1995 1491 juvenem

427 1519 776 1581 conjiciente,
834 1517 924 1571 ille
972 1517 1195 1569 minime
1265 1516 1406 1569 labia
1462 1515 1738 1582 aperiens,
1791 1513 1994 1568 homini

425 1610 620 1662 similis
699 1624 808 1663 nou
880 1607 1196 1677 iutelligenti
1264 1608 1409 1676 quod
1497 1609 1700 1662 factum
1757 1615 1863 1673 est,
1902 1621 1998 1661 oc-

2099 497 2446 569 γεραιτέρου.
2476 515 2494 548 ι
2527 496 2637 550 Καὶ
2658 495 2716 556 ὃς
2742 493 3022 564 ἱλαρότητι
3049 492 3294 562 γλυκερᾷ
3328 490 3502 560 θυμὸν
3528 489 3685 560 ἀψιν-

2102 592 2244 658 θώδη
2305 587 2815 658 συγκερασάμενος,
2862 585 3098 655 ἀρθῆναι
3157 581 3249 636 τδν
3287 583 3683 654 γραμματικὸν

2100 685 2362 735 ἐννοεῖται
2418 680 2692 751 μετέωρον
2736 678 2921 749 ἡρέμα
2976 676 3068 729 ἐπὶ
3117 674 3374 742 ἀγκαλῶν
3429 674 3682 742 γενναῖου

2099 775 2326 845 ἀνδρός·
2375 773 2468 825 καὶ
2520 771 2718 824 αὐτίκα
2757 770 2785 821 6
2826 769 2930 834 μὲν
2980 768 3097 834 ἅμα
3147 765 3381 834 νεύματι
3436 765 3683 833 αἴρεται,

2099 868 2194 917 καὶ
2231 862 2428 936 ρἀδος
2460 863 2569 916 τῶν
2603 862 2811 915 ἐκείνου
2855 860 3099 928 γλουτῶν
3128 857 3436 927 κατηνέχθη
3468 858 3680 926 έστρές.

2112 959 2234 1011 Ἐπὶ
2267 956 2519 1010 τοσοῦτον
2544 957 2572 1008 6
2601 956 2771 1025 μέγας
2820 953 3006 1023 ἅρχων
3036 950 3136 1020 τὴν
3169 950 3519 1016 ὲπεξέλευσιν
3550 951 3687 1019 ἐμεο

2099 1054 2310 1121 τρῖασε.
2345 1051 2450 1103 Τοῦ
2486 1048 2544 1102 δέ
2573 1050 2723 1116 ὅμως
2762 1046 2925 1110 αἰδὼς
2962 1044 3222 1115 περιῆλθε
3253 1045 3315 1096 τὸ
3361 1044 3684 1115 πρόσωπον,

2100 1143 2487 1213 ἀντιλάμψασα
2515 1141 2593 1210 τῷ
2659 1142 2722 1193 ἐκ
2748 1139 2964 1207 φύσεως
2996 1136 3186 1192 κάλλει
3217 1137 3296 1207 τῷ
3332 1137 3355 1188 ἐ
3367 1136 3687 1207 ρυθροδάνῳ

2098 1233 2193 1288 τοῦ
2223 1237 2243 1286 ἐ
2254 1234 2590 1305 ρυθήματος.
2632 1231 2721 1296 Ὠς
2751 1232 2807 1284 δέ
2832 1231 2923 1284 τὸν
2948 1232 3164 1284 ἀστεῖον
3193 1228 3380 1300 ἀναιδῆ
3405 1231 3463 1290 ἐς
3492 1227 3689 1281 τοσοῦ-

2098 1346 2192 1382 τον
2229 1328 2492 1396 αἰσχύνας
2522 1327 2786 1390 ἐξανέστη
2821 1328 2848 1378 6
2881 1324 3044 1382 καλὸς
3077 1323 3276 1393 γέρων,
3302 1323 3394 1376 καὶ
3449 1321 3510 1374 τὸ
3542 1321 3692 1374 λιθό-

2101 1438 2342 1489 στρωτον
2369 1419 2544 1490 διέϐη,
2566 1421 2661 1472 καί
2681 1420 2796 1482 τοῖς
2853 1417 3017 1471 αὐτοῦ
3042 1413 3687 1488 ἧγγιζε,συνομαρτοῦν-

2099 1530 2188 1572 τος
2226 1512 2319 1564 καὶ
2359 1509 2452 1564 τού
2462 1509 2564 1580 μοῦ
2591 1505 2943 1572 διδασκάλου,
2967 1509 3061 1561 καὶ
3090 1505 3466 1568 δυσωποῦντος
3484 1507 3578 1557 ἐπὶ
3603 1505 3686 1576 τῷ

2100 1604 2287 1674 νεανίᾳ
2322 1605 2402 1664 εἰς
2431 1602 2600 1667 ἐλεον,
2635 1603 2842 1664 ἐκεῖνος
2870 1603 2950 1661 είς
2979 1599 3130 1652 οὐδὲν
3160 1599 3283 1652 οὐδὲ
3323 1597 3683 1668 παρανοίγων

427 1701 570 1768 repit
649 1703 936 1759 stationem
1008 1701 1073 1755 ad
1125 1710 1336 1767 portam
1409 1701 1640 1769 ligneam
1706 1709 1994 1768 agrestem,

2103 1697 2168 1750 τὰ
2201 1694 2376 1766 χείλη,
2421 1693 2496 1756 ὡς
2555 1695 2656 1747 οὐκ
2720 1693 2890 1746 ἁῖοντι
2941 1689 3155 1754 ἐοικὼς,
3206 1691 3234 1744 ὃ
3263 1689 3327 1759 δὴ
3361 1690 3684 1759 πεποίηται,

425 1793 601 1853 qualis
651 1793 946 1857 sapientem
992 1791 1297 1862 Odysseum
1351 1793 1564 1859 excepit
1633 1792 1854 1844 domum
1916 1806 2000 1845 re-

427 1897 664 1937 versum.
697 1880 902 1935 Exinde
934 1897 1064 1948 puer
1131 1883 1368 1950 seipsum
1425 1881 1680 1946 Iigatione
1743 1896 1999 1934 manuum

427 1982 553 2026 ante
583 1981 774 2041 pectus
802 1972 994 2026 vincit.
1029 1971 1090 2024 Et
1119 1972 1294 2041 primo
1332 1973 1550 2042 quidem
1581 1972 1731 2025 vultu
1764 1972 2000 2028 demisso

432 2073 574 2118 astat
601 2062 762 2117 etiam
816 2061 1088 2128 lacrytnas
1142 2062 1367 2117 fundere
1413 2074 1676 2131 paratus;
1707 2073 2000 2133 posteaque

429 2163 591 2222 caput
629 2153 744 2207 solo
782 2153 1100 2220 suppliciter
1131 2155 1555 2223 appropinquat.
1585 2171 1692 2210 non
1733 2164 1876 2208 metu
1933 2157 1998 2208 ad

1262 2246 1353 2300 sed
1407 2247 1606 2302 mentis
1671 2246 1998 2301 urbanitate.

430 2337 696 2408 Loquitur
717 2337 878 2391 etiam
929 2339 1233 2393 miseranda
1325 2340 1469 2392 sicut
1521 2353 1637 2393 mos
1683 2349 1787 2403 est,
1862 2339 1999 2398 (hrc

429 2439 586 2485 erant
631 2430 839 2495 scena),
885 2429 1155 2499 simulque
1183 2431 1423 2500 loquitur
1451 2441 1504 2485 et
1537 2447 1686 2487 meus
1716 2433 1997 2502 magister,

429 2522 523 2577 sed
565 2523 678 2588 iise
714 2521 928 2576 sincero
963 2521 1156 2590 corde;
1193 2531 1247 2576 et
1276 2522 1538 2578 inducunt
1577 2523 1738 2578 ambo
1786 2522 2002 2590 sapien-

431 2624 537 2668 tem
572 2615 638 2668 ad
671 2614 808 2668 bona
833 2617 1191 2684 cogitantem,
1227 2631 1387 2670 sacer
1406 2616 1626 2686 quidem
1659 2617 1744 2670 vir
1786 2617 1839 2670 in
1868 2617 2002 2672 sim-

430 2705 702 2776 plicitate,
729 2706 946 2771 juvenis
997 2717 1176 2760 autem
1209 2709 1262 2760 in
1293 2705 1634 2773 iucunditate
1664 2710 1812 2762 intus
1837 2709 2003 2762 dissi-

431 2797 653 2852 mulata.
695 2796 831 2850 Cum
869 2808 1046 2850 autem
1095 2799 1350 2866 utrinque
1413 2800 1653 2870 placatus
1699 2815 1844 2856 esset
1885 2804 1998 2868 il'e,

433 2887 974 2953 misericordiamque
1033 2889 1244 2952 annuit,
1297 2904 1358 2938 ac
1395 2890 1608 2958 signum
1661 2891 1806 2944 dedit
1840 2891 2002 2960 utju-

431 2979 579 3032 venis
613 2992 775 3046 super
807 2987 1004 3031 terram
1050 2977 1244 3045 jaceus
1290 2989 1572 3047 exsurgat,
1605 2981 1661 3032 lit
1696 2981 1746 3033 in
1779 2982 2003 3035 urbani-

2105 1789 2388 1844 κατέκλινε
2437 1789 2534 1857 τὴν
2583 1787 2769 1840 στάσιν
2800 1787 2880 1848 είς
2929 1785 3082 1838 οὐδὸν
3115 1784 3326 1848 ξύλινον
3357 1783 3681 1853 ἀγροτικδν,

2102 1883 2284 1944 ὁποῖος
2307 1881 2403 1934 καὶ
2431 1879 2523 1932 τδν
2565 1878 2727 1946 σοφὸν
2767 1877 3031 1931 Ὀδυσσέα
3078 1874 3348 1940 ἐδεξιοῦτο
3375 1875 3516 1929 οῖκοι
3583 1876 3683 1926 ἐπ-

2103 1972 2499 2038 αναζεύξαντα.
2516 1967 2805 2023 Ἐντεῦθεν
2826 1971 2853 2021 6
2887 1969 3016 2029 παῖς
3040 1966 3234 2020 ἐαυτὸν
3261 1967 3452 2034 δεσμεῖ
3473 1965 3551 2037 τῷ
3574 1966 3684 2034 πρὸ

2101 2061 2198 2117 τοῦ
2229 2061 2458 2132 στήθους
2492 2061 2769 2128 πλέγματι
2804 2059 2916 2112 τῶν
2945 2059 3167 2129 χειρῶν.
3212 2059 3319 2111 Καὶ
3350 2054 3546 2131 πρῶτα
3581 2058 3684 2128 μὲν

2104 2157 2432 2226 παρίσταται
2462 2155 2736 2222 κατηφὴς,
2797 2152 2996 2206 ἐθέλων
3042 2150 3138 2204 καὶ
3197 2149 3460 2220 ἔνδακρυς
3492 2146 3639 2202 εἶναι
3666 2167 3682 2181 ο

2103 2245 2221 2302 εἶτα
2250 2247 2344 2301 καὶ
2375 2246 2454 2316 τῷ
2497 2245 2682 2313 ἐδάφει
2715 2241 2963 2297 πιστεύει
3009 2243 3110 2312 τὴν
3139 2242 3384 2312 κεφαλὴν
3414 2243 3660 2296 ἱκετευτι

2103 2344 2238 2407 κῶς,
2289 2340 2350 2396 ού
2410 2339 2578 2408 φὸδου
2633 2336 3022 2398 ύποκινοῦντος
3055 2337 3134 2399 εἰς
3186 2334 3381 2397 πάθος,
3411 2333 3548 2387 ἀλλὰ
3582 2335 3685 2401 τῆς

2103 2435 2247 2489 κατὰ
2297 2432 2476 2502 ψυχὴν
2509 2429 2876 2497 ἀστειότητος.
2932 2427 3100 2481 Λαλεῖ
3145 2425 3208 2496 δὴ
3241 2426 3335 2478 καὶ
3381 2425 3576 2494 οἰκτρὰ
3605 2423 3686 2486 ὡς

2104 2525 2264 2597 ἐῴκει
2303 2523 2440 2594 (τάδ’
2463 2517 2606 2593 ἦσαν
2640 2518 2860 2591 σκηνὴ),
2893 2516 3218 2573 συνεκλαλεῖ
3247 2517 3305 2571 δὲ
3357 2519 3450 2570 καὶ
3475 2519 3502 2570 6
3548 2517 3682 2585 ἐμδ,

2101 2618 2441 2680 διδάσκαλος,
2464 2612 2578 2669 ἀλλ’
2606 2614 2771 2678 αὐτὸς
2796 2612 3216 2682 ἐνδιακειμένως
3241 2628 3256 2643 ·
3283 2612 3376 2666 καὶ
3400 2609 3588 2664 πείθου
3599 2629 3682 2662 si»

2102 2712 2268 2781 ἄμφω
2297 2709 2387 2761 τὸν
2413 2707 2574 2775 σοφὸν
2603 2708 2683 2770 είς
2711 2705 2892 2774 ἀγαθὰ
2919 2703 3164 2768 νοοῦντα,
3191 2705 3218 2758 6
3242 2705 3342 2774 μὲν
3371 2703 3514 2774 ίερὸς
3540 2703 3681 2774 ἀνὴρ

2103 2803 2160 2854 ἐν
2188 2800 2470 2867 ἁπλότητι,
2503 2801 2531 2852 6
2560 2798 2615 2851 δὲ
2647 2797 2768 2860 νέος
2804 2795 3085 2866 ὲνδομύχῳ
3143 2796 3426 2869 στυφούσῃ
3474 2795 3681 2863 γλυκύ.

2099 2890 2348 2958 τητι.⁹Ως
2384 2890 2438 2943 δὲ
2473 2889 2748 2960 μαλάχθη
2785 2888 3127 2958 ἑκατέρωθεν
3153 2889 3385 2952 ἐκεῖνος,
3410 2887 3508 2941 καὶ
3537 2905 3682 2940 κατ-

2104 2982 2320 3037 ένευσεν
2353 2983 2521 3044 ἔλεον,
2545 2983 2636 3034 καὶ
2685 2981 2748 3048 δὴ
2793 2983 2886 3036 καὶ
2914 2980 3192 3050 ἐξέγερσιν
3221 2977 3315 3033 tot":
3344 2981 3467 3034 νέου
3491 2979 3558 3033 ἐκ
3585 2979 3682 3032 τοῦ

434 3082 545 3126 tate
598 3087 730 3140 puer
752 3071 940 3125 activa?
975 3071 1246 3126 solertiae:
1283 3083 1443 3140 caput
1492 3073 1543 3126 in
1579 3083 1781 3127 terram
1831 3076 1995 3130 verti.

2103 3076 2244 3153 ararit
2267 3075 2366 3143 γῆς
2392 3075 2627 3140 κεῖσθαι,
2652 3075 2860 3143 γίνεται
2882 3075 2978 3142 τῆς
3007 3075 3262 3144 ἐνεργους
3285 3075 3342 3126 ἐν
3367 3071 3682 3140 ἀστειότητι

431 3163 548 3217 cule
583 3163 826 3227 lirtnans,
861 3173 1184 3232 tergumque
1221 3164 1394 3230 magis
1429 3166 1740 3232 incurvans,
1770 3177 1826 3221 et
1854 3169 1994 3235 seip-

430 3268 548 3307 sum
573 3267 769 3322 gyrans
811 3263 864 3304 ut
900 3254 1180 3306 incurvum
1226 3269 1433 3320 arcum,
1489 3256 1685 3311 deinde
1741 3260 1906 3324 pedes
1947 3260 1999 3313 in

429 3343 660 3397 sublime
721 3342 910 3398 tollens
953 3343 1018 3397 ad
1081 3345 1251 3399 instar
1296 3345 1441 3400 illius
1509 3349 1598 3415 qui
1666 3351 1870 3405 relatus
1902 3361 1993 3405 est

431 3431 740 3504 gestienlari
772 3447 1025 3487 manuum
1086 3433 1207 3488 loco
1246 3436 1524 3500 cruribus,
1578 3447 1634 3492 et
1690 3439 1770 3494 sic
1822 3443 2001 3509 capite

431 3527 682 3580 deorsum
719 3526 896 3596 posito
964 3527 1030 3579 de
1053 3525 1253 3593 jacenti
1299 3542 1551 3598 surgens.
1601 3530 1738 3584 etin
1793 3542 1998 3586 rectum

431 3633 491 3674 se
529 3618 828 3686 sustinens,
885 3619 1186 3686 posteriora
1245 3620 1460 3690 projicit
1506 3621 1558 3675 in
1622 3621 1998 3676 mirabundum

431 3725 642 3772 senem.
683 3719 738 3764 et
786 3710 1049 3766 violenter
1110 3710 1372 3778 incidens,
1410 3713 1666 3782 illumque
1695 3714 1999 3784 proripiens

433 3802 481 3854 in
510 3812 774 3872 agrestem
807 3803 1208 3868 domunculam,
1252 3808 1552 3877 resupinat,
1623 3810 1754 3863 etin
1817 3809 1996 3877 ipsum

430 3892 615 3946 eodem
651 3893 834 3946 habitu
894 3894 1060 3956 cadit,
1115 3894 1335 3964 suisque
1394 3895 1578 3963 pronis
1611 3895 1778 3964 ipsius
1809 3899 1998 3964 supina

431 3984 694 4048 percutit;
726 3995 887 4053 caput
919 3985 1132 4053 quidem
1166 4000 1230 4038 ex
1291 3986 1434 4041 illius
1467 3987 1691 4054 pedibus
1741 3989 1998 4050 eilucons,

432 4073 543 4140 ipse
595 4089 718 4127 vero
750 4087 911 4143 caput
940 4076 1054 4144 ejus
1094 4077 1315 4144 l'orcipis
1346 4079 1516 4132 instar
1549 4089 1761 4134 tem-us.
1827 4077 2000 4133 luter-

429 4176 492 4214 ea
562 4163 779 4230 quidem
816 4164 957 4217 risus
981 4164 1267 4232 utrobique
1325 4167 1502 4220 nullus
1549 4177 1690 4230 erat,
1735 4169 1830 4221 sed
1885 4184 2001 4222 om-

432 4268 528 4306 ncs
560 4255 720 4306 anxie
757 4253 1068 4322 stupebant,
1117 4257 1261 4322 quod
1292 4255 1372 4309 sic
1408 4272 1539 4322 puer
1567 4258 1668 4312 iste
1731 4259 1888 4312 talem
1931 4261 1998 4312 il-

430 4344 654 4397 lusisset
687 4341 884 4406 virum,
933 4343 1290 4415 ultricetnque
1351 4347 1644 4414 sperabant
1708 4351 1999 4405 correctio-

2107 3169 2356 3238 μηχανῆς
2388 3169 2415 3220 ὁ
2453 3169 2610 3230 παῖς·
2640 3170 2736 3220 καί
2768 3167 2868 3236 τὴν
2899 3166 3144 3237 κεφαλὴν
3174 3167 3254 3229 εἰς
3281 3165 3384 3235 γῆν
3414 3163 3478 3219 εὖ
3528 3164 3683 3234 μάλα

2105 3261 2410 3330 κορυφαίαν
2457 3259 2694 3329 ἐρείσας,
2731 3261 2826 3312 καὶ
2851 3260 2918 3311 τὰ
2949 3259 3078 3327 ἑξῆς
3122 3261 3351 3312 νωτιαῖα
3396 3260 3475 3322 είς
3511 3259 3683 3311 πλέον

2105 3353 2507 3421 ἐπικυρτώσας,
2560 3352 2653 3404 καὶ
2691 3349 2944 3422 γυρὼσας
2982 3351 3173 3405 ἐαυτὸν
3219 3350 3352 3403 ὡσεὶ
3397 3367 3493 3403 και
3525 3352 3682 3416 τόξον

2105 3443 2311 3512 ραιϐὸν,
2348 3438 2465 3494 εἶτα
2517 3439 2593 3493 τὼ
2627 3440 2752 3494 πόδε
2805 3442 2884 3504 είς
2947 3441 3227 3510 μετέωρον
3266 3440 3480 3511 ἐπάρας
3534 3443 3682 3494 κατᾶ

2101 3533 2191 3588 τὸν
2223 3532 2576 3602 ίστορηθέντα
2606 3533 2947 3602 χειρονομεῖν
2973 3521 3331 3597 σκέλεσι,’καὶ
3352 3530 3524 3595 οὕτως
3552 3532 3685 3584 ἁνα-

2105 3626 2232 3688 στὰς
2265 3625 2326 3676 ἐκ
2353 3623 2446 3676 τοῦ
2477 3623 2693 3677 κεῖσθαι
2727 3623 3034 3693 κύμϐαχος,
3083 3624 3178 3677 καὶ
3235 3625 3512 3686 συστήσας
3550 3624 3682 3676 ἐαυ-

2102 3715 2194 3767 τὸν
2230 3716 2307 3776 είς
2332 3713 2539 3784 ὄρθιον,
2564 3715 2905 3782 καταρὰσσει
2937 3718 3005 3768 τὰ
3038 3715 3217 3768 ὀπίσω
3249 3715 3392 3767 κατὰ
3419 3714 3514 3767 τοῦ
3550 3715 3658 3767 θαυ

2107 3809 2454 3877 μασιωτάτου
2490 3805 2768 3874 γέροντος,
2797 3807 2888 3859 καὶ
2915 3805 3093 3876 βίαιος
3133 3805 3501 3868 ἐπεισπεσὼν,
3531 3807 3683 3857 ἐκεῖ-

2103 3897 2192 3949 νόν
2241 3913 2299 3948 τε
2355 3893 2706 3966 καταῤῥίψας
2757 3895 2864 3948 ἔσω
2901 3895 2994 3948 τοῦ
3029 3892 3353 3964 ἀγροικικοῦ
3403 3892 3684 3958 οῖκίσκου,

2104 3987 2376 4052 ύπτιάζει,
2415 3989 2508 4041 καὶ
2537 3986 2701 4040 αὑτὸν
2733 3986 3022 4040 ἐπιπίπτει
3067 3987 3210 4038 κατὰ
3246 3985 3433 4055 σχῆμα
3463 3985 3681 4054 ὅμοιον,

2103 4081 2196 4133 καὶ
2233 4081 2460 4148 πλήττει
2495 4083 2608 4140 τοῖς
2637 4077 2762 4132 καθ’
2788 4077 2983 4131 ἑαυτὸν
3015 4076 3253 4147 πρανέσι
3284 4077 3352 4130 τὰ
3381 4077 3500 4129 κατ’
3529 4079 3682 4130 ἐκεῖ·

2102 4191 2192 4226 νον
2233 4171 2419 4234 ὕπτια,
2447 4171 2689 4240 κεφαλὴν
2728 4171 2826 4241 μὲν
2853 4173 2964 4234 τοῖς
3013 4171 3225 4224 ἐκείνου
3273 4174 3430 4223 ποσὶν
3487 4169 3681 4222 ἐκκλί-

2102 4281 2220 4328 νας,
2255 4263 2417 4326 αὐτὸς
2446 4265 2492 4317 δ’
2515 4262 2586 4316 αὖ
2623 4264 2724 4332 τῆς
2767 4263 2977 4316 ἐκείνου
3014 4264 3306 4332 πυράγρας
3349 4264 3551 4332 τρόπον
3581 4261 3681 4313 λα-

2103 4355 2353 4424 ϐόμενος.
2423 4353 2550 4410 Ἐπὶ
2589 4353 2804 4416 τούτοις
2858 4354 3036 4418 γέλως
3089 4355 3188 4424 μὲν
3222 4349 3292 4425 ἦν
3342 4353 3682 4421 ούδαμύθεν,

359 4509 370 4520 ρ
431 4450 579 4492 nem.
607 4434 741 4489 Cum
771 4444 951 4488 autem
983 4433 1139 4489 heros
1181 4435 1270 4490 ille
1300 4449 1468 4504 super
1492 4435 1787 4504 juveniletn
1825 4441 1995 4495 soler-

2101 4421 2240 4500 ἀλλὰ
2270 4446 2472 4510 πάντες
2501 4447 2891 4516 ἐτεθήπεισαν,
2921 4447 2972 4500 ει
3007 4421 3150 4500 οὕτω
3183 4421 3313 4510 παῖς
3343 4446 3550 4505 ἐκεῖνος
3578 4443 3680 4496 ἄν·

431 4526 559 4580 tiatn
591 4524 783 4579 leniter
831 4523 1032 4578 ellusus
1061 4535 1166 4589 est,
1198 4536 1249 4582 et
1279 4527 1520 4582 nubilum
1550 4531 1714 4600 quod,
1751 4541 1808 4584 ut
1835 4543 1996 4586 natu-

431 4615 542 4671 rale
570 4627 676 4678 est,
719 4615 770 4670 in
832 4616 1035 4670 tultntn
1103 4617 1220 4688 ejus
1282 4631 1662 4688 praecurrerat,
1725 4623 1997 4679 hilaritate

427 4707 833 4763 dulcil‘ractum
887 4709 1128 4774 evanuit,
1203 4711 1536 4766 exsultantes
1613 4717 1677 4768 de
1763 4716 1996 4770 circum-

428 4802 592 4855 stanti
634 4802 810 4866 turba,
844 4801 943 4870 ipsi
981 4804 1146 4872 gavisi
1188 4814 1331 4872 sunt,
1362 4815 1414 4858 et
1461 4805 1709 4873 juvenem
1758 4809 1993 4863 solutum

429 4891 775 4945 dimisvrunt.

498 5177 587 5233 55.
623 5177 756 5244 Quis
795 5192 928 5245 ergo
975 5180 1262 5246 spondebit
1296 5196 1392 5236 nos
1442 5197 1656 5253 quoque
1708 5202 1816 5241 non
1866 5188 1992 5242 irri-

425 5268 540 5323 tlcri
587 5267 789 5321 talibus
824 5268 1269 5322 ailorationibns?
1300 5269 1522 5340 Insuper
1553 5275 1596 5328 si
1656 5279 1778 5346 quis
1838 5280 1994 5333 dubi-

427 5369 524 5424 tat,
554 5359 682 5429 quid
734 5357 946 5410 tandem
1008 5359 1074 5411 de
1114 5370 1332 5423 cmtcro,
1393 5365 1435 5416 si
1471 5367 1624 5421 nobis
1657 5375 1838 5424 Omnia
1869 5380 1994 5424 sunt

427 5456 694 5516 suspecta,
736 5445 1041 5499 faciendum
1109 5447 1200 5508 sit,
1257 5447 1367 5502 lucc
1410 5454 1671 5509 dubitatio
1704 5459 1782 5514 sic
1817 5461 1994 5513 solve-

429 5549 539 5602 tur,
579 5541 804 5596 fratres:
859 5541 998 5608 quod
1060 5559 1159 5612 ego
1203 5545 1360 5609 facio,
1418 5546 1601 5615 facite,
1659 5566 1758 5605 nec
1823 5553 1992 5622 magis

428 5645 586 5697 quam
618 5647 717 5701 ego
746 5635 922 5700 nobis,
956 5649 1052 5688 vos
1078 5636 1298 5690 ambite.
1353 5637 1484 5693 Cum
1528 5652 1705 5696 autem
1738 5643 1900 5697 Deum
1938 5652 1992 5698 et

431 5730 646 5775 sanctos
673 5721 792 5788 ejus
824 5721 1208 5791 deprecamini,
1239 5734 1364 5780 tunc
1401 5728 1553 5786 vobis
1582 5730 1728 5798 licet,
1769 5734 1811 5789 si
1866 5747 1985 5802 pos-

2100 4537 2202 4608 δρα
2233 4535 2473 4591 τοιοῦτον
2501 4537 2902 4605 κατεσοφίσατο
2926 4551 2940 4566 ⁸
2969 4537 3063 4590 καὶ
3084 4537 3314 4607 ἧλπιζον
3342 4533 3678 4604 κολαστικὴν

2101 4630 2403 4684 παίδευσιν.
2447 4630 2535 4692 Ὠς
2583 4629 2640 4681 δὲ
2688 4632 2715 4682 6
2749 4630 2900 4700 ἥρως
2951 4629 3156 4689 ἐκεῖνος
3207 4627 3428 4698 διεχέθη
3480 4627 3573 4679 ἐπὶ
3605 4629 3674 4696 τῇ

2099 4724 2398 4791 νεωτερικῇ
2425 4721 2711 4792 δεξιότητι,
2733 4723 2826 4774 καὶ
2854 4721 2916 4773 τὸ
2939 4715 3026 4772 οἶα
3049 4719 3197 4782 εἰκὸς
3226 4718 3546 4791 προδραμδν
3575 4719 3674 4770 τοῦ

2100 4813 2244 4867 κατὰ
2300 4814 2594 4882 πρόσωπον
2635 4814 2842 4865 ἐκείνου
2891 4811 3054 4880 νέφος
3113 4811 3393 4880 ἱλαρότητι
3441 4809 3674 4879 γλυκεῖα

2100 4902 2443 4973 περιῤῥαγέν
2480 4902 2744 4970 ἀπῆλθεν,
2777 4899 3182 4972 ὑπερησθέντες
3211 4901 3272 4952 τὸ
3305 4901 3672 4969 περιεστηκὸς

2100 4993 2289 5062 στίφος
2338 4993 2494 5047 αὐτοί
2531 5010 2587 5045 τε
2623 4995 2923 5064 ἐχάρησαν,
2965 4991 3060 5044 καὶ
3102 4990 3195 5043 τὸν
3232 4992 3398 5045 παῖδα
3444 4991 3673 5044 συνέλυ-

2099 5101 2218 5138 σαν.

2167 5177 2260 5230 νδ’.
2308 5175 2404 5236 Τίς
2441 5175 2508 5244 δὴ
2538 5173 2632 5228 οῦν
2667 5175 3022 5245 ὲγγυήσεται,
3059 5175 3134 5242 μὴ
3183 5176 3282 5227 καὶ
3313 5175 3460 5244 ἡμᾶς
3496 5191 3672 5229 καταο

2095 5265 2458 5340 χλευάζεσθαι
2484 5264 2750 5328 τοιούτοις
2773 5264 3057 5336 προσκυνὴ
3068 5281 3232 5332 μασιν
3255 5281 3270 5328 ;
3313 5266 3433 5318 Ἐπὶ
3453 5265 3671 5331 τούτοις

2097 5362 2149 5415 εί
2172 5377 2254 5422 τις
2288 5361 2617 5430 ἐπαποροίη,
2648 5359 2675 5412 ὃ
2705 5359 2758 5411 τί
2789 5375 2920 5410 ποτε
2955 5357 3049 5410 τοῦ
3077 5357 3270 5411 λοιποῦ
3311 5362 3590 5430 ποιητέον,
3619 5363 3672 5415 εἰ

2095 5457 2274 5510 πάντα
2321 5457 2452 5524 ἡμῖν
2487 5452 2730 5515 ὕποπτα,
2787 5451 3068 5504 λελύσεται
3101 5453 3161 5504 τὸ
3205 5453 3414 5521 ἄπορον
3471 5454 3669 5521 οὕτως,

2095 5548 2314 5616 ἀδελφοί
2339 5563 2354 5578 ο
2378 5547 2405 5598 ὃ
2433 5546 2543 5614 ἐγὼ
2588 5528 2750 5615 ποιῶ,
2798 5547 3024 5609 ποιεῖτε,
3062 5545 3153 5598 καὶ
3191 5544 3264 5614 μὴ
3294 5545 3672 5615 φιλοτιμεῖσθε

2097 5641 2300 5702 πλεῖον,
2321 5633 2489 5708 οὗπερ
2517 5639 2654 5708 ἡμῖν
2674 5635 2804 5703 ἐγώ.
2827 5635 2958 5688 Ὅτε
2989 5636 3044 5689 δὲ
3071 5635 3190 5707 Θεῷ
3225 5637 3320 5690 καὶ
3347 5641 3461 5702 τοῖς
3489 5640 3666 5706 ἁγίοις

2095 5729 2262 5784 αὑτοῦ
2301 5727 2588 5799 εὖχοισθε,
2619 5727 2742 5781 τότε
2771 5726 2836 5796 δὴ
2871 5725 2990 5791 ἐξὸν
3037 5727 3188 5797 ὑμῖν,
3220 5727 3335 5797 εῖγε
3368 5730 3460 5783 καὶ
3507 5729 3670 5785 δύνα-
