4034 6206
274 255 379 319 £57

1272 260 1573 323 CONTRA
1619 265 2118 333 INJURIARUM
2154 274 2593 341 MEMORIAM.
2636 294 2641 301 '

3430 282 3536 349 453

264 375 389 433 σθε,
423 368 579 432 ὅλους
621 370 700 433 είς
734 370 837 439 γῆν
873 372 1221 443 καταρρέων,
1268 378 1362 427 καὶ
1416 377 1559 430 οὕτω
1590 379 1845 446 κατάγειν

1956 391 2097 457 sitis,
2133 406 2272 452 totos
2330 401 2383 453 in
2427 409 2625 453 terram
2684 410 2779 452 vos
2804 402 3167 469 prosternere,
3204 396 3387 463 sicque
3450 400 3529 451 di-

268 462 482 523 ἄνωθεν
518 460 609 513 τὸν
655 460 799 513 θεῖον
828 461 977 513 ἔλεον
998 479 1012 492 ο
1043 465 1191 531 ἡμᾶς
1231 465 1285 517 δὲ
1315 466 1481 533 ἄφετε
1526 468 1847 538 ἀνθρώπους

267 548 431 610 εἶναι,
466 550 562 603 καὶ
590 551 856 619 τιμᾶσθαι
885 552 1274 621 ἀνθρωπικῶς,
1309 558 1362 608 εἰ
1385 574 1487 608 που
1517 559 1609 611 καὶ
1643 559 1845 629 χρεών.

264 646 331 701 Εἰ
363 643 421 696 at
453 646 546 695 καὶ
578 642 751 695 ταῦτα
786 642 957 696 εἰπὼν
990 646 1117 713 περὶ
1167 648 1267 713 τῆς
1321 649 1715 721 ἀναμαρτήτου
1736 653 1847 704 τῶν

266 736 453 788 κακῶν
511 737 754 805 μνήμης,
780 733 1023 797 ὕποπτος
1070 736 1150 789 ἔτι
1178 740 1235 799 ἐς
1276 743 1644 809 μνησικακίαν
1704 745 1843 812 εἰμὶ,

266 833 361 880 ἐπε
390 830 454 897 δὴ
495 828 865 896 μεμνημένος,
918 828 992 896 μὴ
1048 831 1178 893 πᾶν,
1221 833 1247 884 ὃ
1285 850 1338 885 τι
1398 833 1683 898 βούλεσθε,
1716 837 1847 904 ὑμῖν

266 920 486 987 εφίημι,
518 920 629 971 ἀλλ’
658 918 769 986 ἐγὼ
798 917 891 970 τοῦ
922 916 1098 971 ταῦτα
1154 921 1397 986 δοξάζειν
1456 926 1557 979 οὐκ
1608 927 1847 998 ἀποστήτ

266 1028 456 1081 σομαι.

334 1108 428 1154 νε’.
463 1103 623 1172 Λέγω
652 1104 707 1157 δὲ
747 1106 907 1160 πάλιν
949 1106 1259 1171 ἀναλαϐὼν,
1298 1107 1374 1170 ὡς
1401 1110 1501 1161 οὐκ
1531 1110 1618 1175 ἂν,
1650 1109 1771 1163 οὐδὲ
1798 1112 1845 1162 εί

267 1196 439 1264 μυρία
470 1196 623 1247 δεινά
654 1196 818 1248 ποθεν
875 1197 1204 1267 ἀκούσομαι,
1237 1199 1582 1270 ἀνασχοίμην
1613 1200 1847 1255 καταθέ-

266 1286 413 1343 σθαι,
449 1286 647 1337 ταύτὸν
700 1285 842 1340 εἶναι
894 1289 1312 1359 (συνῃρημένως
1369 1289 1571 1359 λέγειν)
1645 1309 1841 1361 μνησι-

266 1380 481 1442 κακεῖν,
538 1381 630 1430 καὶ
668 1379 735 1431 αὖ
790 1380 952 1433 πάλιν
992 1381 1049 1431 ὲν
1088 1380 1332 1434 διαλύσει
1378 1382 1693 1451 μεμνῆσθαι
1746 1401 1845 1437 κα·

266 1468 387 1521 κοῦ.
458 1468 601 1519 ’Λλλ’
628 1470 801 1521 ἐκεῖνο
854 1470 952 1527 μὲν
1007 1472 1256 1540 καμήλου
1314 1472 1535 1541 τίθεμαι
1594 1474 1845 1527 καὶτῶν

265 1563 363 1614 ὅσα
393 1561 648 1622 τοταῦτα,
667 1562 763 1613 καὶ
788 1561 1079 1632 ἀνθρώπου
1109 1563 1163 1614 δὲ
1190 1562 1527 1633 ψευῖομένου
1569 1564 1667 1635 τὴν
1692 1564 1843 1618 θείαν

266 1652 493 1713 πλάσιν,
531 1652 654 1705 καθ’
687 1653 753 1722 ἣν
787 1654 868 1714 είς
902 1654 1265 1722 ἀγαθοποιῖαν
1320 1655 1604 1725 εἴργασται
1634 1670 1646 1683 ⁸
1680 1656 1842 1719 αὐτὸς

261 1744 315 1803 δὲ
347 1745 637 1811 μέμνημαι
667 1744 979 1815 ἀπονήρως,
1012 1747 1065 1799 εί
1092 1746 1142 1798 τί
1172 1764 1276 1798 που
1310 1746 1481 1799 κακὸν
1508 1746 1541 1816 ἢ
1576 1746 1847 1817 σύμϐαμα

263 1836 293 1905 ἦ
331 1834 762 1904 παρασύμϐαμα
791 1836 1001 1905 προέϐη
1034 1836 1120 1888 ἐπ’
1150 1836 1294 1905 ἐμοί.
1326 1836 1434 1894 Καί
1465 1854 1580 1897 πως
1604 1837 1686 1899 εἰς
1712 1853 1846 1903 φανε-

260 1929 459 1988 τασίαν
496 1927 703 1997 ζωῖκὴν
758 1928 881 1997 ἐμοὶ
914 1930 980 1980 τὰ
1027 1928 1125 1995 τῆς
1164 1926 1419 1994 τοιαύτης
1458 1927 1677 1996 μνήμης
1719 1929 1845 1984 ἀπο.

260 2016 513 2086 τελευτᾷ,
571 2017 1061 2087 συναποληγούσης
1120 2017 1285 2080 εὐθὺς
1337 2015 1415 2086 τῷ
1472 2016 1843 2085 φαντάσματι.

260 2102 395 2160 Οἶδα
426 2105 535 2174 γάρ
570 2105 628 2158 εὖ
672 2107 839 2175 μάλα,
892 2106 968 2170 ὡς
1002 2107 1235 2176 δαιμονᾷ
1288 2107 1500 2166 ἐκεῖνος
1529 2105 1845 2173 ἄνθρωπος,

258 2197 354 2257 καὶ
386 2198 445 2248 ἐν
475 2196 656 2267 ἑαυτῷ
688 2196 843 2266 φέρει
867 2197 960 2251 τὸν
991 2198 1209 2250 αἰώνιον
1241 2198 1434 2258 κακὸν,
1467 2196 1557 2249 τὸν
1587 2196 1845 2249 οὐδέποτε

257 2288 617 2356 ἀγαθοποιὸν,
648 2289 737 2341 τὸν
768 2289 855 2341 ἀεὶ
886 2288 1146 2358 πολέμιον
1174 2305 1187 2318 ⁸
1218 2288 1299 2351 ὃς,
1333 2289 1387 2340 εί
1412 2288 1465 2341 τί
1500 2305 1601 2340 που
1632 2286 1846 2352 ἐσάπαξ

255 2381 430 2433 πάθοι
491 2379 812 2451 ἀϐούλητον,
847 2378 1019 2448 λαϐὴν
1068 2381 1273 2448 ταύτην
1325 2379 1467 2449 ἔχων
1497 2378 1724 2433 κακύνει
1756 2377 1845 2439 διὰ

258 2472 385 2542 βίου
411 2472 505 2525 τὸν
534 2471 709 2543 βραχὺ
748 2471 950 2541 βλάψαι
983 2472 1291 2541 φθάσαντα,

328 2741 450 2809 νςθ.
484 2743 692 2796 Οὖκοῦν
759 2745 1118 2813 μνησικακεῖν
1159 2738 1298 2795 εἶναι
1368 2737 1485 2794 οἶδα
1544 2740 1605 2793 τὸ
1658 2739 1847 2793 ἀποδιο

256 2839 419 2893 δόναι
452 2838 593 2907 μετὰ
624 2839 871 2891 κάκωσιν
916 2836 1290 2904 ἀνταπόδομα,
1335 2834 1363 2886 ὃ
1414 2834 1479 2904 δὴ
1508 2834 1614 2886 τῶν
1644 2833 1849 2900 ἀμύνοι-

260 2930 453 2999 μένων
483 2929 621 2990 ἐστὶ,
652 2930 746 2981 καὶ
781 2928 956 2989 ἄλλως
988 2927 1067 2993 δὲ,
1092 2926 1167 2988 ὡς
1201 2929 1228 2979 ὁ
1262 2925 1479 2995 μελικὸς
1510 2923 1667 2991 ἅγιος
1693 2921 1848 2991 βασι-

1948 485 2127 538 vinam
2185 488 2611 542 misericordiam
2680 487 2889 541 coalitus
2936 484 3236 552 invocare;
3271 500 3368 539 nos
3414 501 3537 539 vero

1949 576 2112 629 sinite
2155 578 2402 631 homines
2447 591 2567 630 esse
2610 577 2976 643 humaneque,
3010 576 3053 627 si
3089 584 3324 643 oportet,
3360 573 3536 648 ξιοιιοο

1951 667 2083 721 rari.
2120 666 2275 732 Quod
2304 670 2347 721 si
2389 667 2516 722 talia
2545 668 2727 720 dicens
2776 680 2941 732 super
2993 665 3302 735 incnlpabili
3364 667 3534 721 malo-

1952 773 2070 811 rum
2107 760 2362 812 memoria
2394 775 2515 812 sutn
2548 759 2724 811 adhuc
2778 757 2843 810 de
2877 754 3000 809 mali
3038 757 3293 811 memoria
3345 771 3537 825 suspe-

1947 860 2091 914 ctus,
2127 866 2193 905 eo
2222 852 2364 920 quod
2391 865 2623 914 memor,
2655 864 2759 901 non
2796 862 2953 901 omne
2984 848 3126 917 quod
3163 848 3349 910 vultis,
3383 850 3537 903 vobis

1948 944 2225 1010 permitto,
2259 957 2359 1012 ego
2386 951 2566 995 tamen
2604 955 2631 994 a
2669 939 2761 994 tali
2821 940 3074 1007 opinione
3101 954 3205 992 non
3259 944 3531 995 recedam.

2016 1120 2105 1175 55.
2140 1120 2269 1173 Dico
2305 1136 2433 1175 vero
2463 1121 2655 1175 iterum
2702 1134 3005 1182 resumens,
3035 1120 3178 1188 quod
3234 1135 3531 1188 nunquam,

1945 1211 2154 1265 etiamsi
2183 1210 2345 1263 millia
2418 1210 2555 1263 mala
2618 1210 2816 1264 exinde
2883 1209 3150 1272 audirem,
3196 1208 3362 1281 veluti
3414 1223 3531 1261 rem

1945 1304 2263 1372 acquisitam
2290 1304 2591 1365 admittam,
2624 1304 2764 1357 idem
2830 1319 2952 1358 esse
2993 1303 3318 1372 coniunctim
3349 1304 3535 1359 dicere

1948 1395 2075 1448 mali
2112 1395 2461 1459 meminisse,
2508 1394 2906 1463 separatimque
2954 1410 3165 1447 rursum
3223 1394 3535 1449 meminisse

1946 1484 2089 1537 mali.
2126 1484 2259 1537 illud
2288 1484 2501 1553 quidem
2552 1498 2674 1537 esse
2708 1484 2900 1536 cameli
2967 1490 3400 1557 cunctorumque
3463 1484 3535 1537 si-

1946 1575 2172 1639 milium,
2199 1574 2537 1645 hominisque
2569 1574 2869 1637 mendacis,
2897 1573 2988 1641 qui
3014 1573 3245 1627 divinam
3274 1573 3533 1626 mentitur

1951 1667 2303 1729 creationem,
2338 1666 2487 1735 juxta
2520 1680 2676 1733 quam
2719 1666 2782 1716 ad
2839 1662 3289 1717 benefaciendum
3330 1662 3531 1731 forma-

1952 1766 2039 1811 tus
2076 1765 2178 1819 est,
2208 1770 2382 1824 pono;
2414 1758 2660 1825 equidem
2702 1770 2827 1809 vero
2854 1756 3176 1823 simpliciter
3210 1755 3452 1820 memini,
3484 1753 3530 1808 si

1951 1847 2243 1916 quodpiam
2293 1848 2515 1911 malum,
2576 1847 2659 1900 vel
2690 1847 2963 1909 accidens,
3017 1847 3100 1900 vel
3166 1860 3527 1915 consequens,

1950 1938 2173 1991 irruerit
2216 1939 2269 1992 in
2304 1954 2409 1993 me.
2468 1939 2534 1992 Et
2562 1938 2740 2007 aliquo
2794 1936 2952 1992 modo
2993 1936 3057 1989 ad
3086 1936 3525 2006 imaginationem

1949 2031 2231 2105 animalem
2263 2031 2617 2086 terminantur
2678 2029 2806 2083 mihi
2851 2044 2971 2098 qua:
3038 2038 3162 2083 sunt
3214 2030 3525 2099 huiusmodi

1950 2127 2245 2188 memorim,
2282 2126 2538 2180 rontinuo
2579 2140 2701 2178 rum
2738 2126 2943 2180 visione
2970 2140 3073 2179 una
3105 2125 3356 2181 iiuientis.
3390 2126 3532 2179 Bene

1961 2232 2196 2286 namque
2225 2217 2338 2271 seio
2380 2218 2520 2283 quod
2588 2218 2888 2272 daemonem
2918 2219 3047 2287 agit,
3084 2228 3135 2271 ct
3159 2218 3212 2271 in
3241 2218 3531 2285 semetipso

1949 2310 2051 2364 fert
2100 2308 2243 2363 illum
2298 2312 2389 2376 qui
2436 2324 2651 2377 semper
2705 2319 2781 2363 est
2849 2310 3043 2369 malus.
3110 2310 3199 2373 qui
3252 2324 3529 2377 nunquam

1958 2401 2258 2463 beneﬁcus,
2293 2400 2378 2469 qui
2424 2415 2639 2469 semper
2698 2400 2949 2455 inimicus
3004 2418 3019 2467 ;
3064 2402 3225 2456 homo
3310 2400 3395 2453 ille
3415 2401 3527 2467 qui,

1948 2494 1990 2547 si
2042 2495 2205 2548 semel
2257 2492 2459 2558 aliquid
2511 2491 2791 2545 molestum
2846 2492 3007 2546 fuerit
3047 2507 3256 2560 passus,
3311 2492 3525 2546 occasi-

1946 2595 2049 2634 one
2108 2580 2255 2644 data,
2308 2594 2404 2650 per
2464 2578 2630 2631 vitam
2688 2592 2833 2641 eum,
2869 2579 2957 2647 qui
3013 2578 3279 2632 modicum
3330 2592 3527 2634 nocere

1951 2671 2212 2740 patuerit,
2257 2669 2427 2726 laedit.
2588 2688 2615 2715 κ

2015 2761 2103 2815 56.
2144 2759 2326 2830 Itaque
2368 2762 2495 2816 mali
2546 2761 2862 2817 meminisse
2905 2776 3025 2818 esse
3090 2761 3225 2826 seio,
3280 2771 3399 2829 post
3446 2766 3529 2815 in-

1941 2852 2139 2920 jurlam
2205 2854 2430 2908 reddere
2484 2856 2917 2917 retributionem,
2950 2856 3094 2924 quod
3148 2855 3526 2909 ulciscentium

1947 2958 2049 3010 est,
2110 2954 2164 3000 et
2196 2946 2353 3010 alias,
2378 2956 2435 3001 ut
2462 2947 2634 3002 dulcis
2665 2958 2992 3017 sanctusque
3043 2963 3133 3001 rex
3187 2948 3368 3000 dicere
3398 2963 3526 3017 sug-

254 3022 394 3085 λεὺς
423 3021 722 3075 ὑποϐάλλει
754 3021 934 3085 λέγειν
988 3019 1049 3071 τὸ
1083 3017 1498 3072 ἀνταποδιδόναι
1530 3017 1641 3078 τοῖς
1676 3016 1845 3067 ἀντα-

337 3116 367 3129 Α
399 3116 424 3129 α
461 3116 485 3126 -
720 3113 733 3129 ι
857 3115 871 3129 ι
912 3113 963 3129 αι
1106 3113 1117 3129 ι
1176 3110 1241 3129 κο
1272 3128 1277 3129 ,
1320 3127 1328 3129 μ
1367 3108 1620 3129 ____!!_n-__
1668 3111 1815 3129 -_...-A'i

1951 3034 2110 3104 gerit,
2159 3036 2462 3091 retribuere
2497 3038 2921 3092 retribuentibus
2971 3040 3131 3102 mala;
3195 3016 3520 3105 simpliciter

254 3116 547 3169 προδιδοῦσι
590 3113 741 3168 κακά
771 3129 785 3142 ·
819 3115 882 3166 τὸ
908 3113 963 3166 δέ
995 3129 1058 3181 γε
1095 3110 1281 3173 ἀπλῶς
1316 3108 1625 3180 μεμνῆσθαι
1667 3111 1849 3161 κακώ-

256 3227 409 3272 σεως
446 3209 549 3279 τήν
581 3224 640 3260 τε
672 3207 836 3276 φύσιν
875 3206 989 3275 ἔχει
1060 3206 1373 3274 συνήγορον,
1405 3204 1512 3255 εἴτε
1546 3200 1847 3271 συνέριθον,

254 3297 363 3349 καὶ⁸
389 3296 637 3365 φρενήρη
670 3294 1065 3369 χαρακτηρίζει
1118 3293 1327 3363 ψυχήν.
1374 3291 1643 3359 Ἐϐλάϐην
1672 3307 1685 3320 ο
1716 3291 1852 3360 μνή-

255 3391 435 3458 σομαι
465 3406 619 3442 ποτε.
648 3389 820 3441 Τοῦτο
868 3386 1155 3456 φιλοτιμία
1194 3386 1434 3454 φύσεως.
1484 3384 1850 3453 Μνησάμενος

253 3485 315 3535 οὐ
362 3481 553 3551 βλάψω
577 3496 592 3510 ·
627 3480 787 3533 τοῦτο
839 3478 1080 3541 ἐπιεικὲς
1136 3478 1231 3533 καὶ
1274 3475 1540 3545 θεοφιλές.
1575 3476 1637 3528 El
1664 3475 1721 3529 δὲ
1756 3477 1850 3531 καὶ

254 3576 315 3628 τὸ
362 3574 577 3642 βλάψαν
636 3570 1036 3640 ύποϐλέψομαι,
1065 3570 1154 3622 ὅτε
1189 3568 1461 3638 προπέσοι
1494 3568 1594 3636 τῆς
1645 3566 1845 3637 ὄψεως,

256 3666 386 3720 ἀλλ’
414 3665 550 3717 αὐτὸ
595 3662 825 3724 εὐλαϐὲς
857 3660 953 3714 κα)⁸
990 3659 1346 3727 φυλακτικὸν,
1377 3661 1472 3711 καὶ
1502 3658 1624 3712 οὐδὲ
1658 3658 1848 3728 πόρρω

259 3757 562 3819 συνέσεως.
596 3758 656 3809 Εἰ
691 3755 799 3826 γάρ
847 3754 952 3808 ὑπὸ
983 3752 1146 3805 παντὶ
1192 3751 1325 3819 λίθῳ
1371 3750 1840 3818 κατακοιμάσθω»

258 3853 415 3905 δοκεῖ
488 3848 750 3916 σκορπίος
806 3845 960 3914 παρά
1019 3860 1080 3912 γε
1144 3844 1258 3904 τοῖς
1301 3842 1530 3905 ἑαυτοὺς
1576 3842 1849 3911 φυλασσοο

266 3945 455 4012 μένοις
494 3942 578 4012 (οὐ
609 3939 880 4009 δήπουθεν
933 3939 1045 4005 γὰρ
1098 3936 1284 3997 ἁπλῶς
1325 3935 1522 4005 ἀληθὲς
1556 3934 1614 3986 τὸ
1670 3934 1847 3987 πάντα

262 4039 417 4095 λίθιν
459 4032 862 4103 σκορπιοφόρον
895 4027 1086 4101 εἶναι),
1136 4028 1216 4098 τῷ
1257 4030 1421 4081 παντὶ
1457 4025 1661 4096 μᾶλλον
1713 4025 1848 4077 ὐποο

265 4127 510 4181 ϐλέποιτ’
549 4126 614 4178 ἀν
646 4140 732 4185 τις
765 4122 934 4183 λίθον,
963 4120 1087 4175 ὃθεν
1145 4119 1399 4188 σκορπίοι
1432 4118 1579 4178 τινὲς
1617 4116 1650 4186 ἣ
1687 4115 1849 4185 προέ-

267 4218 465 4285 ϐησαν,
492 4215 525 4286 ἢ
558 4212 879 4284 προικυψαν
904 4227 919 4241 ·
966 4210 1100 4279 πρὸς
1133 4204 1214 4270 οἷς
1247 4207 1313 4277 δὴ
1366 4207 1537 4268 λίθοις
1568 4204 1689 4258 οὗτε
1720 4204 1848 4257 ποσὶ

265 4311 498 4377 γυμνοῖς
528 4306 742 4373 ἐγγίσει
772 4320 878 4367 τις,
910 4302 1035 4356 οὔτε
1085 4300 1583 4369 κατακοιμήσεται,
1610 4296 1711 4349 κᾶν
1738 4297 1847 4349 ὁτι-

1949 3138 2131 3181 autem
2169 3128 2295 3181 mali
2359 3128 2637 3185 recordari
2687 3138 2933 3182 naturam
2986 3130 3148 3182 habet
3214 3112 3526 3197 patronam,

1951 3220 2065 3274 sive
2092 3219 2426 3283 consociam,
2457 3228 2510 3273 et
2540 3230 2813 3274 sensatam
2850 3222 3028 3289 signat
3056 3221 3310 3274 animam.
3344 3219 3529 3274 La‘sns

1949 3325 2070 3365 sum
2094 3328 2106 3364 :
2134 3310 2461 3365 rerordabor
2480 3310 2631 3365 olim.
2654 3309 2765 3365 lloc
2795 3321 3000 3365 natura:
3030 3310 3295 3365 studium.
3330 3308 3531 3363 Recnr»

1952 3404 2108 3459 datus
2162 3419 2266 3455 non
2302 3402 2487 3456 laedam
2518 3420 2529 3455 :
2568 3404 2669 3458 hoc
2700 3403 3026 3458 conveniens
3063 3413 3113 3456 et
3149 3402 3256 3457 Deo
3288 3402 3527 3471 placens.

1912 3536 1915 3539 γ
1950 3494 2006 3547 Si
2050 3508 2176 3547 vero
2220 3494 2497 3559 llOt'inlm,
2527 3508 2648 3548 cum
2685 3504 2814 3547 ante
2846 3496 3031 3547 oculos
3066 3494 3230 3559 cadit,
3261 3493 3525 3561 suspicor,

1951 3584 2055 3638 hoe
2094 3586 2158 3638 ad
2192 3586 2536 3654 prudentiam
2574 3586 2987 3653 custodiamque
3037 3588 3293 3653 pertinet,
3328 3594 3381 3637 et
3434 3599 3529 3636 ex-

1950 3686 2030 3731 tra
2058 3691 2276 3731 sensum
2303 3692 2405 3731 non
2440 3688 2539 3733 est.
2591 3679 2644 3732 Si
2670 3679 2814 3733 enim
2842 3678 2941 3733 sub
2986 3676 3133 3730 omni
3166 3676 3340 3744 lapide
3373 3690 3527 3729 scor-

1950 3769 2036 3836 pio
2077 3769 2312 3822 dormire
2370 3768 2579 3823 videtur
2610 3770 3026 3839 trepidantibus,
3069 3777 3199 3833 (non
3242 3766 3385 3820 enim
3422 3766 3524 3818 uti-

1948 3873 2053 3927 que
2105 3874 2287 3911 verum
2345 3868 2428 3912 est
2459 3874 2672 3912 onmem
2710 3860 2936 3928 lapidem
2958 3860 3132 3912 celare
3162 3855 3526 3924 scorpionem)

1952 3950 2183 4003 maxime
2213 3949 2584 4018 suspicaretur
2638 3949 2836 4021 aliquis
2889 3949 3147 4017 lapidem,
3217 3947 3359 4001 unde
3399 3946 3523 4015 qui-

1947 4043 2070 4096 dam
2101 4042 2412 4109 scorpiones
2490 4042 2745 4097 exierunt
2810 4040 2892 4095 vel
2938 4040 3250 4095 extulerunt
3323 4048 3520 4109 caput;

1950 4137 2014 4192 ad
2054 4152 2190 4207 quos
2220 4147 2368 4192 certe
2423 4136 2629 4205 lapides
2672 4151 2779 4190 non
2836 4137 2992 4190 nudis
3051 4135 3277 4204 pedibus
3328 4148 3525 4203 appro-

1949 4227 2239 4296 pinqnaret
2275 4242 2373 4281 nec
2405 4227 2668 4281 dormiret
2697 4226 2913 4296 aliquis,
2961 4226 3062 4280 etsi
3119 4225 3385 4293 sapientia
3434 4239 3523 4276 ra-

1949 4329 2129 4373 rentes
2169 4319 2298 4373 mali
2352 4320 2669 4373 memoriam
2708 4318 2842 4373 istos
2872 4318 3133 4385 attingere
3175 4315 3381 4381 lapides
3407 4315 3526 4381 Opi-

270 4402 510 4471 μάλιστα
563 4399 612 4450 οί
658 4399 759 4465 τὴν
830 4396 1024 4463 σοφίαν
1084 4393 1248 4448 ἀπλοί
1309 4390 1772 4462 μνησικακείσθαι
1819 4406 1837 4438 ι

1952 4420 2232 4464 narentur.
2280 4406 2395 4462 Non
2427 4408 2600 4463 solum
2634 4408 2796 4477 igitur
2839 4425 2943 4461 non
2991 4421 3077 4460 me
3133 4408 3298 4476 pudet
3344 4405 3523 4457 dicere

268 4494 361 4546 καὶ
389 4494 522 4553 τοὺς
552 4488 832 4550 τοιούτους
862 4486 1043 4549 λίθους
1077 4484 1440 4555 φιλοσοφοῖεν.
1473 4481 1545 4539 Οὐ
1578 4479 1758 4532 τοίνυν
1786 4478 1845 4530 οὐ

271 4586 431 4652 μόνον
461 4583 563 4635 οὐκ
593 4580 847 4647 αἰδοῦμαι
882 4578 1078 4645 λέγων,
1124 4572 1440 4644 μεμνῆσθαι
1469 4570 1658 4634 κακὸν,
1692 4569 1745 4621 εί
1798 4570 1848 4622 τί

270 4693 368 4727 που
430 4672 588 4725 πάθω
616 4689 630 4703 ο
686 4671 803 4722 ἀλλ’
834 4670 890 4721 ὲν
941 4666 1165 4730 πολλοῖς
1192 4664 1288 4718 καὶ
1334 4660 1567 4732 εὔχομαι
1606 4659 1846 4722 τοιοῦτος

269 4763 429 4830 εἶναι,
456 4766 545 4818 ἵνα
577 4765 652 4833 μὴ
709 4760 853 4815 κατὰ
879 4760 941 4812 τὸ
989 4758 1150 4811 πάλιν
1181 4756 1276 4810 καὶ
1340 4754 1502 4808 πάλιν
1556 4752 1847 4820 ἀφύλακτα

270 4854 633 4922 κακούμενος,
661 4851 849 4903 οὐκέτι
896 4847 955 4900 ού
1009 4848 1082 4916 μὴ
1119 4844 1370 4913 ὑπάρξω,
1404 4842 1523 4894 ἀλλ’
1552 4842 1845 4911 οἰχήσομαι

270 4947 361 4999 καὶ
398 4939 882 5008 καταγελώμενος,
920 4931 1009 4989 οἷα
1053 4938 1109 4999 ἐς
1144 4935 1203 4987 τὸ
1230 4935 1338 4987 πᾶν
1375 4931 1738 5001 ἀπρεόρατος.

344 5038 438 5101 νίζ’.
470 5036 536 5087 Τί
582 5050 648 5102 με
695 5032 986 5094 διδάσκεις,
1032 5022 1075 5081 ὧ
1110 5026 1284 5096 "facs,
1349 5024 1383 5083 ἃ
1432 5022 1507 5093 μὴ
1551 5023 1844 5092 μανθάνειν

275 5132 485 5195 πέένκα
511 5144 527 5187 ;
562 5125 628 5180 Τί
653 5124 710 5177 δὶ
739 5123 896 5191 ἄγειν
936 5120 1163 5183 ἐθέλεις,
1191 5121 1314 5172 ὅποι
1342 5117 1415 5186 μὴ
1434 5117 1549 5169 ἐστι
1576 5114 1841 5183 προϐῆναι

281 5222 343 5272 Τί
380 5237 445 5286 με
499 5219 589 5270 τὸν
634 5216 796 5284 ὀρθὸν
851 5214 1307 5280 κατακάμπτειςς
1370 5209 1437 5262 Τί
1504 5210 1595 5260 τὸν
1644 5210 1844 5261 ἀνακεο

286 5312 636 5380 καλυμμένως
669 5308 889 5377 βιοῦντα
922 5305 1271 5372 διαστρέφεις
1303 5307 1383 5365 εἰς
1413 5302 1644 5354 ὓπουλον
1673 5318 1687 5367 ;
1728 5301 1843 5352 Οὐκ

280 5400 378 5468 ἕλω
416 5397 776 5461 καταθέσθαι,
812 5396 888 5458 ὠς
934 5395 1203 5464 ἀμνήμων
1238 5393 1430 5462 ἔσομαι
1465 5392 1541 5454 εἰς
1585 5392 1645 5443 τὸ
1692 5392 1799 5443 πᾶν
1824 5407 1839 5422 ·

280 5490 404 5544 ἀλλὰ
444 5491 539 5542 καὶ
587 5490 870 5559 μέμφομαι
906 5487 997 5540 τὸν
1049 5486 1181 5539 αὐτὸ
1220 5485 1502 5550 ἀξιοῦντα.
1561 5485 1670 5537 Καὶ
1721 5483 1839 5537 ἔστι

278 5584 409 5636 κατά
434 5599 497 5649 γε
530 5584 620 5634 τὸν
646 5582 775 5650 ἐμὸν
808 5582 965 5649 λόγον
1013 5579 1182 5641 δεινὸς
1220 5579 1498 5647 πολέμιος,
1552 5577 1609 5639 ὃς
1638 5577 1726 5629 καὶ
1754 5579 1837 5629 λο-

283 5673 441 5741 χήσας
493 5673 755 5735 πολλάκις
802 5673 1172 5744 μνημονικῶς,
1232 5672 1327 5725 καὶ
1380 5672 1457 5734 εἰς
1507 5670 1748 5739 φανεράν
1778 5669 1834 5735 δὲ

506 5775 773 5832 ΡΑτιωι.
816 5769 928 5827 Gn.
961 5766 1164 5830 CXXX
1177 5765 1214 5823 ι’
1233 5768 1276 5823 1.

1952 4502 2093 4570 quod
2128 4502 2386 4555 recordor
2457 4501 2683 4563 malum,
2733 4499 2777 4554 si
2830 4500 3102 4568 quoddam
3151 4498 3371 4565 pertuli,
3425 4496 3519 4549 sed

1952 4595 2002 4647 in
2047 4594 2227 4648 multis
2283 4593 2461 4648 taliter
2508 4606 2630 4647 esse
2660 4592 2931 4655 desidero,
2986 4606 3051 4643 ne
3104 4590 3283 4644 forsan
3315 4589 3514 4641 iterum

1950 4685 2168 4737 incaute
2214 4692 2463 4747 vexatus,
2507 4682 2619 4752 jam
2693 4695 2799 4736 non
2867 4682 3213 4750 praevaleant,
3267 4677 3359 4731 sed
3402 4686 3517 4728 tan-

1948 4790 2110 4846 quam
2157 4776 2223 4829 ad
2272 4788 2431 4829 omne
2471 4773 2835 4844 improvidus,
2864 4773 3167 4841 dispeream
3207 4772 3422 4825 irrisus.

2019 5038 2107 5091 57.
2130 5037 2268 5103 Quid
2327 5053 2410 5091 me
2441 5038 2625 5103 doces,
2662 5038 2885 5107 optime,
2940 5012 3066 5104 quid
3118 5035 3364 5090 ediscere
3434 5051 3525 5089 ueo.

1948 5128 2122 5194 queo?
2179 5129 2317 5196 Quid
2366 5146 2451 5184 me
2490 5132 2689 5187 ducere
2746 5131 2847 5195 vis,
2874 5143 3111 5199 quonon
3143 5137 3227 5185 est
3268 5126 3524 5201 possibile

1948 5219 2237 5287 progredi?
2276 5219 2413 5285 Quid
2454 5235 2539 5275 tne
2586 5231 2790 5275 rectum
2842 5219 3115 5279 inuectis?
3149 5219 3290 5285 Quid
3337 5226 3521 5284 aperte

1945 5310 2226 5377 degentem
2276 5312 2341 5365 ad
2373 5312 2860 5367 dissimulationem
2902 5311 3242 5380 distorques?
3270 5307 3385 5362 Non
3422 5305 3521 5359 ad-

1946 5401 2162 5454 mittere
2230 5416 2446 5468 possum
2502 5403 2571 5457 ad
2630 5418 2790 5458 omne
2842 5404 3165 5458 obliviosum
3218 5412 3377 5461 esse;
3412 5396 3521 5448 imo

1944 5502 2072 5541 vero
2108 5490 2196 5556 qui
2228 5471 2427 5543 ‘taliter
2472 5491 2725 5557 Opinatur
2771 5505 2891 5550 eum
2952 5489 3201 5557 vitupero
3229 5503 3242 5550 ;
3270 5494 3325 5536 et
3368 5483 3519 5539 iulia

1945 5594 2118 5631 meum
2152 5580 2443 5648 judicium,
2479 5582 2739 5637 terribilis
2782 5591 2836 5636 et
2879 5576 3086 5635 astulus
3123 5588 3206 5632 cst
3250 5575 3524 5627 inimicus.

1941 5670 2209 5745 quismpc
2244 5674 2431 5741 positis
2469 5688 2673 5728 memor
2712 5672 2921 5733 insidiis
2943 5709 2957 5735 ,
2990 5670 3043 5721 in
3077 5675 3313 5734 apertum
3343 5678 3518 5717 autem

3093 5757 3163 5819 15
