4034 6206
449 239 569 304 asa
635 205 642 210 ’

1158 249 1579 311 EUSTATIIII
1621 253 1726 312 TH
1739 254 1916 314 ESSA
1927 252 2379 315 LONICENSIS
2413 252 2623 314 ΜΕἸἪ
2634 247 2971 311 ΟΡΟιΙΤᾹζ

3604 245 3716 310 UO

465 371 696 426 pugnam
730 357 905 414 audax
940 375 1232 430 proruens,
1285 375 1337 417 et
1387 365 1608 436 aliquid,
1650 369 1691 422 si
1731 384 1837 422 non
1879 383 2029 436 mag-

2138 365 2318 434 μάχην
2369 365 2578 435 θρασὺς
2629 361 2989 434 προπηδήσας
3018 399 3032 421 ,
3081 354 3376 427 πεπραχὼς
3423 354 3482 410 δέ
3528 373 3580 410 τι
3617 360 3718 412 καὶ

465 461 613 511 num,
638 450 897 505 adversus
943 450 1253 506 lacessitum
1309 464 1585 522 operatus,
1617 458 1812 512 deinde
1845 460 2029 512 lapsum

457 537 626 593 vellet
674 538 941 606 oblivisci,
996 543 1137 611 quod
1169 542 1238 596 ab
1285 544 1401 612 ipso
1429 561 1623 614 passus
1653 559 1777 612 est;
1837 565 2032 603 vorans

465 633 618 700 quasi
650 632 990 701 cbaritatem,
1023 645 1075 688 et
1103 635 1292 691 nolens
1325 652 1443 692 esse
1471 639 1572 693 sibi
1599 640 1900 706 suﬂ‘iciens,
1936 641 2034 696 fm-

465 725 564 777 dus
605 733 783 778 tamen
834 725 1098 792 invenire,
1164 738 1217 783 et
1253 730 1303 784 in
1359 746 1492 800 pace
1548 734 1750 799 vivere,
1809 744 1866 788 et
1923 750 2030 788 non

463 818 575 883 pati
639 819 952 876 vindictam.
1027 820 1262 878 Evidens
1321 823 1465 880 enim
1519 834 1602 880 est
1665 827 1806 896 quod
1868 827 2032 884 homo

469 907 556 961 ille
587 916 730 962 tenet
761 909 1094 977 opinionem,
1130 927 1289 982 quam
1331 930 1434 970 non
1487 916 1879 984 acceptabilem
1911 933 2031 974 esse

469 1013 628 1052 neruo
665 1016 770 1054 non
813 1003 977 1058 videt.

530 1090 618 1145 58.
656 1091 825 1146 llomo
878 1095 1093 1150 inimice
1162 1095 1378 1167 (loquor
1427 1107 1632 1165 autem,
1697 1103 1834 1159 bene
1880 1107 2027 1169 novi.

462 1179 617 1247 juxta
669 1180 839 1236 solam
871 1186 944 1237 rei
1001 1187 1334 1251 memoriam,
1396 1204 1500 1242 non
1557 1199 1734 1246 tamen
1765 1193 1890 1248 ntali
1922 1211 2033 1248 me-

466 1285 584 1322 mor
641 1271 878 1327 dilacero
947 1273 1403 1345 cogitationem);
1455 1278 1637 1348 itaque
1731 1285 2027 1338 secundum

459 1364 712 1428 praedicta
755 1364 989 1427 inimice,
1019 1382 1124 1420 non
1157 1382 1346 1422 recuso
1373 1369 1572 1436 foedus,
1602 1371 1699 1426 sed
1735 1388 1820 1427 me
1851 1384 2032 1430 custo-

462 1453 574 1507 dire
608 1463 816 1524 satago,
853 1470 951 1511 nec
984 1458 1117 1525 jam,
1193 1468 1247 1511 nt
1308 1468 1362 1511 tu
1429 1460 1586 1524 dicis,
1624 1462 1750 1515 mali
1785 1465 2026 1520 memini.

463 1540 519 1594 Si
547 1558 630 1595 me
655 1543 804 1612 juxta
839 1548 1127 1614 quamdam
1159 1548 1294 1603 artis
1319 1549 1557 1616 regulam
1593 1563 1807 1620 oportet
1829 1569 2028 1610 nomen

461 1645 681 1699 ponere,
727 1633 848 1688 mali
883 1644 1067 1692 custos
1097 1652 1238 1702 sum,
1267 1639 1351 1693 vel
1382 1641 1651 1695 intellectu
1685 1643 1902 1700 facilius
1952 1645 2032 1700 lo-

461 1725 693 1791 quando,
759 1726 994 1793 timidus,
1038 1729 1485 1798 circumspectus,
1549 1734 1782 1791 firmiter
1823 1736 2032 1794 habens

460 1814 607 1870 intus
655 1827 889 1873 mentem
959 1821 1024 1872 ad
1069 1824 1442 1878 securitatem.
1500 1826 1610 1894 Ego
1636 1843 1766 1884 vero
1795 1830 2031 1898 quodam

461 1910 618 1962 modo
661 1911 868 1967 honoro
921 1912 1072 1966 illum
1121 1914 1212 1984 qui
1275 1915 1404 1970 mihi
1461 1929 1582 1972 sese
1633 1919 1915 1975 inimicum
1967 1936 2032 1977 ac

460 2002 756 2057 terrificum
794 2014 1051 2074 praestare
1095 2016 1325 2065 conatus
1381 2017 1497 2064 est:
1543 2010 1658 2079 jam
1707 2013 1853 2068 enim
1911 2028 2034 2082 per-

459 2095 688 2150 timesco
726 2097 1021 2167 hominem,
1083 2102 1222 2156 sicut
1281 2104 1596 2172 prmdiclttm
1659 2118 1764 2171 est,
1828 2117 1882 2162 et
1935 2123 2033 2178 pro

459 2202 655 2257 magno
687 2189 838 2244 illum
869 2207 1027 2261 pono,
1076 2203 1130 2248 et
1164 2195 1243 2250 sic
1291 2196 1423 2249 mihi
1477 2198 1729 2267 inprimis
1756 2217 1942 2266 caveo,
1977 2210 2034 2257 et

459 2278 708 2346 observo,
748 2297 813 2338 ne
853 2287 1066 2351 quando
1137 2286 1261 2357 quis
1327 2288 1540 2345 insidiis
1572 2292 1768 2346 iterum
1822 2294 2029 2363 positis,

461 2375 718 2439 tanquam
754 2372 1036 2430 inimicitia
1103 2379 1380 2446 gaudens,
1417 2379 1584 2448 dicat,
1614 2379 1783 2451 [quod
1839 2385 2032 2439 adver-

460 2477 578 2517 smn
643 2478 729 2517 me
785 2466 1084 2532 praevaluit.
1141 2466 1258 2524 Non
1317 2483 1461 2532 sum.
1519 2486 1553 2524 0
1604 2470 1798 2538 frater,
1873 2475 2034 2532 homo

461 2568 683 2622 prorsus
762 2558 828 2611 de
902 2560 1092 2626 turba,
1156 2577 1256 2617 nec
1317 2565 1384 2618 de
1448 2563 1651 2635 vulgo,
1709 2569 1804 2620 sed
1863 2570 2034 2637 quod-

357 2685 363 2693 .
463 2649 585 2701 dam
617 2649 756 2702 inter
790 2651 1034 2707 homines
1061 2653 1232 2710 habeo
1256 2657 1440 2723 decus,
1483 2665 1540 2711 ut
1574 2668 1852 2729 reputaret
1902 2661 2032 2718 illud

463 2738 656 2808 aliquis
701 2755 733 2796 e
777 2741 913 2796 bene
961 2747 1419 2814 cognoscentibus
1478 2764 1600 2818 quae
1644 2761 1826 2806 nostra
1887 2763 2032 2809 sunt.

461 2828 540 2882 Ad
575 2837 744 2884 totum
803 2841 984 2886 autem
1049 2849 1156 2890 uno
1217 2838 1385 2892 verbo
1435 2839 1746 2903 diceudmn,
1776 2856 1875 2911 ego
1912 2857 2030 2898 sum

466 2921 581 2990 ipse
615 2921 920 2991 possidens.
959 2922 1149 2992 Porro,
1175 2929 1217 2980 si
1267 2929 1376 2982 vult
1419 2928 1618 2984 invidia
1649 2933 1714 2984 ad
1756 2933 2036 3002 possiden-

2134 458 2274 510 κατὰ
2303 456 2398 511 τοῦ
2451 455 2875 526 πολεμηθέντος,
2909 452 2960 505 εί
3009 451 3107 504 καὶ
3151 449 3224 519 μὴ
3259 451 3431 518 μέγα,
3466 446 3588 502 εἷτα
3618 452 3716 502 τὸν

2137 546 2553 616 ὲπηρεασθέντα
2583 545 2757 598 ἐθέλοι
2787 539 3136 602 ἐκλαθέσθαι,
3179 537 3205 590 ὃ
3235 555 3286 590 τι
3327 538 3468 606 πρὸς
3494 537 3713 590 ἐκείνου

2134 639 2318 704 πάθοι,
2350 637 2649 708 ἀδηφαγῶν
2693 630 2806 688 οἷον
2845 632 2946 701 τὴν
2979 629 3228 698 ἀγάπην.
3261 627 3358 679 καὶ
3404 626 3479 694 μὴ
3512 625 3718 677 ἐθέλων

2134 732 2327 802 ἄρκιον
2361 729 2508 799 αὐτῷ
2533 723 2698 791 εἷναι,
2745 723 2978 786 σπονδὰς
3021 722 3158 782 τέως
3188 716 3466 786 εὑρέσθαι,
3503 717 3598 769 καὶ
3628 717 3717 802 εἰὶ-

2135 822 2407 894 ρηνεύειν,
2454 822 2549 874 καὶ
2603 819 2676 889 μὴ
2701 819 2932 886 πάσχειν
2966 814 3200 882 ἄμυναν.
3257 810 3428 879 Δῆλον
3478 809 3607 876 γὰρ.
3638 809 3719 870 ὡς

2133 915 2350 984 ἀξίωμα
2374 915 2403 966 ὁ
2440 914 2727 982 ἄνθρωπος
2749 906 3140 980 προϐάλλεται,
3169 903 3306 972 ὅπερ
3345 903 3447 954 οὐκ
3483 901 3552 954 ἂν
3580 905 3717 972 ὁμου

2131 1006 2344 1074 λογοῖτο
2365 1004 2551 1058 δεκτὸν
2576 999 2737 1056 εἶναι.

2201 1096 2303 1165 νη⁸.
2335 1094 2568 1164 Πολέμιε
2595 1092 2848 1162 ἄνθρωπε
2877 1089 3046 1159 (λαλῶ
3092 1089 3170 1155 δὲ,
3199 1088 3259 1143 εὖ
3277 1085 3418 1152 οἶδα,
3443 1089 3584 1159 πρὸς
3614 1089 3719 1156 μό-

2131 1204 2227 1257 νην
2265 1187 2582 1256 πράγματος
2615 1185 2840 1254 μνήμην
2866 1221 2881 1245 ,
2913 1182 2976 1234 οὗ
3011 1181 3120 1250 μὴν
3149 1181 3445 1251 σπαραττω
3514 1197 3722 1249 μνησι-

2130 1279 2320 1339 κάκως
2351 1296 2369 1328 ι
2402 1277 2462 1328 τὸ
2489 1267 2966 1344 νόημα),ὧτοίνυν
2995 1271 3065 1325 τὰ
3091 1272 3196 1341 πρὸ
3213 1272 3415 1324 τούτων
3441 1270 3674 1339 πολέμια
3700 1284 3721 1301 ο

2131 1371 2232 1425 οὐκ
2261 1367 2586 1441 ἀποστέργω
2617 1365 3003 1434 σπεισάμενος,
3027 1362 3161 1416 ἀλλὰ
3187 1364 3555 1440 φυλάττεσθαι
3614 1378 3725 1430 pe-

2131 1460 2291 1525 λετῶ,
2333 1460 2427 1512 καὶ
2485 1461 2584 1512 οὐκ
2640 1457 2763 1528 ἤδη,
2792 1457 2868 1519 ὼς
2921 1457 2987 1510 σὺ
3029 1455 3096 1509 ἃν
3129 1455 3311 1524 εἴπῃς,
3346 1455 3673 1525 μνησικακῶ
3699 1470 3722 1489 ο

2132 1553 2271 1614 ἀλλ’,
2305 1553 2358 1611 ετ
2389 1569 2455 1620 με
2511 1550 2617 1619 χρὴ
2673 1548 2816 1602 κατά
2844 1563 2966 1601 τινα
3024 1546 3222 1616 τέχνης
3274 1548 3478 1599 κανόνα
3527 1545 3721 1614 ὄνομα

2135 1643 2345 1709 θέσθαι,
2400 1640 2772 1710 φυλαξὶκακός
2817 1639 2955 1707 είμι,
2989 1638 3393 1709 εὐμαθέστερον
3423 1637 3479 1690 δὲ
3508 1639 3721 1701 εἰπεῖν,

2064 1711 2105 1766 Β
2133 1734 2326 1798 δειλὸς,
2359 1732 2618 1804 εὐλαϐὴς,
2653 1733 2746 1785 τὸν
2772 1731 2897 1786 νοῦν
2921 1731 3068 1808 ἔχων
3095 1732 3231 1801 πρὸς
3262 1729 3482 1800 ἐμαυτῷ
3511 1730 3727 1797 ὲστυμ-

2135 1827 2311 1896 μένως
2345 1826 2424 1888 είς
2472 1823 2802 1892 ἀσφάλειαν.
2847 1821 2992 1890 Ἐγὼ
3024 1821 3083 1874 δέ
3116 1837 3235 1884 πως
3289 1822 3384 1874 «ιιιιὺ⁸
3436 1821 3586 1890 τιμῶ
3620 1821 3728 1873 τὸν

2134 1918 2229 1970 καὶ
2279 1915 2642 1987 ιχθράναντα,
2697 1913 2792 1967 καὶ
2826 1911 3062 1981 φοὸερόν
3114 1927 3204 1982 μοι
3251 1912 3565 1964 ἔσπευκότα
3616 1927 3728 1978 γε-

2136 2007 2345 2062 νέσθαι.
2393 2005 2668 2076 Πτοοῦμαι
2698 2005 2806 2074 γὰρ
2845 2005 2946 2074 ἠδη
2979 2004 3070 2056 τὸν
3114 2003 3304 2072 ἄνδρα,
3341 2003 3486 2056 καθὰ
3539 2001 3728 2072 προῦ-

2133 2096 2278 2161 θετο,
2311 2097 2404 2150 καὶ
2449 2096 2508 2150 ἐν
2544 2094 2828 2166 μεγαλείῳ
2877 2095 3086 2148 ἐκεῖνον
3137 2095 3385 2163 τίθεμαι,
3421 2095 3515 2146 καὶ
3563 2093 3727 2146 οὕτω

2132 2187 2391 2259 προσέχω
2415 2185 2643 2258 ἐμαυτῷ
2675 2186 2985 2258 γραφικῶς,
3027 2184 3125 2240 καὶ
3174 2184 3572 2255 συντηροῦμαι,
3607 2187 3728 2254 μή-

2132 2280 2263 2332 ποτέ
2298 2297 2379 2342 τις
2408 2279 2564 2349 λόχον
2607 2280 2702 2333 καὶ
2744 2279 2906 2332 πάλιν
2940 2277 3193 2342 καθίσας,
3243 2271 3331 2330 οἶα
3379 2277 3672 2346 φίλεχθρος
3701 2318 3724 2339 .

2134 2371 2270 2439 ἐρεῖ.
2320 2371 2401 2423 ὃτι
2451 2370 2636 2439 ἴσχυσε
2699 2369 2822 2422 κατ’
2851 2367 3009 2436 ἐμοῦ.
3064 2367 3179 2420 Οὐκ
3222 2366 3364 2436 είμὶ,
3399 2362 3444 2419 ὧ
3485 2367 3723 2435 adsiet,

2136 2461 2410 2524 παντελῶς
2435 2461 2532 2515 ἄνθ
2543 2477 2724 2532 ρωπος
2743 2459 2971 2531 τύρϐης,
3002 2457 3123 2512 οὐδὲ
3147 2457 3254 2510 τῶν
3279 2459 3420 2512 πάνυ
3442 2459 3726 2527 τυχαίων,

2134 2554 2249 2607 ἀλλ’
2280 2554 2387 2624 ἔχω
2422 2571 2474 2606 τι
2514 2554 2609 2606 καὶ
2654 2552 3014 2620 ὲπικόσμημα
3063 2549 3174 2602 τῶν
3219 2549 3342 2602 κατ’
3397 2549 3722 2618 ἄνθρωπον,

2133 2645 2162 2698 ὅ
2195 2645 2245 2698 τί
2281 2643 2412 2696 ποτέ
2459 2661 2540 2706 τις
2567 2644 2746 2695 ἐκεῖνο
2794 2641 3071 2710 λογίσεται
3121 2638 3231 2692 τῶν
3280 2634 3340 2691 εὖ
3374 2639 3591 2698 είδὸτων
3641 2638 3727 2695 τὰ

2134 2737 2258 2791 καθ’
2289 2737 2457 2804 ἡμᾶς.
2506 2735 2595 2798 Ὦς
2629 2734 2687 2787 ἓν
2721 2733 2776 2786 δὲ
2806 2733 2866 2785 τὸ
2897 2734 3006 2786 πᾶν
3029 2733 3224 2791 εἰπεῖν,
3258 2729 3369 2800 ἔχω
3409 2731 3500 2783 καὶ
3522 2729 3724 2791 αὐτός.

2135 2831 2197 2883 El
2228 2827 2293 2899 δὴ
2318 2826 2455 2897 πρὸς
2499 2826 2592 2878 τὸν
2626 2823 2822 2894 ἔχοντα
2844 2823 3038 2893 ἕρπειν
3073 2823 3102 2876 ὁ
3149 2821 3343 2890 φθόνος
3394 2821 3590 2884 ἐθέλει,
3624 2823 3725 2885 τίς

2131 2919 2296 2990 ἄνμε
2332 2919 2497 2989 πείσῃ
2542 2917 2616 2986 μὴ
2647 2917 2747 2986 οὐχ
2783 2913 3088 2984 ὑφορᾶσθαι
3117 2913 3216 2982 τὴν
3246 2913 3501 2982 τοιαύτην
3545 2912 3732 2965 ὕπου-

472 3022 580 3066 tem
628 3012 912 3083 irrepere.
982 3017 1104 3084 quis
1179 3019 1311 3073 mihi
1372 3021 1622 3076 suadebit
1675 3001 2034 3093 neisuspicer

2138 3009 2231 3063 λον
2259 3010 2455 3079 ἐρῴη,
2496 3007 2590 3063 καὶ
2614 3005 2790 3061 ταῦτα
2840 3005 2926 3075 ἐφ’
2957 3001 3036 3068 οἷς
3073 3005 3180 3074 ἥδη
3219 3002 3560 3072 καθείρπυσὲ
3605 3020 3724 3073 μοι-ι

467 3103 628 3158 talem
680 3106 1051 3174 irreptiouem,
1101 3109 1264 3179 idque
1302 3111 1355 3165 in
1427 3111 1532 3178 bis,
1616 3114 1681 3167 ad
1735 3130 1854 3183 qua!
1917 3116 2035 3184 1am

465 3203 653 3250 contra
691 3210 776 3250 me
803 3197 989 3253 dolose
1021 3199 1263 3269 irrepsit,
1290 3215 1386 3257 nec
1413 3203 1606 3266 semel,
1640 3218 1738 3259 nec
1765 3203 1848 3258 bis
1874 3205 1896 3257 ?
1923 3204 2036 3259 Non

466 3293 633 3348 certe,
675 3285 801 3340 licet
851 3290 1058 3344 centies
1121 3291 1318 3360 aliquis
1375 3294 1510 3348 mihi
1546 3294 1673 3348 mali
1712 3295 2036 3350 memoriam

465 3374 840 3443 exprobraret,
901 3377 970 3432 ab
1015 3379 1215 3434 invidia
1273 3382 1488 3437 vitanda
1571 3385 1920 3452 desisterem,
1970 3387 2039 3442 ab

471 3462 563 3517 illa
607 3465 848 3534 quidem,
887 3483 1008 3536 quae
1064 3471 1304 3526 nondum
1345 3487 1467 3528 sese
1518 3474 1912 3540 manifestavit,
1946 3477 2038 3530 sed

469 3555 769 3624 praesertim
800 3557 867 3612 ab
903 3573 964 3612 ea
1011 3575 1129 3629 quae
1168 3561 1515 3629 apertissime
1541 3577 1600 3619 se
1636 3565 1894 3632 protulit.

535 3648 626 3705 59.
656 3651 769 3722 Ego
811 3665 944 3707 vero
1004 3667 1234 3722 quoque
1270 3655 1384 3711 scio
1414 3655 1540 3710 mali
1575 3657 1890 3711 memoriam
1919 3671 2041 3713 esse

465 3744 682 3814 quidem
737 3757 971 3812 prorsus
1045 3746 1327 3810 malitiam,
1388 3757 1443 3802 et
1473 3749 1816 3817 iniquitatmn
1871 3750 2042 3818 pessi-

469 3849 630 3900 mam,
691 3846 744 3892 et
767 3838 890 3893 lmic
935 3854 1036 3893 non
1093 3855 1251 3908 posse
1297 3842 1642 3906 contradici;
1675 3842 1819 3912 quod
1861 3852 2039 3896 autem

445 3927 663 3997 aliquis
706 3931 935 4000 paciﬁce
990 3931 1371 4002 patienterque
1426 3933 1773 4000 meminerit,
1805 3935 1849 3988 si
1903 3933 2040 3989 forte

468 4022 617 4089 prius
666 4034 892 4079 vexatus
939 4033 1043 4089 est,
1077 4033 1274 4094 exopto
1299 4025 1441 4079 scire
1479 4040 1589 4094 quo
1616 4026 1897 4096 pravitatis
1923 4025 2042 4080 loco

470 4113 590 4168 talis
621 4115 869 4181 sapiens,
902 4123 959 4169 ut
986 4117 1170 4170 vocari
1206 4125 1403 4184 potest,
1442 4131 1754 4184 reponatur,
1785 4119 2035 4188 qualisve

451 4203 704 4256 :nominis
757 4205 973 4258 malitia:
1017 4205 1323 4273 subiaceat;
1387 4215 1444 4260 ut
1488 4207 1567 4260 sic
1603 4216 1657 4260 et
1693 4208 1828 4274 ipse,
1858 4208 1904 4261 si
1944 4224 2038 4263 va-

466 4296 627 4358 leam,
687 4296 791 4348 vim
820 4294 1043 4350 aﬂeram
1079 4308 1310 4362 natura,
1335 4313 1563 4367 eamque
1602 4301 1806 4367 privem
1833 4315 2036 4355 utemo-

467 4388 546 4442 ria
581 4427 594 4451 ,
627 4402 747 4456 quire
806 4387 930 4442 mali
957 4390 1095 4444 sicut
1135 4391 1262 4445 boni
1296 4429 1312 4454 ,
1369 4405 1692 4459 rursumque
1742 4389 1866 4445 boni
1893 4392 2034 4447 sicut

467 4476 594 4530 mali
654 4480 989 4535 recordatur.
1027 4480 1124 4535 ilic
1151 4495 1371 4552 quoque
1396 4481 1858 4552 distinguendum,
1891 4485 2036 4552 quod

463 4569 551 4624 ille
601 4570 818 4639 quidem
876 4571 1024 4636 boni,
1085 4575 1226 4643 quod
1285 4573 1490 4629 alicubi
1523 4576 1748 4644 reperit,
1785 4577 2038 4632 recorda-

463 4674 548 4717 tus
571 4701 589 4727 ,
623 4663 819 4720 bonam
877 4664 1154 4735 praestabit
1199 4665 1640 4731 retributionem,
1674 4667 1902 4736 gratiam
1938 4681 2038 4737 pro

461 4758 634 4824 gratia
691 4759 919 4814 reddens
956 4774 972 4824 ;
1008 4759 1148 4829 quod
1179 4769 1263 4816 est
1307 4759 1541 4814 lmtniuis
1575 4760 1776 4813 virtute
1801 4758 2034 4828 praediti:

461 4849 552 4917 qui
586 4864 714 4905 vero
737 4852 861 4905 mali
916 4854 1252 4917 recordatur,
1281 4851 1395 4906 sive
1421 4850 1720 4906 vexationis
1754 4852 1823 4906 ab
1854 4851 2038 4920 aliquo

463 4949 717 5006 accepta),
747 4940 1035 5022 siquidem
1083 4944 1311 4997 honeste
1347 4943 1512 5008 vivat,
1545 4943 1646 4997 huc
1675 4957 1843 5012 usque
1863 4942 2036 5004 sistet,

461 5039 516 5084 et
546 5031 610 5083 ad
640 5031 770 5084 nihil
821 5037 1076 5101 procedet
1119 5035 1367 5102 amplius,
1405 5035 1505 5088 nisi
1541 5037 1604 5086 ad
1643 5047 1700 5088 se
1729 5026 2037 5089 custodien-

461 5121 588 5175 dum
619 5160 635 5185 ,
663 5123 833 5178 donec
859 5123 1187 5180 benevolam'
1219 5125 1554 5180 harmoniam
1584 5139 1680 5194 per
1700 5124 1912 5193 longam
1947 5140 2039 5178 ex-

460 5213 778 5278 perientiam
837 5213 1167 5282 probaverit,
1229 5215 1314 5269 vel
1364 5213 1758 5284 abiudicaverit
1832 5211 2039 5268 inimici

461 5300 608 5369 (riga.
652 5299 806 5364 Quod
836 5318 968 5358 sane
999 5305 1217 5359 beatum
1254 5305 1423 5358 David
1451 5321 1482 5360 θ
1507 5305 1702 5358 misero
1755 5303 1883 5356 Saul
1912 5301 2043 5357 fecit

462 5392 670 5444 Salvom
705 5429 722 5456 ,
758 5407 864 5446 non
927 5395 1150 5448 omnino
1201 5394 1325 5448 mali
1366 5409 1662 5449 memorem
1695 5391 2042 5462 (mitissimus

463 5480 608 5535 enim
638 5496 757 5539 erat
820 5483 1107 5555 Propheta,
1137 5486 1256 5557 )sed
1309 5502 1338 5541 e
1365 5487 1504 5542 malo
1556 5499 1674 5541 sese
1709 5485 2042 5554 circumSpe-

471 5570 652 5628 ctione
685 5577 1098 5633 custodientem.

2140 3100 2277 3172 πρὸς
2305 3101 2475 3164 δόλον,
2523 3099 2618 3153 καὶ
2640 3099 2738 3168 οὐχ
2795 3095 2963 3160 απαξ,
3003 3096 3125 3150 οὐδὲ
3153 3096 3272 3159 Sig;
3308 3096 3422 3148 οὐκ
3472 3096 3561 3155 ἂν,
3599 3095 3726 3147 οὐδ’

2139 3193 2189 3244 εἰ
2242 3192 2499 3262 μυριάκις
2564 3189 2840 3260 καταλέγῃ
2897 3205 2979 3250 τις
3053 3186 3187 3257 ἐμοῦ
3242 3187 3302 3239 τὸ
3345 3185 3723 3255 μνησίκακον,

2143 3283 2576 3352 μεταστήσωμαι
2607 3278 2702 3332 τοῦ
2732 3279 2826 3330 τὸν
2850 3276 3045 3345 φθόνον
3078 3275 3471 3345 φυλάττεσθαι,
3501 3276 3596 3327 καὶ
3623 3277 3728 3329 τὸν

2140 3375 2326 3444 ἕτερον
2354 3375 2472 3444 μὲν,
2501 3373 2560 3434 ὃς
2591 3370 2652 3424 οὗ
2665 3389 2744 3424 πω
2775 3367 3088 3440 προῦςρηνεν
3114 3369 3327 3434 ἑαυτὸν,
3364 3369 3601 3438 μάλιστα
3651 3368 3717 3421 δέ

2139 3485 2203 3539 γε
2226 3469 2320 3520 τὸν
2354 3466 2906 3537 παρῤησιασάμενον.

2211 3651 2309 3706 νθ’.
2346 3649 2491 3718 Ἐγὼ
2522 3650 2575 3703 δὲ
2604 3651 2697 3702 καὶ
2729 3651 2902 3702 ἐκεῖνο
2929 3645 3068 3711 οἶδα,
3095 3647 3224 3716 ὡςή
3259 3665 3278 3697 ι
3315 3643 3658 3713 μνησικακία
3690 3662 3715 3695 a

2145 3745 2246 3814 μὲν
2285 3743 2452 3797 κακία
2477 3743 2714 3806 πάντως,
2768 3741 2862 3793 καὶ
2896 3739 3103 3793 κακιῶν
3130 3740 3163 3809 ἡ
3190 3739 3459 3808 χειρίστη,
3494 3736 3590 3788 καὶ
3616 3737 3726 3793 οὐκ

2141 3838 2288 3891 ἐστιν
2320 3835 2630 3889 ἀντιπεσείν
2654 3851 2667 3865 ο
2689 3833 2749 3885 τὸ
2772 3834 2827 3884 δι
2864 3832 3159 3901 είρηναὲως
3212 3830 3306 3882 καὶ
3355 3827 3580 3892 ἀπαθῶς
3619 3845 3725 3899 με-

2145 3926 2380 3998 μνῆσθαί
2403 3943 2546 3990 τινα,
2573 3925 2624 3976 εἰ
2661 3926 2713 3976 τί
2740 3941 2843 3976 που
2874 3923 3087 3992 φθάσας
3108 3918 3723 3988 κεκάκωται,γλίχομαι

2143 4009 2349 4074 ἰδέσθαι
2379 4016 2470 4069 τὸν
2503 4014 2645 4073 οὕτω
2685 4015 2874 4082 σοφδν,
2907 4013 2981 4074 ὡς
3011 4012 3358 4082 ἐξονομάσαι,
3391 4012 3484 4061 ποῖ
3509 4011 3725 4078 φαυλο-

2139 4125 2302 4180 τητος
2329 4108 2606 4172 τέτακται,
2666 4107 2835 4176 κακία
2881 4105 2936 4158 δὲ
2976 4104 3104 4174 ποίᾳ
3159 4105 3576 4173 παρωνυμεῖται
3605 4119 3617 4131 ·
3649 4101 3722 4161 ἕν’

2141 4203 2280 4256 οὕτω
2305 4201 2399 4255 καὶ
2437 4199 2586 4270 αὐτῷ
2613 4199 2709 4251 καὶ
2737 4199 2919 4260 αὑτὶς,
2950 4195 3003 4248 εἴ
3029 4196 3094 4264 γέ
3125 4211 3228 4246 που
3259 4193 3352 4245 καὶ
3384 4192 3718 4262 δυνήσομαι,

2143 4292 2591 4364 κατεπιχειρήσω
2629 4291 2724 4357 τῆς
2760 4290 3002 4357 φύσεως,
3051 4288 3145 4340 καὶ
3181 4284 3443 4354 ὲξωθὴσω
3480 4284 3540 4335 τὺ
3574 4300 3722 4353 μνη-

2062 4366 2114 4425 Ῑ)
2142 4385 2362 4452 μονικὺν
2393 4383 2585 4452 αὐτῆς,
2621 4382 2650 4434 ὁ
2681 4379 2854 4434 κακοῦ
2885 4379 2982 4449 μὲν
3020 4380 3321 4448 μέμνηται,
3367 4378 3448 4428 ὅτι
3492 4375 3588 4427 καὶ
3620 4393 3722 4427 κα-

2138 4474 2253 4541 λοῦ,
2287 4473 2456 4529 καλοῦ
2484 4473 2542 4528 δὲ
2578 4468 2644 4526 αὖ
2685 4472 2868 4536 πάλιν,
2900 4471 2981 4524 ὃτι
3015 4471 3108 4522 καὶ
3159 4469 3358 4522 κακοῦ.
3408 4465 3578 4519 Ἔνθα
3621 4470 3720 4518 καὶ

2136 4567 2455 4636 διοριστέον,
2505 4565 2580 4627 ὡς
2615 4567 2643 4620 ὁ
2679 4565 2779 4634 μὲν
2833 4562 3000 4616 καλοῦ
3039 4561 3408 4630 μεμνημένος,
3454 4559 3588 4627 ὅπερ
3619 4557 3717 4612 εῦ-

2141 4656 2279 4727 ρηκέ
2312 4655 2498 4722 ποθεν,
2531 4655 2935 4724 ἀντευποιησει,
2987 4652 3206 4723 χάριτος
3254 4650 3587 4720 ἀντιστροφὴ
3619 4652 3725 4717 xi-

2143 4765 2226 4818 ριν
2253 4748 2664 4818 ἀντιτικτούσης
2691 4764 2706 4778 ο
2744 4748 2839 4799 καὶ
2880 4746 2995 4797 ἔστι
3030 4745 3190 4796 τοῦτο
3238 4741 3531 4814 ἀνθρώπου
3585 4747 3724 4809 ἁρε-

2141 4838 2441 4902 ταίνοντος.
2485 4839 2544 4891 ὐ
2574 4839 2629 4892 δὲ
2663 4837 2835 4893 κακοῦ
2865 4835 3237 4906 μεμνημένος,
3276 4833 3377 4886 εἴτ’
3407 4830 3499 4886 οὖν
3531 4835 3722 4884 κακῶς

2145 4946 2281 4992 cato;
2311 4930 2412 4998 τῆς
2449 4929 2513 4983 ἔκ
2563 4947 2732 4995 τινος,
2776 4931 2824 4982 εί
2863 4929 2965 4999 μὲν
2993 4925 3416 4993 σπουδαιότερον
3463 4922 3586 4992 βιοῖ,
3623 4921 3724 4990 μὲ-

2143 5038 2235 5091 χρι
2285 5019 2438 5074 τοῦδε
2494 5022 2721 5092 ἑστήκοι
2763 5021 2850 5086 ἂν,
2903 5019 2995 5072 καὶ
3050 5019 3132 5080 εἰς
3189 5016 3345 5068 οὐδὲν
3397 5013 3716 5083 προχωροίη

2145 5099 2329 5173 πλέον,
2361 5111 2394 5180 ἢ
2424 5113 2485 5164 τὸ
2518 5111 2911 5180 φυλάττεσθαι,
2942 5109 3134 5179 μέχρις
3156 5107 3222 5160 ἂν
3251 5107 3278 5159 ὁ
3311 5107 3368 5160 ὲν
3416 5106 3528 5167 τοῖς
3576 5119 3728 5172 πρα-

2144 5204 2325 5268 κτέοις
2361 5206 2599 5276 γνώμων
2631 5205 2663 5275 ἢ
2705 5203 2932 5273 ἐγκρίνῃ
2961 5200 3180 5270 φιλικὴν
3210 5198 3473 5269 ἁρμονίαν
3501 5197 3566 5264 τῇ
3613 5213 3725 5264 μα-

2145 5298 2253 5368 κρᾷ
2281 5297 2594 5368 δοκιμασίᾳ,
2631 5295 2961 5367 ῆάποκρίνῃ
3003 5297 3062 5358 ἐς
3113 5293 3174 5346 τὸ
3209 5289 3592 5359 ὲκδιδρᾶσκειν
3620 5285 3718 5340 τδν

2145 5369 2514 5458 ὲχθραίνοντα.
2545 5387 2612 5442 *Ο
2641 5388 2706 5457 δὴ
2736 5389 2830 5439 καὶ
2861 5387 2958 5439 τὶν
2989 5385 3270 5455 μακάριον
3305 5378 3470 5433 Δαυῖδ
3506 5376 3720 5440 ἔσωζεν

2150 5480 2214 5531 ὲκ
2243 5477 2339 5530 τοῦ
2390 5477 2573 5530 ἀθλίου
2623 5477 2817 5544 Σαοὺλ,
2870 5475 2932 5528 οὐ
2996 5469 3439 5545 μνησικακοῦντα
3500 5466 3723 5530 πάντως

2150 5569 2475 5638 (πραότατος
2524 5568 2631 5637 γὰρ
2664 5569 2691 5620 ὁ
2719 5566 3060 5637 Προφήτης),
3106 5562 3512 5633 φυλαττόμενον
3567 5557 3627 5612 δὲ
3653 5559 3723 5611 ἐκ

2152 5661 2246 5718 τοῦ
2274 5659 2444 5715 κακοῦ
2475 5658 2865 5730 προμηθέστερ
2883 5675 2949 5712 ιν.
