3926 6200
222 322 319 386 461

1221 316 1520 376 CONTRA
1566 315 2062 391 INJUBIARUM
2105 319 2546 384 MEMORIA”.

3380 335 3485 397 462

293 433 353 501 ξ’.
393 433 503 486 Καὶ
553 430 792 494 τοιοῦτος
853 428 952 499 μὲν
987 430 1012 482 ὁ
1054 430 1128 492 ώς
1192 429 1391 500 ἐρρέθη
1445 430 1792 500 μεμνημένος

1971 433 2059 487 60.
2099 432 2248 502 Talis
2313 434 2530 503 quidem
2567 447 2648 491 est
2688 438 2777 500 ille
2831 440 2942 510 qui,
2973 440 3348 514 sicutdictum
3381 458 3487 501 est.

219 527 416 589 κακοῦ,
450 524 740 593 ἄνθρωπος
775 521 849 575 ὢν
870 522 1075 585 ἐκεῖνος
1105 522 1447 590 ὲμμέριμνος
1477 522 1573 573 καὶ
1613 523 1790 588 ἀσφα-

218 621 314 686 λὴς
341 621 438 669 καὶ
479 614 728 668 πλουτῶν
767 615 825 666 ὲν
859 613 1094 676 συνέσει,
1118 613 1211 666 καί
1239 630 1300 679 γε
1335 614 1430 665 καὶ
1479 613 1642 676 αὐτὸς
1689 613 1790 680 ἔμ’

219 709 458 780 προσθεν
491 709 582 761 καὶ
619 706 846 759 δπισθεν
883 704 1116 774 βλέπων,
1153 705 1251 757 εἴτ’
1280 703 1373 757 οὖν
1406 707 1519 766 τοῖς
1553 704 1794 772 φθάσασι

217 803 285 854 τά
337 800 621 857 είσέπειτα
678 799 710 866 ἢ
761 795 1230 866 τεκμαιρόμενος,
1283 797 1316 865 ἢ
1362 794 1485 866 καθ’
1529 795 1790 866 ὑπόνοιαν

218 894 688 965 φαντασιούμενος
725 906 741 922 ο
779 891 808 943 ὁ
849 890 894 942 δ’
945 889 1121 951 ἄλλως
1204 888 1554 958 μεμνημένος
1615 879 1790 942 κακοῦ

216 986 355 1055 πρὸς
397 985 632 1052 ἄμυναν,
681 982 788 1034 εἴτε
839 980 968 1052 μίαν
1008 978 1153 1045 τινὰ,
1192 979 1302 1032 εἴτε
1339 980 1432 1030 καί
1478 977 1790 1052 διαφόρους,

215 1077 379 1131 τοῦτο
431 1076 495 1142 δὴ
547 1075 610 1127 τὺ
644 1073 1023 1143 δαιμονιῶδες,
1090 1090 1109 1124 ι
1137 1071 1478 1141 μνησίκακος
1514 1090 1533 1121 ι
1596 1072 1794 1141 ἀκραι-

217 1170 355 1238 φνὴς
388 1172 619 1229 ἐκεῖνος,
652 1168 747 1220 καὶ
793 1165 928 1220 πολῦ
967 1165 1226 1234 διάφορος
1267 1164 1344 1234 τῷ
1373 1162 1548 1226 ἄλλως
1585 1180 1796 1232 μεμνη-

220 1264 366 1332 μένῳ
408 1259 581 1313 κακοῦ
636 1259 777 1319 κατά
816 1275 879 1326 γε
905 1258 966 1311 τὸ
1022 1257 1184 1327 φύσει
1221 1255 1426 1309 τέλειον
1456 1257 1554 1324 τῆς
1587 1255 1789 1326 ψυχῆς.

220 1351 373 1402 Ἐστι
407 1350 463 1401 δὲ
488 1349 596 1417 ἄρα
625 1349 654 1401 ὁ
685 1347 901 1418 ἀληθῶς
969 1347 1308 1418 μνησίκακος
1367 1345 1466 1408 οὐκ
1531 1346 1792 1415 ἀπεσχοι-

216 1443 472 1509 νισμένος
519 1440 641 1493 οὐδὲ
694 1438 792 1492 τοῦ
857 1440 1214 1508 χαιρεκάκου.
1279 1437 1518 1504 Ἐκεῖνός
1573 1455 1632 1491 τε
1683 1439 1792 1507 γὰρ

215 1534 473 1603 ἡδύνεται
515 1531 854 1596 κακοποιῶν,
886 1531 982 1586 καὶ
1037 1531 1065 1582 ὁ
1139 1529 1497 1600 μνησικακῶν
1573 1527 1632 1581 δὲ
1694 1528 1796 1580 οὐκ

215 1628 278 1680 ἂν
344 1624 437 1695 εἴη
500 1623 574 1694 μὴ
629 1624 834 1694 χαίρων
911 1624 971 1676 ἐν
1022 1621 1099 1691 τῷ
1163 1623 1548 1694 μνησικακεῖν.
1596 1619 1660 1672 Τί
1729 1619 1792 1689 δή

216 1733 349 1769 ποτε
400 1712 518 1779 οῦν,
547 1709 590 1768 ὦ
626 1715 680 1768 εἴ
707 1714 852 1777 τινές
876 1730 978 1767 που
1009 1714 1204 1784 λοχᾶτε
1239 1713 1526 1784 ἀμφίϐολοι
1551 1729 1566 1742 ’
1607 1707 1716 1780 ἄρα
1743 1713 1794 1772 οι

1904 525 2227 591 recordatur
2287 525 2433 589 mali,
2501 543 2624 582 cum
2672 532 2743 584 sit
2772 534 2930 586 homo
2994 533 3215 589 sedulus
3254 546 3309 588 et
3343 547 3488 592 tutus

1910 625 1963 668 et
1994 616 2291 682 prudentiae
2330 617 2485 692 bonis
2513 621 2680 684 dives.
2718 633 2844 678 ante
2868 634 3121 692 retroque
3152 625 3354 694 videns,
3377 629 3491 682 sive

1903 707 2192 773 prmteritis
2253 709 2434 764 futura
2491 713 2847 782 praesagiens,
2878 714 2958 769 vel
2996 730 3091 784 per
3117 717 3484 786 suspicionem

1903 795 2237 863 ituaginans;
2291 798 2382 853 ille
2415 815 2541 861 vero
2566 802 2652 869 qui
2737 818 2894 857 secus
2927 805 3050 858 mali
3121 806 3366 876 meminit
3421 809 3486 861 ad

1905 886 2220 950 vindictam,
2271 890 2384 945 sive
2436 906 2594 960 unam
2652 893 2846 957 solam.
2879 893 2992 962 sive
3041 895 3486 966 diversas,qttod

1905 984 1986 1029 est
2017 977 2340 1032 diabolicum
2375 1020 2388 1043 ,
2419 996 2551 1051 pure
2609 982 2735 1036 mali
2767 998 2971 1039 memor
2996 994 3078 1038 est
3109 993 3163 1038 et
3193 986 3346 1040 valde
3366 988 3488 1041 dis-

1906 1079 2136 1135 crepans
2204 1069 2388 1123 abillo
2444 1071 2534 1140 qui
2589 1074 2886 1127 secundum
2959 1075 3260 1130 naturalem
3297 1077 3492 1131 animae

1901 1157 2281 1226 perfectionem
2309 1161 2467 1218 aliter
2512 1164 2637 1216 ntali
2697 1166 3031 1238 recordatur.
3082 1165 3199 1236 Non
3227 1177 3316 1237 est
3359 1182 3490 1236 ergo

1907 1264 2031 1304 vere
2102 1251 2228 1304 mali
2289 1267 2498 1307 memor
2539 1271 2566 1307 a
2593 1256 2736 1310 male
2765 1257 3020 1326 gaudenti
3073 1258 3342 1313 diversus.
3387 1257 3491 1311 lste

1909 1355 2141 1410 namque
2209 1344 2346 1399 male
2402 1344 2609 1402 faciens
2657 1349 2974 1414 delectatur,
3054 1351 3140 1416 ille
3167 1366 3299 1421 vero
3361 1352 3488 1404 tnali

1907 1450 2113 1489 memor
2145 1451 2264 1491 esse
2290 1439 2557 1515 nequiret,
2596 1441 2723 1508 quin
2755 1442 2819 1494 de
2870 1441 2995 1495 ntali
3051 1443 3308 1498 memoria
3342 1438 3491 1497 laete2

1907 1537 2014 1581 tur.
2047 1527 2186 1594 Quid
2219 1545 2348 1598 ergo
2374 1531 2610 1595 tandem,
2635 1546 2668 1585 ο
2690 1532 2989 1597 auditores.
3011 1534 3288 1605 siquidem
3316 1535 3488 1589 ambi-

1905 1618 1996 1685 gui
2058 1618 2261 1688 ponitis
2293 1619 2519 1676 insidias
2554 1622 2577 1676 ?
2624 1623 2877 1692 Nnttquid
2908 1625 2997 1680 isti
3033 1627 3121 1695 qui
3151 1628 3309 1696 primi
3343 1629 3484 1684 mala

1907 1710 2174 1766 inducunt
2203 1713 2255 1766 in
2299 1713 2574 1781 hominem
2609 1715 2926 1783 innocuum,
2953 1717 3125 1772 vitare
3148 1728 3367 1789 possent
3389 1735 3484 1774 vo-

215 1798 591 1881 κατάρχοντες
652 1807 840 1880 κακῶν
875 1807 970 1859 ἐπὶ
1010 1803 1285 1875 ἀνθρώπῳ
1329 1805 1481 1858 οὐδὲν
1519 1804 1678 1874 αἰτίῳ
1699 1803 1792 1856 δύ-

1904 1803 2004 1856 cari
2039 1803 2178 1858 male
2213 1807 2509 1872 gaudentes
2539 1807 2562 1858 ?
2591 1804 2706 1870 Non
2748 1822 2845 1876 ego
2876 1819 3024 1880 puto.
3059 1807 3114 1868 Si
3142 1824 3269 1865 vero
3298 1824 3384 1884 res
3409 1811 3481 1866 ita

216 1906 388 1968 νᾳιντ¹
443 1900 509 1953 ἂν
591 1901 852 1967 ἐκφυγεῖν
933 1899 993 1951 τὸ
1070 1898 1356 1951 καλεῖσθαι
1425 1897 1789 1968 χαιρέκακοι;

214 1995 327 2046 Οὐκ
387 1992 568 2059 ἔγωγε
614 1986 791 2059 οἶμαι.
844 1991 906 2043 Et
934 1989 990 2043 δὲ
1043 1989 1222 2056 τοῦτο,
1253 1991 1354 2044 οὐκ
1402 1991 1469 2043 ἂν
1515 1988 1638 2044 οὐδὲ
1694 1988 1790 2040 τοῦ

214 2084 581 2154 μνησικακεῖν
621 2084 670 2136 οἱ
709 2082 942 2136 τοιοῦτοι
988 2081 1280 2150 ἀπέχοιντο
1325 2081 1414 2136 ἀν.
1470 2079 1538 2131 Τί
1594 2079 1660 2148 δὴ
1697 2077 1792 2131 οῦν

210 2178 431 2247 ἑτέροις
483 2177 554 2229 τὰ
619 2177 766 2244 σφῶν
813 2175 994 2230 αὐτῶν
1028 2174 1336 2239 ὲπικλῶσις
1368 2173 1476 2226 Καί
1529 2190 1633 2226 που
1694 2172 1788 2247 καὶ

1907 1902 2032 1957 est,
2072 1909 2169 1950 nec
2223 1908 2253 1948 a
2319 1895 2444 1950 mali
2495 1899 2754 1953 memoria
2818 1898 2950 1962 tales
2998 1901 3189 1956 abesse
3215 1901 3479 1956 valerent.

1899 1984 2037 2052 Quid
2067 1986 2233 2056 igitur
2263 1988 2384 2043 aliis
2431 2004 2526 2057 sua
2587 1991 2804 2060 propria
2859 1992 3142 2051 tribuunt?
3185 1993 3289 2065 ipsi
3343 1993 3482 2067 forte
3526 2051 3530 2054 .

1897 2078 2231 2148 populariter
2287 2079 2437 2135 aiunt
2501 2090 2558 2135 ut
2591 2083 2679 2138 ille
2747 2084 2828 2139 sic
2876 2087 3183 2142 mentiendo
3222 2070 3236 2142 ἐ
3280 2086 3474 2144 Nostra

1899 2181 1988 2236 tua
2017 2179 2143 2225 sunt
2173 2188 2187 2246 ς
2220 2179 2274 2226 et
2306 2186 2404 2228 nos
2429 2172 2668 2240 ridentes
2697 2177 3034 2233 mirabimur.

207 2271 367 2343 αὐτοὶ
420 2271 818 2342 δημοκοπικῶς
841 2288 975 2340 φασι
1018 2270 1154 2342 πρὸς
1204 2272 1296 2324 τὸν
1333 2269 1477 2338 οὕτω
1520 2265 2068 2339 ψευδωνυμούμενον,
2097 2267 2172 2329 ὡς
2210 2267 2278 2320 τὰ
2355 2270 2599 2340 ἡμετέρα
2669 2271 2761 2336 σὰ,
2816 2273 2914 2328 καὶ
2985 2277 3146 2344 ἡμεῖς
3212 2275 3480 2348 γελῶντες

206 2367 697 2438 ἐπεγχανούμεθα.

276 2461 384 2526 Ea}.
451 2461 672 2515 Ἔπεισί
706 2479 817 2537 μοι,
850 2455 895 2516 ὧ
925 2461 1078 2532 φίλον
1121 2462 1494 2534 ἀκροατήριον
1516 2501 1530 2526 ,
1553 2460 1649 2515 καὶ
1682 2461 1796 2512 εἱσ-

208 2550 287 2618 έτι
356 2549 604 2619 λαλῆσαι
654 2551 794 2621 πρὸς
843 2551 1210 2622 μνησικακίας
1276 2551 1628 2621 διάρθρωσιν.
1680 2551 1792 2604 Μέ-

211 2642 427 2713 μνηταί
452 2659 572 2705 πως
603 2645 696 2697 καὶ
725 2643 922 2715 βρέφος
949 2643 1268 2710 κακώσεως,
1303 2643 1634 2714 τιθηνούσης
1663 2642 1795 2696 αὐτὸ

207 2735 299 2786 καὶ
329 2731 486 2785 οὕτω
512 2731 612 2801 τῆς
644 2732 881 2800 φύσεως,
927 2731 1024 2801 καὶ
1067 2731 1275 2803 πληγὲν
1325 2731 1473 2804 ᾇπαξ
1499 2733 1667 2802 χειρὶ,
1698 2733 1795 2786 καὶ

209 2825 317 2879 ἰῶν
349 2822 535 2892 αὐτὴν
582 2822 826 2887 είσαῦθις
872 2821 1126 2894 ὁπωσοῦν
1152 2821 1512 2894 ἐπαρθεῖσαν,
1570 2823 1793 2898 συστέλ-

209 2916 365 2968 λεται
409 2913 557 2983 λόγῳ
592 2915 815 2983 μνήμης
850 2913 1016 2978 τινὸς,
1042 2913 1136 2967 καὶ
1189 2915 1222 2982 ή
1265 2913 1540 2981 φαντασία
1569 2913 1794 2982 σφίγγει

207 3009 346 3078 αὐτὸ
383 3005 813 3074 δειλαινόμενον.
837 3007 969 3070 Καὶ,
1000 2997 1177 3074 οἶμαι,
1208 3006 1309 3059 οὑκ
1340 3004 1441 3076 ήδη
1485 3021 1794 3076 (μνησικαέ-

205 3102 292 3166 κεί
357 3099 571 3162 ἐκεῖνο,
606 3099 764 3164 εῐπερ
815 3098 848 3166 ή
882 3096 982 3166 μὲν
1041 3095 1379 3166 μνησικακία
1450 3095 1618 3148 κακία
1655 3095 1796 3149 πᾶν·

1965 2455 2054 2509 61.
2122 2455 2383 2526 Superest
2438 2459 2615 2514 adhuc
2661 2459 2792 2514 mibi
2852 2459 3218 2531 dicendurmo
3255 2464 3481 2539 charum

1899 2547 2224 2600 auditorium
2262 2547 2373 2612 ,de
2405 2547 2525 2606 mali
2621 2552 2894 2605 memoria:
2978 2567 3258 2624 compage.
3353 2556 3477 2612 Maii

1898 2638 2293 2707 quodammodo
2331 2637 2572 2693 meminit
2605 2639 2807 2706 infans,
2843 2641 2958 2718 ipsa
3009 2644 3088 2698 sic
3126 2645 3351 2701 docente
3375 2625 3480 2702 na-

1901 2740 2040 2794 tura,
2102 2730 2376 2804 semelque
2433 2747 2593 2803 manu
2641 2747 2932 2804 percussus
2973 2773 2989 2797 ,
3026 2737 3072 2789 si
3119 2735 3296 2794 denuo
3325 2738 3472 2793 videt

1901 2821 2046 2892 illam
2097 2824 2584 2894 quomodocumque
2643 2824 2939 2892 sublatam,
2967 2827 3247 2898 cujusdam
3278 2843 3478 2888 memo-

1902 2913 1998 2967 riae
2058 2915 2273 2977 ratione
2300 2915 2711 2994 constringitur,
2735 2926 2792 2972 et
2837 2917 3148 2987 imaginatio
3182 2922 3474 2992 tremulum

1901 3002 2052 3068 illum
2085 3007 2301 3075 premit.
2357 3007 2424 3061 Et
2487 3015 2640 3088 puto,
2672 3008 2908 3077 nonjam
2935 3010 3022 3064 ille
3060 3011 3183 3065 mali
3213 3015 3476 3080 meminit,

1905 3104 2170 3174 siquidem
2229 3099 2358 3172 mali
2418 3102 2677 3156 memoria
2712 3116 2936 3172 prorsus
2956 3103 3158 3157 malitia
3189 3105 3480 3184 est,int'ans

201 3207 306 3254 τως
357 3189 568 3258 βρέφος
611 3188 668 3241 δὲ
728 3187 873 3242 ἅπαν
928 3189 1128 3251 κακίας
1173 3186 1547 3241 ἀνεπίδεκτον.
1582 3185 1792 3239 Οὔκουν

1904 3207 2081 3252 autem
2141 3194 2367 3250 omnino
2415 3192 2638 3258 malitia:
2663 3203 2748 3247 est
2787 3195 3034 3263 incarax.
3069 3193 3186 3250 Non
3217 3180 3380 3267 igitur
3410 3215 3477 3253 ex
3550 3232 3560 3241 ι

202 3282 587 3352 μνησικακεῖν
655 3279 715 3344 ἐξ
746 3281 993 3350 ἀνάγκης
1043 3280 1161 3333 ἐστὶ
1208 3281 1270 3332 τὸ
1325 3279 1640 3350 μεμνῆσθαι
1693 3297 1795 3333 κα-

199 3374 464 3436 κώσεως.
537 3374 775 3444 Μνήμην
829 3374 1015 3444 έχουσι
1080 3373 1172 3426 τοῦ
1233 3373 1541 3428 κακοῦσθαι
1599 3373 1694 3426 καὶ⁵
1738 3373 1788 3425 oi

199 3463 754 3534 παιδαγωγοῦμενοι,
821 3466 910 3518 καὶ
946 3463 1279 3533 βελτιοῦνται
1308 3466 1374 3535 τῇ
1421 3464 1635 3536 μνήμῃ,
1664 3464 1788 3517 έναι⁶

198 3559 439 3627 γόμενοι
490 3558 557 3626 τῇ
589 3556 821 3622 εἰσάπαξ
873 3555 1118 3608 κακώσει
1155 3555 1292 3626 πρὸς
1320 3556 1382 3610 τὸ
1442 3555 1517 3627 μὴ
1549 3556 1646 3610 καὶ
1668 3558 1795 3623 ἑφε-

201 3649 300 3719 ξῆς
330 3649 684 3720 ἒφάμαρτον.
719 3650 828 3702 Καὶ
857 3648 975 3702 ἔστι
1016 3649 1110 3702 καὶ
1143 3651 1176 3719 ή
1203 3647 1426 3719 τοιαύτη
1453 3648 1548 3704 τοῦ
1610 3667 1793 3703 κακω-

202 3741 372 3810 θῆναι
425 3741 621 3810 μνήμη
675 3739 785 3793 οὐδ’
840 3741 980 3811 αὑτὴ
1045 3741 1406 3811 μνησικακία,
1471 3743 1687 3810 φύσεως
1735 3742 1792 3796 δὲ

204 3833 560 3900 συν-,τήρησις
596 3831 677 3892 είς
730 3831 982 3892 παιδείας
1031 3829 1353 3898 ἀσφάλειαν.
1421 3829 1633 3884 Οὐκοῦν
1694 3827 1791 3882 καὶ

203 3921 404 3990 ἡλικία
447 3921 604 3972 πᾶσα
653 3920 688 3990 ή
741 3918 861 3973 κατ’
889 3919 1176 3989 ἄνθρωπον
1231 3920 1330 3989 τῆς
1358 3918 1530 3986 αὐτῆς
1563 3917 1793 3984 ἀκολου·

208 4011 334 4074 θεας
396 4011 605 4084 ἕξεται,
641 4011 736 4064 καὶ
790 4012 864 4063 ὲν.
902 4010 1133 4082 οὐδεμιᾷ
1204 4010 1573 4084 μνησικακίας
1642 4009 1792 4064 ἔσται

207 4089 497 4181 ἀπέδειξας
542 4105 576 4173 ή
603 4102 706 4171 τῆς
744 4101 1044 4164 κακώσεως
1096 4084 1426 4172 ἀνάμνησις.
1468 4085 1680 4155 Ἔπαθέ
1709 4117 1794 4163 τις

208 4198 269 4263 ἐξ
298 4195 628 4265 ἀπροόπτου
689 4193 904 4264 πληγὴν
937 4191 1228 4250 ὁποιανοῦν
1281 4192 1628 4263 παροδεύων,
1693 4192 1794 4245 καὶ

207 4285 598 4356 ἀναλαμϐάνει
652 4286 794 4355 τάχα
852 4285 1095 4356 μνήμην.
1144 4278 1204 4340 οῦ
1278 4284 1482 4354 πάθοι·
1540 4286 1637 4338 καὶ
1678 4283 1792 4339 οὐδ’

207 4379 386 4456 αὐτὸς
450 4377 802 4446 μνησικακεῖ,
835 4375 916 4428 ὅτι
974 4375 1107 4446 μηδὲ
1173 4375 1251 4438 είς
1307 4360 1658 4442 ἀνταπόδομα
1692 4391 1793 4428 xa-

1901 3287 2228 3343 necessitate
2277 3286 2401 3340 mali
2463 3286 2774 3340 meminisse
2819 3293 2904 3340 est
2961 3287 3261 3342 vexationis
3295 3304 3479 3362 recor-

1895 3381 2031 3435 dari.
2079 3377 2391 3445 Memoriam
2439 3378 2656 3447 habent:
2689 3379 2812 3431 mali
2842 3377 2984 3446 quod
3017 3379 3359 3446 pertulerunt
3383 3383 3473 3451 qtti

1893 3471 1993 3527 sub
2031 3472 2320 3542 paedagogo
2356 3479 2503 3533 sunt,
2542 3480 2595 3524 et
2623 3470 2720 3523 ista
2754 3468 3168 3525 ntetnoriatiunt
3205 3471 3475 3542 meliores,

1895 3563 2179 3616 vexatione
2221 3560 2386 3617 semei
2441 3571 2664 3630 accepta
2726 3561 2930 3616 inductl
2997 3563 3065 3614 ad
3114 3576 3219 3616 non
3248 3551 3476 3631 peccan-

1895 3655 2021 3713 dum
2085 3655 2137 3709 in
2193 3664 2490 3726 posterum.
2560 3653 2627 3708 Et
2681 3653 2986 3723 ltujusmodi
3048 3655 3307 3730 memoria
3354 3656 3476 3718 mali

1896 3747 2038 3816 quod
2072 3747 2279 3803 illatum
2322 3754 2405 3816 est
2444 3785 2460 3805 .
2497 3758 2594 3798 nec
2619 3745 2730 3812 ipsa
2774 3753 2858 3798 est
2919 3744 3042 3796 mali
3079 3747 3478 3818 memoria,sed

1897 3849 2102 3890 natum
2161 3835 2406 3890 custodia
2481 3835 2547 3887 ad
2607 3833 2910 3902 disciplina:
2967 3845 3225 3889 tutamen.
3289 3836 3481 3904 Itaque

1895 3928 2060 3983 etiam
2119 3926 2297 3980 omnis
2330 3933 2464 3980 tetas
2523 3923 3102 3995 ltominisltujusmodi
3162 3926 3475 3996 cotttitatum

1896 4018 2168 4083 retinebit,
2219 4025 2272 4071 et
2317 4016 2370 4070 in
2403 4014 2545 4070 nulla
2599 4015 2723 4069 mali
2783 4013 3055 4077 memoria:
3092 4015 3196 4069 erit
3249 4016 3478 4071 demon-

1895 4109 2092 4164 stratio
2125 4149 2141 4174 ,
2175 4107 2291 4162 hare
2351 4105 2663 4161 vexationis
2693 4105 3019 4171 recordatio.
3048 4103 3243 4162 Passus
3271 4117 3352 4176 est
3384 4108 3480 4161 ali-

1903 4198 2025 4268 quis
2047 4198 2116 4253 ab
2171 4197 2429 4252 invisibili
2457 4197 2746 4268 quamdam
2788 4197 3024 4266 plagam,
3048 4185 3344 4266 statimque
3366 4215 3478 4254 me-

1895 4290 2122 4346 moriam
2161 4289 2281 4360 ejus
2338 4289 2482 4359 quod
2531 4287 2751 4357 pertulit
2810 4287 3009 4359 habet;
3053 4297 3106 4342 et
3136 4289 3237 4357 iste
3265 4304 3479 4360 quoque

1895 4399 2003 4437 non
2045 4381 2173 4436 mali
2229 4381 2498 4443 meminit,
2535 4394 2602 4434 eo
2634 4381 2779 4449 quod
2811 4379 2944 4454 nihil
2979 4381 3046 4434 ad
3069 4382 3477 4436 retributionem

205 4470 542 4540 ταστρέφει,
573 4470 666 4519 καί
697 4467 822 4520 οὐδὲ
866 4467 1318 4536 πολυπραγμονεῖ
1342 4465 1434 4519 τὸν
1479 4464 1788 4536 πλήξαντα.

1904 4488 2295 4545 parat,neque
2355 4474 2600 4528 vulneris
2657 4474 2900 4526 datorem
2961 4471 3209 4541 inquirit.
3259 4472 3316 4528 Si
3349 4487 3477 4534 vero

209 4563 272 4620 ΕΞ
321 4563 389 4616 δὲ
445 4562 546 4614 καὶ
586 4560 918 4629 φυλάσσεται
978 4559 1040 4611 τὸ
1079 4555 1183 4626 τῆς
1244 4559 1460 4630 πληγῆς
1499 4558 1788 4628 δίσσευμα,

204 4655 310 4707 οὐκ
342 4653 468 4722 ἔχει
501 4651 595 4704 τδν
625 4653 977 4722 μεμφόμενον

279 4745 392 4814 ξβ’,
429 4743 573 4812 Ἤδη
623 4760 725 4796 που
761 4745 854 4795 καὶ
890 4743 1039 4812 φιλία
1076 4743 1111 4813 ή
1147 4743 1350 4814 ἀληθὴς
1373 4739 1482 4797 οἶδέ
1521 4759 1653 4795 ποτε
1679 4742 1796 4797 δαί·

205 4853 385 4904 μονος
432 4832 759 4903 φθόνῳοκαὶ
787 4834 1030 4888 κάκωσίν
1085 4852 1228 4900 τινα,
1285 4836 1381 4889 καὶ
1430 4837 1490 4888 τὸ
1540 4835 1794 4888 ἐντεῦθεν

205 4925 538 4986 ἀκολούθως
579 4925 672 4977 καὶ
698 4926 921 4994 μνήμην
974 4925 1164 4995 αὐτῆς,
1201 4926 1296 4978 καὶ
1341 4927 1490 4994 ὅμως
1551 4927 1792 5003 οὐδαμοῦ

207 5015 585 5086 παρείσδυσιν
658 5016 777 5068 ἐκεῖ
832 5017 956 5084 ἔσχε
998 5016 1064 5068 ’τὸ
1123 5019 1458 5086 μνησίκακον
1487 5034 1503 5049 °
1551 5020 1687 5073 ἀλλά
1731 5021 1794 5072 τὺ

212 5110 321 5176 μὲν
355 5106 622 5179 πταιστὸν
670 5108 768 5174 τῆς
811 5109 870 5159 ἐν
931 5106 1206 5177 ἀνθρώπῳ
1255 5109 1472 5176 φύσεως
1503 5111 1793 5164 κατέσεισε

207 5199 316 5268 τὴν
343 5196 571 5265 φιλικὴν
601 5195 894 5266 οἰκοδομήν
929 5199 1028 5250 καὶ
1059 5198 1314 5264 ὲκάκυνε,
1344 5198 1526 5252 κανὼν
1550 5200 1606 5253 δὲ
1647 5202 1793 5268 φιλι-

209 5294 310 5353 κδς
346 5292 407 5344 τδ
429 5289 793 5343 κατασεισθὲν
818 5289 1116 5360 ὑπήρεισεν
1141 5287 1320 5358 αὖθις,
1345 5291 1438 5344 καὶ
1468 5294 1546 5356 είς
1578 5294 1793 5361 ἑδραῖον

209 5382 588 5452 ἠσφαλίσατο.
621 5381 776 5449 Ἀμα
815 5381 929 5452 γὰρ
959 5383 987 5435 6
1015 5383 1168 5451 φίλος
1203 5385 1532 5456 ὑπεμνήσθη
1569 5385 1710 5454 πρός
1737 5401 1792 5437 τι

208 5475 394 5526 κακὲν
445 5473 742 5536 ἐξοκεῖλαι,
773 5472 865 5525 καὶ
900 5473 1062 5536 εὐθὺς
1090 5476 1405 5529 ἐπανελθὼν
1441 5477 1523 5539 είς
1571 5477 1664 5529 τὸν
1695 5478 1792 5548 τῆς

213 5565 474 5632 ἑταιρίας
524 5563 718 5631 λιμένα.
767 5568 994 5634 κατῆρε.
1043 5567 1154 5619 Καὶ
1199 5567 1306 5619 ίδοὺ
1363 5569 1550 5638 μνήμη
1589 5552 1786 5621 ’κακοῦ

210 5652 365 5721 αὕτη
403 5653 756 5723 ἀναπέφηνεν
795 5657 1170 5727 ἑπανάκλησις
1209 5659 1438 5726 ἀγαθοῦ.

286 5743 396 5813 ξγ’.
458 5747 617 5800 Ἔστι
667 5748 761 5800 καὶ
826 5751 1202 5821 νεμεσητικὼς
1246 5753 1562 5823 μεμνῆσθαι
1612 5751 1787 5806 κακοῦ

1896 4583 1955 4622 se
1989 4565 2225 4642 custodit
2274 4582 2302 4620 a
2359 4565 2601 4620 vulneris
2654 4565 2940 4619 iteratione
2963 4605 2978 4630 ,
3013 4579 3175 4619 nemo
3201 4565 3476 4635 vitupera-

1894 4658 1974 4712 bit
2001 4672 2146 4712 eum.

1965 4748 2054 4803 62.
2105 4749 2227 4803 Jam
2277 4748 2440 4802 etiam
2499 4745 2732 4800 amicitia
2793 4760 2939 4808 vera,
2967 4746 3223 4814 daemonis
3251 4745 3474 4818 invidia,

1895 4839 2145 4910 cognovit
2199 4837 2493 4906 aliquando
2557 4844 2763 4891 certam
2807 4835 3083 4911 iniuriam,
3110 4846 3163 4891 et
3194 4835 3316 4909 inde
3341 4821 3478 4893 con?

1897 4924 2190 4997 scqttcnter
2224 4929 2342 4997 ejus
2413 4926 2734 4998 memoriam
2770 4966 2786 4993 ,
2821 4937 2874 4980 et
2921 4928 3144 4998 minime
3171 4913 3347 4982 tamen
3372 4929 3478 4982 huc

1899 5003 2180 5073 introitum
2216 5017 2406 5071 habuit
2462 5018 2584 5072 mali
2644 5007 2947 5092 memoria;
2985 5017 3077 5072 sed
3127 5017 3342 5092 quidem
3375 5019 3476 5090 htt-

1897 5123 2070 5163 tnana:
2127 5117 2336 5162 naturae
2397 5108 2662 5162 vacillatio
2693 5108 2974 5180 quassavit
3030 5109 3278 5168 amicitia:
3345 5093 3477 5167 tedi-

1897 5201 2076 5254 ﬁeium
2108 5208 2163 5254 et
2192 5199 2352 5260 laesit,
2383 5197 2664 5270 charitatis
2693 5207 2871 5270 autem
2897 5198 3080 5269 regula
3133 5199 3278 5270 quod
3312 5213 3478 5266 quas-

1897 5299 2072 5346 satum
2144 5297 2263 5343 erat
2333 5290 2527 5341 iterum
2593 5269 2828 5342 suﬂ‘ulsit
2860 5296 2914 5342 el
2967 5289 3021 5341 in
3077 5287 3292 5341 ﬁrmum
3340 5300 3476 5356 cott-_

1897 5381 2169 5448 solidavit.
2239 5379 2413 5434 Simul
2443 5379 2584 5433 enim
2628 5359 2694 5434 ac
2724 5367 2930 5434 amicus
2959 5379 3270 5434 recordatus
3297 5385 3375 5430 est
3407 5376 3474 5428 ad

1899 5474 2101 5544 aliquid
2151 5473 2352 5527 malum
2413 5470 2724 5544 impegisse,
2789 5474 2972 5526 statim
2997 5470 3062 5522 ad
3089 5466 3320 5522 sodalitii
3352 5481 3480 5536 por-

1897 5578 2007 5621 tum
2054 5566 2266 5620 rediens
2307 5565 2584 5634 applicuit.
2617 5562 2684 5617 Et
2719 5577 2846 5619 ecce
2877 5563 2992 5616 haec
3023 5559 3280 5613 memoria
3343 5559 3472 5616 mali

1895 5658 2146 5728 apparuit
2175 5658 2297 5712 boni
2327 5658 2591 5713 reductio.

1967 5752 2054 5806 6'5.
2089 5751 2229 5805 Fieri
2280 5765 2494 5820 quoque
2545 5757 2726 5821 potest
2788 5759 2845 5803 ut
2880 5746 3225 5816 indignanter
3280 5743 3479 5814 aliquis
