4034 6206
326 294 429 361 481

1298 304 1599 366 (ΣΟΝΤΒΑ
1644 307 2136 375 INJURIARUM
2183 317 2454 381 MEMOR
2469 323 2600 383 IAM

3482 328 3589 391 482

331 410 437 480 ὗῃς
466 410 527 470 ἐς
555 408 683 465 νοῦν
718 410 779 465 τδ
814 411 1234 487 πλημμεληθὲν,
1264 419 1404 473 ἀλλὰ
1451 420 1610 475 τοῦτο
1643 422 1895 490 μετάστσμ

2024 430 2213 487 Dicere
2247 449 2420 489 vero:
2478 453 2653 507 neque
2718 438 2966 510 recipere
3012 440 3212 495 debeas
3255 438 3309 493 in
3348 452 3581 495 mentem

319 518 407 563 σις
436 501 733 572 ἀνθρώπου
776 503 842 558 ἐκ
887 505 984 559 τοῦ
1017 510 1160 562 κατὰ
1194 509 1381 577 φύσιν,
1432 515 1526 566 καὶ
1563 511 1638 575 ὡς
1667 507 1779 566 οἷον
1811 531 1909 583 με·

312 591 613 654 τάπλασις,
644 596 741 649 καὶ
768 595 1012 665 ἀτεχνῶς
1037 600 1176 671 ὀργὴ
1210 601 1369 655 Θεοῦ.
1415 603 1763 671 Ἐκακώθην,
1814 608 1910 660 καὶ

317 685 578 754 ἑσίγησα.
610 687 685 739 Οὐ
715 686 823 758 μὴν
853 691 950 744 καὶ
975 691 1076 761 τὴν
1102 694 1325 763 μνήμην
1353 693 1636 763 ἐξήλειψα,
1659 694 1741 748 ὅτι
1769 694 1907 763 μηδέ

311 778 431 827 ἐστι
462 776 623 829 τοῦτό
643 794 706 844 γε
738 781 1126 852 ἐνεργηθῆναι,
1151 786 1198 837 εί
1234 786 1325 838 καὶ
1355 786 1498 838 πάνυ
1529 804 1614 849 τις
1640 785 1905 856 βούλοιτο.

309 863 390 919 Ἦ
428 871 539 938 γάρ
577 869 691 939 ἔχοι
728 871 793 924 ἄν
821 890 908 935 τις
952 876 1337 944 ἐγγυήσασθαι
1369 880 1463 933 καὶ
1495 877 1560 930 τὰ
1603 879 1663 931 ιν
1689 877 1901 942 ὕπνοις,

310 962 372 1011 ἐν
400 954 483 1022 οἷς
508 959 627 1012 ἔστι
666 963 1030 1019 σκιασθεῖσαν
1082 967 1306 1036 μνήμην
1350 967 1672 1031 κακώσεως.
1733 968 1902 1020 ἕωθεν

309 1052 810 1122 διεςωγραφῆσθαι
835 1058 917 1119 είς
951 1056 1129 1129 ψυχὴν
1158 1059 1403 1128 ἀκριϐῶς
1430 1059 1528 1129 τὴν
1564 1062 1657 1117 τοῦ
1693 1061 1898 1129 ἀνανή-

307 1142 555 1207 ψαντοκ
596 1147 704 1199 Καὶ
734 1147 911 1209 οὐδεὶς
945 1147 1235 1220 ἄνθρωπος
1284 1151 1511 1215 δυνατὸς
1560 1151 1705 1204 οὕτω
1739 1153 1806 1206 τὰ
1847 1155 1905 1216 ἐς

314 1232 538 1296 σοφίαν,
594 1232 655 1294 ὃς
695 1235 954 1289 ἐνυπνίου
1009 1238 1308 1305 φανέντος,
1363 1242 1457 1293 καὶ
1510 1242 1757 1295 κάκωσιν
1801 1243 1903 1312 ήδη

314 1320 583 1374 ὶαθεῖσαν
614 1325 1018 1391 φαντάσαντος,
1048 1322 1168 1380 εἶτα
1200 1330 1291 1381 καὶ
1320 1331 1720 1399 ἐκλαλουμὲνου
1768 1334 1903 1401 πρὸς

309 1412 466 1481 ἥλιον
506 1412 823 1483 λάμψαντα.
877 1417 905 1469 ὃ
959 1418 1024 1487 δὴ
1071 1419 1450 1484 παλαιδνεθος
1487 1419 1577 1492 ἦν,
1634 1441 1903 1493 μνησικα-

312 1504 439 1566 κίας
496 1504 530 1572 ἢ
572 1504 665 1557 τδν
706 1505 914 1577 ὄνειρον
947 1509 979 1579 ἢ
1025 1510 1115 1563 τὸν
1147 1513 1645 1581 ὀνειροπολήσαντα
1680 1514 1896 1584 γράψε-

308 1609 425 1651 ται,
463 1596 511 1646 εί
550 1595 645 1647 καί
677 1613 763 1661 τις
791 1597 1042 1652 ἐντεῦθεν
1075 1604 1263 1671 μνήμη
1296 1606 1388 1662 καὶ
1432 1604 1638 1675 εῐδησις
1680 1603 1896 1677 συνεξέ-

315 1685 555 1755 δραμεν.
613 1689 688 1742 Οὐ
728 1693 839 1764 γὰρ
886 1694 1086 1746 ταυτὸν
1146 1697 1283 1759 ἐστι,
1342 1699 1526 1761 κακῶς
1581 1699 1894 1753 διακεῖσθαι

312 1777 454 1846 πρός
486 1795 631 1845 τινα,
657 1784 751 1835 καὶ
786 1784 1090 1855 μνησθῆναι
1127 1788 1298 1841 κακὸν
1346 1785 1486 1843 εἶναι
1516 1794 1657 1844 τινά.
1693 1793 1766 1843 Τὸ
1792 1792 1890 1860 μὲν

2015 525 2161 590 quod
2207 527 2557 582 commissum
2612 538 2716 596 est,
2782 533 2881 585 hoc
2918 540 3000 585 est
3039 531 3276 584 hominis
3303 547 3330 581 a
3365 545 3462 584 sua
3492 547 3591 584 τιτι..

2019 626 2133 669 Iura
2166 616 2444 682 alienatio,
2478 620 2733 690 velutque
2782 622 3208 685 transformatio,
3238 636 3471 692 vereque
3494 624 3585 678 Dei

2015 703 2117 760 ira.
2155 705 2269 775 lnju
2289 708 2422 761 riam
2456 724 2652 777 passus
2680 726 2797 765 sum
2822 723 2873 766 et
2907 713 3053 766 silui.
3102 710 3218 766 Non
3259 722 3437 767 tamen
3472 731 3588 770 tue-

2013 798 2240 851 muriam
2270 800 2502 865 abolevi,
2533 803 2657 868 qttia
2692 805 2793 856 hoc
2824 819 2930 856 non
2964 815 3046 858 est
3077 805 3351 873 possibile,
3371 806 3585 860 etiamsi

2015 889 2135 952 quis
2170 891 2348 946 vellet.
2390 891 2660 962 Numquid
2712 905 2887 962 posset
2918 895 3116 965 aliquis
3149 900 3462 953 cautionem
3494 897 3577 951 ot”—

2012 976 2153 1032 l'erre
2196 981 2261 1036 de
2311 984 2557 1045 somniis,
2593 985 2644 1037 in
2699 986 2896 1052 quibus
2929 987 3252 1042 adumbrata
3285 988 3587 1042 vexationis

2012 1073 2272 1126 memoria
2340 1086 2521 1143 potest
2568 1092 2728 1131 mane
2779 1090 3032 1132 accurate
3070 1080 3288 1149 depiugi
3325 1081 3378 1134 in
3408 1090 3586 1133 mente

2015 1161 2323 1230 vigilantis?
2355 1165 2542 1221 Nullus
2568 1178 2647 1221 est
2675 1170 2835 1221 homo
2861 1169 2994 1222 satis
3033 1170 3084 1223 in
3120 1169 3280 1225 rebus
3304 1171 3587 1240 sapientia:

2014 1260 2227 1316 potens,
2252 1254 2363 1320 qui,
2397 1255 2606 1308 somnio
2639 1257 2802 1320 facto,
2838 1273 2932 1325 per
2963 1259 3106 1325 quod
3136 1261 3443 1314 vexationis
3471 1260 3581 1327 jam

2006 1338 2057 1391 in
2089 1340 2357 1395 oblivione
2390 1345 3019 1413 positmreprmseutatur
3049 1350 3248 1418 imago,
3277 1349 3584 1419 deintleque

2004 1439 2123 1497 post
2149 1431 2278 1485 solis
2309 1444 2489 1490 ortum
2542 1437 2729 1501 relato,
2772 1436 2839 1493 de
2875 1438 3000 1492 mali
3039 1441 3296 1495 memoria
3326 1441 3406 1494 vel
3439 1457 3584 1494 som-

2006 1520 2173 1583 nium,
2204 1522 2286 1576 vel
2319 1526 2731 1588 somniatoretn,
2767 1529 3106 1585 liceteximle
3127 1532 3383 1584 memoria
3404 1533 3580 1585 scien-.

2004 1612 2186 1679 Iiaque
2218 1604 2533 1681 suscitetur,
2568 1629 2783 1688 arguat.
2842 1619 2958 1673 Non
3008 1620 3152 1672 enim
3187 1620 3324 1673 idem
3354 1633 3436 1673 est
3466 1638 3582 1674 ma-

2002 1704 2107 1756 lam
2162 1707 2213 1758 in
2244 1708 2539 1775 quemdam
2591 1710 2791 1763 habere
2837 1710 3272 1780 dispositionem,
3307 1720 3362 1763 et
3391 1714 3582 1763 menti—

2004 1793 2146 1848 nisse
2180 1797 2465 1863 quemdam
2494 1813 2614 1853 esse
2647 1800 2868 1853 malum.
2903 1799 3080 1857 Unum
3117 1800 3325 1854 scilicet
3355 1801 3580 1856 ultionis.

309 1868 424 1936 γὰρ
459 1869 678 1940 ἀμύνης
706 1872 891 1942 ἔργον,
926 1875 987 1927 τὸ
1021 1877 1077 1930 δὲ
1123 1877 1288 1957 ψιλῆς
1325 1879 1603 1948 γνώσεως.
1640 1877 1751 1933 Ἦν
1784 1883 1892 1952 ἄρα

2000 1893 2076 1935 est
2106 1900 2262 1953 opus,
2296 1886 2460 1940 'aliud
2488 1898 2664 1942 autem
2728 1906 2876 1958 pune
2907 1891 3169 1950 nationis.
3228 1890 3378 1956 Quod
3434 1892 3576 1944 idem

309 1963 539 2024 ταυτὸν,
572 1963 995 2033 ἀργυραμοιϐοῠ
1020 1969 1317 2034 ἀφελέσθαι
1347 1972 1448 2039 τὴν
1469 1972 1706 2040 βάσανον
1722 1972 1893 2038 λίθον,

310 2052 407 2103 καὶ
430 2050 725 2120 ἀνθρώπου
753 2053 1031 2124 διάκρισιν
1066 2059 1165 2128 τὴν
1193 2059 1250 2116 ἐν
1293 2077 1351 2115 τε
1399 2061 1583 2124 καλοῖς
1613 2061 1670 2114 ἓν
1702 2080 1762 2114 τε
1797 2080 1897 2115 κα-

310 2142 454 2205 κοῖς.
491 2142 705 2196 Οὐκοῦν
736 2146 1063 2217 διακρίσεως
1100 2150 1260 2220 ἔργον
1308 2152 1408 2221 τῆς
1449 2154 1591 2205 κατὰ
1636 2152 1880 2223 πνεῦμα.

312 2232 651 2302 μεμνῆσθαι,
710 2236 900 2305 ὥσπερ
952 2239 1273 2312 εὐεργεσίας
1328 2245 1419 2297 ἐπὶ
1476 2244 1831 2297 ἀνταποδόσει
1864 2282 1882 2310 ,

307 2320 456 2379 οὕτω
485 2324 539 2376 δὲ
585 2327 677 2378 καὶ
730 2327 1025 2393 κακώσεως
1050 2332 1150 2388 οὐκ
1184 2333 1274 2384 ἐπὶ
1324 2331 1531 2405 άμΰνῃ,
1579 2335 1695 2387 ἀλλ’
1753 2335 1893 2391 ὥστε

309 2420 588 2473 ἐκκλίνειν
623 2424 749 2484 τοὺς
782 2427 1035 2490 κακούς..
1444 2432 1453 2437 “

384 2510 501 2603 σπη’.
531 2512 729 2603 Κακῶς
759 2520 957 2581 ποιεῖν,
975 2519 1074 2571 Θεὲ
1096 2520 1300 2591 Σοῦτερ,
1326 2522 1400 2603 μὴ
1425 2522 1492 2575 ἂν
1517 2522 1780 2590 ἐθέλοιμι,
1800 2521 1892 2575 τὸν

311 2601 484 2654 κακον
509 2602 567 2656 δὲ
588 2604 810 2670 εἰδέναι,
836 2606 980 2660 ὥστε
1012 2611 1104 2661 καὶ
1134 2601 1445 2678 ἐκφεύγειν,
1478 2614 1763 2684 εὖτυχοέην
1797 2613 1887 2666 διὰ

317 2691 436 2748 σοῦ.
469 2689 603 2747 Οἶδα
638 2697 807 2749 κακὸν
830 2698 920 2750 τὸν
945 2698 1092 2768 ὅφιν,
1129 2702 1224 2753 καὶ
1257 2702 1368 2755 οὐδ’
1389 2703 1454 2754 ἂν
1480 2703 1766 2773 λαθοίμην,
1788 2705 1885 2773 οὐχ

314 2780 453 2834 ὥστε
496 2786 602 2853 μὴν
619 2787 712 2837 καὶ
730 2786 1236 2856 ἀντικαθίστασθαι,
1257 2791 1373 2843 ἀλλ’
1390 2791 1465 2856 ὡς
1499 2795 1716 2863 μακρὰν
1732 2793 1896 2846 αὐτοῦ

314 2875 581 2943 τίνεσθαι.
603 2877 666 2927 El
683 2876 737 2928 δέ
750 2894 885 2930 ποτε
904 2879 1001 2931 καὶ
1019 2880 1294 2933 ἀντιδότου
1316 2883 1413 2952 τῆς
1429 2882 1486 2947 ἐξ
1499 2885 1664 2938 αὐτοῦ
1681 2884 1894 2953 δέομαι,

317 2963 414 3030 ὀψέ
451 2981 543 3032 μοι
571 2965 731 3019 τοῦτο
750 2967 975 3033 γίνοιτο,
995 2971 1091 3024 καὶ⁸
1121 2970 1255 3040 μηδὲ
1280 2973 1694 3043 προσφεροίμην
1734 2975 1897 3026 αὐτό-

314 3070 419 3124 χρη
431 3072 506 3123 μα
523 3056 761 3125 ἔχιδναν,
784 3058 919 3112 ἀλλὰ
938 3061 1076 3114 κατὰ
1094 3061 1420 3132 είδοποίησιν
1443 3068 1896 3137 μεταποιητικήν.

384 3145 498 3203 «0'.
571 3144 644 3201 Ὦ
694 3151 896 3218 νόμοι,
960 3152 1335 3221 ἀμνησίκακοι
1389 3154 1487 3223 μὲν
1544 3156 1611 3209 δι’
1678 3158 1895 3222 αίῶνος,

1999 1985 2163 2038 esset,
2197 1977 2476 2044 trapezita:
2534 1978 2765 2047 lapidem
2832 1979 3056 2051 Lydium
3108 1979 3344 2044 auferre,
3397 1980 3576 2042 homi-

2002 2063 2191 2130 nisque
2223 2065 2273 2117 in
2316 2065 2470 2120 bonis
2503 2077 2557 2122 et
2590 2067 2748 2123 malis
2782 2070 3163 2125 discretionem
3208 2070 3417 2124 tollere.
3458 2069 3576 2123 Dis-

1999 2154 2258 2209 cretionis
2289 2156 2454 2225 igitur
2489 2158 2793 2227 spiritualis
2825 2170 2906 2214 est
2936 2176 3076 2231 opus
3113 2160 3451 2221 meminisse,
3491 2159 3573 2212 si-

1997 2244 2108 2297 cuti
2143 2246 2537 2312 beuelicentice,
2567 2251 2633 2303 ad
2659 2252 3096 2320 retributionem,
3128 2252 3207 2307 sic
3229 2251 3390 2306 etiam
3420 2266 3582 2305 vexa-

2003 2332 2187 2397 tionis.
2223 2353 2328 2390 non
2365 2340 2428 2391 ad
2458 2340 2776 2406 vindictam,
2830 2344 2922 2397 Sed
2960 2343 3023 2398 ad
3064 2344 3329 2401 malorum
3371 2342 3574 2413 fugim-

2070 2513 2159 2570 88.
2189 2513 2325 2571 Male
2354 2516 2551 2582 facere,
2605 2521 2741 2574 Deus
2767 2518 2804 2574 S
2824 2521 3033 2585 tlvator,
3064 2537 3167 2575 non
3200 2521 3398 2584 velim;
3460 2538 3575 2573 ma-

2003 2609 2110 2663 lunt
2158 2625 2335 2664 nutem
2369 2629 2614 2678 noscere,
2648 2626 2706 2669 nt
2750 2617 2898 2669 illum
2931 2617 3205 2685 ellugiam,
3246 2634 3337 2684 per
3367 2627 3418 2670 te
3473 2620 3575 2669 nb—

2004 2702 2229 2772 tingam.
2264 2703 2457 2759 Malum
2495 2708 2616 2760 ttovi
2649 2718 2955 2775 serpentem
2998 2717 3051 2761 et
3104 2725 3206 2760 non
3259 2708 3572 2771 obliviscar,

2006 2807 2111 2844 non
2180 2801 2236 2844 ut
2285 2795 2571 2862 obsistam,
2621 2797 2716 2852 sed
2778 2808 2835 2850 ut
2898 2797 3084 2865 procul
3116 2797 3299 2850 abillo
3333 2798 3474 2849 liam.
3514 2794 3570 2849 Si

2006 2881 2134 2932 ver’o
2150 2884 2474 2952 quandoque
2507 2885 2633 2939 mihi
2670 2888 2908 2939 antidoto
2944 2901 3007 2940 ex
3044 2886 3131 2940 illo
3154 2903 3285 2954 opus
3303 2898 3407 2946 εει.
3465 2885 3566 2939 huc

1999 2969 2127 3022 mihi
2154 2987 2278 3025 ser-0
2310 2973 2423 3036 flat,
2459 2989 2557 3029 nee
2604 2977 2778 3045 reipsa
2799 2976 2865 3030 ad
2893 2979 3125 3044 viperam
3167 2978 3441 3041 accedam,
3469 2977 3574 3033 uie!

1999 3064 2291 3116 secundum
2344 3066 2637 3132 specialem
2697 3068 3095 3122 transmutantli
3158 3070 3570 3140 proprietatem,

2074 3155 2162 3210 89.
2206 3156 2251 3211 Ο
2311 3157 2475 3229 leges,
2516 3176 2636 3231 qua!
2667 3177 2940 3229 nunquam
2998 3164 3121 3219 mali
3160 3179 3425 3217 memores
3453 3164 3575 3232 qui-

311 3235 413 3287 ὠκ
444 3236 651 3299 ειδότες
680 3238 739 3290 δὲ
776 3239 953 3306 φιλεῖν
987 3242 1119 3304 τοὺς
1160 3243 1366 3304 κακοὺς
1391 3221 1482 3295 διὰ
1520 3243 1582 3295 τὸ
1602 3232 1727 3298 καθ’
1755 3221 1895 3315 ὑμᾶς

2002 3248 2122 3302 dem
2156 3247 2359 3311 fuistis.
2386 3251 2477 3304 sed
2505 3262 2728 3320 propter
2752 3254 3143 3310 humanitatem
3177 3264 3435 3318 vestram,
3456 3270 3574 3309 ma-

320 3324 731 3394 φιλάνθρωπον
763 3320 810 3380 ὧ
857 3329 1109 3394 κολάσεις
1153 3332 1358 3385 ἐκεῖναι
1404 3334 1540 3403 πρὸς
1570 3336 1726 3406 δίκην
1770 3336 1900 3390 altit-

311 3431 441 3479 νιοι,
473 3408 551 3470 ὧν
606 3422 977 3488 μνησικακίαν
1035 3423 1135 3475 οὐκ
1181 3421 1247 3476 ἂν
1303 3430 1591 3480 κατειπεῖν
1650 3428 1897 3501 τολμήσῃ

310 3518 419 3570 τις·
447 3508 754 3580 συνάρασθε
768 3513 905 3581 ἡμῖν
920 3514 1014 3566 καὶ
1034 3513 1125 3566 τοῦ
1146 3513 1328 3583 λόγου,
1345 3518 1694 3581 συλλάϐεσθε,
1715 3523 1802 3576 ὅτε
1830 3524 1898 3577 ἂν

317 3598 588 3668 λέγοιμεν,
650 3601 1046 3670 ἁμνησικάκως
1109 3606 1207 3672 μὲν
1249 3606 1426 3677 ἔχειν,
1479 3612 1813 3680 μεμνῆσθαιξ
1838 3614 1897 3667 δὲ

313 3691 637 3753 κακώσεως.
679 3693 873 3762 Ὑμεῖς
940 3695 1175 3767 μὲνγὰρ
1232 3698 1455 3753 Θλίὸετε
1484 3705 1611 3765 τοὺς
1672 3706 1897 3767 κακούς·

314 3783 471 3853 ἡμεῖς
497 3783 553 3834 δὲ
579 3783 741 3851 μόνον
761 3786 1112 3854 μεμνήμεθα,
1147 3790 1198 3841 εί
1216 3790 1268 3841 τί
1297 3807 1397 3843 που
1416 3792 1690 3862 πάθοιμεν
1721 3794 1780 3859 ἐξ
1795 3796 1897 3850 οὐκ

314 3873 518 3940 ἀγαθοῦ
543 3873 858 3944 ἀνθροῦπου,
920 3871 983 3937 οὗ
1026 3882 1120 3934 καὶ
1179 3880 1622 3954 ἐξιιρεθείημεν.
1668 3887 1898 3957 Βαρὺδὶ

318 3964 643 4034 πάπωςοὺχ
670 3968 703 4036 ὴ
731 3969 919 4037 μνήμη
942 3968 1037 4021 τοῦ
1057 3970 1253 4037 κακοῦ,
1295 3973 1410 4026 ἀλλ’
1447 3975 1480 4045 ὴ
1511 3976 1888 4042 ὲπεξέ).ευσις.

388 4074 460 4144 ιζ.
486 4073 646 4140 Εῒτα,
679 4072 725 4132 ὦ
754 4078 1002 4148 λογισταί
1032 4079 1141 4137 τῶν
1174 4085 1353 4155 ἐμῶν,
1400 4087 1513 4156 ἐγὼ
1546 4090 1644 4159 μὶν
1676 4107 1892 4163 μεμνη-

328 4166 505 4237 μένος,
541 4168 620 4232 ὡς
645 4170 819 4224 κακὸν
852 4172 1103 4243 πάθοιμι,
1142 4176 1458 4249 κληροῦμαι
1495 4180 1665 4248 ὄνομα
1701 4199 1891 4253 φορτι-

327 4256 442 4309 κόν·
471 4259 633 4327 ὑμεῖς
664 4259 724 4313 δι
752 4262 804 4313 el
832 4262 1095 4328 ἀναιτίως
1138 4266 1519 4337 ἀλογιζόμενοι
1550 4253 1672 4323 καθ’
1702 4275 1886 4343 ἡμῶν,

2000 3338 2080 3393 los
2092 3356 2277 3395 amare
2295 3343 2534 3399 nescitis!
2561 3345 2830 3412 Ojustitize
2849 3347 3159 3416 punitiones
3181 3358 3417 3409 teter-me,
3438 3362 3573 3414 qua~

1999 3445 2114 3483 rum
2142 3431 2264 3485 mali
2284 3435 2596 3489 memoriam
2626 3437 2955 3504 exprobrare
2976 3438 3153 3494 nullus
3169 3442 3389 3492 auderet
3409 3438 3574 3493 lSue~

1998 3525 2196 3578 currite
2221 3526 2372 3579 nobis
2394 3537 2586 3581 etcum
2620 3529 2828 3584 ratione
2875 3530 3084 3599 juvale,
3146 3547 3269 3585 cum
3335 3531 3570 3587 dicimus

1998 3633 2094 3672 nos
2119 3633 2241 3674 esse
2257 3620 2470 3690 quidem
2500 3623 2615 3676 sine
2646 3623 2773 3677 mali
2812 3625 3096 3696 memoria,
3128 3623 3427 3686 vexationis
3468 3639 3569 3677 au-

1997 3719 2101 3763 tetu
2129 3712 2465 3766 meminisse.
2520 3711 2627 3766 Vos
2651 3714 2865 3779 quidem
2928 3715 3070 3773 enim
3120 3715 3564 3785 tnalosallligitis,

1997 3813 2092 3853 uos
2114 3810 2294 3854 autem
2318 3801 2492 3856 solum
2514 3803 2883 3866 meminimus,
2908 3805 2952 3857 si
2975 3805 3103 3872 quid
3127 3806 3268 3871 ρειδεί
3304 3805 3567 3860 fuerimus

1992 3906 2057 3946 ex
2085 3892 2304 3947 homine
2326 3907 2432 3947 non
2463 3892 2619 3958 bono,
2641 3896 2909 3963 quomodo
2933 3895 3241 3950 liberemur.
3266 3896 3564 3969 Querosum

1993 3993 2172 4038 autem
2200 3994 2283 4037 est
2310 3984 2554 4050 omnino,
2581 4000 2685 4039 non
2713 3985 2970 4039 memoria
3004 3985 3151 4050 mali,
3172 3986 3263 4039 sed
3300 3985 3560 4038 vindicta.

2060 4091 2150 4148 90.
2206 4092 2430 4158 Deinde,
2490 4107 2734 4147 meorum
2792 4093 3150 4162 iuSpectores,
3208 4107 3307 4162 ego
3338 4092 3557 4163 quidem

1990 4185 2313 4249 recordans,
2349 4187 2495 4253 quod
2532 4184 2732 4238 malum
2768 4183 2871 4239 sltn
2914 4199 3128 4253 passus,
3166 4200 3332 4255 grave
3364 4201 3560 4240 nomen

1988 4276 2231 4330 sortior:
2279 4288 2375 4329 vos
2409 4284 2589 4329 autem
2629 4276 2721 4344 qtti
2758 4276 2876 4330 sine
2902 4289 3061 4329 causa
3091 4287 3277 4330 contra
3307 4291 3403 4330 nos
3429 4276 3567 4331 irra-

324 4347 430 4400 τῶν
449 4352 546 4404 uel.
562 4349 919 4420 ὠφελούντων
939 4354 1007 4409 τὰ
1024 4356 1214 4419 πλείω,
1233 4359 1392 4423 ποίας
1416 4360 1644 4425 saturei);
1673 4365 1889 4428 ἀξιοῦτε

2000 4365 2316 4421 llonabiliter
2344 4365 2605 4427 ferimiui,
2627 4378 2811 4421 contra
2837 4382 2933 4421 nes
2960 4366 3051 4437 qui
3076 4367 3367 4434 plttrimum
3400 4368 3562 4423 utiles

323 4437 596 4506 κλήσεωςς
641 4439 972 4513 ’Δκούσομαι
996 4445 1237 4516 πρῶτον,
1265 4447 1320 4500 ετ
1339 4466 1403 4517 γε
1437 4452 1530 4503 καὶ
1558 4452 1776 4522 λαλήσει
1801 4472 1884 4519 τις

1990 4458 2207 4520 fuimus,
2243 4456 2387 4526 quali
2406 4471 2501 4510 vos
2525 4457 2668 4525 ipsos
2690 4457 3049 4526 appellatione
3073 4456 3566 4525 dignosjudicatis?

320 4528 702 4600 τεθαρῥηκὼς,
734 4532 829 4585 καὶ
852 4533 975 4586 τότε
1004 4535 1372 4607 ἁντιλαλήσω,
1403 4539 1546 4611 ᾇπερ
1583 4543 1876 4600 ὑποϐαλεῖ-

2000 4544 2469 4609 Rrimumaudiam,
2484 4548 2526 4600 si
2543 4547 2664 4614 quis
2683 4546 3163 4601 ﬁducialiteraudet
3186 4548 3568 4616 loqui,postea-

320 4636 409 4673 ται
439 4623 498 4673 τὸ
524 4622 872 4691 λογιζόμενον
899 4626 999 4695 τῆς
1028 4626 1228 4698 ψυχῆς.
1257 4630 1421 4697 Ὄφιν
1447 4634 1560 4700 ὁρῶ
1588 4640 1889 4707 τηρητικδν

321 4712 557 4781 πτέρνης
610 4712 712 4781 τῆς
741 4713 863 4767 κατ’
904 4715 1030 4786 ἐμὲ.
1082 4718 1241 4780 [Iolae
1295 4718 1391 4773 οὖν
1448 4722 1593 4776 οὓτω
1626 4727 1890 4793 γεννάδας

321 4801 460 4855 κατὰ
496 4802 596 4868 τῆς
644 4803 702 4853 ὲν
736 4803 862 4871 ἐμοὶ
915 4804 1157 4876 φοϐερᾶς
1206 4806 1518 4876 εὐλαϐείας,
1574 4813 1633 4876 ὃς
1669 4816 1893 4887 ἑκτεμεῖ

317 4896 414 4963 τῆς
442 4895 621 4964 ψυχῆς
646 4897 705 4948 τὸ
738 4899 829 4950 καὶ
855 4898 1164 4968 ὑφορᾶσθαι
1186 4904 1281 4955 καὶ
1311 4904 1555 4973 φεύγειν,
1587 4907 1717 4962 ἔνθα
1730 4912 1892 4981 χρεία

320 4988 412 5039 καὶ
442 4984 537 5037 τοῦ
568 4985 745 5049 ἄλλως
782 4987 909 5056 ιμοὶ
940 4988 1091 5058 αὐτῷ
1130 4990 1364 5061 βοηθεῖν,
1411 4995 1523 5049 εἴτε
1551 4998 1889 5071 αὐτοχειρίᾳ,

319 5076 426 5128 εἴτε
461 5077 557 5131 καὶ
606 5078 748 5132 κατὰ
788 5079 1129 5151 πρόσκλησιν
1162 5083 1567 5159 ὲπικονρικήνς
1624 5090 1778 5143 Λέων
1802 5092 1890 5145 ἐπ’

323 5166 448 5234 ἐμοὶ
469 5167 763 5237 Ξνεδρεύει,
792 5170 886 5222 καὶ
908 5169 1125 5242 ἀνάγκη
1153 5175 1326 5239 πᾶσα,
1342 5176 1537 5246 ἑτέραν
1553 5180 1888 5248 τραπέσθαι.

321 5256 713 5328 Μεγαλόψυχος
750 5259 844 5313 οὖν
871 5263 966 5315 καὶ
995 5264 1285 5335 εὐκάρδιος
1323 5268 1350 5319 ὁ
1381 5267 1571 5335 ἀξιῶν,
1611 5270 1687 5341 μὴ
1719 5272 1890 5327 δεδιές-

327 5365 429 5411 ναι,
460 5349 597 5401 ἀλλὰ
625 5351 881 5415 πελάζειν
914 5354 1090 5427 Θηρίῳ
1121 5357 1529 5429 ὕποκαθημένῳ
1564 5362 1702 5432 πρὸς
1732 5364 1896 5419 θάνα-

324 5453 435 5491 τον.
492 5439 559 5492 Τί
587 5440 643 5493 δὲ
674 5442 735 5493 οὐ
766 5442 970 5510 λέγεις,
1035 5442 1081 5499 ὧ
1130 5446 1349 5516 άδελφὲ,
1410 5451 1750 5519 μνησίκακον
1799 5456 1894 5509 καὶ

326 5525 415 5578 τὸν
441 5528 581 5597 μετὰ
600 5528 804 5600 βλάόην
832 5532 1159 5588 διδάσκοντα
1180 5536 1275 5591 καὶ
1298 5538 1631 5593 παιδεύοντα
1649 5542 1774 5605 τοὺς
1797 5560 1896 5598 κα-

328 5615 634 5685 κώσαντας,
666 5623 760 5673 καὶ
785 5620 931 5677 οὕτω
963 5627 1334 5695 μεμνημένον,
1358 5628 1439 5681 ὅτι
1463 5629 1770 5687 κεκάκωται
1787 5651 1803 5701 ;
1823 5636 1895 5689 Ἦ

326 5704 540 5771 πάντως
570 5709 748 5774 ὀκνεῖς
793 5713 970 5768 είπεεν
1017 5712 1210 5784 τοῦτο,
1251 5716 1647 5789 εὐλαϐούμενος
1692 5722 1895 5793 ψεύσα-

334 5794 491 5865 σθαι,

1990 4652 2098 4707 que
2108 4646 2297 4691 contra
2314 4640 2526 4706 loquar,
2542 4651 2659 4704 quae
2682 4637 2922 4707 suggerit
2940 4636 3132 4691 mentis
3149 4637 3421 4705 cogitatio.
3439 4635 3567 4689 Ser-

1990 4734 2206 4795 pentem
2230 4724 2387 4779 video
2415 4724 2725 4778 calcaneum
2746 4739 2923 4779 meum
2948 4727 3354 4780 observantem.
3394 4722 3559 4776 Num-

1990 4816 2120 4883 quid
2160 4829 2291 4883 ergo
2324 4814 2402 4868 sic
2433 4827 2730 4882 generosus
2757 4815 2863 4868 erit
2906 4822 3093 4867 contra
3123 4813 3360 4866 timidam
3389 4825 3561 4864 meam

1991 4906 2565 4974 circumspectionem,
2596 4905 2686 4972 qui
2725 4906 2920 4959 animae
2952 4904 3350 4972 suspectionem
3380 4918 3445 4958 ac
3475 4901 3564 4955 lu-

1993 5010 2114 5066 gam
2147 4995 2453 5059 subtrahet,
2485 4996 2575 5049 ubi
2595 4995 2662 5049 de
2680 5006 2880 5049 emtero
2911 4995 3044 5049 mihi
3086 4994 3190 5064 ipsi
3233 4975 3559 5050 succurreri-

1993 5088 2119 5142 dmn
2164 5097 2333 5153 esset,
2391 5087 2507 5139 sive
2539 5088 2756 5156 propria
2790 5102 2979 5151 manu,
3040 5088 3158 5143 sive
3185 5088 3566 5143 exhortatione

1990 5179 2254 5251 iuvante?
2289 5179 2396 5234 Leo
2416 5178 2547 5232 mihi
2578 5178 2863 5234 insidiatur
2892 5189 2946 5234 et
2976 5180 3204 5235 omnino
3230 5196 3453 5236 necesse
3481 5186 3565 5233 est

1996 5288 2049 5330 ut
2075 5276 2176 5330 iter
2210 5274 2316 5328 alio
2338 5282 2579 5327 vertatur
2607 5290 2621 5327 :
2686 5274 3069 5341 magnanimus
3104 5275 3272 5345 igitur
3317 5283 3369 5328 et
3403 5285 3567 5339 gene-

1998 5379 2153 5419 rosus
2184 5373 2262 5417 est
2286 5362 2378 5431 qui
2402 5362 2611 5431 judicat
2634 5377 2742 5416 non
2784 5376 2909 5418 esse
2935 5363 3257 5426 timendum,
3278 5362 3371 5417 sed
3408 5373 3563 5413 acce-

1996 5456 2232 5510 dendum
2275 5454 2402 5508 ferte
2431 5453 2497 5507 ad
2526 5464 2753 5508 mortem
2781 5456 3093 5509 accubanti.
3124 5454 3262 5520 Quid
3294 5467 3423 5506 vero
3457 5466 3560 5505 nou

1999 5544 2159 5608 dicis,
2221 5541 2414 5608 frater,
2451 5542 2574 5597 mali
2605 5557 2902 5598 memorem
2944 5547 3107 5597 etiam
3142 5543 3286 5596 illum
3314 5545 3405 5610 qui
3440 5552 3562 5610 post

1996 5634 2249 5701 iniuriam
2281 5634 2440 5688 docet
2493 5642 2547 5689 et
2600 5634 2782 5689 erudit
2827 5633 3227 5699 malefactores,
3256 5643 3312 5688 et
3339 5633 3414 5687 ita
3445 5648 3563 5688 me-

1997 5726 2154 5781 minit
2198 5740 2319 5781 sese
2359 5724 2528 5781 fuisse
2558 5725 2849 5779 vexatum?
2886 5723 3155 5795 Numquid
3211 5724 3311 5783 hoc
3339 5738 3567 5798 prorsus

1996 5815 2179 5874 dicere
2203 5817 2406 5887 tardas,
2444 5814 2785 5872 mendacium
2820 5816 3064 5873 veritus?
