3926 6200
306 268 402 329 489

1252 261 1563 326 CONTRA
1607 262 1726 324 1N1
1736 262 2106 326 URIABUM
2150 267 2597 333 MEMORIAM.

3422 269 3526 331 49η

310 378 377 436 εἰς
414 373 534 427 εὐθὺ
576 375 799 445 ἀρετῆς,
841 377 983 432 οὕτω
1025 382 1118 434 καὶ
1157 383 1266 435 ἀπὸ
1304 383 1639 453 δυσμενοῦςο
1680 385 1728 436 εί
1770 381 1858 435 καὶ

1976 383 2197 438 virtutis
2225 384 2602 439 rectitudinem
2632 382 2779 439 ducit
2800 398 2867 438 ex
2894 381 3091 446 amico,
3121 381 3197 436 sic
3216 381 3353 436 etab
3373 382 3527 437 hoste

308 466 463 516 ἐκεῖνο
496 463 594 531 μὲν
625 465 867 531 γλυκέως
886 506 903 533 ,
936 470 1253 541 ὐποπίκρως
1282 472 1339 526 δὲ
1370 473 1545 527 τοῦτο.
1580 474 1857 539 Λογιεῖται

311 554 403 623 γὰρ
427 552 482 606 εὖ
518 554 664 623 μάλα
693 555 868 624 ὀρθῶς
897 560 924 610 6
953 560 1169 614 ἀκούων
1201 563 1383 626 κακῶς
1405 604 1419 629 ,
1450 564 1533 616 ὅτι
1567 563 1861 632 ἀληθεύον-

308 661 386 706 τος
416 642 511 734 μὲν
540 643 633 697 τοῦ
666 644 861 715 ἐχθροῦ
895 650 1165 719 κερδαίνει
1197 653 1467 722 σωτήριόν
1496 671 1546 705 τι
1578 655 1607 706 6
1636 654 1860 707 κακολο-

308 736 571 805 γούμενος,
622 736 757 791 διότι
806 740 963 812 φέρει
1010 741 1498 816 θριαμϐευόμενος,
1551 748 1646 800 καὶ
1694 764 1860 802 κατα-

308 827 542 879 νύσσεται
594 828 651 889 ἐς
700 829 900 900 ψυχὴν,
945 834 1038 887 καὶ
1083 834 1275 903 φεύγει
1317 836 1414 906 τὴν
1456 838 1533 899 είς
1574 837 1635 890 τὸ
1689 837 1859 891 κακὸν

306 919 576 987 ἐπιμονὴν,
606 922 781 990 λέγων
812 924 907 976 καὶ
936 925 1067 979 αὐτὸ
1096 927 1157 979 τὸ
1194 946 1212 979 t
1235 928 1297 981 El
1328 926 1472 982 οὕτω
1502 928 1740 996 γνωστὸν
1771 930 1860 997 γέ-

305 1024 413 1073 γονε
435 1049 450 1073 ,
491 1029 510 1061 ι
548 1013 641 1064 καὶ
677 1013 975 1084 θεραπείαν
1003 1016 1123 1070 τινὰ
1155 1017 1295 1087 ἔχων
1323 1017 1419 1087 τὴν
1450 1021 1506 1073 ὲν
1538 1020 1726 1091 κόσμῳ
1758 1036 1859 1073 καθ

303 1095 563 1162 τάκρισιν.
599 1099 707 1151 Καὶ
737 1099 879 1155 οὕτω
912 1103 1012 1171 μὲν
1034 1142 1050 1167 ,
1085 1105 1242 1175 εἴπερ
1274 1106 1529 1177 ἀληθεύει
1563 1108 1797 1171 ἐκτιθεὶς
1830 1110 1881 1161 δ·

304 1184 482 1253 ἐχθρὸς
508 1187 574 1238 τὰ
600 1187 692 1241 τοῦ
726 1180 1055 1261 μισοῖιμένου
1086 1194 1233 1247 κακά
1252 1212 1265 1225 ·
1295 1196 1342 1247 εί
1375 1196 1430 1248 δὲ
1462 1198 1553 1250 καὶ⁵
1583 1196 1854 1266 ψεύδοιτο,

301 1276 419 1327 ἀλλὰ
456 1276 553 1328 καὶ
583 1279 700 1331 τόδε
734 1281 921 1352 κέρδος
956 1284 1099 1351 μέγα
1130 1286 1207 1355 τῷ
1241 1287 1691 1359 κακολογουμένῳ
1712 1328 1727 1354 ,
1762 1290 1856 1343 καὶ

299 1366 352 1417 οὐ
383 1369 543 1435 μόνον
583 1370 664 1421 ὅτι
684 1408 699 1431 ,
744 1370 821 1434 ὡς
857 1374 1112 1443 οἴδαμεν,
1143 1377 1426 1448 μακαρίως
1458 1379 1654 1450 πάσχει
1686 1397 1857 1433 κατα-

300 1459 735 1529 μαρτυρούμενος
761 1461 903 1516 οὕτω
925 1464 1136 1534 ψευδῶς
1152 1507 1168 1531 ,
1195 1468 1329 1522 ἀλλὰ
1355 1469 1447 1522 καὶ
1474 1471 1553 1532 είς
1575 1471 1634 1523 τὸ
1663 1471 1857 1541 μέλλον

298 1547 632 1615 ῥυθμίζεται,
677 1548 1074 1621 διανοούμενος,
1122 1555 1197 1617 ὠς
1249 1557 1299 1608 εί
1348 1558 1440 1609 καὶ
1493 1557 1570 1629 μὴ
1623 1559 1857 1629 ποιήσας

296 1639 693 1707 χρωματίζεται
734 1641 928 1709 οὕτως,
968 1642 1081 1710 οἶος
1119 1646 1189 1702 ἂν
1230 1649 1557 1720 είκονισθείη
1600 1666 1852 1723 παραπει-

299 1728 523 1793 πτωκὼς
570 1733 649 1795 είς
696 1733 1021 1806 ἁμάρτημα.
1073 1736 1262 1801 Οὕτως
1309 1737 1422 1807 ἐγὼ
1468 1740 1682 1809 φρονῶν
1725 1742 1855 1807 περὶ

292 1819 529 1890 ἀμύνης,
573 1820 674 1875 οὐκ
715 1822 783 1876 ἂν
822 1826 1083 1898 γενοίμην
1123 1826 1218 1881 τοῦ
1262 1828 1596 1898 ἀμύνεσθαι,
1642 1828 1718 1901 μὴ
1760 1814 1856 1884 καὶ

290 1913 629 1985 ἀπαγάγοιμι
658 1915 793 1986 ἐμοῦ
823 1918 989 1973 αὐτοῦ
1016 1919 1077 1972 τδ
1110 1919 1403 1985 σώζεσθαι.

354 2001 417 2071 ρ’.
452 2005 623 2059 Ἀλλὰ
667 2008 741 2078 μή
782 2009 874 2080 μοί
911 2028 997 2074 τις
1038 2012 1270 2067 ἐνταῦθα
1310 2017 1598 2084 σοφιστικὰ
1638 2017 1856 2082 παίζειν

289 2093 478 2147 ἐθέλων
517 2096 868 2169 ὐποφερέτω,
905 2102 999 2155 καὶ
1036 2103 1268 2174 χάριτας
1309 2108 1621 2177 ὲποφείλειν
1658 2110 1856 2181 χρῆναι

289 2186 567 2255 ἀναφανδὰ
599 2192 709 2254 τοῖς
748 2193 1166 2261 κακοποιοῦσιν,
1201 2198 1362 2269 εἴπερ
1396 2200 1456 2253 τὸ
1487 2200 1728 2255 τοιοῦτον
1760 2220 1858 2257 κα-

289 2276 373 2331 κὸν
403 2281 505 2332 καὶ
534 2282 617 2345 είς
651 2282 896 2352 ίατρείαν
926 2289 1038 2351 τοῖς
1072 2289 1239 2342 είδόσι
1272 2290 1463 2361 φέρειν
1496 2293 1855 2363 ἐγγράφεται,

290 2368 373 2420 καὶ
396 2368 477 2434 είς
509 2370 881 2438 διδασκαλίαν,
907 2376 1002 2428 καὶ
1030 2377 1109 2440 είς
1135 2378 1503 2449 εὐεργέτημα,
1531 2381 1625 2435 καὶ
1654 2382 1733 2446 είς
1758 2383 1858 2437 ὅσα

288 2463 513 2517 τοιαῦτα
536 2479 552 2496 ο
584 2464 718 2535 μηδὲ
743 2466 976 2532 ἀξιούτω
1003 2469 1152 2541 ἡμᾶς
1176 2469 1238 2523 τὸ
1270 2470 1460 2536 κακὸν,
1488 2469 1516 2525 δ
1542 2473 1639 2543 τὴν
1668 2490 1688 2526 ε
1726 2490 1860 2544 μνη·

289 2557 544 2609 σικακίαν
582 2576 601 2609 ι
636 2560 1020 2629 παρανομάζει
1041 2602 1056 2623 ,
1094 2562 1472 2633 μεταγράφειν
1503 2564 1585 2628 είς
1616 2565 1821 2634 ἀγαθὸν
1841 2605 1857 2632 ,

288 2646 371 2698 καὶ
398 2646 835 2717 ἀντονομάζων,
866 2651 939 2712 ὡς
969 2650 1132 2721 δῆθεν
1162 2653 1329 2707 καλόν
1350 2670 1363 2685 ·
1398 2654 1486 2710 ἵνα
1512 2655 1656 2710 οὕτω
1684 2656 1860 2727 χρεὼν

286 2738 361 2808 εἴη
381 2778 395 2802 ,
427 2740 537 2792 καὶ
568 2740 910 2803 διδασκάλοις
943 2744 1316 2814 ἐγγράφεσθαι
1346 2748 1473 2811 τοὺς
1504 2749 1862 2803 κακοποιοῦν-

285 2842 407 2890 τας,
437 2828 530 2893 ὼς
558 2822 647 2881 οἷα
682 2830 818 2900 πρὸς
849 2831 1051 2903 ἀρετὴν
1083 2833 1512 2903 ἐπιστρέφοντας
1541 2833 1632 2887 τὸν
1662 2833 1858 2887 κακούς

286 2938 475 2986 μενον,
526 2922 687 2993 εἴπερ
721 2923 784 2977 εὖ
821 2926 1029 2990 ἐκεῖνος
1063 2927 1319 2996 φρονοίη,
1360 2926 1455 2980 καὶ
1485 2927 1585 2998 τὴν
1620 2928 1860 2982 κάκωσιν

1965 472 2202 535 infenso,
2232 473 2597 542 licetquidem
2624 472 2853 528 dulciter
2877 470 3028 537 illud,
3050 470 3153 524 hoc
3178 478 3358 524 autem
3378 486 3530 523 ama-

1965 577 2043 617 re.
2101 563 2424 619 Rectissime
2472 577 2705 633 namque
2753 570 2970 631 reputat
3014 561 3108 632 qui
3158 558 3300 615 male
3352 560 3528 624 audit,

1960 653 2240 724 quoniam,
2274 652 2497 709 inimico
2548 667 2673 709 vere
2711 652 2928 723 quidem
2973 651 3249 720 loquente,
3290 649 3534 704 lucralur

1962 745 2164 814 aliquid
2191 745 2435 800 salutare
2461 744 2800 809 maledictus,
2828 759 2894 800 eo
2918 743 3063 814 quod
3090 742 3195 797 fert
3227 741 3535 810 triumpha-

1962 837 2110 903 liter,
2135 844 2189 892 et
2214 836 2394 889 anima
2425 835 2830 906 compungitur,
2854 844 2909 889 et
2933 835 2986 888 in
3014 833 3156 888 maio
3179 844 3535 902 perseveran-

1963 926 2089 982 tiam
2135 926 2290 997 fugit,
2328 927 2514 982 dicens
2569 936 2625 979 et
2665 926 2765 981 hoc
2813 926 2990 995 ipsum
3023 943 3039 981 :
3076 942 3097 976 σ
3136 924 3193 979 Si
3226 932 3413 979 notum
3452 924 3533 976 fa-

1960 1026 2113 1073 ctum
2150 1025 2267 1084 est;
2302 1035 2320 1069 ι
2357 1026 2412 1071 ct
2461 1020 2751 1087 quamdam
2799 1016 3135 1071 curationem
3166 1029 3233 1070 ex
3260 1016 3532 1069 mundana

1960 1110 2416 1165 comlemnatione
2446 1109 2691 1165 trahens.
2722 1109 2787 1163 Et
2812 1110 2883 1163 ita
2907 1108 3124 1178 quidem
3155 1115 3267 1169 est,
3297 1108 3341 1162 si
3366 1120 3532 1161 verax

1961 1210 2044 1256 est
2070 1200 2320 1257 inimicus
2341 1199 2516 1256 odiosi
2558 1200 2699 1255 mala
2741 1200 3065 1270 explicans;
3098 1198 3146 1255 si
3199 1213 3327 1252 vero
3383 1211 3536 1251 men-

1961 1291 2143 1357 tiatur,
2182 1292 2283 1345 hoc
2312 1291 2476 1345 etiam
2508 1305 2763 1359 magnum
2812 1289 3025 1343 lucrum
3058 1296 3145 1344 est
3195 1285 3531 1341 maledictio-

1962 1395 2084 1434 nem
2115 1380 2366 1450 patienti,
2425 1394 2530 1435 non
2579 1381 2777 1442 solum,
2818 1381 2943 1448 quia
2976 1378 3142 1434 veluti
3186 1379 3410 1444 scimus,
3438 1375 3531 1446 qui

1958 1472 2040 1527 sic
2069 1471 2336 1526 fallaciter
2363 1470 2507 1526 maio
2547 1471 2856 1527 testimonio
2896 1470 3209 1532 lacessitur,
3246 1469 3402 1522 beate
3432 1481 3525 1535 pa-

1960 1558 2121 1623 titur,
2171 1561 2266 1614 sed
2301 1559 2466 1615 etiam
2489 1560 2614 1628 quia
2647 1559 2701 1612 in
2758 1567 3032 1629 posterum
3080 1566 3227 1613 recte
3255 1555 3530 1627 dirigitur,

1961 1649 2340 1716 considerans,
2374 1651 2517 1719 quod
2552 1649 2595 1704 si
2639 1649 2860 1718 quidem
2899 1663 3009 1705 non
3049 1656 3305 1717 operatus
3348 1644 3535 1698 taliter

1956 1740 2289 1811 depingitur,
2311 1741 2493 1810 qualis
2516 1748 2999 1811 repraesentaretur
3017 1738 3068 1792 in
3094 1746 3378 1809 peccatum
3407 1750 3531 1805 pro-

1956 1835 2156 1904 lapsus.
2186 1831 2278 1888 Sic
2329 1846 2429 1904 ego
2455 1833 2521 1888 de
2554 1831 2786 1886 vindicta
2829 1831 3094 1894 sentiens,
3140 1829 3208 1883 ad
3250 1827 3532 1882 vindican-

1956 1925 2083 1982 dum
2107 1924 2249 1983 haud
2272 1925 2533 1988 venirem,
2565 1937 2633 1978 ne
2660 1920 2846 1993 procul
2870 1936 2899 1976 a
2921 1935 3005 1976 me
3025 1919 3251 1977 salutem
3274 1918 3530 1975 efficiam.

2028 2013 2149 2070 100.
2184 2015 2436 2070 Attamen
2477 2028 2545 2069 ne
2590 2014 2716 2083 quis
2754 2012 2884 2068 mihi
2941 2012 3131 2067 volens
3191 2010 3280 2066 hic
3342 2012 3534 2079 jocose

1957 2120 2236 2179 opponere
2283 2106 2607 2176 sophistica,
2656 2106 2807 2162 dicat
2884 2104 3090 2176 gratias
3148 2103 3311 2159 etiam
3346 2111 3536 2171 aperte

1961 2198 2434 2256 malefacientibus
2473 2212 2595 2255 esse
2652 2196 2981 2263 reddendas,
3036 2194 3308 2265 siquidem
3350 2190 3536 2262 hujus-

1960 2288 2106 2345 modi
2136 2288 2337 2343 tnalum
2370 2288 2425 2342 in
2462 2289 2801 2344 curationem
2853 2285 2999 2341 ferre
3056 2284 3355 2340 scientibus
3407 2296 3536 2337 cen-

1959 2391 2140 2447 setur,
2177 2389 2230 2434 et
2283 2381 2337 2434 in
2371 2378 2735 2449 disciplinam,
2764 2386 2819 2433 et
2868 2377 2920 2430 in
2976 2375 3324 2438 beneficium,
3371 2384 3422 2427 et
3479 2373 3532 2424 in

1962 2473 2067 2529 alia
2129 2472 2376 2537 similia;
2410 2485 2585 2541 neque
2623 2469 2900 2524 existimet
2957 2467 3183 2531 malum,
3219 2465 3362 2539 quod
3404 2464 3533 2518 mali

1963 2563 2279 2621 memoriam
2333 2561 2688 2631 c0gnominat
2726 2574 2846 2621 nos.
2903 2559 3048 2613 inter
3098 2556 3237 2612 bona
3298 2554 3528 2617 referre.

1965 2656 2233 2726 aliterque
2277 2653 2578 2716 nominare,
2616 2650 2773 2723 quasi
2809 2648 3020 2704 scilicet
3064 2648 3302 2712 bonum;
3338 2647 3409 2700 ita
3472 2655 3532 2699 ut

1960 2762 2097 2812 Opus
2128 2753 2301 2813 esset,
2331 2744 2474 2799 inter
2501 2742 2796 2813 magistros
2832 2738 3053 2794 inscribi
3096 2736 3532 2800 malefacientes,

1965 2848 2223 2909 tanquam
2249 2836 2317 2891 ad
2348 2836 2605 2891 virtutem
2633 2837 3021 2888 convertentes
3064 2837 3343 2891 vexatum,
3380 2827 3537 2880 dum-

1964 2931 2123 2985 modo
2149 2926 2369 2998 quidem
2402 2925 2493 2981 ille
2521 2932 2666 2981 recte
2695 2921 2916 2986 sentiat,
2946 2930 2999 2976 et
3024 2918 3373 2974 vexationem
3409 2929 3509 2987 pro

280 3012 460 3081 άνάγοι
534 3014 669 3085 πρὸς
722 3015 1040 3083 παίδευσιν,
1092 3017 1583 3087 ἀναλογιζόμενος,
1635 3017 1712 3083 ὡς
1757 3018 1857 3072 οὐκ

1963 3023 2123 3076 vehat
2156 3020 2211 3074 in
2266 3017 2632 3089 disciplinam,
2688 3021 2946 3084 reputans
2986 3012 3131 3082 quod
3199 3024 3307 3064 non
3342 3022 3537 3076 cpera-

285 3107 453 3172 άγαθα
494 3106 713 3179 πράξας
741 3108 989 3179 εὐρῖσκει
1018 3110 1144 3171 τοὺς
1173 3108 1523 3174 κολάζοντας,
1552 3108 1727 3178 λέγων
1755 3126 1858 3163 που

290 3200 376 3251 καὶ
406 3198 575 3263 αὐτὸς
612 3199 879 3268 καιρίως,
914 3200 997 3253 ὅτι
1033 3198 1103 3254 τά
1141 3199 1281 3271 ἔργα
1312 3201 1441 3264 τοὺς
1478 3199 1673 3269 λόγους
1710 3201 1860 3271 εὑρί-

288 3304 496 3354 σκεται,
541 3291 639 3344 καὶ
677 3289 754 3354 ὡς
794 3291 1116 3363 νοσημάτων
1153 3291 1334 3364 ψυχῆς
1381 3292 1621 3346 τοιοῦτον
1665 3280 1859 3363 φύεται

288 3384 531 3451 νοσήλιον
569 3384 887 3454 φάρμακον.

353 3482 453 3545 ραν.
496 3476 599 3547 Μὴ
626 3475 691 3545 δὴ
716 3476 943 3532 τοιαῦτά
967 3495 1087 3532 τινα
1117 3476 1507 3549 ὐποκρουέσθω
1531 3492 1614 3542 τις
1645 3476 1860 3544 παίζειν

286 3564 477 3619 ἐθέλων
521 3567 622 3620 καὶ
670 3566 855 3634 γελοῖα
903 3569 1242 3638 σοφίζεσθαι.
1288 3569 1484 3639 Πρῶτα
1532 3568 1631 3639 μὲν
1675 3568 1788 3640 γὰρ
1832 3569 1860 3623 δ

282 3655 518 3719 τοιοῦτος
552 3655 871 3723 ἀκούσεται,
897 3656 1007 3724 ὡς,
1024 3657 1185 3729 εἴπερ
1216 3656 1424 3725 ἀγαθδν
1452 3656 1773 3727 αὐτόχρημα
1796 3656 1858 3710 τὸ

284 3749 625 3812 κακοποιεῖν,
664 3748 717 3802 τί
765 3749 965 3820 δήποτε
1015 3751 1043 3803 ό
1096 3749 1265 3802 κακὸν
1314 3748 1485 3802 ποιῶν
1526 3748 1660 3803 αὐτὸ
1701 3746 1859 3803 τοῦτο

283 3837 445 3891 ποθὲν
477 3840 823 3907 ἐλεγκτικῶς
856 3841 1253 3911 ὀνειδιζόμενος
1290 3840 1442 3894 ὀκνεῖ
1474 3839 1726 3907 ἀκούειν,
1763 3842 1860 3894 καὶ

280 3928 629 4001 δυσχεραίνει
663 3932 755 3986 τὸν
786 3932 975 4001 λόγον,
1012 3934 1110 3987 καὶ
1143 3933 1203 3987 οὐ
1239 3932 1420 4003 χαίρει
1460 3931 1746 4003 μανθάνων
1777 3932 1859 3986 ol-

281 4023 421 4075 κεῖον
446 4021 717 4091 ἔπαινονς
755 4024 967 4095 ama
990 4023 1107 4095 βύει
1130 4025 1199 4078 τὰ
1227 4018 1342 4079 ὦτα
1359 4024 1501 4096 πρὸς
1519 4022 1609 4078 τὸν
1632 4022 1858 4090 δνειδον,

284 4111 313 4179 ἦ
364 4114 565 4169 άκούει
617 4115 741 4185 μὲν,
788 4114 1176 4186 άντερεύγεται
1230 4115 1288 4167 δὲ
1338 4117 1712 4185 γογγυσμούς,
1764 4114 1859 4170 καὶ

281 4201 681 4276 ὑϐριζόμενος,
715 4207 797 4259 ὅτι
834 4208 1157 4273 treason-mei;
1184 4207 1417 4260 Ἔπειτα
1454 4206 1511 4259 δὲ
1546 4206 1858 4278 προσακού-

1973 3118 2057 3164 tus
2086 3108 2251 3176 bona,
2297 3107 2613 3162 adulatores
2651 3104 2882 3169 invenit,
2912 3102 3105 3157 dicens
3153 3098 3333 3154 autem
3366 3097 3533 3153 etiam

1965 3198 2080 3269 ipse
2131 3212 2237 3255 non
2292 3198 2622 3268 importune,
2661 3197 2805 3266 quod
2861 3208 3027 3265 opera
3087 3192 3328 3247 rationes
3384 3190 3535 3241 inve-

1968 3290 2152 3358 nlunt,
2183 3300 2235 3345 et
2279 3296 2538 3358 tanquam
2592 3287 2787 3344 animae
2834 3286 3149 3342 morborum
3183 3282 3289 3337 tale
3331 3278 3535 3350 produ-

1963 3384 2105 3437 citur
2128 3380 2373 3438 salutare
2411 3379 2733 3435 remedium.

2039 3475 2163 3530 iOi.
2190 3472 2307 3529 Non
2366 3487 2497 3529 sane
2528 3472 2655 3528 talia
2680 3473 2925 3543 quadam
2961 3473 3182 3545 aliquis,
3228 3472 3412 3526 rudere
3442 3482 3535 3525 vo-

1966 3566 2080 3621 lens
2135 3574 2189 3619 et
2238 3564 2424 3634 jocose
2478 3562 2887 3634 sophisticeque
2939 3562 3206 3625 cavillari,
3268 3561 3532 3631 proferat.

1964 3656 2150 3711 Primo
2186 3656 2407 3727 quidem
2433 3654 2577 3710 enim
2606 3654 2811 3718 audiet,
2840 3654 3002 3724 quod,
3036 3654 3085 3707 si
3122 3655 3325 3707 bonum
3357 3651 3534 3721 reipsa

1967 3755 2053 3800 est
2100 3744 2445 3811 maleiacere,
2473 3744 2604 3815 quid
2648 3743 2867 3799 tandem
2911 3742 3108 3797 malum
3147 3742 3435 3797 facientem
3466 3743 3536 3797 de

1963 3837 2065 3891 hoc
2094 3837 2211 3905 ipso
2242 3835 2696 3904 vituperationem
2734 3849 2797 3890 ac
2825 3833 3308 3904 reprehensionem
3340 3832 3537 3887 audire

1963 3928 2131 4000 piget,
2188 3927 2384 3997 bicque
2422 3940 2567 3998 aegre
2627 3925 2735 3981 fert
2791 3939 3122 3989 sermonem,
3158 3937 3258 3979 nec
3321 3922 3537 3979 discere

1961 4033 2114 4075 suam
2169 4017 2381 4073 laudem
2425 4018 2668 4088 gaudet?
2702 4017 2809 4073 Sed
2841 4016 2927 4073 vel
2978 4014 3201 4069 obturat
3247 4028 3408 4069 aures
3469 4016 3538 4069 ad

1960 4109 2475 4181 exprobrationem,
2526 4110 2606 4164 vel
2665 4109 2817 4164 audit
2881 4108 3121 4179 quidem,
3177 4116 3235 4161 at
3287 4119 3537 4175 murmur

1960 4213 2190 4269 eructat,
2246 4204 2412 4258 etiam
2474 4202 2687 4271 injuria:
2748 4202 2978 4264 habens,
3015 4199 3159 4269 quod
3213 4196 3537 4253 malefacit?

283 4311 434 4349 σεται
469 4298 608 4364 καὶ,
642 4297 724 4351 δτι
755 4297 911 4350 λαλεῖ
944 4298 1044 4368 μὲν
1074 4300 1103 4352 6
1134 4296 1309 4361 οὕτως
1343 4297 1584 4363 ἀξιώσας
1624 4300 1856 4368 πρᾶγμα

1964 4292 2162 4349 Deinde
2176 4308 2308 4349 vero
2322 4308 2539 4364 quoque
2551 4294 2757 4358 audiet,
2775 4292 2918 4361 quod
2934 4290 3175 4360 loquitur
3188 4288 3430 4357 quidem,
3443 4286 3537 4357 qui

278 4386 626 4458 τολμηθῆναι
665 4388 986 4460 δυνάμενον,
1030 4390 1128 4444 καὶ
1191 4388 1495 4461 παραλαλεῖ
1536 4389 1857 4443 ἐπιείκειαν.

279 4477 574 4549 Δυνάμεθα
598 4479 707 4549 γὰρ
729 4479 873 4534 οὕτω
897 4481 1094 4545 ποιεῖν,
1118 4481 1211 4535 καὶ
1238 4481 1528 4551 ὀνομάζειν
1552 4480 1643 4533 τδν
1668 4479 1861 4551 ἐχθρὸν

279 4568 381 4636 μὲν
420 4570 561 4624 ἄλλο
602 4586 655 4622 τι
699 4569 920 4639 σεμνὸν,
968 4570 1061 4623 καὶ
1106 4570 1383 4625 ἑντάττειν
1429 4568 1592 4624 αὐτὸν
1638 4570 1737 4639 μὲν
1780 4573 1861 4633 εἷς

276 4660 577 4729 εὐεργέτου
610 4661 777 4713 τόπον
796 4699 812 4722 ,
849 4660 911 4713 τὸ
942 4659 1000 4713 δὲ
1031 4659 1143 4713 τῶν
1176 4660 1461 4731 μωλώπων
1494 4660 1735 4727 ὲξοιδοῦν
1766 4660 1861 4712 καὶ

280 4747 531 4821 ὕφαιμον
571 4751 654 4813 είς
695 4750 869 4820 πάχος
915 4750 1182 4822 εὔτροφον
1221 4751 1451 4817 τιθέναι,
1495 4752 1660 4822 φιλίῳ
1699 4750 1861 4820 χυμῷ

276 4844 637 4914 χρωζόμενον
665 4842 723 4897 τὺ
752 4842 897 4896 κατὰ
927 4843 1211 4914 ἐρύθημα,
1239 4843 1308 4896 τὰ
1334 4842 1390 4895 δδ
1425 4842 1747 4913 ῥαπίσματα
1777 4841 1859 4902 εἰς

276 4936 605 5006 φιλήματα,
639 4934 736 4997 τὰς
772 4933 1123 5004 βλασφημίας
1156 4934 1236 4994 είς
1268 4931 1556 5001 εὐλογίας,
1591 4932 1658 4985 τὰ
1690 4947 1855 4984 κατα-

276 5027 583 5095 πτύσματα
609 5028 688 5089 είς
718 5027 910 5094 μύρων
935 5024 1208 5095 χεύματα,
1233 5023 1357 5086 τοὺς
1383 5024 1449 5076 ὲκ
1473 5021 1678 5094 τριχῶν
1704 5020 1860 5073 ἑλκυ-

276 5117 453 5185 σμοὺς
485 5118 571 5179 είς
599 5116 954 5186 κτενίσματα,
979 5114 1065 5182 ἐφ’
1089 5102 1168 5178 οἷς
1200 5115 1473 5183 πλόκαμοι
1500 5113 1636 5183 πρὸς
1663 5112 1858 5175 κάλλος

276 5208 569 5275 κέχυνται.
598 5207 708 5261 Καὶ
736 5207 965 5260 δυναταὶ
998 5207 1095 5276 μὲν
1120 5207 1175 5259 αἱ
1199 5204 1449 5259 τοιαῦται
1479 5202 1820 5276 μετωνυμίαι
1840 5219 1853 5235 ·

271 5296 373 5350 οὐκ
413 5295 542 5351 οἶδα
584 5298 663 5363 δὲ,
703 5300 752 5351 εί
798 5298 1143 5367 ὲκφευξεῖται
1186 5300 1213 5350 6
1256 5295 1433 5358 οὕτως
1472 5296 1857 5365 ἀντονομάζων

274 5387 651 5458 εὐτραπελίας
684 5390 961 5460 ἔγκλημα,
995 5392 1090 5444 καὶ
1123 5390 1185 5443 τὸ
1219 5391 1381 5461 εἴρων
1411 5384 1572 5457 εἵνεαι,
1604 5389 1698 5441 καὶ
1733 5387 1858 5440 κλέο

275 5494 436 5531 πτειν
464 5480 583 5531 εἴτε
616 5481 806 5535 ἑαυτὸν
832 5481 913 5543 είς
941 5481 1187 5550 νοήματα
1205 5522 1219 5545 ,
1251 5481 1344 5533 καὶ
1373 5480 1433 5531 τὸ
1462 5481 1518 5532 ἒν
1545 5477 1855 5548 ἀνθρώποις

272 5568 607 5622 κοινωνικὸν
648 5568 988 5635 ἱξαλλάττων
1029 5569 1195 5631 οὕτω,
1243 5570 1340 5621 καὶ
1386 5566 1735 5635 άλλοφωνῶν,
1778 5565 1853 5629 ὡς

272 5660 483 5725 είπεῒν,
535 5661 628 5712 καὶ
671 5644 1025 5731 άιῗτιφράζων
1068 5659 1353 5714 ἀλλόκοτα.
1397 5660 1623 5730 Μήποτε
1664 5660 1720 5715 δὲ
1765 5658 1853 5716 ἐπ’

580 5754 842 5813 Γειιῡι..
874 5755 994 5811 Gtt.
1016 5750 1353 5813 CXXXVI.

1961 4385 2230 4459 judicavit
2264 4385 2340 4439 ita
2374 4399 2484 4440 rem
2523 4401 2657 4441 ausu
2700 4384 3037 4457 possibilem,
3074 4380 3170 4435 sed
3207 4390 3360 4435 extra
3404 4393 3535 4432 sen-

1964 4494 2083 4535 sum
2113 4478 2371 4550 loquitur.
2429 4478 2726 4534 Possumus
2770 4479 2918 4532 enim
2970 4474 3051 4531 sic
3114 4473 3294 4526 facere
3356 4468 3538 4525 nomi-

1963 4586 2202 4643 nareqne
2236 4571 2513 4626 inimicum
2569 4570 2712 4624 aliud
2754 4569 2883 4641 quid
2920 4569 3317 4630 honestum;et
3356 4563 3532 4631 ipsum

1960 4661 2178 4731 quidem
2235 4661 2287 4716 in
2337 4660 2561 4716 beneﬁci
2635 4659 2809 4715 locum
2847 4659 3179 4729 provehere,
3254 4654 3535 4723 plagarum

1964 4761 2144 4806 autem
2179 4759 2446 4806 tumorem
2482 4760 2537 4805 et
2595 4752 2845 4807 ruborem
2888 4752 2942 4805 in
2997 4749 3342 4803 nutritoriam
3406 4747 3533 4815 pin-

1962 4842 2270 4912 guedinem,
2303 4844 2482 4898 amico
2532 4856 2699 4899 succo
2751 4842 3155 4903 rubesccntem,
3194 4838 3531 4902 inscribere;

1960 4937 2146 5005 alapas
2204 4934 2260 4988 in
2300 4934 2509 5001 oscula,
2563 4933 2927 5004 blasphemia:
2979 4933 3034 4985 in
3090 4929 3525 4992 benedictiones,

1959 5034 2305 5098 sputantenta
2341 5027 2395 5081 in
2446 5035 2847 5096 unguentorum
2902 5024 3165 5087 fusioues,
3205 5020 3528 5092 capillorum

1923 5119 2193 5175 -circinos
2224 5118 2275 5172 in
2329 5126 2630 5187 comptum,
2681 5130 2789 5187 quo
2846 5116 3071 5185 pulchre
3102 5129 3272 5171 comat
3333 5111 3523 5165 iluuut:

1962 5209 2255 5266 Possibiles
2322 5210 2537 5279 quidem
2591 5216 2717 5263 sunt
2771 5206 3079 5276 huiusmodi
3136 5200 3525 5271 metonymia:

1960 5299 2070 5356 non
2101 5312 2279 5355 autem
2311 5301 2449 5364 scio,
2474 5314 2540 5354 an
2572 5300 2662 5367 qui
2687 5299 2767 5353 sic
2804 5296 3233 5353 antonomastice
3262 5287 3522 5357 loquitur,

1957 5391 2308 5446 scurrilitatis
2359 5404 2620 5445 vocamen
2647 5388 2889 5459 eil'ugiet,
2922 5402 3019 5442 nec
3064 5382 3334 5453 joculator
3370 5377 3521 5429 dice-

1960 5492 2070 5547 tur,
2105 5490 2194 5535 ant
2226 5497 2327 5533 non
2361 5480 2412 5533 in
2447 5477 2869 5549 cogitationibus
2896 5489 2956 5529 se
2998 5473 3263 5528 seducens
3301 5462 3525 5520 habebi-

1958 5582 2064 5637 tur,
2098 5571 2200 5636 sie,
2236 5573 2378 5640 quod
2412 5584 2701 5625 commune
2739 5576 2820 5622 est
2855 5568 2907 5619 in
2950 5560 3283 5621 hominibus,
3317 5558 3520 5610 immu-

1958 5671 2078 5716 tans
2138 5670 2563 5729 extraneamque
2596 5657 2709 5712 fere
2738 5657 2979 5726 linguam
3038 5650 3288 5719 loquens,
3331 5654 3384 5701 et
3423 5658 3520 5715 per
