  <div class='ocr_page' id='page_1' title='image "/cluster/home/n/w/nwhite01/storage/ocr_20150623/136/hvd.32044054100201/253.png"; bbox 0 0 4034 6206; ppageno 0'>
   <div class='ocr_carea' id='block_1_1' title="bbox 347 253 3608 336">
    <p class='ocr_par' dir='ltr' id='par_1_1' title="bbox 347 253 3608 336">
     <span class='ocr_line' id='line_1_1' title="bbox 347 253 3608 336; baseline 0.006 -22"><span class='ocrx_word' id='word_1_1' title='bbox 347 253 464 315; x_wconf 65' lang='lat'><strong>191</strong></span> <span class='ocrx_word' id='word_1_2' title='bbox 1067 261 1490 326; x_wconf 75' lang='lat' dir='ltr'><strong>‘EUSTATHII</strong></span> <span class='ocrx_word' id='word_1_3' title='bbox 1527 258 2297 330; x_wconf 69' lang='lat' dir='ltr'><strong>THESSAIDNICENSIS</strong></span> <span class='ocrx_word' id='word_1_4' title='bbox 2339 269 2908 331; x_wconf 64' lang='lat' dir='ltr'><strong>METROPOLITzE</strong></span> <span class='ocrx_word' id='word_1_5' title='bbox 3501 272 3608 336; x_wconf 73' lang='grc'><strong>492</strong></span> 
     </span>
    </p>
   </div>
   <div class='ocr_carea' id='block_1_2' title="bbox 241 364 1942 456">
    <p class='ocr_par' dir='ltr' id='par_1_2' title="bbox 241 364 1922 456">
     <span class='ocr_line' id='line_1_2' title="bbox 241 364 1922 456; baseline 0.007 -38"><span class='ocrx_word' id='word_1_6' title='bbox 241 389 274 398; x_wconf 82' lang='lat'><strong>-</strong></span> <span class='ocrx_word' id='word_1_7' title='bbox 354 364 719 456; x_wconf 40' lang='lat' dir='ltr'><strong>&#39;antipbrasim</strong></span> <span class='ocrx_word' id='word_1_8' title='bbox 775 369 1009 424; x_wconf 82' lang='lat' dir='ltr'><strong>absurda</strong></span> <span class='ocrx_word' id='word_1_9' title='bbox 1057 370 1268 427; x_wconf 86' lang='lat' dir='ltr'><strong>dicens.</strong></span> <span class='ocrx_word' id='word_1_10' title='bbox 1305 372 1418 429; x_wconf 81' lang='lat' dir='ltr'><strong>Nisi</strong></span> <span class='ocrx_word' id='word_1_11' title='bbox 1454 388 1587 430; x_wconf 84' lang='lat' dir='ltr'><strong>veru</strong></span> <span class='ocrx_word' id='word_1_12' title='bbox 1641 376 1783 432; x_wconf 80' lang='lat' dir='ltr'><strong>forte</strong></span> <span class='ocrx_word' id='word_1_13' title='bbox 1835 376 1922 431; x_wconf 86' lang='lat' dir='ltr'><strong>hic</strong></span> 
     </span>
    </p>
   </div>
   <div class='ocr_carea' id='block_1_3' title="bbox 2041 364 3608 456">
    <p class='ocr_par' dir='ltr' id='par_1_3' title="bbox 2041 379 3608 456">
     <span class='ocr_line' id='line_1_3' title="bbox 2041 379 3608 456; baseline 0.001 -21"><span class='ocrx_word' id='word_1_14' title='bbox 2041 383 2194 436; x_wconf 68' lang='grc' dir='ltr'>ιῦτοῦ</span> <span class='ocrx_word' id='word_1_15' title='bbox 2240 384 2747 456; x_wconf 81' lang='grc' dir='ltr'>καταπαιχθήσεται</span> <span class='ocrx_word' id='word_1_16' title='bbox 2805 383 2904 435; x_wconf 71' lang='grc' dir='ltr'><strong>τό⁸</strong></span> <span class='ocrx_word' id='word_1_17' title='bbox 2959 383 3023 435; x_wconf 83' lang='grc' dir='ltr'><strong>Ἥ</strong></span> <span class='ocrx_word' id='word_1_18' title='bbox 3065 383 3278 451; x_wconf 72' lang='grc' dir='ltr'>γλῶττα</span> <span class='ocrx_word' id='word_1_19' title='bbox 3335 379 3511 449; x_wconf 82' lang='grc' dir='ltr'>εἶπεν,</span> <span class='ocrx_word' id='word_1_20' title='bbox 3573 389 3608 456; x_wconf 77' lang='grc' dir='ltr'>ἡ</span> 
     </span>
    </p>
   </div>
   <div class='ocr_carea' id='block_1_4' title="bbox 363 455 1930 531">
    <p class='ocr_par' dir='ltr' id='par_1_4' title="bbox 363 455 1930 531">
     <span class='ocr_line' id='line_1_4' title="bbox 363 455 1930 531; baseline 0.008 -25"><span class='ocrx_word' id='word_1_21' title='bbox 363 455 574 510; x_wconf 79' lang='lat' dir='ltr'><strong>ludatur</strong></span> <span class='ocrx_word' id='word_1_22' title='bbox 607 458 795 513; x_wconf 85' lang='lat' dir='ltr'><strong>istud:</strong></span> <span class='ocrx_word' id='word_1_23' title='bbox 843 459 1046 531; x_wconf 76' lang='lat' dir='ltr'><strong>Lingua</strong></span> <span class='ocrx_word' id='word_1_24' title='bbox 1087 459 1243 527; x_wconf 77' lang='lat' dir='ltr'><strong>dixit,</strong></span> <span class='ocrx_word' id='word_1_25' title='bbox 1315 477 1468 520; x_wconf 89' lang='lat' dir='ltr'><strong>mens</strong></span> <span class='ocrx_word' id='word_1_26' title='bbox 1505 480 1636 522; x_wconf 87' lang='lat' dir='ltr'><strong>vero</strong></span> <span class='ocrx_word' id='word_1_27' title='bbox 1667 480 1774 522; x_wconf 84' lang='lat' dir='ltr'><strong>non</strong></span> <span class='ocrx_word' id='word_1_28' title='bbox 1807 475 1930 520; x_wconf 83' lang='lat' dir='ltr'><strong>erat</strong></span> 
     </span>
    </p>
   </div>
   <div class='ocr_carea' id='block_1_5' title="bbox 357 552 1930 626">
    <p class='ocr_par' dir='ltr' id='par_1_5' title="bbox 357 552 1930 626">
     <span class='ocr_line' id='line_1_5' title="bbox 357 552 1930 626; baseline 0.008 -26"><span class='ocrx_word' id='word_1_29' title='bbox 357 560 590 604; x_wconf 88' lang='lat' dir='ltr'><strong>consors</strong></span> <span class='ocrx_word' id='word_1_30' title='bbox 619 563 724 604; x_wconf 87' lang='lat' dir='ltr'><strong>nec</strong></span> <span class='ocrx_word' id='word_1_31' title='bbox 794 552 1108 610; x_wconf 79' lang='lat' dir='ltr'><strong>concinens.</strong></span> <span class='ocrx_word' id='word_1_32' title='bbox 1171 552 1375 610; x_wconf 82' lang='lat' dir='ltr'><strong>Forsan</strong></span> <span class='ocrx_word' id='word_1_33' title='bbox 1405 564 1584 610; x_wconf 86' lang='lat' dir='ltr'><strong>autem</strong></span> <span class='ocrx_word' id='word_1_34' title='bbox 1612 556 1726 626; x_wconf 89' lang='lat' dir='ltr'><strong>ipse</strong></span> <span class='ocrx_word' id='word_1_35' title='bbox 1751 566 1930 612; x_wconf 84' lang='lat' dir='ltr'><strong>sumet</strong></span> 
     </span>
    </p>
   </div>
   <div class='ocr_carea' id='block_1_6' title="bbox 359 639 1931 710">
    <p class='ocr_par' dir='ltr' id='par_1_6' title="bbox 359 639 1931 710">
     <span class='ocr_line' id='line_1_6' title="bbox 359 639 1931 710; baseline 0.006 -18"><span class='ocrx_word' id='word_1_36' title='bbox 359 639 603 694; x_wconf 82' lang='lat' dir='ltr'><strong>ordinem</strong></span> <span class='ocrx_word' id='word_1_37' title='bbox 658 653 780 694; x_wconf 85' lang='lat' dir='ltr'><strong>cum</strong></span> <span class='ocrx_word' id='word_1_38' title='bbox 837 640 907 694; x_wconf 79' lang='lat' dir='ltr'><strong>ita</strong></span> <span class='ocrx_word' id='word_1_39' title='bbox 943 641 1163 698; x_wconf 85' lang='lat' dir='ltr'><strong>iudcnte</strong></span> <span class='ocrx_word' id='word_1_40' title='bbox 1215 659 1232 698; x_wconf 89' lang='lat'><strong>:</strong></span> <span class='ocrx_word' id='word_1_41' title='bbox 1286 643 1422 710; x_wconf 82' lang='lat' dir='ltr'><strong>Quis</strong></span> <span class='ocrx_word' id='word_1_42' title='bbox 1476 646 1582 701; x_wconf 92' lang='lat' dir='ltr'><strong>scit</strong></span> <span class='ocrx_word' id='word_1_43' title='bbox 1637 662 1705 701; x_wconf 91' lang='lat' dir='ltr'><strong>an</strong></span> <span class='ocrx_word' id='word_1_44' title='bbox 1747 647 1931 702; x_wconf 79' lang='lat' dir='ltr'><strong>vivere</strong></span> 
     </span>
    </p>
   </div>
   <div class='ocr_carea' id='block_1_7' title="bbox 349 731 1927 793">
    <p class='ocr_par' dir='ltr' id='par_1_7' title="bbox 349 731 1927 793">
     <span class='ocr_line' id='line_1_7' title="bbox 349 731 1927 793; baseline 0.004 -9"><span class='ocrx_word' id='word_1_45' title='bbox 349 733 428 784; x_wconf 82' lang='lat' dir='ltr'><strong>sit</strong></span> <span class='ocrx_word' id='word_1_46' title='bbox 457 731 596 785; x_wconf 84' lang='lat' dir='ltr'><strong>idem</strong></span> <span class='ocrx_word' id='word_1_47' title='bbox 628 744 693 785; x_wconf 91' lang='lat' dir='ltr'><strong>ac</strong></span> <span class='ocrx_word' id='word_1_48' title='bbox 731 731 907 785; x_wconf 80' lang='lat' dir='ltr'><strong>mori?</strong></span> <span class='ocrx_word' id='word_1_49' title='bbox 953 739 1010 786; x_wconf 91' lang='lat' dir='ltr'><strong>et</strong></span> <span class='ocrx_word' id='word_1_50' title='bbox 1052 742 1280 788; x_wconf 66' lang='lat' dir='ltr'><strong>uetera.</strong></span> <span class='ocrx_word' id='word_1_51' title='bbox 1338 734 1529 792; x_wconf 83' lang='lat' dir='ltr'><strong>Nonne</strong></span> <span class='ocrx_word' id='word_1_52' title='bbox 1579 738 1722 793; x_wconf 85' lang='lat' dir='ltr'><strong>enim</strong></span> <span class='ocrx_word' id='word_1_53' title='bbox 1786 737 1927 793; x_wconf 90' lang='lat' dir='ltr'><strong>idem</strong></span> 
     </span>
    </p>
   </div>
   <div class='ocr_carea' id='block_1_8' title="bbox 359 821 1930 898">
    <p class='ocr_par' dir='ltr' id='par_1_8' title="bbox 359 821 1930 898">
     <span class='ocr_line' id='line_1_8' title="bbox 359 821 1930 898; baseline 0.006 -25"><span class='ocrx_word' id='word_1_54' title='bbox 359 821 511 874; x_wconf 82' lang='lat' dir='ltr'><strong>lusus</strong></span> <span class='ocrx_word' id='word_1_55' title='bbox 545 830 628 874; x_wconf 82' lang='lat' dir='ltr'><strong>est</strong></span> <span class='ocrx_word' id='word_1_56' title='bbox 674 821 858 876; x_wconf 84' lang='lat' dir='ltr'><strong>dicere</strong></span> <span class='ocrx_word' id='word_1_57' title='bbox 886 839 900 878; x_wconf 89' lang='lat'>:</span> <span class='ocrx_word' id='word_1_58' title='bbox 930 821 1065 889; x_wconf 84' lang='lat' dir='ltr'><strong>Quis</strong></span> <span class='ocrx_word' id='word_1_59' title='bbox 1112 826 1216 880; x_wconf 88' lang='lat' dir='ltr'><strong>scit</strong></span> <span class='ocrx_word' id='word_1_60' title='bbox 1243 841 1311 882; x_wconf 85' lang='lat' dir='ltr'><strong>an</strong></span> <span class='ocrx_word' id='word_1_61' title='bbox 1369 841 1673 898; x_wconf 88' lang='lat' dir='ltr'><strong>conspuere</strong></span> <span class='ocrx_word' id='word_1_62' title='bbox 1710 827 1784 883; x_wconf 86' lang='lat' dir='ltr'><strong>sit</strong></span> <span class='ocrx_word' id='word_1_63' title='bbox 1812 842 1930 882; x_wconf 84' lang='lat' dir='ltr'><strong>am-</strong></span> 
     </span>
    </p>
   </div>
   <div class='ocr_carea' id='block_1_9' title="bbox 359 911 1924 988">
    <p class='ocr_par' dir='ltr' id='par_1_9' title="bbox 359 911 1924 988">
     <span class='ocr_line' id='line_1_9' title="bbox 359 911 1924 988; baseline 0.005 -24"><span class='ocrx_word' id='word_1_64' title='bbox 359 911 545 981; x_wconf 78' lang='lat' dir='ltr'><strong>plecti,</strong></span> <span class='ocrx_word' id='word_1_65' title='bbox 581 913 846 983; x_wconf 79' lang='lat' dir='ltr'><strong>virgaque</strong></span> <span class='ocrx_word' id='word_1_66' title='bbox 890 913 1060 972; x_wconf 67' lang='lat' dir='ltr'><strong>ferire</strong></span> <span class='ocrx_word' id='word_1_67' title='bbox 1089 915 1266 972; x_wconf 85' lang='lat' dir='ltr'><strong>amice</strong></span> <span class='ocrx_word' id='word_1_68' title='bbox 1311 918 1572 984; x_wconf 82' lang='lat' dir='ltr'><strong>salutare,</strong></span> <span class='ocrx_word' id='word_1_69' title='bbox 1600 928 1656 973; x_wconf 90' lang='lat' dir='ltr'><strong>et</strong></span> <span class='ocrx_word' id='word_1_70' title='bbox 1692 918 1924 988; x_wconf 85' lang='lat' dir='ltr'><strong>reliqua,</strong></span> 
     </span>
    </p>
   </div>
   <div class='ocr_carea' id='block_1_10' title="bbox 357 1002 1930 1080">
    <p class='ocr_par' dir='ltr' id='par_1_10' title="bbox 357 1002 1930 1080">
     <span class='ocr_line' id='line_1_10' title="bbox 357 1002 1930 1080; baseline 0.006 -25"><span class='ocrx_word' id='word_1_71' title='bbox 357 1003 560 1068; x_wconf 84' lang='lat' dir='ltr'><strong>quibus</strong></span> <span class='ocrx_word' id='word_1_72' title='bbox 585 1017 644 1057; x_wconf 87' lang='lat' dir='ltr'><strong>se</strong></span> <span class='ocrx_word' id='word_1_73' title='bbox 667 1002 895 1072; x_wconf 74' lang='lat' dir='ltr'><strong>iactabit</strong></span> <span class='ocrx_word' id='word_1_74' title='bbox 931 1006 1018 1061; x_wconf 88' lang='lat' dir='ltr'><strong>ille</strong></span> <span class='ocrx_word' id='word_1_75' title='bbox 1052 1007 1148 1076; x_wconf 86' lang='lat' dir='ltr'><strong>qui</strong></span> <span class='ocrx_word' id='word_1_76' title='bbox 1193 1007 1460 1065; x_wconf 70' lang='lat' dir='ltr'><strong>maleﬁcia</strong></span> <span class='ocrx_word' id='word_1_77' title='bbox 1507 1010 1746 1080; x_wconf 73' lang='lat' dir='ltr'><strong>reputari</strong></span> <span class='ocrx_word' id='word_1_78' title='bbox 1801 1023 1930 1068; x_wconf 86' lang='lat' dir='ltr'><strong>vera</strong></span> 
     </span>
    </p>
   </div>
   <div class='ocr_carea' id='block_1_11' title="bbox 2030 479 3607 552">
    <p class='ocr_par' dir='ltr' id='par_1_11' title="bbox 2030 479 3607 552">
     <span class='ocr_line' id='line_1_11' title="bbox 2030 479 3607 552; baseline 0.005 -22"><span class='ocrx_word' id='word_1_79' title='bbox 2030 479 2086 531; x_wconf 73' lang='grc' dir='ltr'>δὲ</span> <span class='ocrx_word' id='word_1_80' title='bbox 2118 479 2260 550; x_wconf 81' lang='grc' dir='ltr'>φρὴν</span> <span class='ocrx_word' id='word_1_81' title='bbox 2285 481 2581 544; x_wconf 84' lang='grc' dir='ltr'>ἀσύνθετος</span> <span class='ocrx_word' id='word_1_82' title='bbox 2633 479 2728 534; x_wconf 69' lang='grc' dir='ltr'><strong>καὶ</strong></span> <span class='ocrx_word' id='word_1_83' title='bbox 2777 481 3133 551; x_wconf 84' lang='grc' dir='ltr'>ἀσύντροχος.</span> <span class='ocrx_word' id='word_1_84' title='bbox 3181 481 3359 552; x_wconf 85' lang='grc' dir='ltr'>Τυχδν</span> <span class='ocrx_word' id='word_1_85' title='bbox 3403 483 3462 536; x_wconf 79' lang='grc' dir='ltr'>δὲ</span> <span class='ocrx_word' id='word_1_86' title='bbox 3505 503 3607 538; x_wconf 86' lang='grc' dir='ltr'><strong>τα-</strong></span> 
     </span>
    </p>
   </div>
   <div class='ocr_carea' id='block_1_12' title="bbox 2032 571 3612 642">
    <p class='ocr_par' dir='ltr' id='par_1_12' title="bbox 2032 571 3612 642">
     <span class='ocr_line' id='line_1_12' title="bbox 2032 571 3612 642; baseline 0.003 -19"><span class='ocrx_word' id='word_1_87' title='bbox 2032 571 2291 641; x_wconf 79' lang='grc' dir='ltr'>χθὴσεται</span> <span class='ocrx_word' id='word_1_88' title='bbox 2336 573 2429 624; x_wconf 68' lang='grc' dir='ltr'><strong>καὶ</strong></span> <span class='ocrx_word' id='word_1_89' title='bbox 2474 573 2632 636; x_wconf 74' lang='grc' dir='ltr'>αὐτὸς</span> <span class='ocrx_word' id='word_1_90' title='bbox 2680 573 2820 642; x_wconf 79' lang='grc' dir='ltr'><strong>μετὰ</strong></span> <span class='ocrx_word' id='word_1_91' title='bbox 2861 572 2957 625; x_wconf 82' lang='grc' dir='ltr'>τοῦ</span> <span class='ocrx_word' id='word_1_92' title='bbox 3015 574 3311 639; x_wconf 78' lang='grc' dir='ltr'>παίξαντος</span> <span class='ocrx_word' id='word_1_93' title='bbox 3350 574 3413 628; x_wconf 74' lang='grc' dir='ltr'><strong>τό</strong></span> <span class='ocrx_word' id='word_1_94' title='bbox 3449 591 3464 605; x_wconf 83' lang='lat'><strong><em>°</em></strong></span> <span class='ocrx_word' id='word_1_95' title='bbox 3509 577 3612 640; x_wconf 80' lang='grc' dir='ltr'><strong>τίς</strong></span> 
     </span>
    </p>
   </div>
   <div class='ocr_carea' id='block_1_13' title="bbox 2029 657 3609 731">
    <p class='ocr_par' dir='ltr' id='par_1_13' title="bbox 2029 657 3609 731">
     <span class='ocr_line' id='line_1_13' title="bbox 2029 657 3609 731; baseline 0.004 -19"><span class='ocrx_word' id='word_1_96' title='bbox 2029 657 2194 724; x_wconf 64' lang='grc' dir='ltr'>οἶδεν,</span> <span class='ocrx_word' id='word_1_97' title='bbox 2228 660 2276 712; x_wconf 86' lang='grc' dir='ltr'><strong>εί</strong></span> <span class='ocrx_word' id='word_1_98' title='bbox 2300 659 2360 714; x_wconf 85' lang='grc' dir='ltr'>τὺ</span> <span class='ocrx_word' id='word_1_99' title='bbox 2397 661 2496 731; x_wconf 79' lang='grc' dir='ltr'><strong>ζῇν</strong></span> <span class='ocrx_word' id='word_1_100' title='bbox 2536 661 2634 730; x_wconf 74' lang='grc' dir='ltr'>μὶν</span> <span class='ocrx_word' id='word_1_101' title='bbox 2664 662 2781 715; x_wconf 72' lang='grc' dir='ltr'>ἔστι</span> <span class='ocrx_word' id='word_1_102' title='bbox 2810 661 3133 726; x_wconf 77' lang='grc' dir='ltr'>κατθανεϊνς</span> <span class='ocrx_word' id='word_1_103' title='bbox 3179 663 3274 716; x_wconf 73' lang='grc' dir='ltr'>καὶ</span> <span class='ocrx_word' id='word_1_104' title='bbox 3297 664 3364 717; x_wconf 74' lang='grc' dir='ltr'><strong>τά</strong></span> <span class='ocrx_word' id='word_1_105' title='bbox 3388 663 3609 731; x_wconf 75' lang='grc' dir='ltr'><strong>ἐφεξῆς.</strong></span> 
     </span>
    </p>
   </div>
   <div class='ocr_carea' id='block_1_14' title="bbox 2030 748 3608 823">
    <p class='ocr_par' dir='ltr' id='par_1_14' title="bbox 2030 748 3608 823">
     <span class='ocr_line' id='line_1_14' title="bbox 2030 748 3608 823; baseline 0.001 -17"><span class='ocrx_word' id='word_1_106' title='bbox 2030 748 2107 806; x_wconf 85' lang='grc' dir='ltr'>Ἦ</span> <span class='ocrx_word' id='word_1_107' title='bbox 2135 751 2242 823; x_wconf 83' lang='grc' dir='ltr'><strong>γάρ</strong></span> <span class='ocrx_word' id='word_1_108' title='bbox 2267 752 2327 805; x_wconf 82' lang='grc' dir='ltr'>οὒ</span> <span class='ocrx_word' id='word_1_109' title='bbox 2351 751 2592 806; x_wconf 76' lang='grc' dir='ltr'>τοιοῦτον</span> <span class='ocrx_word' id='word_1_110' title='bbox 2616 754 2866 821; x_wconf 76' lang='grc' dir='ltr'><strong>παίγνιον</strong></span> <span class='ocrx_word' id='word_1_111' title='bbox 2893 755 2988 808; x_wconf 71' lang='grc' dir='ltr'>καὶ</span> <span class='ocrx_word' id='word_1_112' title='bbox 3012 753 3073 806; x_wconf 85' lang='grc' dir='ltr'>τδ</span> <span class='ocrx_word' id='word_1_113' title='bbox 3098 753 3288 823; x_wconf 82' lang='grc' dir='ltr'>φάναι·</span> <span class='ocrx_word' id='word_1_114' title='bbox 3319 754 3418 816; x_wconf 83' lang='grc' dir='ltr'><strong>Τίς</strong></span> <span class='ocrx_word' id='word_1_115' title='bbox 3442 751 3608 819; x_wconf 70' lang='grc' dir='ltr'>οἶδεν,</span> 
     </span>
    </p>
   </div>
   <div class='ocr_carea' id='block_1_15' title="bbox 2031 841 3612 912">
    <p class='ocr_par' dir='ltr' id='par_1_15' title="bbox 2031 841 3612 912">
     <span class='ocr_line' id='line_1_15' title="bbox 2031 841 3612 912; baseline 0.003 -19"><span class='ocrx_word' id='word_1_116' title='bbox 2031 843 2080 895; x_wconf 87' lang='grc' dir='ltr'><strong>εί</strong></span> <span class='ocrx_word' id='word_1_117' title='bbox 2113 843 2174 896; x_wconf 76' lang='grc' dir='ltr'>τὸ</span> <span class='ocrx_word' id='word_1_118' title='bbox 2207 842 2541 897; x_wconf 77' lang='grc' dir='ltr'><strong>καταπτύειν</strong></span> <span class='ocrx_word' id='word_1_119' title='bbox 2572 841 2916 908; x_wconf 74' lang='grc' dir='ltr'>ἀσπάζεσθαί</span> <span class='ocrx_word' id='word_1_120' title='bbox 2949 847 3067 897; x_wconf 76' lang='grc' dir='ltr'>ἐστι</span> <span class='ocrx_word' id='word_1_121' title='bbox 3089 884 3103 907; x_wconf 90' lang='grc'><strong>,</strong></span> <span class='ocrx_word' id='word_1_122' title='bbox 3137 845 3231 898; x_wconf 63' lang='grc' dir='ltr'>καὶ</span> <span class='ocrx_word' id='word_1_123' title='bbox 3256 844 3316 896; x_wconf 81' lang='grc' dir='ltr'>τὸ</span> <span class='ocrx_word' id='word_1_124' title='bbox 3352 843 3612 912; x_wconf 74' lang='grc' dir='ltr'><strong>ῥαπίζειν</strong></span> 
     </span>
    </p>
   </div>
   <div class='ocr_carea' id='block_1_16' title="bbox 2030 933 3608 1002">
    <p class='ocr_par' dir='ltr' id='par_1_16' title="bbox 2030 933 3608 1002">
     <span class='ocr_line' id='line_1_16' title="bbox 2030 933 3608 1002; baseline -0.001 -15"><span class='ocrx_word' id='word_1_125' title='bbox 2030 933 2300 1000; x_wconf 78' lang='grc' dir='ltr'>δεξίωσις,</span> <span class='ocrx_word' id='word_1_126' title='bbox 2335 935 2429 986; x_wconf 67' lang='grc' dir='ltr'><strong>καὶ</strong></span> <span class='ocrx_word' id='word_1_127' title='bbox 2464 939 2610 995; x_wconf 80' lang='grc' dir='ltr'><strong>ὅσοις</strong></span> <span class='ocrx_word' id='word_1_128' title='bbox 2637 935 2900 998; x_wconf 82' lang='grc' dir='ltr'>τοιούτοις</span> <span class='ocrx_word' id='word_1_129' title='bbox 2934 935 3316 1002; x_wconf 78' lang='grc' dir='ltr'>ὲναγλατσεται</span> <span class='ocrx_word' id='word_1_130' title='bbox 3350 935 3379 985; x_wconf 85' lang='grc' dir='ltr'><strong>δ</strong></span> <span class='ocrx_word' id='word_1_131' title='bbox 3412 934 3608 1001; x_wconf 80' lang='grc' dir='ltr'>ἀξιῶν,</span> 
     </span>
    </p>
   </div>
   <div class='ocr_carea' id='block_1_17' title="bbox 2031 1024 3611 1096">
    <p class='ocr_par' dir='ltr' id='par_1_17' title="bbox 2031 1024 3611 1096">
     <span class='ocr_line' id='line_1_17' title="bbox 2031 1024 3611 1096; baseline -0.001 -18"><span class='ocrx_word' id='word_1_132' title='bbox 2031 1026 2128 1088; x_wconf 73' lang='grc' dir='ltr'>τὰς</span> <span class='ocrx_word' id='word_1_133' title='bbox 2169 1024 2494 1088; x_wconf 78' lang='grc' dir='ltr'>κακοποιτας</span> <span class='ocrx_word' id='word_1_134' title='bbox 2535 1027 2616 1089; x_wconf 84' lang='grc' dir='ltr'>είς</span> <span class='ocrx_word' id='word_1_135' title='bbox 2659 1025 2988 1096; x_wconf 80' lang='grc' dir='ltr'><strong>αὐτόχρημα</strong></span> <span class='ocrx_word' id='word_1_136' title='bbox 3029 1027 3355 1095; x_wconf 74' lang='grc' dir='ltr'><strong>εὐεργεσίας</strong></span> <span class='ocrx_word' id='word_1_137' title='bbox 3391 1024 3611 1092; x_wconf 76' lang='grc' dir='ltr'>λογίζε-</span> 
     </span>
    </p>
   </div>
   <div class='ocr_carea' id='block_1_18' title="bbox 361 1093 905 1164">
    <p class='ocr_par' dir='ltr' id='par_1_18' title="bbox 361 1093 905 1164">
     <span class='ocr_line' id='line_1_18' title="bbox 361 1093 905 1164; baseline 0.007 -18"><span class='ocrx_word' id='word_1_138' title='bbox 361 1093 620 1148; x_wconf 84' lang='lat' dir='ltr'><strong>beneiicia</strong></span> <span class='ocrx_word' id='word_1_139' title='bbox 651 1095 854 1164; x_wconf 86' lang='lat' dir='ltr'><strong>judicat</strong></span> <span class='ocrx_word' id='word_1_140' title='bbox 879 1097 905 1150; x_wconf 68' lang='grc' dir='ltr'>ἲ</span> 
     </span>
    </p>
   </div>
   <div class='ocr_carea' id='block_1_19' title="bbox 436 1184 1934 1262">
    <p class='ocr_par' dir='ltr' id='par_1_19' title="bbox 436 1184 1934 1262">
     <span class='ocr_line' id='line_1_19' title="bbox 436 1184 1934 1262; baseline 0.008 -26"><span class='ocrx_word' id='word_1_141' title='bbox 436 1184 562 1240; x_wconf 70' lang='grc'><strong>102.</strong></span> <span class='ocrx_word' id='word_1_142' title='bbox 592 1185 707 1238; x_wconf 85' lang='grc' dir='ltr'>Νοιι</span> <span class='ocrx_word' id='word_1_143' title='bbox 741 1187 911 1255; x_wconf 80' lang='lat' dir='ltr'><strong>igitur</strong></span> <span class='ocrx_word' id='word_1_144' title='bbox 946 1201 1014 1256; x_wconf 87' lang='lat' dir='ltr'><strong>po</strong></span> <span class='ocrx_word' id='word_1_145' title='bbox 1048 1201 1186 1254; x_wconf 87' lang='lat' dir='ltr'><strong>sem,</strong></span> <span class='ocrx_word' id='word_1_146' title='bbox 1221 1191 1681 1258; x_wconf 77' lang='lat' dir='ltr'><strong>quemadmodum</strong></span> <span class='ocrx_word' id='word_1_147' title='bbox 1707 1207 1806 1262; x_wconf 89' lang='lat' dir='ltr'><strong>per</strong></span> <span class='ocrx_word' id='word_1_148' title='bbox 1837 1207 1934 1248; x_wconf 86' lang='lat' dir='ltr'><strong>an-</strong></span> 
     </span>
    </p>
   </div>
   <div class='ocr_carea' id='block_1_20' title="bbox 364 1276 1932 1354">
    <p class='ocr_par' dir='ltr' id='par_1_20' title="bbox 364 1276 1932 1354">
     <span class='ocr_line' id='line_1_20' title="bbox 364 1276 1932 1354; baseline 0.009 -28"><span class='ocrx_word' id='word_1_149' title='bbox 364 1276 724 1329; x_wconf 87' lang='lat' dir='ltr'><strong>tonomasiam</strong></span> <span class='ocrx_word' id='word_1_150' title='bbox 780 1291 998 1344; x_wconf 82' lang='lat' dir='ltr'><strong>meare,</strong></span> <span class='ocrx_word' id='word_1_151' title='bbox 1033 1280 1116 1334; x_wconf 91' lang='lat' dir='ltr'><strong>sic</strong></span> <span class='ocrx_word' id='word_1_152' title='bbox 1174 1294 1278 1335; x_wconf 88' lang='lat' dir='ltr'><strong>nec</strong></span> <span class='ocrx_word' id='word_1_153' title='bbox 1330 1281 1385 1336; x_wconf 91' lang='lat' dir='ltr'><strong>in</strong></span> <span class='ocrx_word' id='word_1_154' title='bbox 1444 1282 1678 1353; x_wconf 89' lang='lat' dir='ltr'><strong>idipsum</strong></span> <span class='ocrx_word' id='word_1_155' title='bbox 1730 1299 1932 1354; x_wconf 91' lang='lat' dir='ltr'><strong>ponere</strong></span> 
     </span>
    </p>
   </div>
   <div class='ocr_carea' id='block_1_21' title="bbox 359 1365 1932 1436">
    <p class='ocr_par' dir='ltr' id='par_1_21' title="bbox 359 1365 1932 1436">
     <span class='ocr_line' id='line_1_21' title="bbox 359 1365 1932 1436; baseline 0.006 -18"><span class='ocrx_word' id='word_1_156' title='bbox 359 1365 684 1435; x_wconf 75' lang='lat' dir='ltr'><strong>magistrum</strong></span> <span class='ocrx_word' id='word_1_157' title='bbox 717 1381 838 1421; x_wconf 90' lang='lat' dir='ltr'><strong>cum</strong></span> <span class='ocrx_word' id='word_1_158' title='bbox 881 1369 975 1436; x_wconf 92' lang='lat' dir='ltr'><strong>qui</strong></span> <span class='ocrx_word' id='word_1_159' title='bbox 1005 1383 1090 1423; x_wconf 90' lang='lat' dir='ltr'><strong>me</strong></span> <span class='ocrx_word' id='word_1_160' title='bbox 1135 1369 1288 1424; x_wconf 71' lang='lat' dir='ltr'><strong>male.</strong></span> <span class='ocrx_word' id='word_1_161' title='bbox 1305 1380 1526 1429; x_wconf 85' lang='lat' dir='ltr'><strong>tractat.</strong></span> <span class='ocrx_word' id='word_1_162' title='bbox 1580 1371 1735 1427; x_wconf 86' lang='lat' dir='ltr'><strong>Nulla</strong></span> <span class='ocrx_word' id='word_1_163' title='bbox 1788 1375 1932 1429; x_wconf 88' lang='lat' dir='ltr'><strong>enim</strong></span> 
     </span>
    </p>
   </div>
   <div class='ocr_carea' id='block_1_22' title="bbox 369 1453 1934 1529">
    <p class='ocr_par' dir='ltr' id='par_1_22' title="bbox 369 1453 1934 1529">
     <span class='ocr_line' id='line_1_22' title="bbox 369 1453 1934 1529; baseline 0.008 -25"><span class='ocrx_word' id='word_1_164' title='bbox 369 1453 702 1519; x_wconf 81' lang='lat' dir='ltr'><strong>magistralis</strong></span> <span class='ocrx_word' id='word_1_165' title='bbox 733 1457 953 1509; x_wconf 82' lang='lat' dir='ltr'><strong>vexatio</strong></span> <span class='ocrx_word' id='word_1_166' title='bbox 983 1456 1192 1510; x_wconf 87' lang='lat' dir='ltr'><strong>malitia</strong></span> <span class='ocrx_word' id='word_1_167' title='bbox 1237 1467 1555 1527; x_wconf 88' lang='lat' dir='ltr'><strong>reputatur:</strong></span> <span class='ocrx_word' id='word_1_168' title='bbox 1585 1463 1728 1529; x_wconf 89' lang='lat' dir='ltr'><strong>quod</strong></span> <span class='ocrx_word' id='word_1_169' title='bbox 1751 1470 1934 1517; x_wconf 89' lang='lat' dir='ltr'><strong>autem</strong></span> 
     </span>
    </p>
   </div>
   <div class='ocr_carea' id='block_1_23' title="bbox 364 1545 1934 1618">
    <p class='ocr_par' dir='ltr' id='par_1_23' title="bbox 364 1545 1934 1618">
     <span class='ocr_line' id='line_1_23' title="bbox 364 1545 1934 1618; baseline 0.006 -20"><span class='ocrx_word' id='word_1_170' title='bbox 364 1557 460 1612; x_wconf 86' lang='lat' dir='ltr'><strong>per</strong></span> <span class='ocrx_word' id='word_1_171' title='bbox 529 1545 852 1599; x_wconf 74' lang='lat' dir='ltr'><strong>malelicium</strong></span> <span class='ocrx_word' id='word_1_172' title='bbox 917 1547 996 1613; x_wconf 81' lang='lat' dir='ltr'><strong>lit,</strong></span> <span class='ocrx_word' id='word_1_173' title='bbox 1054 1547 1273 1602; x_wconf 63' lang='lat' dir='ltr'><strong>malitia:</strong></span> <span class='ocrx_word' id='word_1_174' title='bbox 1319 1553 1538 1606; x_wconf 81' lang='lat' dir='ltr'><strong>nomine</strong></span> <span class='ocrx_word' id='word_1_175' title='bbox 1590 1561 1824 1618; x_wconf 76' lang='lat' dir='ltr'><strong>taxatur,</strong></span> <span class='ocrx_word' id='word_1_176' title='bbox 1880 1563 1934 1609; x_wconf 87' lang='lat' dir='ltr'><strong>et</strong></span> 
     </span>
    </p>
   </div>
   <div class='ocr_carea' id='block_1_24' title="bbox 364 1633 1932 1709">
    <p class='ocr_par' dir='ltr' id='par_1_24' title="bbox 364 1633 1932 1709">
     <span class='ocr_line' id='line_1_24' title="bbox 364 1633 1932 1709; baseline 0.007 -22"><span class='ocrx_word' id='word_1_177' title='bbox 364 1633 473 1688; x_wconf 89' lang='lat' dir='ltr'><strong>Deo</strong></span> <span class='ocrx_word' id='word_1_178' title='bbox 519 1649 628 1689; x_wconf 91' lang='lat' dir='ltr'><strong>non</strong></span> <span class='ocrx_word' id='word_1_179' title='bbox 677 1636 873 1705; x_wconf 81' lang='lat' dir='ltr'><strong>placet.</strong></span> <span class='ocrx_word' id='word_1_180' title='bbox 935 1637 1082 1692; x_wconf 86' lang='lat' dir='ltr'><strong>Bona</strong></span> <span class='ocrx_word' id='word_1_181' title='bbox 1135 1640 1352 1709; x_wconf 82' lang='lat' dir='ltr'><strong>quidem</strong></span> <span class='ocrx_word' id='word_1_182' title='bbox 1401 1651 1532 1698; x_wconf 88' lang='lat' dir='ltr'><strong>sunt</strong></span> <span class='ocrx_word' id='word_1_183' title='bbox 1556 1643 1740 1698; x_wconf 89' lang='lat' dir='ltr'><strong>omnia</strong></span> <span class='ocrx_word' id='word_1_184' title='bbox 1772 1643 1932 1698; x_wconf 85' lang='lat' dir='ltr'><strong>disci-</strong></span> 
     </span>
    </p>
   </div>
   <div class='ocr_carea' id='block_1_25' title="bbox 362 1724 1931 1799">
    <p class='ocr_par' dir='ltr' id='par_1_25' title="bbox 362 1724 1931 1799">
     <span class='ocr_line' id='line_1_25' title="bbox 362 1724 1931 1799; baseline 0.005 -19"><span class='ocrx_word' id='word_1_185' title='bbox 362 1724 632 1795; x_wconf 82' lang='lat' dir='ltr'><strong>plinarum</strong></span> <span class='ocrx_word' id='word_1_186' title='bbox 681 1728 898 1793; x_wconf 87' lang='lat' dir='ltr'><strong>acerba,</strong></span> <span class='ocrx_word' id='word_1_187' title='bbox 930 1727 1148 1798; x_wconf 83' lang='lat' dir='ltr'><strong>injuria,</strong></span> <span class='ocrx_word' id='word_1_188' title='bbox 1192 1731 1494 1786; x_wconf 77' lang='lat' dir='ltr'><strong>vexationis</strong></span> <span class='ocrx_word' id='word_1_189' title='bbox 1534 1732 1716 1799; x_wconf 67' lang='lat' dir='ltr'><strong>minae,</strong></span> <span class='ocrx_word' id='word_1_190' title='bbox 1755 1733 1931 1788; x_wconf 82' lang='lat' dir='ltr'><strong>mina-</strong></span> 
     </span>
    </p>
   </div>
   <div class='ocr_carea' id='block_1_26' title="bbox 371 1819 1936 1896">
    <p class='ocr_par' dir='ltr' id='par_1_26' title="bbox 371 1819 1936 1896">
     <span class='ocr_line' id='line_1_26' title="bbox 371 1819 1936 1896; baseline 0.007 -27"><span class='ocrx_word' id='word_1_191' title='bbox 371 1831 491 1870; x_wconf 92' lang='lat' dir='ltr'><strong>rum</strong></span> <span class='ocrx_word' id='word_1_192' title='bbox 527 1819 581 1872; x_wconf 91' lang='lat' dir='ltr'><strong>in</strong></span> <span class='ocrx_word' id='word_1_193' title='bbox 625 1833 760 1889; x_wconf 89' lang='lat' dir='ltr'><strong>opus</strong></span> <span class='ocrx_word' id='word_1_194' title='bbox 795 1823 1099 1887; x_wconf 82' lang='lat' dir='ltr'><strong>productio,</strong></span> <span class='ocrx_word' id='word_1_195' title='bbox 1146 1831 1423 1879; x_wconf 80' lang='lat' dir='ltr'><strong>terrorum</strong></span> <span class='ocrx_word' id='word_1_196' title='bbox 1448 1825 1726 1882; x_wconf 88' lang='lat' dir='ltr'><strong>oculorum</strong></span> <span class='ocrx_word' id='word_1_197' title='bbox 1753 1824 1936 1896; x_wconf 83' lang='lat' dir='ltr'><strong>conje-</strong></span> 
     </span>
    </p>
   </div>
   <div class='ocr_carea' id='block_1_27' title="bbox 354 1907 1936 1983">
    <p class='ocr_par' dir='ltr' id='par_1_27' title="bbox 354 1907 1936 1983">
     <span class='ocr_line' id='line_1_27' title="bbox 354 1907 1936 1983; baseline 0.006 -21"><span class='ocrx_word' id='word_1_198' title='bbox 354 1916 508 1971; x_wconf 56' lang='grc' dir='ltr'>τισι,</span> <span class='ocrx_word' id='word_1_199' title='bbox 537 1917 596 1962; x_wconf 89' lang='lat' dir='ltr'><strong>et</strong></span> <span class='ocrx_word' id='word_1_200' title='bbox 623 1907 852 1978; x_wconf 88' lang='lat' dir='ltr'><strong>reliqua.</strong></span> <span class='ocrx_word' id='word_1_201' title='bbox 885 1911 1005 1965; x_wconf 87' lang='lat' dir='ltr'><strong>Non</strong></span> <span class='ocrx_word' id='word_1_202' title='bbox 1037 1912 1183 1967; x_wconf 87' lang='lat' dir='ltr'><strong>enim</strong></span> <span class='ocrx_word' id='word_1_203' title='bbox 1209 1915 1275 1968; x_wconf 90' lang='lat' dir='ltr'><strong>ad</strong></span> <span class='ocrx_word' id='word_1_204' title='bbox 1307 1914 1593 1983; x_wconf 80' lang='lat' dir='ltr'><strong>malitiam,</strong></span> <span class='ocrx_word' id='word_1_205' title='bbox 1621 1918 1712 1972; x_wconf 89' lang='lat' dir='ltr'><strong>sed</strong></span> <span class='ocrx_word' id='word_1_206' title='bbox 1735 1920 1801 1973; x_wconf 84' lang='lat' dir='ltr'><strong>ad</strong></span> <span class='ocrx_word' id='word_1_207' title='bbox 1827 1918 1936 1972; x_wconf 84' lang='lat' dir='ltr'><strong>vir-</strong></span> 
     </span>
    </p>
   </div>
   <div class='ocr_carea' id='block_1_28' title="bbox 369 1995 1937 2062">
    <p class='ocr_par' dir='ltr' id='par_1_28' title="bbox 369 1995 1937 2062">
     <span class='ocr_line' id='line_1_28' title="bbox 369 1995 1937 2062; baseline 0.01 -15"><span class='ocrx_word' id='word_1_208' title='bbox 369 1995 499 2049; x_wconf 84' lang='lat' dir='ltr'><strong>tutis</strong></span> <span class='ocrx_word' id='word_1_209' title='bbox 557 1995 996 2054; x_wconf 80' lang='lat' dir='ltr'><strong>informationem</strong></span> <span class='ocrx_word' id='word_1_210' title='bbox 1053 2000 1346 2058; x_wconf 83' lang='lat' dir='ltr'><strong>adiuventa</strong></span> <span class='ocrx_word' id='word_1_211' title='bbox 1389 2013 1558 2059; x_wconf 84' lang='lat' dir='ltr'><strong>sunt.</strong></span> <span class='ocrx_word' id='word_1_212' title='bbox 1617 2006 1742 2061; x_wconf 88' lang='lat' dir='ltr'><strong>ideo</strong></span> <span class='ocrx_word' id='word_1_213' title='bbox 1803 2021 1937 2062; x_wconf 86' lang='lat' dir='ltr'><strong>con-</strong></span> 
     </span>
    </p>
   </div>
   <div class='ocr_carea' id='block_1_29' title="bbox 368 2086 1934 2166">
    <p class='ocr_par' dir='ltr' id='par_1_29' title="bbox 368 2086 1934 2166">
     <span class='ocr_line' id='line_1_29' title="bbox 368 2086 1934 2166; baseline 0.01 -27"><span class='ocrx_word' id='word_1_214' title='bbox 368 2086 642 2142; x_wconf 80' lang='lat' dir='ltr'><strong>currimus</strong></span> <span class='ocrx_word' id='word_1_215' title='bbox 695 2089 760 2142; x_wconf 86' lang='lat' dir='ltr'><strong>ad</strong></span> <span class='ocrx_word' id='word_1_216' title='bbox 815 2088 890 2143; x_wconf 87' lang='lat' dir='ltr'><strong>ita</strong></span> <span class='ocrx_word' id='word_1_217' title='bbox 928 2091 1208 2158; x_wconf 88' lang='lat' dir='ltr'><strong>docentes,</strong></span> <span class='ocrx_word' id='word_1_218' title='bbox 1237 2102 1292 2148; x_wconf 88' lang='lat' dir='ltr'><strong>et</strong></span> <span class='ocrx_word' id='word_1_219' title='bbox 1328 2096 1582 2152; x_wconf 85' lang='lat' dir='ltr'><strong>mercede</strong></span> <span class='ocrx_word' id='word_1_220' title='bbox 1627 2097 1934 2166; x_wconf 80' lang='lat' dir='ltr'><strong>punitiones</strong></span> 
     </span>
    </p>
   </div>
   <div class='ocr_carea' id='block_1_30' title="bbox 369 2177 1937 2257">
    <p class='ocr_par' dir='ltr' id='par_1_30' title="bbox 369 2177 1937 2257">
     <span class='ocr_line' id='line_1_30' title="bbox 369 2177 1937 2257; baseline 0.008 -27"><span class='ocrx_word' id='word_1_221' title='bbox 369 2177 582 2231; x_wconf 77' lang='lat' dir='ltr'><strong>illorum</strong></span> <span class='ocrx_word' id='word_1_222' title='bbox 619 2190 1040 2249; x_wconf 75' lang='lat' dir='ltr'><strong>committamus,</strong></span> <span class='ocrx_word' id='word_1_223' title='bbox 1064 2194 1117 2239; x_wconf 91' lang='lat' dir='ltr'><strong>et</strong></span> <span class='ocrx_word' id='word_1_224' title='bbox 1144 2185 1376 2241; x_wconf 89' lang='lat' dir='ltr'><strong>libenter</strong></span> <span class='ocrx_word' id='word_1_225' title='bbox 1401 2188 1718 2257; x_wconf 78' lang='lat' dir='ltr'><strong>gravissima</strong></span> <span class='ocrx_word' id='word_1_226' title='bbox 1765 2190 1937 2245; x_wconf 83' lang='lat' dir='ltr'><strong>susti-</strong></span> 
     </span>
    </p>
   </div>
   <div class='ocr_carea' id='block_1_31' title="bbox 369 2269 1934 2346">
    <p class='ocr_par' dir='ltr' id='par_1_31' title="bbox 369 2269 1934 2346">
     <span class='ocr_line' id='line_1_31' title="bbox 369 2269 1934 2346; baseline 0.01 -24"><span class='ocrx_word' id='word_1_227' title='bbox 369 2283 583 2324; x_wconf 85' lang='lat' dir='ltr'><strong>nemus.</strong></span> <span class='ocrx_word' id='word_1_228' title='bbox 631 2269 698 2324; x_wconf 88' lang='lat' dir='ltr'><strong>Et</strong></span> <span class='ocrx_word' id='word_1_229' title='bbox 753 2273 798 2326; x_wconf 94' lang='lat' dir='ltr'><strong>si</strong></span> <span class='ocrx_word' id='word_1_230' title='bbox 849 2287 955 2328; x_wconf 90' lang='lat' dir='ltr'><strong>non</strong></span> <span class='ocrx_word' id='word_1_231' title='bbox 1015 2275 1088 2329; x_wconf 90' lang='lat' dir='ltr'><strong>ita</strong></span> <span class='ocrx_word' id='word_1_232' title='bbox 1145 2277 1255 2346; x_wconf 88' lang='lat' dir='ltr'><strong>pati</strong></span> <span class='ocrx_word' id='word_1_233' title='bbox 1305 2279 1552 2342; x_wconf 80' lang='lat' dir='ltr'><strong>velimus,</strong></span> <span class='ocrx_word' id='word_1_234' title='bbox 1596 2279 1934 2338; x_wconf 80' lang='lat' dir='ltr'><strong>excurrimus</strong></span> 
     </span>
    </p>
   </div>
   <div class='ocr_carea' id='block_1_32' title="bbox 368 2358 1935 2438">
    <p class='ocr_par' dir='ltr' id='par_1_32' title="bbox 368 2358 1935 2438">
     <span class='ocr_line' id='line_1_32' title="bbox 368 2358 1935 2438; baseline 0.011 -30"><span class='ocrx_word' id='word_1_235' title='bbox 368 2358 590 2426; x_wconf 90' lang='lat' dir='ltr'><strong>quidem</strong></span> <span class='ocrx_word' id='word_1_236' title='bbox 621 2361 692 2416; x_wconf 83' lang='lat' dir='ltr'><strong>ab</strong></span> <span class='ocrx_word' id='word_1_237' title='bbox 733 2362 817 2416; x_wconf 86' lang='lat' dir='ltr'><strong>his</strong></span> <span class='ocrx_word' id='word_1_238' title='bbox 857 2364 1154 2434; x_wconf 74' lang='lat' dir='ltr'><strong>magistris,</strong></span> <span class='ocrx_word' id='word_1_239' title='bbox 1185 2367 1278 2436; x_wconf 88' lang='lat' dir='ltr'><strong>qui</strong></span> <span class='ocrx_word' id='word_1_240' title='bbox 1317 2383 1452 2437; x_wconf 89' lang='lat' dir='ltr'><strong>pure</strong></span> <span class='ocrx_word' id='word_1_241' title='bbox 1484 2369 1671 2424; x_wconf 85' lang='lat' dir='ltr'><strong>dulces</strong></span> <span class='ocrx_word' id='word_1_242' title='bbox 1699 2377 1850 2438; x_wconf 85' lang='lat' dir='ltr'><strong>sunt,</strong></span> <span class='ocrx_word' id='word_1_243' title='bbox 1881 2379 1935 2426; x_wconf 89' lang='lat' dir='ltr'><strong>et</strong></span> 
     </span>
    </p>
   </div>
   <div class='ocr_carea' id='block_1_33' title="bbox 373 2457 1941 2536">
    <p class='ocr_par' dir='ltr' id='par_1_33' title="bbox 373 2457 1941 2536">
     <span class='ocr_line' id='line_1_33' title="bbox 373 2457 1941 2536; baseline 0.01 -29"><span class='ocrx_word' id='word_1_244' title='bbox 373 2457 615 2523; x_wconf 87' lang='lat' dir='ltr'><strong>asperari</strong></span> <span class='ocrx_word' id='word_1_245' title='bbox 645 2459 938 2525; x_wconf 89' lang='lat' dir='ltr'><strong>nesciunt;</strong></span> <span class='ocrx_word' id='word_1_246' title='bbox 991 2461 1153 2516; x_wconf 87' lang='lat' dir='ltr'><strong>limus</strong></span> <span class='ocrx_word' id='word_1_247' title='bbox 1201 2472 1380 2519; x_wconf 80' lang='lat' dir='ltr'><strong>autem</strong></span> <span class='ocrx_word' id='word_1_248' title='bbox 1409 2465 1508 2518; x_wconf 88' lang='lat' dir='ltr'><strong>sub</strong></span> <span class='ocrx_word' id='word_1_249' title='bbox 1541 2466 1680 2529; x_wconf 85' lang='lat' dir='ltr'><strong>aliis,</strong></span> <span class='ocrx_word' id='word_1_250' title='bbox 1714 2468 1806 2536; x_wconf 86' lang='lat' dir='ltr'><strong>qui</strong></span> <span class='ocrx_word' id='word_1_251' title='bbox 1843 2467 1941 2522; x_wconf 89' lang='lat' dir='ltr'><strong>mi-</strong></span> 
     </span>
    </p>
   </div>
   <div class='ocr_carea' id='block_1_34' title="bbox 375 2549 1940 2619">
    <p class='ocr_par' dir='ltr' id='par_1_34' title="bbox 375 2549 1940 2619">
     <span class='ocr_line' id='line_1_34' title="bbox 375 2549 1940 2619; baseline 0.006 -19"><span class='ocrx_word' id='word_1_252' title='bbox 375 2555 534 2602; x_wconf 78' lang='lat' dir='ltr'><strong>scent</strong></span> <span class='ocrx_word' id='word_1_253' title='bbox 555 2561 677 2602; x_wconf 89' lang='lat' dir='ltr'><strong>cum</strong></span> <span class='ocrx_word' id='word_1_254' title='bbox 707 2549 848 2604; x_wconf 89' lang='lat' dir='ltr'><strong>dulci</strong></span> <span class='ocrx_word' id='word_1_255' title='bbox 869 2565 1144 2619; x_wconf 82' lang='lat' dir='ltr'><strong>amarum,</strong></span> <span class='ocrx_word' id='word_1_256' title='bbox 1167 2561 1219 2608; x_wconf 90' lang='lat' dir='ltr'><strong>et</strong></span> <span class='ocrx_word' id='word_1_257' title='bbox 1241 2555 1311 2607; x_wconf 90' lang='lat' dir='ltr'><strong>ita</strong></span> <span class='ocrx_word' id='word_1_258' title='bbox 1341 2569 1628 2610; x_wconf 60' lang='lat' dir='ltr'><strong>maerorem</strong></span> <span class='ocrx_word' id='word_1_259' title='bbox 1669 2557 1940 2613; x_wconf 88' lang='lat' dir='ltr'><strong>seminan-</strong></span> 
     </span>
    </p>
   </div>
   <div class='ocr_carea' id='block_1_35' title="bbox 376 2639 1938 2712">
    <p class='ocr_par' dir='ltr' id='par_1_35' title="bbox 376 2639 1938 2712">
     <span class='ocr_line' id='line_1_35' title="bbox 376 2639 1938 2712; baseline 0.008 -22"><span class='ocrx_word' id='word_1_260' title='bbox 376 2646 476 2703; x_wconf 87' lang='lat' dir='ltr'><strong>tes,</strong></span> <span class='ocrx_word' id='word_1_261' title='bbox 510 2639 794 2707; x_wconf 87' lang='lat' dir='ltr'><strong>pulchram</strong></span> <span class='ocrx_word' id='word_1_262' title='bbox 829 2642 882 2695; x_wconf 93' lang='lat' dir='ltr'><strong>in</strong></span> <span class='ocrx_word' id='word_1_263' title='bbox 929 2652 1204 2712; x_wconf 87' lang='lat' dir='ltr'><strong>posterum</strong></span> <span class='ocrx_word' id='word_1_264' title='bbox 1233 2647 1472 2700; x_wconf 86' lang='lat' dir='ltr'><strong>educunt</strong></span> <span class='ocrx_word' id='word_1_265' title='bbox 1495 2660 1753 2702; x_wconf 85' lang='lat' dir='ltr'><strong>messem.</strong></span> <span class='ocrx_word' id='word_1_266' title='bbox 1785 2646 1938 2703; x_wconf 84' lang='lat' dir='ltr'><strong>Talia</strong></span> 
     </span>
    </p>
   </div>
   <div class='ocr_carea' id='block_1_36' title="bbox 383 2729 1934 2806">
    <p class='ocr_par' dir='ltr' id='par_1_36' title="bbox 383 2729 1934 2806">
     <span class='ocr_line' id='line_1_36' title="bbox 383 2729 1934 2806; baseline 0.007 -24"><span class='ocrx_word' id='word_1_267' title='bbox 383 2729 601 2798; x_wconf 86' lang='lat' dir='ltr'><strong>quidem</strong></span> <span class='ocrx_word' id='word_1_268' title='bbox 641 2738 768 2786; x_wconf 90' lang='lat' dir='ltr'><strong>sunt</strong></span> <span class='ocrx_word' id='word_1_269' title='bbox 799 2747 917 2802; x_wconf 70' lang='lat' dir='ltr'><strong>qum</strong></span> <span class='ocrx_word' id='word_1_270' title='bbox 948 2735 1220 2802; x_wconf 88' lang='lat' dir='ltr'><strong>pertinent</strong></span> <span class='ocrx_word' id='word_1_271' title='bbox 1249 2736 1316 2791; x_wconf 88' lang='lat' dir='ltr'><strong>ad</strong></span> <span class='ocrx_word' id='word_1_272' title='bbox 1363 2750 1580 2792; x_wconf 89' lang='lat' dir='ltr'><strong>amaros</strong></span> <span class='ocrx_word' id='word_1_273' title='bbox 1626 2739 1934 2806; x_wconf 77' lang='lat' dir='ltr'><strong>magistros,</strong></span> 
     </span>
    </p>
   </div>
   <div class='ocr_carea' id='block_1_37' title="bbox 374 2822 1933 2893">
    <p class='ocr_par' dir='ltr' id='par_1_37' title="bbox 374 2822 1933 2893">
     <span class='ocr_line' id='line_1_37' title="bbox 374 2822 1933 2893; baseline 0.006 -21"><span class='ocrx_word' id='word_1_274' title='bbox 374 2831 607 2887; x_wconf 88' lang='lat' dir='ltr'><strong>quorum</strong></span> <span class='ocrx_word' id='word_1_275' title='bbox 661 2822 783 2878; x_wconf 82' lang='lat' dir='ltr'><strong>ﬁnis</strong></span> <span class='ocrx_word' id='word_1_276' title='bbox 829 2833 914 2878; x_wconf 88' lang='lat' dir='ltr'><strong>est</strong></span> <span class='ocrx_word' id='word_1_277' title='bbox 967 2824 1219 2881; x_wconf 82' lang='lat' dir='ltr'><strong>dulcedo.</strong></span> <span class='ocrx_word' id='word_1_278' title='bbox 1248 2825 1350 2892; x_wconf 84' lang='lat' dir='ltr'><strong>Qui</strong></span> <span class='ocrx_word' id='word_1_279' title='bbox 1382 2841 1514 2882; x_wconf 87' lang='lat' dir='ltr'><strong>vero</strong></span> <span class='ocrx_word' id='word_1_280' title='bbox 1560 2827 1933 2893; x_wconf 75' lang='lat' dir='ltr'><strong>malefaciant,</strong></span> 
     </span>
    </p>
   </div>
   <div class='ocr_carea' id='block_1_38' title="bbox 375 2908 1940 2984">
    <p class='ocr_par' dir='ltr' id='par_1_38' title="bbox 375 2908 1940 2984">
     <span class='ocr_line' id='line_1_38' title="bbox 375 2908 1940 2984; baseline 0.005 -20"><span class='ocrx_word' id='word_1_281' title='bbox 375 2919 636 2979; x_wconf 64' lang='lat' dir='ltr'><strong>praestant</strong></span> <span class='ocrx_word' id='word_1_282' title='bbox 661 2913 877 2981; x_wconf 89' lang='lat' dir='ltr'><strong>quidem</strong></span> <span class='ocrx_word' id='word_1_283' title='bbox 908 2917 1352 2984; x_wconf 81' lang='lat' dir='ltr'><strong>amaritudinem,</strong></span> <span class='ocrx_word' id='word_1_284' title='bbox 1377 2931 1483 2971; x_wconf 91' lang='lat' dir='ltr'><strong>non</strong></span> <span class='ocrx_word' id='word_1_285' title='bbox 1519 2908 1700 2973; x_wconf 83' lang='lat' dir='ltr'><strong>tamen</strong></span> <span class='ocrx_word' id='word_1_286' title='bbox 1727 2926 1786 2973; x_wconf 89' lang='lat' dir='ltr'><strong>ut</strong></span> <span class='ocrx_word' id='word_1_287' title='bbox 1817 2918 1940 2974; x_wconf 90' lang='lat' dir='ltr'><strong>dui-</strong></span> 
     </span>
    </p>
   </div>
   <div class='ocr_carea' id='block_1_39' title="bbox 2033 1115 3021 1181">
    <p class='ocr_par' dir='ltr' id='par_1_39' title="bbox 2033 1115 3021 1181">
     <span class='ocr_line' id='line_1_39' title="bbox 2033 1115 3021 1181; baseline 0.008 -14"><span class='ocrx_word' id='word_1_288' title='bbox 2033 1115 2156 1168; x_wconf 81' lang='grc' dir='ltr'>σθαι</span> <span class='ocrx_word' id='word_1_289' title='bbox 2177 1131 2193 1181; x_wconf 87' lang='lat'><strong>;</strong></span> <span class='ocrx_word' id='word_1_290' title='bbox 3010 1162 3021 1175; x_wconf 91' lang='lat'><strong>.</strong></span> 
     </span>
    </p>
   </div>
   <div class='ocr_carea' id='block_1_40' title="bbox 2107 1205 3604 1278">
    <p class='ocr_par' dir='ltr' id='par_1_40' title="bbox 2107 1205 3604 1278">
     <span class='ocr_line' id='line_1_40' title="bbox 2107 1205 3604 1278; baseline -0.003 -15"><span class='ocrx_word' id='word_1_291' title='bbox 2107 1205 2215 1278; x_wconf 63' lang='grc' dir='ltr'><strong>ρβῆ</strong></span> <span class='ocrx_word' id='word_1_292' title='bbox 2261 1209 2374 1262; x_wconf 86' lang='grc' dir='ltr'>Οὐκ</span> <span class='ocrx_word' id='word_1_293' title='bbox 2409 1208 2476 1262; x_wconf 73' lang='grc' dir='ltr'>ἂν</span> <span class='ocrx_word' id='word_1_294' title='bbox 2505 1207 2601 1262; x_wconf 80' lang='grc' dir='ltr'>οὖν</span> <span class='ocrx_word' id='word_1_295' title='bbox 2633 1207 2928 1278; x_wconf 76' lang='grc' dir='ltr'>δυναίμην,</span> <span class='ocrx_word' id='word_1_296' title='bbox 2962 1207 3151 1278; x_wconf 84' lang='grc' dir='ltr'>ὥσπερ</span> <span class='ocrx_word' id='word_1_297' title='bbox 3185 1207 3604 1276; x_wconf 78' lang='grc' dir='ltr'>ἀντονομάζειν,</span> 
     </span>
    </p>
   </div>
   <div class='ocr_carea' id='block_1_41' title="bbox 2027 1296 3609 1362">
    <p class='ocr_par' dir='ltr' id='par_1_41' title="bbox 2027 1296 3609 1362">
     <span class='ocr_line' id='line_1_41' title="bbox 2027 1296 3609 1362; baseline -0.003 -10"><span class='ocrx_word' id='word_1_298' title='bbox 2027 1298 2204 1361; x_wconf 68' lang='grc' dir='ltr'>ὀὕτως</span> <span class='ocrx_word' id='word_1_299' title='bbox 2242 1299 2366 1352; x_wconf 72' lang='grc' dir='ltr'>οὐδὲ</span> <span class='ocrx_word' id='word_1_300' title='bbox 2406 1300 2486 1362; x_wconf 83' lang='grc' dir='ltr'><strong>είς</strong></span> <span class='ocrx_word' id='word_1_301' title='bbox 2527 1298 2660 1353; x_wconf 77' lang='grc' dir='ltr'><strong>αὐτὸ</strong></span> <span class='ocrx_word' id='word_1_302' title='bbox 2699 1297 2859 1351; x_wconf 81' lang='grc' dir='ltr'>τοῦτο</span> <span class='ocrx_word' id='word_1_303' title='bbox 2900 1296 3225 1351; x_wconf 79' lang='grc' dir='ltr'>διδάσκαλον</span> <span class='ocrx_word' id='word_1_304' title='bbox 3265 1297 3473 1350; x_wconf 70' lang='grc' dir='ltr'>τιθέναι</span> <span class='ocrx_word' id='word_1_305' title='bbox 3513 1297 3609 1350; x_wconf 82' lang='grc' dir='ltr'><strong>τδν</strong></span> 
     </span>
    </p>
   </div>
   <div class='ocr_carea' id='block_1_42' title="bbox 2033 1385 3609 1460">
    <p class='ocr_par' dir='ltr' id='par_1_42' title="bbox 2033 1385 3609 1460">
     <span class='ocr_line' id='line_1_42' title="bbox 2033 1385 3609 1460; baseline -0.001 -19"><span class='ocrx_word' id='word_1_306' title='bbox 2033 1389 2159 1458; x_wconf 72' lang='grc' dir='ltr'>ἐμοὶ</span> <span class='ocrx_word' id='word_1_307' title='bbox 2191 1389 2378 1454; x_wconf 88' lang='grc' dir='ltr'>κακῶς</span> <span class='ocrx_word' id='word_1_308' title='bbox 2408 1388 2875 1460; x_wconf 79' lang='grc' dir='ltr'>προσφερόμενον.</span> <span class='ocrx_word' id='word_1_309' title='bbox 2908 1386 3149 1456; x_wconf 78' lang='grc' dir='ltr'>Οὐδεμία</span> <span class='ocrx_word' id='word_1_310' title='bbox 3182 1385 3291 1457; x_wconf 75' lang='grc' dir='ltr'>γᾶρ</span> <span class='ocrx_word' id='word_1_311' title='bbox 3323 1386 3430 1440; x_wconf 87' lang='grc' dir='ltr'>τῶν</span> <span class='ocrx_word' id='word_1_312' title='bbox 3457 1386 3609 1440; x_wconf 80' lang='grc' dir='ltr'>διδα-</span> 
     </span>
    </p>
   </div>
   <div class='ocr_carea' id='block_1_43' title="bbox 2037 1476 3612 1547">
    <p class='ocr_par' dir='ltr' id='par_1_43' title="bbox 2037 1476 3612 1547">
     <span class='ocr_line' id='line_1_43' title="bbox 2037 1476 3612 1547; baseline 0 -18"><span class='ocrx_word' id='word_1_313' title='bbox 2037 1479 2308 1532; x_wconf 89' lang='grc' dir='ltr'>σκαλικῶν</span> <span class='ocrx_word' id='word_1_314' title='bbox 2347 1478 2644 1532; x_wconf 85' lang='grc' dir='ltr'>κακώσεων</span> <span class='ocrx_word' id='word_1_315' title='bbox 2687 1479 2769 1541; x_wconf 89' lang='grc' dir='ltr'><strong>είς</strong></span> <span class='ocrx_word' id='word_1_316' title='bbox 2812 1477 3013 1531; x_wconf 87' lang='grc' dir='ltr'>κακίαν</span> <span class='ocrx_word' id='word_1_317' title='bbox 3060 1476 3434 1547; x_wconf 73' lang='grc' dir='ltr'><strong>ἐγγράφεται·</strong></span> <span class='ocrx_word' id='word_1_318' title='bbox 3474 1476 3612 1530; x_wconf 78' lang='grc' dir='ltr'><strong>αὐτὸ</strong></span> 
     </span>
    </p>
   </div>
   <div class='ocr_carea' id='block_1_44' title="bbox 2031 1567 3606 1637">
    <p class='ocr_par' dir='ltr' id='par_1_44' title="bbox 2031 1567 3606 1637">
     <span class='ocr_line' id='line_1_44' title="bbox 2031 1567 3606 1637; baseline -0.003 -15"><span class='ocrx_word' id='word_1_319' title='bbox 2031 1569 2090 1623; x_wconf 77' lang='grc' dir='ltr'>δὲ</span> <span class='ocrx_word' id='word_1_320' title='bbox 2109 1567 2197 1623; x_wconf 78' lang='grc' dir='ltr'><strong>διὰ</strong></span> <span class='ocrx_word' id='word_1_321' title='bbox 2218 1569 2280 1622; x_wconf 87' lang='grc' dir='ltr'><strong>τδ</strong></span> <span class='ocrx_word' id='word_1_322' title='bbox 2306 1569 2628 1623; x_wconf 75' lang='grc' dir='ltr'>κακοποιεῖν</span> <span class='ocrx_word' id='word_1_323' title='bbox 2649 1567 2846 1631; x_wconf 84' lang='grc' dir='ltr'><strong>κακίας</strong></span> <span class='ocrx_word' id='word_1_324' title='bbox 2871 1584 2930 1620; x_wconf 88' lang='grc' dir='ltr'><strong>τε</strong></span> <span class='ocrx_word' id='word_1_325' title='bbox 2953 1567 3181 1634; x_wconf 81' lang='grc' dir='ltr'><strong>ὀνόματι</strong></span> <span class='ocrx_word' id='word_1_326' title='bbox 3207 1569 3606 1637; x_wconf 72' lang='grc' dir='ltr'><strong>ἐπιγράφεται,</strong></span> 
     </span>
    </p>
   </div>
   <div class='ocr_carea' id='block_1_45' title="bbox 1957 1657 3612 1756">
    <p class='ocr_par' dir='ltr' id='par_1_45' title="bbox 1957 1657 3612 1756">
     <span class='ocr_line' id='line_1_45' title="bbox 1957 1657 3612 1756; baseline -0.001 -45"><span class='ocrx_word' id='word_1_327' title='bbox 1957 1695 2007 1756; x_wconf 73' lang='grc' dir='ltr'><strong>Β</strong></span> <span class='ocrx_word' id='word_1_328' title='bbox 2034 1657 2126 1712; x_wconf 75' lang='grc' dir='ltr'>καὶ</span> <span class='ocrx_word' id='word_1_329' title='bbox 2156 1659 2278 1712; x_wconf 62' lang='grc' dir='ltr'>οὐδὲ</span> <span class='ocrx_word' id='word_1_330' title='bbox 2311 1658 2429 1729; x_wconf 83' lang='grc' dir='ltr'><strong>Θεῷ</strong></span> <span class='ocrx_word' id='word_1_331' title='bbox 2463 1660 2720 1729; x_wconf 82' lang='grc' dir='ltr'><strong>φιλεῖται.</strong></span> <span class='ocrx_word' id='word_1_332' title='bbox 2754 1659 2866 1714; x_wconf 77' lang='grc' dir='ltr'><strong>Καὶ</strong></span> <span class='ocrx_word' id='word_1_333' title='bbox 2896 1657 3079 1725; x_wconf 81' lang='grc' dir='ltr'>ἀγαθά</span> <span class='ocrx_word' id='word_1_334' title='bbox 3116 1657 3212 1727; x_wconf 83' lang='grc' dir='ltr'>μὲν</span> <span class='ocrx_word' id='word_1_335' title='bbox 3242 1659 3418 1711; x_wconf 78' lang='grc' dir='ltr'>πάντα</span> <span class='ocrx_word' id='word_1_336' title='bbox 3447 1659 3516 1711; x_wconf 74' lang='grc' dir='ltr'>τά</span> <span class='ocrx_word' id='word_1_337' title='bbox 3543 1660 3612 1710; x_wconf 80' lang='grc' dir='ltr'>ὲκ</span> 
     </span>
    </p>
   </div>
   <div class='ocr_carea' id='block_1_46' title="bbox 2035 1746 3611 1819">
    <p class='ocr_par' dir='ltr' id='par_1_46' title="bbox 2035 1746 3611 1819">
     <span class='ocr_line' id='line_1_46' title="bbox 2035 1746 3611 1819; baseline -0.001 -17"><span class='ocrx_word' id='word_1_338' title='bbox 2035 1747 2372 1803; x_wconf 81' lang='grc' dir='ltr'><strong>διδασκάλων</strong></span> <span class='ocrx_word' id='word_1_339' title='bbox 2400 1749 2782 1819; x_wconf 77' lang='grc' dir='ltr'>δριμύττοντα,</span> <span class='ocrx_word' id='word_1_340' title='bbox 2808 1750 2841 1819; x_wconf 82' lang='grc' dir='ltr'><strong>ἡ</strong></span> <span class='ocrx_word' id='word_1_341' title='bbox 2878 1748 3200 1816; x_wconf 88' lang='grc' dir='ltr'>κακολογία,</span> <span class='ocrx_word' id='word_1_342' title='bbox 3229 1749 3265 1818; x_wconf 72' lang='grc' dir='ltr'>ἡ</span> <span class='ocrx_word' id='word_1_343' title='bbox 3292 1749 3390 1817; x_wconf 71' lang='grc' dir='ltr'><strong>τῆς</strong></span> <span class='ocrx_word' id='word_1_344' title='bbox 3423 1746 3611 1801; x_wconf 85' lang='grc' dir='ltr'>κακώ-</span> 
     </span>
    </p>
   </div>
   <div class='ocr_carea' id='block_1_47' title="bbox 2038 1839 3609 1910">
    <p class='ocr_par' dir='ltr' id='par_1_47' title="bbox 2038 1839 3609 1910">
     <span class='ocr_line' id='line_1_47' title="bbox 2038 1839 3609 1910; baseline -0.001 -18"><span class='ocrx_word' id='word_1_345' title='bbox 2038 1855 2175 1902; x_wconf 88' lang='grc' dir='ltr'>σεως</span> <span class='ocrx_word' id='word_1_346' title='bbox 2199 1839 2421 1910; x_wconf 75' lang='grc' dir='ltr'>ἀπειλὴ,</span> <span class='ocrx_word' id='word_1_347' title='bbox 2448 1841 2507 1894; x_wconf 85' lang='grc' dir='ltr'><strong>τδ</strong></span> <span class='ocrx_word' id='word_1_348' title='bbox 2529 1841 2628 1909; x_wconf 84' lang='grc' dir='ltr'>τῆς</span> <span class='ocrx_word' id='word_1_349' title='bbox 2653 1840 2882 1909; x_wconf 79' lang='grc' dir='ltr'><strong>ἀπειλῆς</strong></span> <span class='ocrx_word' id='word_1_350' title='bbox 2907 1839 3289 1910; x_wconf 78' lang='grc' dir='ltr'>προαγόμενον</span> <span class='ocrx_word' id='word_1_351' title='bbox 3311 1842 3390 1902; x_wconf 83' lang='grc' dir='ltr'><strong>είς</strong></span> <span class='ocrx_word' id='word_1_352' title='bbox 3416 1840 3609 1908; x_wconf 75' lang='grc' dir='ltr'>ἔργον,</span> 
     </span>
    </p>
   </div>
   <div class='ocr_carea' id='block_1_48' title="bbox 2035 1921 3613 2001">
    <p class='ocr_par' dir='ltr' id='par_1_48' title="bbox 2035 1921 3613 2001">
     <span class='ocr_line' id='line_1_48' title="bbox 2035 1921 3613 2001; baseline 0.002 -19"><span class='ocrx_word' id='word_1_353' title='bbox 2035 1930 2086 1983; x_wconf 78' lang='lat' dir='ltr'><strong>oi</strong></span> <span class='ocrx_word' id='word_1_354' title='bbox 2125 1930 2490 2000; x_wconf 77' lang='grc' dir='ltr'>παραδλῶπες</span> <span class='ocrx_word' id='word_1_355' title='bbox 2526 1921 2943 2001; x_wconf 79' lang='grc' dir='ltr'>ὲντρανισμνοὶ,</span> <span class='ocrx_word' id='word_1_356' title='bbox 2973 1931 3164 1986; x_wconf 77' lang='grc' dir='ltr'>τᾶλλα.</span> <span class='ocrx_word' id='word_1_357' title='bbox 3200 1932 3277 1984; x_wconf 81' lang='grc' dir='ltr'><strong>Οὐ</strong></span> <span class='ocrx_word' id='word_1_358' title='bbox 3313 1931 3420 1999; x_wconf 79' lang='grc' dir='ltr'><strong>γὰρ</strong></span> <span class='ocrx_word' id='word_1_359' title='bbox 3463 1930 3613 1985; x_wconf 78' lang='grc' dir='ltr'>κατὰ</span> 
     </span>
    </p>
   </div>
   <div class='ocr_carea' id='block_1_49' title="bbox 2035 2018 3614 2090">
    <p class='ocr_par' dir='ltr' id='par_1_49' title="bbox 2035 2018 3614 2090">
     <span class='ocr_line' id='line_1_49' title="bbox 2035 2018 3614 2090; baseline -0.001 -17"><span class='ocrx_word' id='word_1_360' title='bbox 2035 2018 2266 2080; x_wconf 81' lang='grc' dir='ltr'>κακίαν,</span> <span class='ocrx_word' id='word_1_361' title='bbox 2309 2019 2426 2073; x_wconf 70' lang='grc' dir='ltr'>ἀλλ’</span> <span class='ocrx_word' id='word_1_362' title='bbox 2459 2021 2661 2090; x_wconf 79' lang='grc' dir='ltr'>ἀρετῆς</span> <span class='ocrx_word' id='word_1_363' title='bbox 2705 2021 2987 2075; x_wconf 81' lang='grc' dir='ltr'>παίδευσιν</span> <span class='ocrx_word' id='word_1_364' title='bbox 3029 2020 3466 2088; x_wconf 67' lang='grc' dir='ltr'>ἐπιτετήδευται.</span> <span class='ocrx_word' id='word_1_365' title='bbox 3514 2019 3614 2072; x_wconf 81' lang='grc' dir='ltr'><strong>Διδ</strong></span> 
     </span>
    </p>
   </div>
   <div class='ocr_carea' id='block_1_50' title="bbox 2035 2108 3606 2182">
    <p class='ocr_par' dir='ltr' id='par_1_50' title="bbox 2035 2108 3606 2182">
     <span class='ocr_line' id='line_1_50' title="bbox 2035 2108 3606 2182; baseline -0.002 -18"><span class='ocrx_word' id='word_1_366' title='bbox 2035 2110 2130 2164; x_wconf 79' lang='grc' dir='ltr'>καὶ</span> <span class='ocrx_word' id='word_1_367' title='bbox 2161 2111 2572 2182; x_wconf 80' lang='grc' dir='ltr'>προστρέχομεν</span> <span class='ocrx_word' id='word_1_368' title='bbox 2598 2113 2710 2175; x_wconf 82' lang='grc' dir='ltr'>τοῖς</span> <span class='ocrx_word' id='word_1_369' title='bbox 2739 2110 2882 2165; x_wconf 78' lang='grc' dir='ltr'>οὕτω</span> <span class='ocrx_word' id='word_1_370' title='bbox 2908 2112 3240 2174; x_wconf 78' lang='grc' dir='ltr'><strong>διδάσκουσι,</strong></span> <span class='ocrx_word' id='word_1_371' title='bbox 3271 2110 3366 2163; x_wconf 69' lang='grc' dir='ltr'><strong>καὶ</strong></span> <span class='ocrx_word' id='word_1_372' title='bbox 3402 2108 3606 2178; x_wconf 70' lang='grc' dir='ltr'>μισθοῦ</span> 
     </span>
    </p>
   </div>
   <div class='ocr_carea' id='block_1_51' title="bbox 2035 2199 3611 2271">
    <p class='ocr_par' dir='ltr' id='par_1_51' title="bbox 2035 2199 3611 2271">
     <span class='ocr_line' id='line_1_51' title="bbox 2035 2199 3611 2271; baseline -0.003 -15"><span class='ocrx_word' id='word_1_373' title='bbox 2035 2200 2134 2264; x_wconf 86' lang='grc' dir='ltr'><strong>τὰς</strong></span> <span class='ocrx_word' id='word_1_374' title='bbox 2168 2201 2227 2266; x_wconf 73' lang='grc' dir='ltr'><strong>ἐξ</strong></span> <span class='ocrx_word' id='word_1_375' title='bbox 2261 2200 2485 2254; x_wconf 77' lang='grc' dir='ltr'>ἐκείνων</span> <span class='ocrx_word' id='word_1_376' title='bbox 2516 2201 2793 2265; x_wconf 82' lang='grc' dir='ltr'>κακώσεις</span> <span class='ocrx_word' id='word_1_377' title='bbox 2825 2201 3222 2271; x_wconf 82' lang='grc' dir='ltr'>ἀλλαττόμεθα,</span> <span class='ocrx_word' id='word_1_378' title='bbox 3257 2201 3350 2253; x_wconf 74' lang='grc' dir='ltr'>καὶ</span> <span class='ocrx_word' id='word_1_379' title='bbox 3385 2199 3611 2262; x_wconf 77' lang='grc' dir='ltr'>ἑκόντες</span> 
     </span>
    </p>
   </div>
   <div class='ocr_carea' id='block_1_52' title="bbox 2031 2290 3616 2370">
    <p class='ocr_par' dir='ltr' id='par_1_52' title="bbox 2031 2290 3616 2370">
     <span class='ocr_line' id='line_1_52' title="bbox 2031 2290 3616 2370; baseline -0.003 -24"><span class='ocrx_word' id='word_1_380' title='bbox 2031 2292 2444 2364; x_wconf 65' lang='grc' dir='ltr'>δπαχθιζόμεθα</span> <span class='ocrx_word' id='word_1_381' title='bbox 2483 2292 2552 2346; x_wconf 74' lang='grc' dir='ltr'><strong>τά</strong></span> <span class='ocrx_word' id='word_1_382' title='bbox 2596 2292 2880 2370; x_wconf 77' lang='grc' dir='ltr'><strong>βαρύτατα</strong></span> <span class='ocrx_word' id='word_1_383' title='bbox 2904 2306 2920 2322; x_wconf 80' lang='grc'><strong><em>⁸</em></strong></span> <span class='ocrx_word' id='word_1_384' title='bbox 2963 2292 3065 2346; x_wconf 77' lang='grc' dir='ltr'>κᾶν</span> <span class='ocrx_word' id='word_1_385' title='bbox 3104 2294 3174 2344; x_wconf 83' lang='grc' dir='ltr'><strong>εί</strong></span> <span class='ocrx_word' id='word_1_386' title='bbox 3199 2292 3273 2361; x_wconf 80' lang='grc' dir='ltr'><strong>μὴ</strong></span> <span class='ocrx_word' id='word_1_387' title='bbox 3314 2291 3458 2343; x_wconf 79' lang='grc' dir='ltr'>οὓτω</span> <span class='ocrx_word' id='word_1_388' title='bbox 3503 2290 3616 2342; x_wconf 76' lang='grc' dir='ltr'>πά-</span> 
     </span>
    </p>
   </div>
   <div class='ocr_carea' id='block_1_53' title="bbox 2038 2379 3615 2454">
    <p class='ocr_par' dir='ltr' id='par_1_53' title="bbox 2038 2379 3615 2454">
     <span class='ocr_line' id='line_1_53' title="bbox 2038 2379 3615 2454; baseline -0.003 -18"><span class='ocrx_word' id='word_1_389' title='bbox 2038 2399 2292 2453; x_wconf 90' lang='grc' dir='ltr'>σχοιμεν,</span> <span class='ocrx_word' id='word_1_390' title='bbox 2329 2383 2662 2454; x_wconf 79' lang='grc' dir='ltr'>ὲκτρέχομεν</span> <span class='ocrx_word' id='word_1_391' title='bbox 2695 2383 2918 2436; x_wconf 76' lang='grc' dir='ltr'>ἐκείνων</span> <span class='ocrx_word' id='word_1_392' title='bbox 2952 2383 3060 2436; x_wconf 87' lang='grc' dir='ltr'><strong>τῶν</strong></span> <span class='ocrx_word' id='word_1_393' title='bbox 3093 2381 3465 2442; x_wconf 76' lang='grc' dir='ltr'>διδασκάλων,</span> <span class='ocrx_word' id='word_1_394' title='bbox 3501 2379 3615 2432; x_wconf 89' lang='grc' dir='ltr'>τῶν</span> 
     </span>
    </p>
   </div>
   <div class='ocr_carea' id='block_1_54' title="bbox 2036 2472 3615 2546">
    <p class='ocr_par' dir='ltr' id='par_1_54' title="bbox 2036 2472 3615 2546">
     <span class='ocr_line' id='line_1_54' title="bbox 2036 2472 3615 2546; baseline -0.003 -18"><span class='ocrx_word' id='word_1_395' title='bbox 2036 2474 2290 2546; x_wconf 76' lang='grc' dir='ltr'>ἀκράτως</span> <span class='ocrx_word' id='word_1_396' title='bbox 2323 2475 2421 2544; x_wconf 82' lang='grc' dir='ltr'>μὲν</span> <span class='ocrx_word' id='word_1_397' title='bbox 2449 2475 2870 2543; x_wconf 85' lang='grc' dir='ltr'>γλυκαινόντων,</span> <span class='ocrx_word' id='word_1_398' title='bbox 2903 2475 3214 2544; x_wconf 74' lang='grc' dir='ltr'>πικραίνειν</span> <span class='ocrx_word' id='word_1_399' title='bbox 3247 2474 3302 2526; x_wconf 75' lang='grc' dir='ltr'>δὲ</span> <span class='ocrx_word' id='word_1_400' title='bbox 3335 2473 3434 2526; x_wconf 82' lang='grc' dir='ltr'>οὐκ</span> <span class='ocrx_word' id='word_1_401' title='bbox 3471 2472 3615 2525; x_wconf 77' lang='grc' dir='ltr'>ειδό-</span> 
     </span>
    </p>
   </div>
   <div class='ocr_carea' id='block_1_55' title="bbox 2034 2564 3617 2635">
    <p class='ocr_par' dir='ltr' id='par_1_55' title="bbox 2034 2564 3617 2635">
     <span class='ocr_line' id='line_1_55' title="bbox 2034 2564 3617 2635; baseline -0.003 -16"><span class='ocrx_word' id='word_1_402' title='bbox 2034 2582 2144 2619; x_wconf 88' lang='grc' dir='ltr'><strong>των</strong></span> <span class='ocrx_word' id='word_1_403' title='bbox 2166 2581 2183 2598; x_wconf 75' lang='grc' dir='ltr'><strong><em>ο</em></strong></span> <span class='ocrx_word' id='word_1_404' title='bbox 2219 2565 2483 2635; x_wconf 77' lang='grc' dir='ltr'><strong>γινόμεθα</strong></span> <span class='ocrx_word' id='word_1_405' title='bbox 2513 2566 2570 2619; x_wconf 74' lang='grc' dir='ltr'>δὲ</span> <span class='ocrx_word' id='word_1_406' title='bbox 2604 2565 2710 2620; x_wconf 77' lang='grc' dir='ltr'><strong>ὑπὸ</strong></span> <span class='ocrx_word' id='word_1_407' title='bbox 2744 2566 2954 2629; x_wconf 77' lang='grc' dir='ltr'>ἄλλοις,</span> <span class='ocrx_word' id='word_1_408' title='bbox 2993 2565 3045 2619; x_wconf 80' lang='grc' dir='ltr'>οἳ</span> <span class='ocrx_word' id='word_1_409' title='bbox 3078 2564 3159 2634; x_wconf 80' lang='grc' dir='ltr'><strong>τῷ</strong></span> <span class='ocrx_word' id='word_1_410' title='bbox 3191 2564 3340 2635; x_wconf 73' lang='grc' dir='ltr'>ἠπίῳ</span> <span class='ocrx_word' id='word_1_411' title='bbox 3374 2579 3617 2631; x_wconf 78' lang='grc' dir='ltr'>συγκιρ-</span> 
     </span>
    </p>
   </div>
   <div class='ocr_carea' id='block_1_56' title="bbox 2036 2653 3617 2726">
    <p class='ocr_par' dir='ltr' id='par_1_56' title="bbox 2036 2653 3617 2726">
     <span class='ocr_line' id='line_1_56' title="bbox 2036 2653 3617 2726; baseline -0.003 -17"><span class='ocrx_word' id='word_1_412' title='bbox 2036 2654 2170 2709; x_wconf 87' lang='grc' dir='ltr'>νῶσι</span> <span class='ocrx_word' id='word_1_413' title='bbox 2199 2654 2261 2708; x_wconf 83' lang='grc' dir='ltr'><strong>τδ</strong></span> <span class='ocrx_word' id='word_1_414' title='bbox 2294 2655 2520 2718; x_wconf 79' lang='grc' dir='ltr'>δάκνον,</span> <span class='ocrx_word' id='word_1_415' title='bbox 2557 2656 2652 2709; x_wconf 72' lang='grc' dir='ltr'>καὶ</span> <span class='ocrx_word' id='word_1_416' title='bbox 2685 2655 2832 2709; x_wconf 75' lang='grc' dir='ltr'>οὕτω</span> <span class='ocrx_word' id='word_1_417' title='bbox 2862 2654 3039 2726; x_wconf 82' lang='grc' dir='ltr'>λύπην</span> <span class='ocrx_word' id='word_1_418' title='bbox 3068 2655 3450 2724; x_wconf 82' lang='grc' dir='ltr'>ὲνσπείροντες</span> <span class='ocrx_word' id='word_1_419' title='bbox 3469 2693 3485 2718; x_wconf 91' lang='grc'><strong>,</strong></span> <span class='ocrx_word' id='word_1_420' title='bbox 3519 2653 3617 2705; x_wconf 74' lang='grc' dir='ltr'><strong>εὖ·</strong></span> 
     </span>
    </p>
   </div>
   <div class='ocr_carea' id='block_1_57' title="bbox 2037 2741 3611 2817">
    <p class='ocr_par' dir='ltr' id='par_1_57' title="bbox 2037 2741 3611 2817">
     <span class='ocr_line' id='line_1_57' title="bbox 2037 2741 3611 2817; baseline -0.004 -17"><span class='ocrx_word' id='word_1_421' title='bbox 2037 2747 2278 2817; x_wconf 81' lang='grc' dir='ltr'>καρπίαν</span> <span class='ocrx_word' id='word_1_422' title='bbox 2311 2746 2714 2817; x_wconf 82' lang='grc' dir='ltr'>προκαλοῦνται</span> <span class='ocrx_word' id='word_1_423' title='bbox 2749 2746 2848 2816; x_wconf 78' lang='grc' dir='ltr'><strong>τὴν</strong></span> <span class='ocrx_word' id='word_1_424' title='bbox 2881 2746 3196 2816; x_wconf 67' lang='grc' dir='ltr'>ἐσύστερον.</span> <span class='ocrx_word' id='word_1_425' title='bbox 3233 2746 3341 2798; x_wconf 79' lang='grc' dir='ltr'><strong>Καὶ</strong></span> <span class='ocrx_word' id='word_1_426' title='bbox 3375 2741 3611 2798; x_wconf 79' lang='grc' dir='ltr'><strong>τοιαῦτα</strong></span> 
     </span>
    </p>
   </div>
   <div class='ocr_carea' id='block_1_58' title="bbox 2042 2829 3620 2907">
    <p class='ocr_par' dir='ltr' id='par_1_58' title="bbox 2042 2829 3620 2907">
     <span class='ocr_line' id='line_1_58' title="bbox 2042 2829 3620 2907; baseline -0.001 -17"><span class='ocrx_word' id='word_1_427' title='bbox 2042 2838 2140 2907; x_wconf 80' lang='grc' dir='ltr'><strong>μὲν</strong></span> <span class='ocrx_word' id='word_1_428' title='bbox 2165 2837 2236 2890; x_wconf 82' lang='grc' dir='ltr'><strong>τὰ</strong></span> <span class='ocrx_word' id='word_1_429' title='bbox 2265 2836 2372 2890; x_wconf 91' lang='grc' dir='ltr'>τῶν</span> <span class='ocrx_word' id='word_1_430' title='bbox 2403 2837 2619 2907; x_wconf 85' lang='grc' dir='ltr'>πικρῶν</span> <span class='ocrx_word' id='word_1_431' title='bbox 2647 2836 3008 2904; x_wconf 78' lang='grc' dir='ltr'>διδασκάλων,</span> <span class='ocrx_word' id='word_1_432' title='bbox 3036 2829 3112 2891; x_wconf 84' lang='grc' dir='ltr'>ὧν</span> <span class='ocrx_word' id='word_1_433' title='bbox 3140 2836 3293 2898; x_wconf 82' lang='grc' dir='ltr'>τέλος</span> <span class='ocrx_word' id='word_1_434' title='bbox 3323 2839 3352 2889; x_wconf 79' lang='grc' dir='ltr'>ὁ</span> <span class='ocrx_word' id='word_1_435' title='bbox 3383 2834 3620 2890; x_wconf 77' lang='grc' dir='ltr'>αὐτόθεν</span> 
     </span>
    </p>
   </div>
   <div class='ocr_carea' id='block_1_59' title="bbox 2037 2923 3618 2998">
    <p class='ocr_par' dir='ltr' id='par_1_59' title="bbox 2037 2923 3618 2998">
     <span class='ocr_line' id='line_1_59' title="bbox 2037 2923 3618 2998; baseline -0.003 -19"><span class='ocrx_word' id='word_1_436' title='bbox 2037 2927 2376 2998; x_wconf 85' lang='grc' dir='ltr'>γλυκασμός.</span> <span class='ocrx_word' id='word_1_437' title='bbox 2414 2929 2478 2980; x_wconf 87' lang='grc' dir='ltr'>Οί</span> <span class='ocrx_word' id='word_1_438' title='bbox 2519 2925 2578 2980; x_wconf 76' lang='grc' dir='ltr'>δέ</span> <span class='ocrx_word' id='word_1_439' title='bbox 2617 2943 2682 2991; x_wconf 86' lang='grc' dir='ltr'>γε</span> <span class='ocrx_word' id='word_1_440' title='bbox 2722 2926 3055 2989; x_wconf 87' lang='grc' dir='ltr'>κακύνοντες</span> <span class='ocrx_word' id='word_1_441' title='bbox 3094 2927 3447 2996; x_wconf 87' lang='grc' dir='ltr'>πικραίνουσι</span> <span class='ocrx_word' id='word_1_442' title='bbox 3488 2923 3618 2993; x_wconf 78' lang='grc' dir='ltr'>μὲν,</span> 
     </span>
    </p>
   </div>
   <div class='ocr_carea' id='block_1_60' title="bbox 378 3000 1942 3088">
    <p class='ocr_par' dir='ltr' id='par_1_60' title="bbox 378 3000 1937 3076">
     <span class='ocr_line' id='line_1_60' title="bbox 378 3000 1937 3076; baseline 0.007 -24"><span class='ocrx_word' id='word_1_443' title='bbox 378 3012 498 3054; x_wconf 88' lang='lat' dir='ltr'><strong>cem</strong></span> <span class='ocrx_word' id='word_1_444' title='bbox 556 3000 814 3057; x_wconf 88' lang='lat' dir='ltr'><strong>inducant</strong></span> <span class='ocrx_word' id='word_1_445' title='bbox 871 3004 1228 3074; x_wconf 87' lang='lat' dir='ltr'><strong>disciplinam,</strong></span> <span class='ocrx_word' id='word_1_446' title='bbox 1286 3007 1382 3061; x_wconf 84' lang='lat' dir='ltr'><strong>sed</strong></span> <span class='ocrx_word' id='word_1_447' title='bbox 1451 3015 1514 3062; x_wconf 89' lang='lat' dir='ltr'><strong>ut</strong></span> <span class='ocrx_word' id='word_1_448' title='bbox 1565 3008 1811 3076; x_wconf 86' lang='lat' dir='ltr'><strong>perdant.</strong></span> <span class='ocrx_word' id='word_1_449' title='bbox 1845 3047 1848 3050; x_wconf 55' lang='lat'><strong><em>~</em></strong></span> <span class='ocrx_word' id='word_1_450' title='bbox 1881 3007 1937 3063; x_wconf 87' lang='lat' dir='ltr'><strong>Si</strong></span> 
     </span>
    </p>
   </div>
   <div class='ocr_carea' id='block_1_61' title="bbox 2041 3000 3614 3088">
    <p class='ocr_par' dir='ltr' id='par_1_61' title="bbox 2041 3013 3614 3088">
     <span class='ocr_line' id='line_1_61' title="bbox 2041 3013 3614 3088; baseline -0.001 -19"><span class='ocrx_word' id='word_1_451' title='bbox 2041 3016 2137 3088; x_wconf 80' lang='grc' dir='ltr'>οὐχ</span> <span class='ocrx_word' id='word_1_452' title='bbox 2160 3016 2300 3070; x_wconf 81' lang='grc' dir='ltr'>ὥστε</span> <span class='ocrx_word' id='word_1_453' title='bbox 2329 3016 2434 3087; x_wconf 78' lang='grc' dir='ltr'><strong>μὴν</strong></span> <span class='ocrx_word' id='word_1_454' title='bbox 2458 3016 2855 3079; x_wconf 83' lang='grc' dir='ltr'>διδασκαλικῶς</span> <span class='ocrx_word' id='word_1_455' title='bbox 2879 3015 3176 3084; x_wconf 88' lang='grc' dir='ltr'>γλυκαναι,</span> <span class='ocrx_word' id='word_1_456' title='bbox 3203 3015 3320 3069; x_wconf 80' lang='grc' dir='ltr'>ἀλλ’</span> <span class='ocrx_word' id='word_1_457' title='bbox 3344 3013 3614 3080; x_wconf 68' lang='grc' dir='ltr'>ἐξολέσαι.</span> 
     </span>
    </p>
   </div>
   <div class='ocr_carea' id='block_1_62' title="bbox 376 3091 1944 3167">
    <p class='ocr_par' dir='ltr' id='par_1_62' title="bbox 376 3091 1944 3167">
     <span class='ocr_line' id='line_1_62' title="bbox 376 3091 1944 3167; baseline 0.008 -24"><span class='ocrx_word' id='word_1_458' title='bbox 376 3091 502 3158; x_wconf 84' lang='lat' dir='ltr'><strong>quis</strong></span> <span class='ocrx_word' id='word_1_459' title='bbox 549 3099 728 3147; x_wconf 86' lang='lat' dir='ltr'><strong>autem</strong></span> <span class='ocrx_word' id='word_1_460' title='bbox 779 3095 948 3162; x_wconf 84' lang='lat' dir='ltr'><strong>probe</strong></span> <span class='ocrx_word' id='word_1_461' title='bbox 999 3105 1053 3148; x_wconf 91' lang='lat' dir='ltr'><strong>et</strong></span> <span class='ocrx_word' id='word_1_462' title='bbox 1111 3095 1314 3166; x_wconf 85' lang='lat' dir='ltr'><strong>absque</strong></span> <span class='ocrx_word' id='word_1_463' title='bbox 1339 3096 1464 3152; x_wconf 89' lang='lat' dir='ltr'><strong>mali</strong></span> <span class='ocrx_word' id='word_1_464' title='bbox 1494 3099 1750 3153; x_wconf 84' lang='lat' dir='ltr'><strong>memoria</strong></span> <span class='ocrx_word' id='word_1_465' title='bbox 1788 3098 1944 3167; x_wconf 88' lang='lat' dir='ltr'><strong>vivit,</strong></span> 
     </span>
    </p>
   </div>
   <div class='ocr_carea' id='block_1_63' title="bbox 380 3181 1948 3263">
    <p class='ocr_par' dir='ltr' id='par_1_63' title="bbox 380 3181 1948 3263">
     <span class='ocr_line' id='line_1_63' title="bbox 380 3181 1948 3263; baseline 0.009 -28"><span class='ocrx_word' id='word_1_466' title='bbox 380 3181 721 3238; x_wconf 88' lang='lat' dir='ltr'><strong>dulcedinem</strong></span> <span class='ocrx_word' id='word_1_467' title='bbox 765 3187 1062 3242; x_wconf 88' lang='lat' dir='ltr'><strong>secundum</strong></span> <span class='ocrx_word' id='word_1_468' title='bbox 1109 3187 1364 3244; x_wconf 81' lang='lat' dir='ltr'><strong>virtutem</strong></span> <span class='ocrx_word' id='word_1_469' title='bbox 1397 3190 1584 3257; x_wconf 85' lang='lat' dir='ltr'><strong>sentit,</strong></span> <span class='ocrx_word' id='word_1_470' title='bbox 1625 3198 1680 3246; x_wconf 88' lang='lat' dir='ltr'><strong>at</strong></span> <span class='ocrx_word' id='word_1_471' title='bbox 1711 3193 1804 3249; x_wconf 90' lang='lat' dir='ltr'><strong>bic</strong></span> <span class='ocrx_word' id='word_1_472' title='bbox 1829 3194 1948 3263; x_wconf 85' lang='lat' dir='ltr'><strong>qui-</strong></span> 
     </span>
    </p>
   </div>
   <div class='ocr_carea' id='block_1_64' title="bbox 385 3270 1947 3348">
    <p class='ocr_par' dir='ltr' id='par_1_64' title="bbox 385 3270 1947 3348">
     <span class='ocr_line' id='line_1_64' title="bbox 385 3270 1947 3348; baseline 0.005 -22"><span class='ocrx_word' id='word_1_473' title='bbox 385 3270 506 3328; x_wconf 89' lang='lat' dir='ltr'><strong>dem</strong></span> <span class='ocrx_word' id='word_1_474' title='bbox 530 3280 615 3326; x_wconf 89' lang='lat' dir='ltr'><strong>est</strong></span> <span class='ocrx_word' id='word_1_475' title='bbox 659 3274 958 3328; x_wconf 89' lang='lat' dir='ltr'><strong>secundum</strong></span> <span class='ocrx_word' id='word_1_476' title='bbox 990 3274 1158 3331; x_wconf 89' lang='lat' dir='ltr'><strong>Deum</strong></span> <span class='ocrx_word' id='word_1_477' title='bbox 1180 3285 1237 3332; x_wconf 92' lang='lat' dir='ltr'><strong>et</strong></span> <span class='ocrx_word' id='word_1_478' title='bbox 1268 3291 1368 3348; x_wconf 90' lang='lat' dir='ltr'><strong>per</strong></span> <span class='ocrx_word' id='word_1_479' title='bbox 1400 3278 1590 3344; x_wconf 86' lang='lat' dir='ltr'><strong>Deum,</strong></span> <span class='ocrx_word' id='word_1_480' title='bbox 1618 3288 1674 3334; x_wconf 92' lang='lat' dir='ltr'><strong>et</strong></span> <span class='ocrx_word' id='word_1_481' title='bbox 1711 3293 1779 3334; x_wconf 78' lang='lat' dir='ltr'><strong>ex</strong></span> <span class='ocrx_word' id='word_1_482' title='bbox 1815 3279 1947 3347; x_wconf 87' lang='lat' dir='ltr'><strong>Deo,</strong></span> 
     </span>
    </p>
   </div>
   <div class='ocr_carea' id='block_1_65' title="bbox 388 3362 1949 3441">
    <p class='ocr_par' dir='ltr' id='par_1_65' title="bbox 388 3362 1949 3441">
     <span class='ocr_line' id='line_1_65' title="bbox 388 3362 1949 3441; baseline 0.007 -25"><span class='ocrx_word' id='word_1_483' title='bbox 388 3377 453 3418; x_wconf 91' lang='lat' dir='ltr'><strong>ac</strong></span> <span class='ocrx_word' id='word_1_484' title='bbox 478 3362 715 3428; x_wconf 88' lang='lat' dir='ltr'><strong>virtutis,</strong></span> <span class='ocrx_word' id='word_1_485' title='bbox 739 3380 859 3434; x_wconf 66' lang='lat' dir='ltr'><strong>quae</strong></span> <span class='ocrx_word' id='word_1_486' title='bbox 890 3367 940 3418; x_wconf 94' lang='lat' dir='ltr'><strong>in</strong></span> <span class='ocrx_word' id='word_1_487' title='bbox 966 3369 1221 3435; x_wconf 81' lang='lat' dir='ltr'><strong>patientia</strong></span> <span class='ocrx_word' id='word_1_488' title='bbox 1253 3377 1358 3435; x_wconf 87' lang='lat' dir='ltr'><strong>est,</strong></span> <span class='ocrx_word' id='word_1_489' title='bbox 1387 3369 1512 3424; x_wconf 82' lang='lat' dir='ltr'><strong>iiuis</strong></span> <span class='ocrx_word' id='word_1_490' title='bbox 1536 3387 1552 3437; x_wconf 88' lang='lat'><strong>;</strong></span> <span class='ocrx_word' id='word_1_491' title='bbox 1581 3371 1677 3426; x_wconf 83' lang='lat' dir='ltr'><strong>sed</strong></span> <span class='ocrx_word' id='word_1_492' title='bbox 1704 3371 1796 3441; x_wconf 91' lang='lat' dir='ltr'><strong>qui</strong></span> <span class='ocrx_word' id='word_1_493' title='bbox 1826 3386 1949 3440; x_wconf 80' lang='lat' dir='ltr'><strong>pro-</strong></span> 
     </span>
    </p>
   </div>
   <div class='ocr_carea' id='block_1_66' title="bbox 387 3453 1951 3532">
    <p class='ocr_par' dir='ltr' id='par_1_66' title="bbox 387 3453 1951 3532">
     <span class='ocr_line' id='line_1_66' title="bbox 387 3453 1951 3532; baseline 0.005 -24"><span class='ocrx_word' id='word_1_494' title='bbox 387 3453 511 3508; x_wconf 92' lang='lat' dir='ltr'><strong>tuiit</strong></span> <span class='ocrx_word' id='word_1_495' title='bbox 539 3455 976 3524; x_wconf 85' lang='lat' dir='ltr'><strong>amaritudinem,</strong></span> <span class='ocrx_word' id='word_1_496' title='bbox 1003 3474 1112 3513; x_wconf 86' lang='lat' dir='ltr'><strong>non</strong></span> <span class='ocrx_word' id='word_1_497' title='bbox 1138 3459 1395 3526; x_wconf 81' lang='lat' dir='ltr'><strong>erudivit,</strong></span> <span class='ocrx_word' id='word_1_498' title='bbox 1426 3461 1558 3526; x_wconf 92' lang='lat' dir='ltr'><strong>imo,</strong></span> <span class='ocrx_word' id='word_1_499' title='bbox 1581 3462 1726 3530; x_wconf 91' lang='lat' dir='ltr'><strong>quod</strong></span> <span class='ocrx_word' id='word_1_500' title='bbox 1759 3461 1826 3516; x_wconf 92' lang='lat' dir='ltr'><strong>ad</strong></span> <span class='ocrx_word' id='word_1_501' title='bbox 1871 3462 1951 3532; x_wconf 88' lang='lat' dir='ltr'><strong>ip-</strong></span> 
     </span>
    </p>
   </div>
   <div class='ocr_carea' id='block_1_67' title="bbox 389 3547 1952 3616">
    <p class='ocr_par' dir='ltr' id='par_1_67' title="bbox 389 3547 1952 3616">
     <span class='ocr_line' id='line_1_67' title="bbox 389 3547 1952 3616; baseline 0.003 -15"><span class='ocrx_word' id='word_1_502' title='bbox 389 3560 512 3601; x_wconf 81' lang='lat' dir='ltr'><strong>sum</strong></span> <span class='ocrx_word' id='word_1_503' title='bbox 538 3547 755 3614; x_wconf 84' lang='lat' dir='ltr'><strong>attinet,</strong></span> <span class='ocrx_word' id='word_1_504' title='bbox 783 3549 1034 3616; x_wconf 81' lang='lat' dir='ltr'><strong>perdidit.</strong></span> <span class='ocrx_word' id='word_1_505' title='bbox 1937 3593 1952 3610; x_wconf 90' lang='lat'><strong>,</strong></span> 
     </span>
    </p>
   </div>
   <div class='ocr_carea' id='block_1_68' title="bbox 462 3636 1953 3712">
    <p class='ocr_par' dir='ltr' id='par_1_68' title="bbox 462 3636 1953 3712">
     <span class='ocr_line' id='line_1_68' title="bbox 462 3636 1953 3712; baseline 0.005 -21"><span class='ocrx_word' id='word_1_506' title='bbox 462 3636 586 3692; x_wconf 69' lang='lat'><strong>403.</strong></span> <span class='ocrx_word' id='word_1_507' title='bbox 641 3639 762 3694; x_wconf 87' lang='lat' dir='ltr'><strong>Non</strong></span> <span class='ocrx_word' id='word_1_508' title='bbox 808 3639 974 3710; x_wconf 73' lang='lat' dir='ltr'><strong>igitur</strong></span> <span class='ocrx_word' id='word_1_509' title='bbox 998 3640 1052 3694; x_wconf 90' lang='lat' dir='ltr'><strong>in</strong></span> <span class='ocrx_word' id='word_1_510' title='bbox 1103 3641 1422 3710; x_wconf 75' lang='lat' dir='ltr'><strong>magistrum</strong></span> <span class='ocrx_word' id='word_1_511' title='bbox 1469 3641 1602 3696; x_wconf 82' lang='lat' dir='ltr'><strong>mihi</strong></span> <span class='ocrx_word' id='word_1_512' title='bbox 1653 3643 1953 3712; x_wconf 77' lang='lat' dir='ltr'><strong>sopitistice</strong></span> 
     </span>
    </p>
   </div>
   <div class='ocr_carea' id='block_1_69' title="bbox 386 3729 1952 3804">
    <p class='ocr_par' dir='ltr' id='par_1_69' title="bbox 386 3729 1952 3804">
     <span class='ocr_line' id='line_1_69' title="bbox 386 3729 1952 3804; baseline 0.006 -25"><span class='ocrx_word' id='word_1_513' title='bbox 386 3729 507 3798; x_wconf 88' lang='lat' dir='ltr'><strong>quis</strong></span> <span class='ocrx_word' id='word_1_514' title='bbox 540 3739 704 3799; x_wconf 84' lang='lat' dir='ltr'><strong>ponat</strong></span> <span class='ocrx_word' id='word_1_515' title='bbox 743 3731 1135 3799; x_wconf 84' lang='lat' dir='ltr'><strong>adversarium,</strong></span> <span class='ocrx_word' id='word_1_516' title='bbox 1160 3731 1317 3801; x_wconf 81' lang='lat' dir='ltr'><strong>cujus</strong></span> <span class='ocrx_word' id='word_1_517' title='bbox 1344 3732 1595 3796; x_wconf 84' lang='lat' dir='ltr'><strong>interest,</strong></span> <span class='ocrx_word' id='word_1_518' title='bbox 1651 3747 1758 3787; x_wconf 89' lang='lat' dir='ltr'><strong>non</strong></span> <span class='ocrx_word' id='word_1_519' title='bbox 1796 3733 1952 3804; x_wconf 79' lang='lat' dir='ltr'><strong>juxta</strong></span> 
     </span>
    </p>
   </div>
   <div class='ocr_carea' id='block_1_70' title="bbox 374 3821 1950 3892">
    <p class='ocr_par' dir='ltr' id='par_1_70' title="bbox 374 3821 1950 3892">
     <span class='ocr_line' id='line_1_70' title="bbox 374 3821 1950 3892; baseline 0.003 -18"><span class='ocrx_word' id='word_1_520' title='bbox 374 3821 728 3890; x_wconf 56' lang='lat' dir='ltr'><strong>.discipiinam</strong></span> <span class='ocrx_word' id='word_1_521' title='bbox 763 3823 880 3877; x_wconf 80' lang='lat' dir='ltr'><strong>sive</strong></span> <span class='ocrx_word' id='word_1_522' title='bbox 915 3824 1116 3886; x_wconf 73' lang='lat' dir='ltr'><strong>verbis,</strong></span> <span class='ocrx_word' id='word_1_523' title='bbox 1145 3823 1264 3878; x_wconf 87' lang='lat' dir='ltr'><strong>sive</strong></span> <span class='ocrx_word' id='word_1_524' title='bbox 1283 3823 1563 3892; x_wconf 75' lang='lat' dir='ltr'><strong>operibus,</strong></span> <span class='ocrx_word' id='word_1_525' title='bbox 1593 3823 1658 3878; x_wconf 87' lang='lat' dir='ltr'><strong>ad</strong></span> <span class='ocrx_word' id='word_1_526' title='bbox 1692 3823 1950 3879; x_wconf 82' lang='lat' dir='ltr'><strong>virtutem</strong></span> 
     </span>
    </p>
   </div>
   <div class='ocr_carea' id='block_1_71' title="bbox 391 3912 1952 3984">
    <p class='ocr_par' dir='ltr' id='par_1_71' title="bbox 391 3912 1952 3984">
     <span class='ocr_line' id='line_1_71' title="bbox 391 3912 1952 3984; baseline 0.004 -20"><span class='ocrx_word' id='word_1_527' title='bbox 391 3921 729 3978; x_wconf 77' lang='lat' dir='ltr'><strong>convertere,</strong></span> <span class='ocrx_word' id='word_1_528' title='bbox 762 3913 879 3976; x_wconf 87' lang='lat' dir='ltr'><strong>sed,</strong></span> <span class='ocrx_word' id='word_1_529' title='bbox 908 3912 1075 3968; x_wconf 87' lang='lat' dir='ltr'><strong>veluti</strong></span> <span class='ocrx_word' id='word_1_530' title='bbox 1107 3913 1151 3968; x_wconf 90' lang='lat' dir='ltr'><strong>si</strong></span> <span class='ocrx_word' id='word_1_531' title='bbox 1206 3927 1330 3984; x_wconf 66' lang='lat' dir='ltr'><strong>qua:</strong></span> <span class='ocrx_word' id='word_1_532' title='bbox 1377 3915 1664 3969; x_wconf 79' lang='lat' dir='ltr'><strong>carnivora</strong></span> <span class='ocrx_word' id='word_1_533' title='bbox 1725 3913 1836 3969; x_wconf 80' lang='lat' dir='ltr'><strong>fera</strong></span> <span class='ocrx_word' id='word_1_534' title='bbox 1869 3916 1952 3970; x_wconf 86' lang='lat' dir='ltr'><strong>vel</strong></span> 
     </span>
    </p>
   </div>
   <div class='ocr_carea' id='block_1_72' title="bbox 374 4003 1952 4073">
    <p class='ocr_par' dir='ltr' id='par_1_72' title="bbox 374 4003 1952 4073">
     <span class='ocr_line' id='line_1_72' title="bbox 374 4003 1952 4073; baseline 0.003 -15"><span class='ocrx_word' id='word_1_535' title='bbox 374 4003 588 4059; x_wconf 59' lang='lat' dir='ltr'><strong>~i‘ulmeu</strong></span> <span class='ocrx_word' id='word_1_536' title='bbox 617 4005 908 4073; x_wconf 82' lang='lat' dir='ltr'><strong>quemdam</strong></span> <span class='ocrx_word' id='word_1_537' title='bbox 937 4015 1299 4070; x_wconf 87' lang='lat' dir='ltr'><strong>consumeret,</strong></span> <span class='ocrx_word' id='word_1_538' title='bbox 1325 4019 1358 4060; x_wconf 89' lang='lat' dir='ltr'><strong>a</strong></span> <span class='ocrx_word' id='word_1_539' title='bbox 1385 4006 1494 4060; x_wconf 89' lang='lat' dir='ltr'><strong>vita</strong></span> <span class='ocrx_word' id='word_1_540' title='bbox 1531 4007 1826 4062; x_wconf 81' lang='lat' dir='ltr'><strong>abducere.</strong></span> <span class='ocrx_word' id='word_1_541' title='bbox 1857 4006 1952 4063; x_wconf 86' lang='lat' dir='ltr'><strong>His</strong></span> 
     </span>
    </p>
   </div>
   <div class='ocr_carea' id='block_1_73' title="bbox 370 4095 1952 4167">
    <p class='ocr_par' dir='ltr' id='par_1_73' title="bbox 370 4095 1952 4167">
     <span class='ocr_line' id='line_1_73' title="bbox 370 4095 1952 4167; baseline 0.001 -18"><span class='ocrx_word' id='word_1_542' title='bbox 370 4105 708 4167; x_wconf 85' lang='lat' dir='ltr'><strong>_--opportune,</strong></span> <span class='ocrx_word' id='word_1_543' title='bbox 763 4106 915 4164; x_wconf 88' lang='lat' dir='ltr'><strong>puto,</strong></span> <span class='ocrx_word' id='word_1_544' title='bbox 967 4095 1295 4164; x_wconf 86' lang='lat' dir='ltr'><strong>superaddo,</strong></span> <span class='ocrx_word' id='word_1_545' title='bbox 1344 4096 1512 4166; x_wconf 88' lang='lat' dir='ltr'><strong>quod,</strong></span> <span class='ocrx_word' id='word_1_546' title='bbox 1541 4097 1584 4151; x_wconf 88' lang='lat' dir='ltr'><strong>si</strong></span> <span class='ocrx_word' id='word_1_547' title='bbox 1616 4097 1700 4152; x_wconf 88' lang='lat' dir='ltr'><strong>vel</strong></span> <span class='ocrx_word' id='word_1_548' title='bbox 1729 4097 1798 4152; x_wconf 85' lang='lat' dir='ltr'><strong>ab</strong></span> <span class='ocrx_word' id='word_1_549' title='bbox 1845 4098 1952 4152; x_wconf 86' lang='lat' dir='ltr'><strong>iui-</strong></span> 
     </span>
    </p>
   </div>
   <div class='ocr_carea' id='block_1_74' title="bbox 388 4183 1953 4256">
    <p class='ocr_par' dir='ltr' id='par_1_74' title="bbox 388 4183 1953 4256">
     <span class='ocr_line' id='line_1_74' title="bbox 388 4183 1953 4256; baseline 0.004 -21"><span class='ocrx_word' id='word_1_550' title='bbox 388 4184 546 4237; x_wconf 88' lang='lat' dir='ltr'><strong>micis</strong></span> <span class='ocrx_word' id='word_1_551' title='bbox 575 4183 862 4238; x_wconf 90' lang='lat' dir='ltr'><strong>utilitatem</strong></span> <span class='ocrx_word' id='word_1_552' title='bbox 905 4185 1182 4253; x_wconf 88' lang='lat' dir='ltr'><strong>percipere</strong></span> <span class='ocrx_word' id='word_1_553' title='bbox 1223 4184 1596 4253; x_wconf 77' lang='lat' dir='ltr'><strong>diligentiores</strong></span> <span class='ocrx_word' id='word_1_554' title='bbox 1621 4196 1770 4242; x_wconf 90' lang='lat' dir='ltr'><strong>recte</strong></span> <span class='ocrx_word' id='word_1_555' title='bbox 1796 4188 1953 4256; x_wconf 82' lang='lat' dir='ltr'><strong>agni-</strong></span> 
     </span>
    </p>
   </div>
   <div class='ocr_carea' id='block_1_75' title="bbox 379 4273 1947 4344">
    <p class='ocr_par' dir='ltr' id='par_1_75' title="bbox 379 4273 1947 4344">
     <span class='ocr_line' id='line_1_75' title="bbox 379 4273 1947 4344; baseline 0.003 -18"><span class='ocrx_word' id='word_1_556' title='bbox 379 4281 501 4327; x_wconf 87' lang='lat' dir='ltr'><strong>tum</strong></span> <span class='ocrx_word' id='word_1_557' title='bbox 525 4280 581 4327; x_wconf 88' lang='lat' dir='ltr'><strong>et</strong></span> <span class='ocrx_word' id='word_1_558' title='bbox 602 4273 828 4328; x_wconf 87' lang='lat' dir='ltr'><strong>solerter</strong></span> <span class='ocrx_word' id='word_1_559' title='bbox 849 4275 1216 4344; x_wconf 70' lang='lat' dir='ltr'><strong>excogitatum</strong></span> <span class='ocrx_word' id='word_1_560' title='bbox 1243 4283 1350 4341; x_wconf 86' lang='lat' dir='ltr'><strong>est,</strong></span> <span class='ocrx_word' id='word_1_561' title='bbox 1379 4277 1432 4329; x_wconf 94' lang='lat' dir='ltr'><strong>in</strong></span> <span class='ocrx_word' id='word_1_562' title='bbox 1455 4279 1782 4332; x_wconf 88' lang='lat' dir='ltr'><strong>sententiam</strong></span> <span class='ocrx_word' id='word_1_563' title='bbox 1808 4278 1947 4332; x_wconf 89' lang='lat' dir='ltr'><strong>dicta</strong></span> 
     </span>
    </p>
   </div>
   <div class='ocr_carea' id='block_1_76' title="bbox 2050 3103 3623 3174">
    <p class='ocr_par' dir='ltr' id='par_1_76' title="bbox 2050 3103 3623 3174">
     <span class='ocr_line' id='line_1_76' title="bbox 2050 3103 3623 3174; baseline -0.003 -15"><span class='ocrx_word' id='word_1_564' title='bbox 2050 3106 2112 3159; x_wconf 75' lang='lat' dir='ltr'><strong>Et</strong></span> <span class='ocrx_word' id='word_1_565' title='bbox 2152 3106 2211 3159; x_wconf 70' lang='grc' dir='ltr'>δέ</span> <span class='ocrx_word' id='word_1_566' title='bbox 2251 3121 2334 3168; x_wconf 89' lang='grc' dir='ltr'>τις</span> <span class='ocrx_word' id='word_1_567' title='bbox 2373 3104 2639 3174; x_wconf 80' lang='grc' dir='ltr'>γενναίως</span> <span class='ocrx_word' id='word_1_568' title='bbox 2683 3103 2865 3174; x_wconf 83' lang='grc' dir='ltr'>φέρων</span> <span class='ocrx_word' id='word_1_569' title='bbox 2900 3103 2997 3158; x_wconf 69' lang='grc' dir='ltr'><strong>καὶ</strong></span> <span class='ocrx_word' id='word_1_570' title='bbox 3039 3104 3434 3174; x_wconf 79' lang='grc' dir='ltr'>ἀμνησικάκως</span> <span class='ocrx_word' id='word_1_571' title='bbox 3479 3103 3623 3170; x_wconf 79' lang='grc' dir='ltr'>γλυ-</span> 
     </span>
    </p>
   </div>
   <div class='ocr_carea' id='block_1_77' title="bbox 2049 3192 3623 3265">
    <p class='ocr_par' dir='ltr' id='par_1_77' title="bbox 2049 3192 3623 3265">
     <span class='ocr_line' id='line_1_77' title="bbox 2049 3192 3623 3265; baseline -0.001 -17"><span class='ocrx_word' id='word_1_572' title='bbox 2049 3193 2259 3264; x_wconf 81' lang='grc' dir='ltr'>κύτητα</span> <span class='ocrx_word' id='word_1_573' title='bbox 2299 3193 2503 3265; x_wconf 79' lang='grc' dir='ltr'>πάσχει</span> <span class='ocrx_word' id='word_1_574' title='bbox 2542 3194 2666 3247; x_wconf 82' lang='grc' dir='ltr'>κατ’</span> <span class='ocrx_word' id='word_1_575' title='bbox 2689 3193 2910 3263; x_wconf 74' lang='grc' dir='ltr'>ἀρετὴν,</span> <span class='ocrx_word' id='word_1_576' title='bbox 2954 3193 3091 3247; x_wconf 80' lang='grc' dir='ltr'>ἀλλὰ</span> <span class='ocrx_word' id='word_1_577' title='bbox 3129 3193 3290 3246; x_wconf 85' lang='grc' dir='ltr'>τοῦτο</span> <span class='ocrx_word' id='word_1_578' title='bbox 3333 3193 3430 3262; x_wconf 75' lang='grc' dir='ltr'>μὲν</span> <span class='ocrx_word' id='word_1_579' title='bbox 3471 3192 3623 3246; x_wconf 77' lang='grc' dir='ltr'>κατὰ</span> 
     </span>
    </p>
   </div>
   <div class='ocr_carea' id='block_1_78' title="bbox 2050 3281 3622 3352">
    <p class='ocr_par' dir='ltr' id='par_1_78' title="bbox 2050 3281 3622 3352">
     <span class='ocr_line' id='line_1_78' title="bbox 2050 3281 3622 3352; baseline -0.003 -13"><span class='ocrx_word' id='word_1_580' title='bbox 2050 3285 2206 3352; x_wconf 79' lang='grc' dir='ltr'>Θεὸν,</span> <span class='ocrx_word' id='word_1_581' title='bbox 2238 3287 2335 3340; x_wconf 77' lang='grc' dir='ltr'><strong>καὶ</strong></span> <span class='ocrx_word' id='word_1_582' title='bbox 2360 3285 2450 3339; x_wconf 86' lang='grc' dir='ltr'>διὰ</span> <span class='ocrx_word' id='word_1_583' title='bbox 2476 3286 2632 3349; x_wconf 78' lang='grc' dir='ltr'>Θεὸν,</span> <span class='ocrx_word' id='word_1_584' title='bbox 2660 3286 2756 3338; x_wconf 79' lang='grc' dir='ltr'><strong>καὶ</strong></span> <span class='ocrx_word' id='word_1_585' title='bbox 2771 3283 2929 3349; x_wconf 81' lang='grc' dir='ltr'>Θεοῦ,</span> <span class='ocrx_word' id='word_1_586' title='bbox 2959 3286 3054 3338; x_wconf 76' lang='grc' dir='ltr'><strong>καὶ</strong></span> <span class='ocrx_word' id='word_1_587' title='bbox 3077 3284 3231 3346; x_wconf 80' lang='grc' dir='ltr'>τέλος</span> <span class='ocrx_word' id='word_1_588' title='bbox 3248 3283 3394 3336; x_wconf 68' lang='grc' dir='ltr'>ἐστὶν</span> <span class='ocrx_word' id='word_1_589' title='bbox 3409 3281 3622 3352; x_wconf 76' lang='grc' dir='ltr'>ἀρετῆς</span> 
     </span>
    </p>
   </div>
   <div class='ocr_carea' id='block_1_79' title="bbox 2048 3374 3620 3446">
    <p class='ocr_par' dir='ltr' id='par_1_79' title="bbox 2048 3374 3620 3446">
     <span class='ocr_line' id='line_1_79' title="bbox 2048 3374 3620 3446; baseline -0.003 -16"><span class='ocrx_word' id='word_1_590' title='bbox 2048 3379 2148 3446; x_wconf 79' lang='grc' dir='ltr'><strong>τῆς</strong></span> <span class='ocrx_word' id='word_1_591' title='bbox 2189 3379 2249 3431; x_wconf 83' lang='grc' dir='ltr'>ὲν</span> <span class='ocrx_word' id='word_1_592' title='bbox 2290 3377 2536 3446; x_wconf 78' lang='grc' dir='ltr'>ὑπομονῇ</span> <span class='ocrx_word' id='word_1_593' title='bbox 2561 3393 2575 3408; x_wconf 84' lang='grc'><strong>·</strong></span> <span class='ocrx_word' id='word_1_594' title='bbox 2616 3376 2645 3427; x_wconf 79' lang='grc' dir='ltr'><strong>δ</strong></span> <span class='ocrx_word' id='word_1_595' title='bbox 2681 3375 2739 3428; x_wconf 78' lang='grc' dir='ltr'>δὲ</span> <span class='ocrx_word' id='word_1_596' title='bbox 2781 3375 3084 3444; x_wconf 89' lang='grc' dir='ltr'>πικραίνων</span> <span class='ocrx_word' id='word_1_597' title='bbox 3123 3374 3222 3428; x_wconf 75' lang='grc' dir='ltr'>οὐκ</span> <span class='ocrx_word' id='word_1_598' title='bbox 3262 3374 3620 3438; x_wconf 73' lang='grc' dir='ltr'>ὲπαίδευσεν,</span> 
     </span>
    </p>
   </div>
   <div class='ocr_carea' id='block_1_80' title="bbox 2050 3458 3133 3537">
    <p class='ocr_par' dir='ltr' id='par_1_80' title="bbox 2050 3458 3133 3537">
     <span class='ocr_line' id='line_1_80' title="bbox 2050 3458 3133 3537; baseline -0.002 -17"><span class='ocrx_word' id='word_1_599' title='bbox 2050 3465 2187 3520; x_wconf 82' lang='grc' dir='ltr'>ἀλλὰ</span> <span class='ocrx_word' id='word_1_600' title='bbox 2215 3465 2278 3520; x_wconf 86' lang='grc' dir='ltr'>τό</span> <span class='ocrx_word' id='word_1_601' title='bbox 2305 3482 2370 3535; x_wconf 85' lang='grc' dir='ltr'><strong>γε</strong></span> <span class='ocrx_word' id='word_1_602' title='bbox 2399 3467 2479 3529; x_wconf 87' lang='grc' dir='ltr'><strong>είς</strong></span> <span class='ocrx_word' id='word_1_603' title='bbox 2507 3465 2676 3519; x_wconf 78' lang='grc' dir='ltr'>αὐτὸν</span> <span class='ocrx_word' id='word_1_604' title='bbox 2703 3458 2840 3537; x_wconf 75' lang='grc' dir='ltr'>ἧκον</span> <span class='ocrx_word' id='word_1_605' title='bbox 2867 3463 3133 3518; x_wconf 77' lang='grc' dir='ltr'>ἀνάλωσε.</span> 
     </span>
    </p>
   </div>
   <div class='ocr_carea' id='block_1_81' title="bbox 2125 3641 3618 3715">
    <p class='ocr_par' dir='ltr' id='par_1_81' title="bbox 2125 3641 3618 3715">
     <span class='ocr_line' id='line_1_81' title="bbox 2125 3641 3618 3715; baseline -0.013 -2"><span class='ocrx_word' id='word_1_606' title='bbox 2125 3641 2227 3714; x_wconf 79' lang='grc' dir='ltr'><strong>ρΥὀ</strong></span> <span class='ocrx_word' id='word_1_607' title='bbox 2267 3643 2359 3715; x_wconf 75' lang='grc' dir='ltr'><strong>Μή</strong></span> <span class='ocrx_word' id='word_1_608' title='bbox 2398 3659 2490 3714; x_wconf 80' lang='grc' dir='ltr'><strong>μοι</strong></span> <span class='ocrx_word' id='word_1_609' title='bbox 2521 3643 2652 3712; x_wconf 83' lang='grc' dir='ltr'>γοῦν</span> <span class='ocrx_word' id='word_1_610' title='bbox 2688 3641 3018 3713; x_wconf 81' lang='grc' dir='ltr'>σοφιστικῶς</span> <span class='ocrx_word' id='word_1_611' title='bbox 3053 3644 3132 3706; x_wconf 82' lang='grc' dir='ltr'><strong>είς</strong></span> <span class='ocrx_word' id='word_1_612' title='bbox 3167 3641 3489 3696; x_wconf 81' lang='grc' dir='ltr'>διδάσκαλον</span> <span class='ocrx_word' id='word_1_613' title='bbox 3522 3645 3618 3713; x_wconf 75' lang='grc' dir='ltr'><strong>εγ-</strong></span> 
     </span>
    </p>
   </div>
   <div class='ocr_carea' id='block_1_82' title="bbox 2050 3727 3623 3805">
    <p class='ocr_par' dir='ltr' id='par_1_82' title="bbox 2050 3727 3623 3805">
     <span class='ocr_line' id='line_1_82' title="bbox 2050 3727 3623 3805; baseline -0.012 -1"><span class='ocrx_word' id='word_1_614' title='bbox 2050 3735 2310 3803; x_wconf 76' lang='grc' dir='ltr'><strong>γραφέτω</strong></span> <span class='ocrx_word' id='word_1_615' title='bbox 2339 3749 2425 3796; x_wconf 79' lang='grc' dir='ltr'><strong>τις</strong></span> <span class='ocrx_word' id='word_1_616' title='bbox 2455 3734 2547 3787; x_wconf 66' lang='grc' dir='ltr'>τὸν</span> <span class='ocrx_word' id='word_1_617' title='bbox 2581 3734 2957 3805; x_wconf 83' lang='grc' dir='ltr'>ἀντικείμενον</span> <span class='ocrx_word' id='word_1_618' title='bbox 2977 3773 2994 3800; x_wconf 94' lang='grc'><strong>,</strong></span> <span class='ocrx_word' id='word_1_619' title='bbox 3029 3733 3123 3788; x_wconf 72' lang='grc' dir='ltr'><strong>καὶ</strong></span> <span class='ocrx_word' id='word_1_620' title='bbox 3163 3727 3336 3803; x_wconf 76' lang='grc' dir='ltr'>οὗπερ</span> <span class='ocrx_word' id='word_1_621' title='bbox 3377 3736 3623 3798; x_wconf 75' lang='grc' dir='ltr'>σκοπὸς,</span> 
     </span>
    </p>
   </div>
   <div class='ocr_carea' id='block_1_83' title="bbox 2052 3825 3628 3897">
    <p class='ocr_par' dir='ltr' id='par_1_83' title="bbox 2052 3825 3628 3897">
     <span class='ocr_line' id='line_1_83' title="bbox 2052 3825 3628 3897; baseline 0 -19"><span class='ocrx_word' id='word_1_622' title='bbox 2052 3827 2151 3879; x_wconf 77' lang='grc' dir='ltr'><strong>οὐκ</strong></span> <span class='ocrx_word' id='word_1_623' title='bbox 2179 3825 2506 3896; x_wconf 69' lang='grc' dir='ltr'>επιπρέψαι</span> <span class='ocrx_word' id='word_1_624' title='bbox 2532 3825 2900 3890; x_wconf 86' lang='grc' dir='ltr'>παιδευτικῶς</span> <span class='ocrx_word' id='word_1_625' title='bbox 2921 3826 2992 3879; x_wconf 79' lang='grc' dir='ltr'><strong>τὰ</strong></span> <span class='ocrx_word' id='word_1_626' title='bbox 3020 3827 3118 3895; x_wconf 68' lang='grc' dir='ltr'><strong>μὲν</strong></span> <span class='ocrx_word' id='word_1_627' title='bbox 3144 3825 3344 3894; x_wconf 81' lang='grc' dir='ltr'>λόγοις,</span> <span class='ocrx_word' id='word_1_628' title='bbox 3372 3826 3439 3878; x_wconf 73' lang='grc' dir='ltr'><strong>τὰ</strong></span> <span class='ocrx_word' id='word_1_629' title='bbox 3461 3825 3508 3878; x_wconf 78' lang='grc' dir='ltr'>δ’</span> <span class='ocrx_word' id='word_1_630' title='bbox 3529 3827 3628 3897; x_wconf 80' lang='grc' dir='ltr'><strong>ἐρ-</strong></span> 
     </span>
    </p>
   </div>
   <div class='ocr_carea' id='block_1_84' title="bbox 2052 3913 3630 3986">
    <p class='ocr_par' dir='ltr' id='par_1_84' title="bbox 2052 3913 3630 3986">
     <span class='ocr_line' id='line_1_84' title="bbox 2052 3913 3630 3986; baseline 0.001 -18"><span class='ocrx_word' id='word_1_631' title='bbox 2052 3930 2169 3983; x_wconf 83' lang='grc' dir='ltr'>γοις</span> <span class='ocrx_word' id='word_1_632' title='bbox 2203 3915 2281 3978; x_wconf 82' lang='grc' dir='ltr'>είς</span> <span class='ocrx_word' id='word_1_633' title='bbox 2313 3913 2516 3986; x_wconf 83' lang='grc' dir='ltr'>ἀρετὴν</span> <span class='ocrx_word' id='word_1_634' title='bbox 2537 3955 2551 3980; x_wconf 89' lang='grc'><strong>,</strong></span> <span class='ocrx_word' id='word_1_635' title='bbox 2585 3914 2721 3968; x_wconf 77' lang='grc' dir='ltr'>ἀλλὰ</span> <span class='ocrx_word' id='word_1_636' title='bbox 2753 3914 3121 3984; x_wconf 76' lang='grc' dir='ltr'>ὑπεξαγαγεῖν</span> <span class='ocrx_word' id='word_1_637' title='bbox 3151 3916 3268 3986; x_wconf 82' lang='grc' dir='ltr'>βίου</span> <span class='ocrx_word' id='word_1_638' title='bbox 3287 3954 3302 3977; x_wconf 90' lang='grc'><strong>,</strong></span> <span class='ocrx_word' id='word_1_639' title='bbox 3332 3917 3404 3969; x_wconf 72' lang='grc' dir='ltr'>ὼε</span> <span class='ocrx_word' id='word_1_640' title='bbox 3439 3918 3488 3969; x_wconf 80' lang='grc' dir='ltr'>εί</span> <span class='ocrx_word' id='word_1_641' title='bbox 3523 3918 3630 3970; x_wconf 79' lang='grc' dir='ltr'><strong>καὶ</strong></span> 
     </span>
    </p>
   </div>
   <div class='ocr_carea' id='block_1_85' title="bbox 2054 4003 3628 4076">
    <p class='ocr_par' dir='ltr' id='par_1_85' title="bbox 2054 4003 3628 4076">
     <span class='ocr_line' id='line_1_85' title="bbox 2054 4003 3628 4076; baseline 0 -16"><span class='ocrx_word' id='word_1_642' title='bbox 2054 4005 2159 4076; x_wconf 76' lang='grc' dir='ltr'><strong>θὴρ</strong></span> <span class='ocrx_word' id='word_1_643' title='bbox 2183 4004 2447 4075; x_wconf 70' lang='grc' dir='ltr'>ὠμηστὴς</span> <span class='ocrx_word' id='word_1_644' title='bbox 2471 4004 2505 4074; x_wconf 79' lang='grc' dir='ltr'>ἢ</span> <span class='ocrx_word' id='word_1_645' title='bbox 2534 4007 2627 4059; x_wconf 67' lang='grc' dir='ltr'><strong>καὶ</strong></span> <span class='ocrx_word' id='word_1_646' title='bbox 2652 4005 2894 4074; x_wconf 77' lang='grc' dir='ltr'>σκηπτὸς</span> <span class='ocrx_word' id='word_1_647' title='bbox 2923 4005 3194 4060; x_wconf 70' lang='grc' dir='ltr'>ἀναλώσει</span> <span class='ocrx_word' id='word_1_648' title='bbox 3220 4006 3360 4060; x_wconf 82' lang='grc' dir='ltr'>τινά.</span> <span class='ocrx_word' id='word_1_649' title='bbox 3389 4003 3628 4072; x_wconf 78' lang='grc' dir='ltr'>Τούτοις</span> 
     </span>
    </p>
   </div>
   <div class='ocr_carea' id='block_1_86' title="bbox 2055 4089 3627 4166">
    <p class='ocr_par' dir='ltr' id='par_1_86' title="bbox 2055 4089 3627 4166">
     <span class='ocr_line' id='line_1_86' title="bbox 2055 4089 3627 4166; baseline 0.001 -17"><span class='ocrx_word' id='word_1_650' title='bbox 2055 4097 2388 4164; x_wconf 80' lang='grc' dir='ltr'>προσεπάγω</span> <span class='ocrx_word' id='word_1_651' title='bbox 2411 4095 2669 4165; x_wconf 86' lang='grc' dir='ltr'>καιρίως,</span> <span class='ocrx_word' id='word_1_652' title='bbox 2693 4089 2868 4164; x_wconf 74' lang='grc' dir='ltr'>οἶμαι,</span> <span class='ocrx_word' id='word_1_653' title='bbox 2894 4095 2992 4159; x_wconf 86' lang='grc' dir='ltr'><strong>ὡς,</strong></span> <span class='ocrx_word' id='word_1_654' title='bbox 3016 4095 3113 4147; x_wconf 69' lang='grc' dir='ltr'><strong>ἐὰν</strong></span> <span class='ocrx_word' id='word_1_655' title='bbox 3137 4097 3231 4148; x_wconf 69' lang='grc' dir='ltr'>καὶ</span> <span class='ocrx_word' id='word_1_656' title='bbox 3253 4098 3384 4166; x_wconf 83' lang='grc' dir='ltr'>παρ’</span> <span class='ocrx_word' id='word_1_657' title='bbox 3406 4097 3627 4166; x_wconf 76' lang='grc' dir='ltr'>ἐχθρῶν</span> 
     </span>
    </p>
   </div>
   <div class='ocr_carea' id='block_1_87' title="bbox 2054 4182 3627 4254">
    <p class='ocr_par' dir='ltr' id='par_1_87' title="bbox 2054 4182 3627 4254">
     <span class='ocr_line' id='line_1_87' title="bbox 2054 4182 3627 4254; baseline -0.003 -14"><span class='ocrx_word' id='word_1_658' title='bbox 2054 4184 2383 4254; x_wconf 75' lang='grc' dir='ltr'>ὠφελεῖσθαι</span> <span class='ocrx_word' id='word_1_659' title='bbox 2413 4185 2540 4246; x_wconf 78' lang='grc' dir='ltr'>τοὺς</span> <span class='ocrx_word' id='word_1_660' title='bbox 2575 4183 3027 4252; x_wconf 79' lang='grc' dir='ltr'>σπουδαιοτέρους</span> <span class='ocrx_word' id='word_1_661' title='bbox 3058 4182 3234 4252; x_wconf 82' lang='grc' dir='ltr'>ὀρθῶς</span> <span class='ocrx_word' id='word_1_662' title='bbox 3267 4199 3327 4234; x_wconf 87' lang='grc' dir='ltr'>τε</span> <span class='ocrx_word' id='word_1_663' title='bbox 3361 4184 3627 4251; x_wconf 76' lang='grc' dir='ltr'>ὲγνωμά-</span> 
     </span>
    </p>
   </div>
   <div class='ocr_carea' id='block_1_88' title="bbox 2054 4273 3633 4344">
    <p class='ocr_par' dir='ltr' id='par_1_88' title="bbox 2054 4273 3633 4344">
     <span class='ocr_line' id='line_1_88' title="bbox 2054 4273 3633 4344; baseline -0.003 -14"><span class='ocrx_word' id='word_1_664' title='bbox 2054 4293 2242 4330; x_wconf 84' lang='grc' dir='ltr'>τευται</span> <span class='ocrx_word' id='word_1_665' title='bbox 2262 4316 2277 4340; x_wconf 93' lang='grc'><strong>,</strong></span> <span class='ocrx_word' id='word_1_666' title='bbox 2313 4277 2407 4329; x_wconf 75' lang='grc' dir='ltr'>καὶ</span> <span class='ocrx_word' id='word_1_667' title='bbox 2439 4275 2629 4341; x_wconf 81' lang='grc' dir='ltr'>δεξιῶς</span> <span class='ocrx_word' id='word_1_668' title='bbox 2667 4273 3034 4344; x_wconf 82' lang='grc' dir='ltr'>μεμελέτηται</span> <span class='ocrx_word' id='word_1_669' title='bbox 3054 4313 3069 4337; x_wconf 89' lang='grc'><strong>,</strong></span> <span class='ocrx_word' id='word_1_670' title='bbox 3103 4273 3436 4342; x_wconf 79' lang='grc' dir='ltr'>άναιροῦμεν</span> <span class='ocrx_word' id='word_1_671' title='bbox 3469 4274 3521 4327; x_wconf 77' lang='lat' dir='ltr'><strong>oi</strong></span> <span class='ocrx_word' id='word_1_672' title='bbox 3552 4273 3633 4326; x_wconf 70' lang='grc' dir='ltr'>τὰ</span> 
     </span>
    </p>
   </div>
   <div class='ocr_carea' id='block_1_89' title="bbox 363 4346 1942 4438">
    <p class='ocr_par' dir='ltr' id='par_1_89' title="bbox 363 4362 1942 4432">
     <span class='ocr_line' id='line_1_89' title="bbox 363 4362 1942 4432; baseline 0.001 -17"><span class='ocrx_word' id='word_1_673' title='bbox 363 4401 366 4404; x_wconf 72' lang='lat'><strong>.</strong></span> <span class='ocrx_word' id='word_1_674' title='bbox 391 4362 697 4432; x_wconf 72' lang='lat' dir='ltr'><strong>redigentes</strong></span> <span class='ocrx_word' id='word_1_675' title='bbox 727 4363 974 4418; x_wconf 85' lang='lat' dir='ltr'><strong>eruimus</strong></span> <span class='ocrx_word' id='word_1_676' title='bbox 1022 4377 1144 4418; x_wconf 89' lang='lat' dir='ltr'><strong>esse</strong></span> <span class='ocrx_word' id='word_1_677' title='bbox 1171 4363 1496 4431; x_wconf 87' lang='lat' dir='ltr'><strong>quandoque</strong></span> <span class='ocrx_word' id='word_1_678' title='bbox 1525 4363 1610 4417; x_wconf 81' lang='lat' dir='ltr'><strong>vel</strong></span> <span class='ocrx_word' id='word_1_679' title='bbox 1651 4363 1942 4418; x_wconf 73' lang='lat' dir='ltr'><strong>inimicitia:</strong></span> 
     </span>
    </p>
   </div>
   <div class='ocr_carea' id='block_1_90' title="bbox 2041 4346 3630 4438">
    <p class='ocr_par' dir='ltr' id='par_1_90' title="bbox 2052 4361 3630 4438">
     <span class='ocr_line' id='line_1_90' title="bbox 2052 4361 3630 4438; baseline -0.003 -17"><span class='ocrx_word' id='word_1_680' title='bbox 2052 4371 2173 4438; x_wconf 85' lang='grc' dir='ltr'>είρη</span> <span class='ocrx_word' id='word_1_681' title='bbox 2184 4368 2317 4436; x_wconf 81' lang='grc' dir='ltr'>μένα</span> <span class='ocrx_word' id='word_1_682' title='bbox 2345 4365 2828 4434; x_wconf 77' lang='grc' dir='ltr'>γνωματευόμενοι</span> <span class='ocrx_word' id='word_1_683' title='bbox 2855 4365 2918 4417; x_wconf 83' lang='grc' dir='ltr'><strong>τὸ</strong></span> <span class='ocrx_word' id='word_1_684' title='bbox 2945 4361 3085 4417; x_wconf 81' lang='grc' dir='ltr'>εἷναί</span> <span class='ocrx_word' id='word_1_685' title='bbox 3119 4375 3252 4416; x_wconf 79' lang='grc' dir='ltr'>ποτε</span> <span class='ocrx_word' id='word_1_686' title='bbox 3287 4367 3380 4416; x_wconf 72' lang='grc' dir='ltr'><strong>καὶ</strong></span> <span class='ocrx_word' id='word_1_687' title='bbox 3405 4364 3503 4431; x_wconf 80' lang='grc' dir='ltr'>τῆς</span> <span class='ocrx_word' id='word_1_688' title='bbox 3533 4363 3630 4435; x_wconf 72' lang='grc' dir='ltr'><strong>ἒχ-</strong></span> 
     </span>
    </p>
   </div>
   <div class='ocr_carea' id='block_1_91' title="bbox 390 4452 1947 4523">
    <p class='ocr_par' dir='ltr' id='par_1_91' title="bbox 390 4452 1947 4523">
     <span class='ocr_line' id='line_1_91' title="bbox 390 4452 1947 4523; baseline 0.003 -19"><span class='ocrx_word' id='word_1_689' title='bbox 390 4467 642 4523; x_wconf 71' lang='lat' dir='ltr'><strong>maguum</strong></span> <span class='ocrx_word' id='word_1_690' title='bbox 687 4453 890 4522; x_wconf 89' lang='lat' dir='ltr'><strong>aliquid</strong></span> <span class='ocrx_word' id='word_1_691' title='bbox 918 4455 1284 4511; x_wconf 89' lang='lat' dir='ltr'><strong>commodum.</strong></span> <span class='ocrx_word' id='word_1_692' title='bbox 1318 4453 1377 4508; x_wconf 89' lang='lat' dir='ltr'><strong>Si</strong></span> <span class='ocrx_word' id='word_1_693' title='bbox 1406 4454 1549 4508; x_wconf 90' lang='lat' dir='ltr'><strong>enim</strong></span> <span class='ocrx_word' id='word_1_694' title='bbox 1584 4452 1862 4508; x_wconf 87' lang='lat' dir='ltr'><strong>inimicum</strong></span> <span class='ocrx_word' id='word_1_695' title='bbox 1894 4454 1947 4508; x_wconf 93' lang='lat' dir='ltr'><strong>in</strong></span> 
     </span>
    </p>
   </div>
   <div class='ocr_carea' id='block_1_92' title="bbox 389 4542 1952 4613">
    <p class='ocr_par' dir='ltr' id='par_1_92' title="bbox 389 4542 1952 4613">
     <span class='ocr_line' id='line_1_92' title="bbox 389 4542 1952 4613; baseline 0.001 -17"><span class='ocrx_word' id='word_1_696' title='bbox 389 4542 687 4604; x_wconf 82' lang='lat' dir='ltr'><strong>beneﬁcum</strong></span> <span class='ocrx_word' id='word_1_697' title='bbox 713 4543 1025 4598; x_wconf 83' lang='lat' dir='ltr'><strong>ordinemus</strong></span> <span class='ocrx_word' id='word_1_698' title='bbox 1046 4552 1099 4599; x_wconf 84' lang='lat' dir='ltr'><strong>et</strong></span> <span class='ocrx_word' id='word_1_699' title='bbox 1129 4545 1367 4613; x_wconf 77' lang='lat' dir='ltr'><strong>magistri</strong></span> <span class='ocrx_word' id='word_1_700' title='bbox 1400 4543 1522 4599; x_wconf 88' lang='lat' dir='ltr'><strong>loco</strong></span> <span class='ocrx_word' id='word_1_701' title='bbox 1567 4542 1952 4610; x_wconf 85' lang='lat' dir='ltr'><strong>inscribamus,</strong></span> 
     </span>
    </p>
   </div>
   <div class='ocr_carea' id='block_1_93' title="bbox 392 4631 1954 4703">
    <p class='ocr_par' dir='ltr' id='par_1_93' title="bbox 392 4631 1954 4703">
     <span class='ocr_line' id='line_1_93' title="bbox 392 4631 1954 4703; baseline 0.004 -18"><span class='ocrx_word' id='word_1_702' title='bbox 392 4647 496 4686; x_wconf 89' lang='lat' dir='ltr'><strong>non</strong></span> <span class='ocrx_word' id='word_1_703' title='bbox 548 4631 659 4700; x_wconf 80' lang='lat' dir='ltr'><strong>jam</strong></span> <span class='ocrx_word' id='word_1_704' title='bbox 712 4632 1092 4688; x_wconf 82' lang='lat' dir='ltr'><strong>declarandum</strong></span> <span class='ocrx_word' id='word_1_705' title='bbox 1141 4633 1248 4688; x_wconf 91' lang='lat' dir='ltr'><strong>erit</strong></span> <span class='ocrx_word' id='word_1_706' title='bbox 1289 4634 1433 4703; x_wconf 86' lang='lat' dir='ltr'><strong>quod</strong></span> <span class='ocrx_word' id='word_1_707' title='bbox 1481 4634 1736 4702; x_wconf 84' lang='lat' dir='ltr'><strong>possibile</strong></span> <span class='ocrx_word' id='word_1_708' title='bbox 1771 4635 1844 4690; x_wconf 83' lang='lat' dir='ltr'><strong>sit</strong></span> <span class='ocrx_word' id='word_1_709' title='bbox 1886 4651 1954 4691; x_wconf 79' lang='lat' dir='ltr'><strong>ex</strong></span> 
     </span>
    </p>
   </div>
   <div class='ocr_carea' id='block_1_94' title="bbox 389 4722 1954 4794">
    <p class='ocr_par' dir='ltr' id='par_1_94' title="bbox 389 4722 1954 4794">
     <span class='ocr_line' id='line_1_94' title="bbox 389 4722 1954 4794; baseline 0.003 -18"><span class='ocrx_word' id='word_1_710' title='bbox 389 4723 628 4779; x_wconf 90' lang='lat' dir='ltr'><strong>inimicis</strong></span> <span class='ocrx_word' id='word_1_711' title='bbox 670 4722 956 4778; x_wconf 83' lang='lat' dir='ltr'><strong>utilitatem</strong></span> <span class='ocrx_word' id='word_1_712' title='bbox 996 4723 1297 4793; x_wconf 81' lang='lat' dir='ltr'><strong>percipere,</strong></span> <span class='ocrx_word' id='word_1_713' title='bbox 1331 4723 1423 4778; x_wconf 90' lang='lat' dir='ltr'><strong>sed</strong></span> <span class='ocrx_word' id='word_1_714' title='bbox 1462 4725 1640 4793; x_wconf 87' lang='lat' dir='ltr'><strong>potius</strong></span> <span class='ocrx_word' id='word_1_715' title='bbox 1674 4725 1818 4794; x_wconf 85' lang='lat' dir='ltr'><strong>quod</strong></span> <span class='ocrx_word' id='word_1_716' title='bbox 1855 4740 1954 4782; x_wconf 89' lang='lat' dir='ltr'><strong>na-</strong></span> 
     </span>
    </p>
   </div>
   <div class='ocr_carea' id='block_1_95' title="bbox 389 4814 1954 4886">
    <p class='ocr_par' dir='ltr' id='par_1_95' title="bbox 389 4814 1954 4886">
     <span class='ocr_line' id='line_1_95' title="bbox 389 4814 1954 4886; baseline 0.004 -20"><span class='ocrx_word' id='word_1_717' title='bbox 389 4814 568 4868; x_wconf 86' lang='lat' dir='ltr'><strong>turale</strong></span> <span class='ocrx_word' id='word_1_718' title='bbox 598 4815 673 4871; x_wconf 86' lang='lat' dir='ltr'><strong>sit</strong></span> <span class='ocrx_word' id='word_1_719' title='bbox 713 4831 780 4870; x_wconf 78' lang='lat' dir='ltr'><strong>ex</strong></span> <span class='ocrx_word' id='word_1_720' title='bbox 821 4815 1078 4872; x_wconf 79' lang='lat' dir='ltr'><strong>beneﬁcis</strong></span> <span class='ocrx_word' id='word_1_721' title='bbox 1109 4824 1164 4869; x_wconf 88' lang='lat' dir='ltr'><strong>et</strong></span> <span class='ocrx_word' id='word_1_722' title='bbox 1194 4815 1468 4884; x_wconf 72' lang='lat' dir='ltr'><strong>magistris</strong></span> <span class='ocrx_word' id='word_1_723' title='bbox 1507 4817 1772 4886; x_wconf 86' lang='lat' dir='ltr'><strong>quosdam</strong></span> <span class='ocrx_word' id='word_1_724' title='bbox 1805 4819 1954 4874; x_wconf 79' lang='lat' dir='ltr'><strong>exci-</strong></span> 
     </span>
    </p>
   </div>
   <div class='ocr_carea' id='block_1_96' title="bbox 391 4905 1956 4976">
    <p class='ocr_par' dir='ltr' id='par_1_96' title="bbox 391 4905 1956 4976">
     <span class='ocr_line' id='line_1_96' title="bbox 391 4905 1956 4976; baseline 0.003 -18"><span class='ocrx_word' id='word_1_725' title='bbox 391 4919 519 4974; x_wconf 85' lang='lat' dir='ltr'><strong>pere</strong></span> <span class='ocrx_word' id='word_1_726' title='bbox 556 4905 862 4961; x_wconf 90' lang='lat' dir='ltr'><strong>commoda.</strong></span> <span class='ocrx_word' id='word_1_727' title='bbox 894 4905 960 4960; x_wconf 85' lang='lat' dir='ltr'><strong>Et</strong></span> <span class='ocrx_word' id='word_1_728' title='bbox 988 4905 1068 4960; x_wconf 86' lang='lat' dir='ltr'><strong>sic</strong></span> <span class='ocrx_word' id='word_1_729' title='bbox 1098 4905 1316 4976; x_wconf 87' lang='lat' dir='ltr'><strong>quidem</strong></span> <span class='ocrx_word' id='word_1_730' title='bbox 1356 4920 1388 4961; x_wconf 92' lang='lat' dir='ltr'><strong>e</strong></span> <span class='ocrx_word' id='word_1_731' title='bbox 1417 4907 1525 4960; x_wconf 87' lang='lat' dir='ltr'><strong>vita</strong></span> <span class='ocrx_word' id='word_1_732' title='bbox 1568 4906 1785 4962; x_wconf 89' lang='lat' dir='ltr'><strong>tolletur</strong></span> <span class='ocrx_word' id='word_1_733' title='bbox 1827 4908 1956 4975; x_wconf 89' lang='lat' dir='ltr'><strong>qui-</strong></span> 
     </span>
    </p>
   </div>
   <div class='ocr_carea' id='block_1_97' title="bbox 391 4995 1955 5068">
    <p class='ocr_par' dir='ltr' id='par_1_97' title="bbox 391 4995 1955 5068">
     <span class='ocr_line' id='line_1_97' title="bbox 391 4995 1955 5068; baseline 0.001 -18"><span class='ocrx_word' id='word_1_734' title='bbox 391 4997 517 5050; x_wconf 89' lang='lat' dir='ltr'><strong>dem</strong></span> <span class='ocrx_word' id='word_1_735' title='bbox 547 4995 834 5052; x_wconf 88' lang='lat' dir='ltr'><strong>utiiissima</strong></span> <span class='ocrx_word' id='word_1_736' title='bbox 881 4995 1174 5061; x_wconf 84' lang='lat' dir='ltr'><strong>sententia,</strong></span> <span class='ocrx_word' id='word_1_737' title='bbox 1200 4996 1558 5051; x_wconf 81' lang='lat' dir='ltr'><strong>substituetur</strong></span> <span class='ocrx_word' id='word_1_738' title='bbox 1599 5007 1782 5052; x_wconf 87' lang='lat' dir='ltr'><strong>autem</strong></span> <span class='ocrx_word' id='word_1_739' title='bbox 1809 4999 1955 5068; x_wconf 91' lang='lat' dir='ltr'><strong>quod</strong></span> 
     </span>
    </p>
   </div>
   <div class='ocr_carea' id='block_1_98' title="bbox 393 5084 1237 5154">
    <p class='ocr_par' dir='ltr' id='par_1_98' title="bbox 393 5084 1237 5154">
     <span class='ocr_line' id='line_1_98' title="bbox 393 5084 1237 5154; baseline 0.005 -16"><span class='ocrx_word' id='word_1_740' title='bbox 393 5085 482 5141; x_wconf 75' lang='lat' dir='ltr'><strong>vix</strong></span> <span class='ocrx_word' id='word_1_741' title='bbox 514 5084 757 5140; x_wconf 81' lang='lat' dir='ltr'><strong>auditum</strong></span> <span class='ocrx_word' id='word_1_742' title='bbox 797 5084 994 5154; x_wconf 83' lang='lat' dir='ltr'><strong>aliquis</strong></span> <span class='ocrx_word' id='word_1_743' title='bbox 1021 5087 1237 5142; x_wconf 90' lang='lat' dir='ltr'><strong>ridebit.</strong></span> 
     </span>
    </p>
   </div>
   <div class='ocr_carea' id='block_1_99' title="bbox 467 5173 1956 5246">
    <p class='ocr_par' dir='ltr' id='par_1_99' title="bbox 467 5173 1956 5246">
     <span class='ocr_line' id='line_1_99' title="bbox 467 5173 1956 5246; baseline 0 -16"><span class='ocrx_word' id='word_1_744' title='bbox 467 5175 592 5230; x_wconf 78' lang='grc' dir='ltr'>ιοι.</span> <span class='ocrx_word' id='word_1_745' title='bbox 627 5173 755 5230; x_wconf 86' lang='lat' dir='ltr'><strong>Scio</strong></span> <span class='ocrx_word' id='word_1_746' title='bbox 795 5174 1012 5244; x_wconf 88' lang='lat' dir='ltr'><strong>quidem</strong></span> <span class='ocrx_word' id='word_1_747' title='bbox 1067 5178 1208 5245; x_wconf 89' lang='lat' dir='ltr'><strong>quod</strong></span> <span class='ocrx_word' id='word_1_748' title='bbox 1242 5175 1442 5246; x_wconf 87' lang='lat' dir='ltr'><strong>aliquis</strong></span> <span class='ocrx_word' id='word_1_749' title='bbox 1476 5175 1848 5246; x_wconf 85' lang='lat' dir='ltr'><strong>respondebit,</strong></span> <span class='ocrx_word' id='word_1_750' title='bbox 1899 5183 1956 5232; x_wconf 90' lang='lat' dir='ltr'><strong>et</strong></span> 
     </span>
    </p>
   </div>
   <div class='ocr_carea' id='block_1_100' title="bbox 396 5267 1960 5338">
    <p class='ocr_par' dir='ltr' id='par_1_100' title="bbox 396 5267 1960 5338">
     <span class='ocr_line' id='line_1_100' title="bbox 396 5267 1960 5338; baseline 0 -18"><span class='ocrx_word' id='word_1_751' title='bbox 396 5268 624 5336; x_wconf 85' lang='lat' dir='ltr'><strong>insuper</strong></span> <span class='ocrx_word' id='word_1_752' title='bbox 657 5267 860 5338; x_wconf 70' lang='lat' dir='ltr'><strong>gratias</strong></span> <span class='ocrx_word' id='word_1_753' title='bbox 890 5281 1012 5322; x_wconf 87' lang='lat' dir='ltr'><strong>esse</strong></span> <span class='ocrx_word' id='word_1_754' title='bbox 1037 5268 1337 5323; x_wconf 86' lang='lat' dir='ltr'><strong>reddendas</strong></span> <span class='ocrx_word' id='word_1_755' title='bbox 1369 5268 1636 5323; x_wconf 84' lang='lat' dir='ltr'><strong>hostiliter</strong></span> <span class='ocrx_word' id='word_1_756' title='bbox 1657 5268 1960 5334; x_wconf 76' lang='lat' dir='ltr'><strong>agentibus,</strong></span> 
     </span>
    </p>
   </div>
   <div class='ocr_carea' id='block_1_101' title="bbox 396 5356 1960 5427">
    <p class='ocr_par' dir='ltr' id='par_1_101' title="bbox 396 5356 1960 5427">
     <span class='ocr_line' id='line_1_101' title="bbox 396 5356 1960 5427; baseline -0.001 -15"><span class='ocrx_word' id='word_1_757' title='bbox 396 5359 658 5426; x_wconf 88' lang='lat' dir='ltr'><strong>siquidem</strong></span> <span class='ocrx_word' id='word_1_758' title='bbox 685 5373 906 5427; x_wconf 87' lang='lat' dir='ltr'><strong>prorsus</strong></span> <span class='ocrx_word' id='word_1_759' title='bbox 925 5358 1216 5427; x_wconf 86' lang='lat' dir='ltr'><strong>aliquando</strong></span> <span class='ocrx_word' id='word_1_760' title='bbox 1241 5367 1365 5412; x_wconf 92' lang='lat' dir='ltr'><strong>sunt</strong></span> <span class='ocrx_word' id='word_1_761' title='bbox 1394 5359 1572 5414; x_wconf 87' lang='lat' dir='ltr'><strong>utiles.</strong></span> <span class='ocrx_word' id='word_1_762' title='bbox 1600 5356 1749 5414; x_wconf 85' lang='lat' dir='ltr'><strong>Talis</strong></span> <span class='ocrx_word' id='word_1_763' title='bbox 1781 5367 1960 5412; x_wconf 88' lang='lat' dir='ltr'><strong>autem</strong></span> 
     </span>
    </p>
   </div>
   <div class='ocr_carea' id='block_1_102' title="bbox 399 5447 1962 5518">
    <p class='ocr_par' dir='ltr' id='par_1_102' title="bbox 399 5447 1962 5518">
     <span class='ocr_line' id='line_1_102' title="bbox 399 5447 1962 5518; baseline -0.001 -16"><span class='ocrx_word' id='word_1_764' title='bbox 399 5449 611 5504; x_wconf 88' lang='lat' dir='ltr'><strong>audiret</strong></span> <span class='ocrx_word' id='word_1_765' title='bbox 645 5465 675 5503; x_wconf 90' lang='lat' dir='ltr'><strong>a</strong></span> <span class='ocrx_word' id='word_1_766' title='bbox 710 5463 820 5514; x_wconf 89' lang='lat' dir='ltr'><strong>me,</strong></span> <span class='ocrx_word' id='word_1_767' title='bbox 853 5449 998 5518; x_wconf 90' lang='lat' dir='ltr'><strong>quod</strong></span> <span class='ocrx_word' id='word_1_768' title='bbox 1030 5449 1076 5503; x_wconf 87' lang='lat' dir='ltr'><strong>si</strong></span> <span class='ocrx_word' id='word_1_769' title='bbox 1107 5449 1312 5516; x_wconf 74' lang='lat' dir='ltr'><strong>gratias</strong></span> <span class='ocrx_word' id='word_1_770' title='bbox 1343 5447 1463 5503; x_wconf 78' lang='lat' dir='ltr'><strong>istis</strong></span> <span class='ocrx_word' id='word_1_771' title='bbox 1493 5447 1639 5511; x_wconf 86' lang='lat' dir='ltr'><strong>novi,</strong></span> <span class='ocrx_word' id='word_1_772' title='bbox 1681 5461 1803 5502; x_wconf 87' lang='lat' dir='ltr'><strong>eum</strong></span> <span class='ocrx_word' id='word_1_773' title='bbox 1835 5460 1962 5516; x_wconf 90' lang='lat' dir='ltr'><strong>pec-</strong></span> 
     </span>
    </p>
   </div>
   <div class='ocr_carea' id='block_1_103' title="bbox 2056 4454 3632 4529">
    <p class='ocr_par' dir='ltr' id='par_1_103' title="bbox 2056 4454 3632 4529">
     <span class='ocr_line' id='line_1_103' title="bbox 2056 4454 3632 4529; baseline -0.004 -16"><span class='ocrx_word' id='word_1_774' title='bbox 2056 4459 2190 4529; x_wconf 84' lang='grc' dir='ltr'>θρας</span> <span class='ocrx_word' id='word_1_775' title='bbox 2229 4459 2370 4526; x_wconf 73' lang='grc' dir='ltr'><strong>μέγα</strong></span> <span class='ocrx_word' id='word_1_776' title='bbox 2400 4473 2456 4508; x_wconf 86' lang='grc' dir='ltr'>τι</span> <span class='ocrx_word' id='word_1_777' title='bbox 2489 4455 2924 4525; x_wconf 73' lang='grc' dir='ltr'>προσωφέλημα.</span> <span class='ocrx_word' id='word_1_778' title='bbox 2958 4454 3020 4506; x_wconf 81' lang='lat' dir='ltr'><strong>Ei</strong></span> <span class='ocrx_word' id='word_1_779' title='bbox 3056 4455 3164 4525; x_wconf 84' lang='grc' dir='ltr'>γὰρ</span> <span class='ocrx_word' id='word_1_780' title='bbox 3193 4454 3286 4507; x_wconf 80' lang='grc' dir='ltr'><strong>τὸν</strong></span> <span class='ocrx_word' id='word_1_781' title='bbox 3314 4454 3508 4524; x_wconf 69' lang='grc' dir='ltr'>ἐχθρὸν</span> <span class='ocrx_word' id='word_1_782' title='bbox 3543 4457 3632 4518; x_wconf 84' lang='grc' dir='ltr'>είς</span> 
     </span>
    </p>
   </div>
   <div class='ocr_carea' id='block_1_104' title="bbox 2055 4544 3633 4619">
    <p class='ocr_par' dir='ltr' id='par_1_104' title="bbox 2055 4544 3633 4619">
     <span class='ocr_line' id='line_1_104' title="bbox 2055 4544 3633 4619; baseline -0.002 -18"><span class='ocrx_word' id='word_1_783' title='bbox 2055 4547 2446 4619; x_wconf 76' lang='grc' dir='ltr'><strong>εὐεργετοῦντα</strong></span> <span class='ocrx_word' id='word_1_784' title='bbox 2477 4546 2732 4613; x_wconf 81' lang='grc' dir='ltr'>τάξομεν,</span> <span class='ocrx_word' id='word_1_785' title='bbox 2763 4545 2860 4598; x_wconf 79' lang='grc' dir='ltr'>καὶ</span> <span class='ocrx_word' id='word_1_786' title='bbox 2887 4545 2967 4606; x_wconf 85' lang='grc' dir='ltr'><strong>είς</strong></span> <span class='ocrx_word' id='word_1_787' title='bbox 2997 4544 3318 4598; x_wconf 72' lang='grc' dir='ltr'>διδάσκαλον</span> <span class='ocrx_word' id='word_1_788' title='bbox 3343 4547 3633 4615; x_wconf 76' lang='grc' dir='ltr'>μεταγρά-</span> 
     </span>
    </p>
   </div>
   <div class='ocr_carea' id='block_1_105' title="bbox 2053 4633 3633 4708">
    <p class='ocr_par' dir='ltr' id='par_1_105' title="bbox 2053 4633 3633 4708">
     <span class='ocr_line' id='line_1_105' title="bbox 2053 4633 3633 4708; baseline -0.001 -18"><span class='ocrx_word' id='word_1_789' title='bbox 2053 4639 2263 4708; x_wconf 85' lang='grc' dir='ltr'>ψομεν,</span> <span class='ocrx_word' id='word_1_790' title='bbox 2297 4635 2481 4691; x_wconf 77' lang='grc' dir='ltr'>οὐκέτι</span> <span class='ocrx_word' id='word_1_791' title='bbox 2515 4633 2858 4702; x_wconf 68' lang='grc' dir='ltr'>ἀποφαπέον</span> <span class='ocrx_word' id='word_1_792' title='bbox 2879 4673 2896 4696; x_wconf 93' lang='grc'><strong>,</strong></span> <span class='ocrx_word' id='word_1_793' title='bbox 2933 4634 3009 4697; x_wconf 83' lang='grc' dir='ltr'>ὡς</span> <span class='ocrx_word' id='word_1_794' title='bbox 3043 4634 3157 4687; x_wconf 80' lang='grc' dir='ltr'>ἔστι</span> <span class='ocrx_word' id='word_1_795' title='bbox 3191 4635 3287 4687; x_wconf 70' lang='grc' dir='ltr'>καὶ</span> <span class='ocrx_word' id='word_1_796' title='bbox 3319 4635 3378 4700; x_wconf 74' lang='grc' dir='ltr'><strong>ἐξ</strong></span> <span class='ocrx_word' id='word_1_797' title='bbox 3413 4636 3633 4704; x_wconf 66' lang='grc' dir='ltr'>ἐχθρῶν</span> 
     </span>
    </p>
   </div>
   <div class='ocr_carea' id='block_1_106' title="bbox 2055 4723 3634 4796">
    <p class='ocr_par' dir='ltr' id='par_1_106' title="bbox 2055 4723 3634 4796">
     <span class='ocr_line' id='line_1_106' title="bbox 2055 4723 3634 4796; baseline -0.002 -16"><span class='ocrx_word' id='word_1_798' title='bbox 2055 4727 2327 4796; x_wconf 75' lang='grc' dir='ltr'>ὠφέλειαν</span> <span class='ocrx_word' id='word_1_799' title='bbox 2363 4727 2510 4795; x_wconf 81' lang='grc' dir='ltr'>σχεῖν</span> <span class='ocrx_word' id='word_1_800' title='bbox 2531 4763 2547 4787; x_wconf 92' lang='grc'><strong>,</strong></span> <span class='ocrx_word' id='word_1_801' title='bbox 2584 4724 2720 4778; x_wconf 81' lang='grc' dir='ltr'>ἀλλὰ</span> <span class='ocrx_word' id='word_1_802' title='bbox 2757 4723 2958 4789; x_wconf 80' lang='grc' dir='ltr'>μᾶλλον</span> <span class='ocrx_word' id='word_1_803' title='bbox 2980 4762 2995 4787; x_wconf 91' lang='grc'><strong>,</strong></span> <span class='ocrx_word' id='word_1_804' title='bbox 3027 4723 3103 4784; x_wconf 82' lang='grc' dir='ltr'>ὡς</span> <span class='ocrx_word' id='word_1_805' title='bbox 3138 4723 3247 4791; x_wconf 71' lang='grc' dir='ltr'><strong>ἄρα</strong></span> <span class='ocrx_word' id='word_1_806' title='bbox 3281 4723 3496 4792; x_wconf 78' lang='grc' dir='ltr'>πέφυκε</span> <span class='ocrx_word' id='word_1_807' title='bbox 3532 4725 3634 4777; x_wconf 77' lang='grc' dir='ltr'><strong>καὶ</strong></span> 
     </span>
    </p>
   </div>
   <div class='ocr_carea' id='block_1_107' title="bbox 2058 4812 3628 4883">
    <p class='ocr_par' dir='ltr' id='par_1_107' title="bbox 2058 4812 3628 4883">
     <span class='ocr_line' id='line_1_107' title="bbox 2058 4812 3628 4883; baseline -0.001 -14"><span class='ocrx_word' id='word_1_808' title='bbox 2058 4816 2116 4880; x_wconf 67' lang='grc' dir='ltr'><strong>ἐξ</strong></span> <span class='ocrx_word' id='word_1_809' title='bbox 2143 4815 2573 4883; x_wconf 73' lang='grc' dir='ltr'>εὐεργετοῦν-των</span> <span class='ocrx_word' id='word_1_810' title='bbox 2594 4813 2691 4864; x_wconf 78' lang='grc' dir='ltr'>καὶ</span> <span class='ocrx_word' id='word_1_811' title='bbox 2713 4813 3078 4866; x_wconf 79' lang='grc' dir='ltr'>διδασκόντων</span> <span class='ocrx_word' id='word_1_812' title='bbox 3099 4812 3428 4880; x_wconf 76' lang='grc' dir='ltr'>ὠφελεῖσθαι</span> <span class='ocrx_word' id='word_1_813' title='bbox 3447 4814 3628 4875; x_wconf 87' lang='grc' dir='ltr'>τινάς.</span> 
     </span>
    </p>
   </div>
   <div class='ocr_carea' id='block_1_108' title="bbox 2059 4902 3635 4974">
    <p class='ocr_par' dir='ltr' id='par_1_108' title="bbox 2059 4902 3635 4974">
     <span class='ocr_line' id='line_1_108' title="bbox 2059 4902 3635 4974; baseline -0.004 -13"><span class='ocrx_word' id='word_1_814' title='bbox 2059 4908 2170 4962; x_wconf 77' lang='grc' dir='ltr'><strong>Καὶ</strong></span> <span class='ocrx_word' id='word_1_815' title='bbox 2209 4905 2382 4968; x_wconf 74' lang='grc' dir='ltr'>οὕτως</span> <span class='ocrx_word' id='word_1_816' title='bbox 2415 4905 2482 4957; x_wconf 73' lang='grc' dir='ltr'>ὲκ</span> <span class='ocrx_word' id='word_1_817' title='bbox 2512 4902 2608 4956; x_wconf 80' lang='grc' dir='ltr'>τοῦ</span> <span class='ocrx_word' id='word_1_818' title='bbox 2644 4902 2760 4972; x_wconf 86' lang='grc' dir='ltr'>βίου</span> <span class='ocrx_word' id='word_1_819' title='bbox 2795 4906 3077 4974; x_wconf 71' lang='grc' dir='ltr'>οἰχήσεται</span> <span class='ocrx_word' id='word_1_820' title='bbox 3119 4904 3222 4972; x_wconf 83' lang='grc' dir='ltr'>μὲν</span> <span class='ocrx_word' id='word_1_821' title='bbox 3253 4903 3635 4973; x_wconf 85' lang='grc' dir='ltr'>γνωμάτευμα.</span> 
     </span>
    </p>
   </div>
   <div class='ocr_carea' id='block_1_109' title="bbox 2059 4992 3636 5067">
    <p class='ocr_par' dir='ltr' id='par_1_109' title="bbox 2059 4992 3636 5067">
     <span class='ocr_line' id='line_1_109' title="bbox 2059 4992 3636 5067; baseline -0.002 -18"><span class='ocrx_word' id='word_1_822' title='bbox 2059 4995 2508 5067; x_wconf 81' lang='grc' dir='ltr'>χρησιμώτατον,</span> <span class='ocrx_word' id='word_1_823' title='bbox 2541 4993 3032 5064; x_wconf 79' lang='grc' dir='ltr'>άντεισαχθήσεται</span> <span class='ocrx_word' id='word_1_824' title='bbox 3059 4993 3148 5060; x_wconf 70' lang='grc' dir='ltr'>δὲ,</span> <span class='ocrx_word' id='word_1_825' title='bbox 3177 4992 3205 5046; x_wconf 83' lang='grc' dir='ltr'><strong>δ</strong></span> <span class='ocrx_word' id='word_1_826' title='bbox 3239 4993 3314 5064; x_wconf 75' lang='grc' dir='ltr'><strong>μὴ</strong></span> <span class='ocrx_word' id='word_1_827' title='bbox 3342 4995 3438 5047; x_wconf 70' lang='grc' dir='ltr'>καὶ</span> <span class='ocrx_word' id='word_1_828' title='bbox 3466 4994 3636 5047; x_wconf 83' lang='grc' dir='ltr'>ἁκού-</span> 
     </span>
    </p>
   </div>
   <div class='ocr_carea' id='block_1_110' title="bbox 1958 5084 2782 5154">
    <p class='ocr_par' dir='ltr' id='par_1_110' title="bbox 1958 5084 2782 5154">
     <span class='ocr_line' id='line_1_110' title="bbox 1958 5084 2782 5154; baseline -0.005 -13"><span class='ocrx_word' id='word_1_829' title='bbox 1958 5133 1966 5141; x_wconf 97' lang='grc'><strong>.</strong></span> <span class='ocrx_word' id='word_1_830' title='bbox 2062 5103 2163 5149; x_wconf 84' lang='grc' dir='ltr'><strong>σας</strong></span> <span class='ocrx_word' id='word_1_831' title='bbox 2188 5104 2270 5148; x_wconf 86' lang='grc' dir='ltr'><strong>τις</strong></span> <span class='ocrx_word' id='word_1_832' title='bbox 2299 5084 2690 5154; x_wconf 75' lang='grc' dir='ltr'>ἐκγελάσηται.</span> <span class='ocrx_word' id='word_1_833' title='bbox 2761 5116 2782 5131; x_wconf 76' lang='grc' dir='ltr'><strong><em>ο</em></strong></span> 
     </span>
    </p>
   </div>
   <div class='ocr_carea' id='block_1_111' title="bbox 2135 5157 3634 5246">
    <p class='ocr_par' dir='ltr' id='par_1_111' title="bbox 2135 5157 3634 5246">
     <span class='ocr_line' id='line_1_111' title="bbox 2135 5157 3634 5246; baseline -0.003 -14"><span class='ocrx_word' id='word_1_834' title='bbox 2135 5179 2231 5246; x_wconf 85' lang='grc' dir='ltr'>ρδ’.</span> <span class='ocrx_word' id='word_1_835' title='bbox 2265 5179 2378 5231; x_wconf 68' lang='grc' dir='ltr'><strong>Καὶ</strong></span> <span class='ocrx_word' id='word_1_836' title='bbox 2395 5172 2515 5229; x_wconf 83' lang='grc' dir='ltr'>οἶδα</span> <span class='ocrx_word' id='word_1_837' title='bbox 2543 5175 2664 5245; x_wconf 79' lang='grc' dir='ltr'>μὲν,</span> <span class='ocrx_word' id='word_1_838' title='bbox 2687 5174 2764 5238; x_wconf 82' lang='grc' dir='ltr'><strong>ὡς</strong></span> <span class='ocrx_word' id='word_1_839' title='bbox 2787 5157 3184 5244; x_wconf 80' lang='grc' dir='ltr'>ὑποκρούσεταί</span> <span class='ocrx_word' id='word_1_840' title='bbox 3211 5191 3312 5239; x_wconf 84' lang='grc' dir='ltr'>τις,</span> <span class='ocrx_word' id='word_1_841' title='bbox 3337 5174 3431 5232; x_wconf 73' lang='grc' dir='ltr'>καὶ</span> <span class='ocrx_word' id='word_1_842' title='bbox 3459 5175 3634 5227; x_wconf 76' lang='grc' dir='ltr'>είσὲτι</span> 
     </span>
    </p>
   </div>
   <div class='ocr_carea' id='block_1_112' title="bbox 2063 5259 3641 5340">
    <p class='ocr_par' dir='ltr' id='par_1_112' title="bbox 2063 5259 3641 5340">
     <span class='ocr_line' id='line_1_112' title="bbox 2063 5259 3641 5340; baseline -0.01 -17"><span class='ocrx_word' id='word_1_843' title='bbox 2063 5267 2346 5340; x_wconf 82' lang='grc' dir='ltr'>χαριστέον</span> <span class='ocrx_word' id='word_1_844' title='bbox 2376 5259 2516 5318; x_wconf 75' lang='grc' dir='ltr'>εἶναι</span> <span class='ocrx_word' id='word_1_845' title='bbox 2536 5267 2647 5327; x_wconf 81' lang='grc' dir='ltr'>τοῖς</span> <span class='ocrx_word' id='word_1_846' title='bbox 2676 5264 3072 5334; x_wconf 76' lang='grc' dir='ltr'>ἐχθραίνουσιν,</span> <span class='ocrx_word' id='word_1_847' title='bbox 3103 5262 3262 5333; x_wconf 84' lang='grc' dir='ltr'>εῐπερ</span> <span class='ocrx_word' id='word_1_848' title='bbox 3285 5266 3421 5327; x_wconf 79' lang='grc' dir='ltr'>ὅλως</span> <span class='ocrx_word' id='word_1_849' title='bbox 3451 5267 3641 5318; x_wconf 70' lang='grc' dir='ltr'>ὁπως-</span> 
     </span>
    </p>
   </div>
   <div class='ocr_carea' id='block_1_113' title="bbox 2064 5353 3638 5425">
    <p class='ocr_par' dir='ltr' id='par_1_113' title="bbox 2064 5353 3638 5425">
     <span class='ocr_line' id='line_1_113' title="bbox 2064 5353 3638 5425; baseline -0.004 -13"><span class='ocrx_word' id='word_1_850' title='bbox 2064 5359 2157 5412; x_wconf 82' lang='grc' dir='ltr'>οὖν</span> <span class='ocrx_word' id='word_1_851' title='bbox 2178 5357 2500 5425; x_wconf 80' lang='grc' dir='ltr'>ὠφελοῦσιν.</span> <span class='ocrx_word' id='word_1_852' title='bbox 2542 5353 2788 5407; x_wconf 83' lang='grc' dir='ltr'>Ἀκούσοι</span> <span class='ocrx_word' id='word_1_853' title='bbox 2810 5354 2854 5407; x_wconf 87' lang='grc' dir='ltr'>δ’</span> <span class='ocrx_word' id='word_1_854' title='bbox 2885 5353 2950 5406; x_wconf 78' lang='grc' dir='ltr'>ἂν</span> <span class='ocrx_word' id='word_1_855' title='bbox 2978 5355 3006 5406; x_wconf 80' lang='grc'>6</span> <span class='ocrx_word' id='word_1_856' title='bbox 3035 5354 3273 5415; x_wconf 78' lang='grc' dir='ltr'>τοιοῦτος</span> <span class='ocrx_word' id='word_1_857' title='bbox 3300 5353 3363 5406; x_wconf 71' lang='grc' dir='ltr'>ἐκ</span> <span class='ocrx_word' id='word_1_858' title='bbox 3393 5371 3454 5422; x_wconf 84' lang='grc' dir='ltr'>γε</span> <span class='ocrx_word' id='word_1_859' title='bbox 3475 5355 3638 5423; x_wconf 72' lang='grc' dir='ltr'>ἐμοῦ,</span> 
     </span>
    </p>
   </div>
   <div class='ocr_carea' id='block_1_114' title="bbox 2066 5441 3642 5513">
    <p class='ocr_par' dir='ltr' id='par_1_114' title="bbox 2066 5441 3642 5513">
     <span class='ocr_line' id='line_1_114' title="bbox 2066 5441 3642 5513; baseline -0.004 -14"><span class='ocrx_word' id='word_1_860' title='bbox 2066 5445 2164 5510; x_wconf 82' lang='grc' dir='ltr'>ὡς,</span> <span class='ocrx_word' id='word_1_861' title='bbox 2198 5447 2246 5498; x_wconf 87' lang='grc' dir='ltr'>εί</span> <span class='ocrx_word' id='word_1_862' title='bbox 2277 5444 2371 5498; x_wconf 75' lang='grc' dir='ltr'><strong>καὶ</strong></span> <span class='ocrx_word' id='word_1_863' title='bbox 2397 5443 2517 5497; x_wconf 77' lang='grc' dir='ltr'>οἶδα</span> <span class='ocrx_word' id='word_1_864' title='bbox 2545 5441 2754 5503; x_wconf 87' lang='grc' dir='ltr'>τούτοις</span> <span class='ocrx_word' id='word_1_865' title='bbox 2788 5444 3037 5512; x_wconf 86' lang='grc' dir='ltr'>χάριτας,</span> <span class='ocrx_word' id='word_1_866' title='bbox 3081 5442 3396 5513; x_wconf 82' lang='grc' dir='ltr'>ὲφάμαρτος</span> <span class='ocrx_word' id='word_1_867' title='bbox 3437 5443 3511 5497; x_wconf 83' lang='grc' dir='ltr'><strong>ῶν</strong></span> <span class='ocrx_word' id='word_1_868' title='bbox 3543 5446 3642 5498; x_wconf 76' lang='grc' dir='ltr'>καὶ</span> 
     </span>
    </p>
   </div>
   <div class='ocr_carea' id='block_1_115' title="bbox 401 5525 1942 5611">
    <p class='ocr_par' dir='ltr' id='par_1_115' title="bbox 401 5537 1942 5608">
     <span class='ocr_line' id='line_1_115' title="bbox 401 5537 1942 5608; baseline -0.002 -15"><span class='ocrx_word' id='word_1_869' title='bbox 401 5547 556 5593; x_wconf 85' lang='lat' dir='ltr'><strong>catur</strong></span> <span class='ocrx_word' id='word_1_870' title='bbox 583 5540 649 5592; x_wconf 82' lang='lat' dir='ltr'><strong>ab</strong></span> <span class='ocrx_word' id='word_1_871' title='bbox 698 5539 802 5593; x_wconf 89' lang='lat' dir='ltr'><strong>illis</strong></span> <span class='ocrx_word' id='word_1_872' title='bbox 834 5553 930 5608; x_wconf 90' lang='lat' dir='ltr'><strong>per</strong></span> <span class='ocrx_word' id='word_1_873' title='bbox 965 5539 1376 5595; x_wconf 68' lang='lat' dir='ltr'><strong>conversionem</strong></span> <span class='ocrx_word' id='word_1_874' title='bbox 1409 5537 1462 5590; x_wconf 93' lang='lat' dir='ltr'><strong>in</strong></span> <span class='ocrx_word' id='word_1_875' title='bbox 1527 5537 1802 5592; x_wconf 85' lang='lat' dir='ltr'><strong>meliorem</strong></span> <span class='ocrx_word' id='word_1_876' title='bbox 1844 5553 1942 5591; x_wconf 89' lang='lat' dir='ltr'><strong>sun</strong></span> 
     </span>
    </p>
   </div>
   <div class='ocr_carea' id='block_1_116' title="bbox 2041 5525 3641 5611">
    <p class='ocr_par' dir='ltr' id='par_1_116' title="bbox 2071 5525 3641 5611">
     <span class='ocr_line' id='line_1_116' title="bbox 2071 5525 3641 5611; baseline -0.004 -24"><span class='ocrx_word' id='word_1_877' title='bbox 2071 5531 2446 5604; x_wconf 82' lang='grc' dir='ltr'>βελτιούμενος</span> <span class='ocrx_word' id='word_1_878' title='bbox 2475 5531 2566 5584; x_wconf 77' lang='grc' dir='ltr'><strong>ὑπ’</strong></span> <span class='ocrx_word' id='word_1_879' title='bbox 2595 5527 2776 5582; x_wconf 87' lang='grc' dir='ltr'>αὐτῶν</span> <span class='ocrx_word' id='word_1_880' title='bbox 2806 5528 2885 5591; x_wconf 81' lang='grc' dir='ltr'><strong>είς</strong></span> <span class='ocrx_word' id='word_1_881' title='bbox 2918 5527 3272 5611; x_wconf 71' lang='grc' dir='ltr'>ἐπιστροφὴν,</span> <span class='ocrx_word' id='word_1_882' title='bbox 3304 5526 3420 5581; x_wconf 78' lang='grc' dir='ltr'>ἁλλ’</span> <span class='ocrx_word' id='word_1_883' title='bbox 3449 5528 3511 5581; x_wconf 80' lang='grc' dir='ltr'>οὐ</span> <span class='ocrx_word' id='word_1_884' title='bbox 3537 5525 3641 5598; x_wconf 67' lang='grc' dir='ltr'><strong>δῖ]-</strong></span> 
     </span>
    </p>
   </div>
   <div class='ocr_carea' id='block_1_117' title="bbox 407 5615 1942 5696">
    <p class='ocr_par' dir='ltr' id='par_1_117' title="bbox 407 5628 1942 5696">
     <span class='ocr_line' id='line_1_117' title="bbox 407 5628 1942 5696; baseline 0.001 -17"><span class='ocrx_word' id='word_1_885' title='bbox 407 5637 665 5696; x_wconf 86' lang='lat' dir='ltr'><strong>mutatus,</strong></span> <span class='ocrx_word' id='word_1_886' title='bbox 702 5638 941 5684; x_wconf 66' lang='lat' dir='ltr'><strong>attamvn</strong></span> <span class='ocrx_word' id='word_1_887' title='bbox 979 5644 1087 5684; x_wconf 89' lang='lat' dir='ltr'><strong>non</strong></span> <span class='ocrx_word' id='word_1_888' title='bbox 1119 5643 1250 5683; x_wconf 83' lang='lat' dir='ltr'><strong>sane</strong></span> <span class='ocrx_word' id='word_1_889' title='bbox 1283 5629 1383 5685; x_wconf 83' lang='lat' dir='ltr'><strong>hac</strong></span> <span class='ocrx_word' id='word_1_890' title='bbox 1414 5628 1520 5686; x_wconf 81' lang='lat' dir='ltr'><strong>ista</strong></span> <span class='ocrx_word' id='word_1_891' title='bbox 1554 5628 1762 5684; x_wconf 88' lang='lat' dir='ltr'><strong>ratione</strong></span> <span class='ocrx_word' id='word_1_892' title='bbox 1805 5629 1942 5684; x_wconf 84' lang='lat' dir='ltr'><strong>simu</strong></span> 
     </span>
    </p>
   </div>
   <div class='ocr_carea' id='block_1_118' title="bbox 2041 5615 3644 5696">
    <p class='ocr_par' dir='ltr' id='par_1_118' title="bbox 2071 5615 3644 5695">
     <span class='ocr_line' id='line_1_118' title="bbox 2071 5615 3644 5695; baseline -0.006 -15"><span class='ocrx_word' id='word_1_893' title='bbox 2071 5642 2176 5680; x_wconf 89' lang='grc' dir='ltr'><strong>που</strong></span> <span class='ocrx_word' id='word_1_894' title='bbox 2200 5623 2278 5695; x_wconf 82' lang='grc' dir='ltr'>τῷ</span> <span class='ocrx_word' id='word_1_895' title='bbox 2306 5621 2454 5694; x_wconf 78' lang='grc' dir='ltr'>λόγῳ</span> <span class='ocrx_word' id='word_1_896' title='bbox 2477 5620 2651 5691; x_wconf 83' lang='grc' dir='ltr'>τούτῳ</span> <span class='ocrx_word' id='word_1_897' title='bbox 2683 5619 2918 5686; x_wconf 82' lang='grc' dir='ltr'>σύνοιδα,</span> <span class='ocrx_word' id='word_1_898' title='bbox 2951 5618 3044 5672; x_wconf 73' lang='grc' dir='ltr'>καὶ</span> <span class='ocrx_word' id='word_1_899' title='bbox 3073 5617 3310 5688; x_wconf 78' lang='grc' dir='ltr'>ἀγαθοὺς</span> <span class='ocrx_word' id='word_1_900' title='bbox 3342 5618 3536 5683; x_wconf 80' lang='grc' dir='ltr'>αὐτοὺς</span> <span class='ocrx_word' id='word_1_901' title='bbox 3565 5615 3644 5672; x_wconf 77' lang='grc' dir='ltr'><strong>εἷ·-</strong></span> 
     </span>
    </p>
   </div>
  </div>
