  <div class='ocr_page' id='page_1' title='image "/cluster/home/n/w/nwhite01/storage/ocr_20150623/136/hvd.32044054100201/254.png"; bbox 0 0 4034 6206; ppageno 0'>
   <div class='ocr_carea' id='block_1_1' title="bbox 401 278 508 339">
    <p class='ocr_par' dir='ltr' id='par_1_1' title="bbox 401 278 508 339">
     <span class='ocr_line' id='line_1_1' title="bbox 401 278 508 339; baseline 0.019 -2"><span class='ocrx_word' id='word_1_1' title='bbox 401 278 508 339; x_wconf 71' lang='lat'><strong>493</strong></span> 
     </span>
    </p>
   </div>
   <div class='ocr_carea' id='block_1_2' title="bbox 403 485 1981 556">
    <p class='ocr_par' dir='ltr' id='par_1_2' title="bbox 403 485 1981 556">
     <span class='ocr_line' id='line_1_2' title="bbox 403 485 1981 556; baseline -0.003 -16"><span class='ocrx_word' id='word_1_2' title='bbox 403 485 557 540; x_wconf 72' lang='grc' dir='ltr'>αὐτοὶ</span> <span class='ocrx_word' id='word_1_3' title='bbox 602 489 704 555; x_wconf 72' lang='grc' dir='ltr'><strong>μὶν</strong></span> <span class='ocrx_word' id='word_1_4' title='bbox 751 487 830 548; x_wconf 86' lang='grc' dir='ltr'><strong>είς</strong></span> <span class='ocrx_word' id='word_1_5' title='bbox 876 487 1125 539; x_wconf 66' lang='grc' dir='ltr'>κάκωσιν</span> <span class='ocrx_word' id='word_1_6' title='bbox 1172 485 1489 556; x_wconf 67' lang='grc' dir='ltr'>βάπτουσιν,</span> <span class='ocrx_word' id='word_1_7' title='bbox 1535 486 1657 556; x_wconf 79' lang='grc' dir='ltr'><strong>ἡδὲ</strong></span> <span class='ocrx_word' id='word_1_8' title='bbox 1710 487 1981 549; x_wconf 77' lang='grc' dir='ltr'><strong>κάκωσις,</strong></span> 
     </span>
    </p>
   </div>
   <div class='ocr_carea' id='block_1_3' title="bbox 401 575 1980 645">
    <p class='ocr_par' dir='ltr' id='par_1_3' title="bbox 401 575 1980 645">
     <span class='ocr_line' id='line_1_3' title="bbox 401 575 1980 645; baseline -0.001 -17"><span class='ocrx_word' id='word_1_9' title='bbox 401 577 535 628; x_wconf 78' lang='grc' dir='ltr'><strong>Θεοῦ</strong></span> <span class='ocrx_word' id='word_1_10' title='bbox 563 576 1011 645; x_wconf 75' lang='grc' dir='ltr'>μεταποιοῦντος,</span> <span class='ocrx_word' id='word_1_11' title='bbox 1033 576 1339 635; x_wconf 73' lang='grc' dir='ltr'>ἀλλοιοῦται</span> <span class='ocrx_word' id='word_1_12' title='bbox 1359 579 1437 640; x_wconf 87' lang='grc' dir='ltr'><strong>είς</strong></span> <span class='ocrx_word' id='word_1_13' title='bbox 1456 578 1515 630; x_wconf 72' lang='grc' dir='ltr'>τὸ</span> <span class='ocrx_word' id='word_1_14' title='bbox 1536 575 1835 638; x_wconf 74' lang='grc' dir='ltr'><strong>λυσιτελές⁸</strong></span> <span class='ocrx_word' id='word_1_15' title='bbox 1857 575 1980 627; x_wconf 75' lang='grc' dir='ltr'>ὅθεν</span> 
     </span>
    </p>
   </div>
   <div class='ocr_carea' id='block_1_4' title="bbox 401 667 1983 738">
    <p class='ocr_par' dir='ltr' id='par_1_4' title="bbox 401 667 1983 738">
     <span class='ocr_line' id='line_1_4' title="bbox 401 667 1983 738; baseline -0.001 -18"><span class='ocrx_word' id='word_1_16' title='bbox 401 667 514 720; x_wconf 73' lang='grc' dir='ltr'>οὐδ’</span> <span class='ocrx_word' id='word_1_17' title='bbox 540 668 605 720; x_wconf 77' lang='grc' dir='ltr'>ἂν</span> <span class='ocrx_word' id='word_1_18' title='bbox 637 670 941 738; x_wconf 75' lang='grc' dir='ltr'>αὐχήσαιεν</span> <span class='ocrx_word' id='word_1_19' title='bbox 989 670 1131 722; x_wconf 77' lang='grc' dir='ltr'>κατὰ</span> <span class='ocrx_word' id='word_1_20' title='bbox 1163 671 1291 732; x_wconf 76' lang='grc' dir='ltr'>τοὺς</span> <span class='ocrx_word' id='word_1_21' title='bbox 1334 668 1711 734; x_wconf 78' lang='grc' dir='ltr'><strong>διδασκάλους,</strong></span> <span class='ocrx_word' id='word_1_22' title='bbox 1755 667 1830 729; x_wconf 81' lang='grc' dir='ltr'>ὡς</span> <span class='ocrx_word' id='word_1_23' title='bbox 1875 667 1983 735; x_wconf 80' lang='grc' dir='ltr'>ἄρα</span> 
     </span>
    </p>
   </div>
   <div class='ocr_carea' id='block_1_5' title="bbox 402 759 1984 830">
    <p class='ocr_par' dir='ltr' id='par_1_5' title="bbox 402 759 1984 830">
     <span class='ocr_line' id='line_1_5' title="bbox 402 759 1984 830; baseline 0 -20"><span class='ocrx_word' id='word_1_24' title='bbox 402 760 549 813; x_wconf 72' lang='grc' dir='ltr'>τόδε</span> <span class='ocrx_word' id='word_1_25' title='bbox 583 762 704 812; x_wconf 73' lang='grc' dir='ltr'>τινὰ</span> <span class='ocrx_word' id='word_1_26' title='bbox 735 762 1090 826; x_wconf 71' lang='grc' dir='ltr'><strong>κακώσαντες</strong></span> <span class='ocrx_word' id='word_1_27' title='bbox 1121 762 1366 829; x_wconf 72' lang='grc' dir='ltr'><strong>ἐδίδαξαν</strong></span> <span class='ocrx_word' id='word_1_28' title='bbox 1395 763 1476 826; x_wconf 85' lang='grc' dir='ltr'><strong>είς</strong></span> <span class='ocrx_word' id='word_1_29' title='bbox 1508 761 1732 830; x_wconf 78' lang='grc' dir='ltr'>ἀγαθόν.</span> <span class='ocrx_word' id='word_1_30' title='bbox 1785 759 1926 813; x_wconf 79' lang='grc' dir='ltr'>Ἀλλ’</span> <span class='ocrx_word' id='word_1_31' title='bbox 1956 759 1984 810; x_wconf 85' lang='grc' dir='ltr'><strong>δ</strong></span> 
     </span>
    </p>
   </div>
   <div class='ocr_carea' id='block_1_6' title="bbox 405 849 1984 923">
    <p class='ocr_par' dir='ltr' id='par_1_6' title="bbox 405 849 1984 923">
     <span class='ocr_line' id='line_1_6' title="bbox 405 849 1984 923; baseline 0.001 -23"><span class='ocrx_word' id='word_1_32' title='bbox 405 849 505 916; x_wconf 74' lang='grc' dir='ltr'>μὲν</span> <span class='ocrx_word' id='word_1_33' title='bbox 539 849 861 913; x_wconf 68' lang='grc' dir='ltr'>διδάσκαλης</span> <span class='ocrx_word' id='word_1_34' title='bbox 891 850 1238 923; x_wconf 68' lang='grc' dir='ltr'>θαρρούντως</span> <span class='ocrx_word' id='word_1_35' title='bbox 1276 851 1342 906; x_wconf 80' lang='grc' dir='ltr'>ἂν</span> <span class='ocrx_word' id='word_1_36' title='bbox 1373 851 1764 922; x_wconf 77' lang='grc' dir='ltr'>ἐναγλαῖσηται</span> <span class='ocrx_word' id='word_1_37' title='bbox 1796 851 1871 920; x_wconf 81' lang='grc' dir='ltr'><strong>τῷ</strong></span> <span class='ocrx_word' id='word_1_38' title='bbox 1900 851 1984 902; x_wconf 86' lang='grc' dir='ltr'>δε-</span> 
     </span>
    </p>
   </div>
   <div class='ocr_carea' id='block_1_7' title="bbox 400 935 1986 1014">
    <p class='ocr_par' dir='ltr' id='par_1_7' title="bbox 400 935 1986 1014">
     <span class='ocr_line' id='line_1_7' title="bbox 400 935 1986 1014; baseline 0 -22"><span class='ocrx_word' id='word_1_39' title='bbox 400 941 428 992; x_wconf 90' lang='grc' dir='ltr'><strong>δ</strong></span> <span class='ocrx_word' id='word_1_40' title='bbox 453 940 728 1010; x_wconf 77' lang='grc' dir='ltr'>δαγμένῳ,</span> <span class='ocrx_word' id='word_1_41' title='bbox 760 942 854 993; x_wconf 77' lang='grc' dir='ltr'>καὶ</span> <span class='ocrx_word' id='word_1_42' title='bbox 898 942 1275 1012; x_wconf 77' lang='grc' dir='ltr'>προϐαλεῖται,</span> <span class='ocrx_word' id='word_1_43' title='bbox 1321 943 1420 996; x_wconf 74' lang='grc' dir='ltr'>ὅσα</span> <span class='ocrx_word' id='word_1_44' title='bbox 1468 942 1868 1014; x_wconf 74' lang='grc' dir='ltr'>δριμυξάμενος</span> <span class='ocrx_word' id='word_1_45' title='bbox 1899 935 1986 992; x_wconf 76' lang='grc' dir='ltr'>οἶα</span> 
     </span>
    </p>
   </div>
   <div class='ocr_carea' id='block_1_8' title="bbox 402 1033 1979 1106">
    <p class='ocr_par' dir='ltr' id='par_1_8' title="bbox 402 1033 1979 1106">
     <span class='ocr_line' id='line_1_8' title="bbox 402 1033 1979 1106; baseline 0.001 -24"><span class='ocrx_word' id='word_1_46' title='bbox 402 1033 642 1098; x_wconf 59' lang='grc' dir='ltr'>ἐδίδαξεν</span> <span class='ocrx_word' id='word_1_47' title='bbox 676 1034 878 1100; x_wconf 64' lang='grc' dir='ltr'><strong>ἀγαθά·</strong></span> <span class='ocrx_word' id='word_1_48' title='bbox 917 1036 943 1087; x_wconf 84' lang='grc' dir='ltr'><strong>δ</strong></span> <span class='ocrx_word' id='word_1_49' title='bbox 973 1035 1027 1087; x_wconf 83' lang='grc' dir='ltr'>δὲ</span> <span class='ocrx_word' id='word_1_50' title='bbox 1067 1034 1554 1104; x_wconf 73' lang='grc' dir='ltr'>μεμαθητενμὲνος</span> <span class='ocrx_word' id='word_1_51' title='bbox 1589 1033 1979 1106; x_wconf 73' lang='grc' dir='ltr'>προσκυνήσει,</span> 
     </span>
    </p>
   </div>
   <div class='ocr_carea' id='block_1_9' title="bbox 404 1125 1984 1196">
    <p class='ocr_par' dir='ltr' id='par_1_9' title="bbox 404 1125 1984 1196">
     <span class='ocr_line' id='line_1_9' title="bbox 404 1125 1984 1196; baseline 0.001 -22"><span class='ocrx_word' id='word_1_52' title='bbox 404 1127 496 1174; x_wconf 71' lang='grc' dir='ltr'>καὶ</span> <span class='ocrx_word' id='word_1_53' title='bbox 527 1125 580 1176; x_wconf 76' lang='lat' dir='ltr'><strong>oi</strong></span> <span class='ocrx_word' id='word_1_54' title='bbox 609 1125 902 1188; x_wconf 84' lang='grc' dir='ltr'>ἀκούοντες</span> <span class='ocrx_word' id='word_1_55' title='bbox 943 1127 1365 1196; x_wconf 82' lang='grc' dir='ltr'>μακαρίσουσιν.</span> <span class='ocrx_word' id='word_1_56' title='bbox 1423 1128 1480 1180; x_wconf 87' lang='grc' dir='ltr'><em>Ὀ</em></span> <span class='ocrx_word' id='word_1_57' title='bbox 1525 1126 1580 1180; x_wconf 84' lang='grc' dir='ltr'>δὲ</span> <span class='ocrx_word' id='word_1_58' title='bbox 1609 1125 1984 1193; x_wconf 82' lang='grc' dir='ltr'>κακοποιήσας</span> 
     </span>
    </p>
   </div>
   <div class='ocr_carea' id='block_1_10' title="bbox 401 1212 1984 1287">
    <p class='ocr_par' dir='ltr' id='par_1_10' title="bbox 401 1212 1984 1287">
     <span class='ocr_line' id='line_1_10' title="bbox 401 1212 1984 1287; baseline -0.001 -21"><span class='ocrx_word' id='word_1_59' title='bbox 401 1216 502 1267; x_wconf 65' lang='grc' dir='ltr'>οὐκ</span> <span class='ocrx_word' id='word_1_60' title='bbox 531 1215 595 1268; x_wconf 80' lang='grc' dir='ltr'>ἂν</span> <span class='ocrx_word' id='word_1_61' title='bbox 627 1217 1006 1286; x_wconf 71' lang='grc' dir='ltr'>ὲνα6ριν;ῖται</span> <span class='ocrx_word' id='word_1_62' title='bbox 1035 1215 1239 1287; x_wconf 76' lang='grc' dir='ltr'>ὁμοίως</span> <span class='ocrx_word' id='word_1_63' title='bbox 1266 1212 1344 1280; x_wconf 77' lang='grc' dir='ltr'>οἷς</span> <span class='ocrx_word' id='word_1_64' title='bbox 1371 1216 1653 1287; x_wconf 80' lang='grc' dir='ltr'><strong>δέδρακεν,</strong></span> <span class='ocrx_word' id='word_1_65' title='bbox 1683 1216 1758 1278; x_wconf 83' lang='grc' dir='ltr'>ὡς</span> <span class='ocrx_word' id='word_1_66' title='bbox 1785 1214 1896 1268; x_wconf 60' lang='grc' dir='ltr'>οὔδ’</span> <span class='ocrx_word' id='word_1_67' title='bbox 1919 1212 1984 1266; x_wconf 77' lang='grc' dir='ltr'>ἂν</span> 
     </span>
    </p>
   </div>
   <div class='ocr_carea' id='block_1_11' title="bbox 401 1295 1982 1377">
    <p class='ocr_par' dir='ltr' id='par_1_11' title="bbox 401 1295 1982 1377">
     <span class='ocr_line' id='line_1_11' title="bbox 401 1295 1982 1377; baseline 0.004 -21"><span class='ocrx_word' id='word_1_68' title='bbox 401 1307 456 1356; x_wconf 85' lang='grc' dir='ltr'><strong>σί</strong></span> <span class='ocrx_word' id='word_1_69' title='bbox 489 1307 635 1359; x_wconf 84' lang='grc' dir='ltr'>νόσοι</span> <span class='ocrx_word' id='word_1_70' title='bbox 669 1307 1151 1377; x_wconf 77' lang='grc' dir='ltr'>ἀγαθολογήσωσιν</span> <span class='ocrx_word' id='word_1_71' title='bbox 1177 1309 1398 1375; x_wconf 76' lang='grc' dir='ltr'>ἑαυτὰς,</span> <span class='ocrx_word' id='word_1_72' title='bbox 1425 1308 1480 1360; x_wconf 78' lang='grc' dir='ltr'><strong>εί</strong></span> <span class='ocrx_word' id='word_1_73' title='bbox 1517 1325 1580 1376; x_wconf 92' lang='grc' dir='ltr'><strong>γε</strong></span> <span class='ocrx_word' id='word_1_74' title='bbox 1614 1295 1840 1370; x_wconf 77' lang='grc' dir='ltr'>πολλοὺς</span> <span class='ocrx_word' id='word_1_75' title='bbox 1883 1328 1982 1362; x_wconf 83' lang='grc' dir='ltr'>κα-</span> 
     </span>
    </p>
   </div>
   <div class='ocr_carea' id='block_1_12' title="bbox 402 1396 1983 1470">
    <p class='ocr_par' dir='ltr' id='par_1_12' title="bbox 402 1396 1983 1470">
     <span class='ocr_line' id='line_1_12' title="bbox 402 1396 1983 1470; baseline 0.004 -21"><span class='ocrx_word' id='word_1_76' title='bbox 402 1396 686 1459; x_wconf 70' lang='grc' dir='ltr'>κῦνουσαι,</span> <span class='ocrx_word' id='word_1_77' title='bbox 711 1399 842 1468; x_wconf 74' lang='grc' dir='ltr'>πρὸς</span> <span class='ocrx_word' id='word_1_78' title='bbox 871 1398 1068 1469; x_wconf 77' lang='grc' dir='ltr'>ἀρετὴν</span> <span class='ocrx_word' id='word_1_79' title='bbox 1090 1400 1525 1470; x_wconf 75' lang='grc' dir='ltr'><strong>ἐπιστρέφουσιν.</strong></span> <span class='ocrx_word' id='word_1_80' title='bbox 1553 1398 1766 1453; x_wconf 77' lang='grc' dir='ltr'>Οὔκουν</span> <span class='ocrx_word' id='word_1_81' title='bbox 1789 1402 1983 1455; x_wconf 72' lang='grc' dir='ltr'>ταύτόν</span> 
     </span>
    </p>
   </div>
   <div class='ocr_carea' id='block_1_13' title="bbox 402 1487 1979 1559">
    <p class='ocr_par' dir='ltr' id='par_1_13' title="bbox 402 1487 1979 1559">
     <span class='ocr_line' id='line_1_13' title="bbox 402 1487 1979 1559; baseline 0.004 -21"><span class='ocrx_word' id='word_1_82' title='bbox 402 1489 519 1538; x_wconf 76' lang='grc' dir='ltr'>ἐστι</span> <span class='ocrx_word' id='word_1_83' title='bbox 549 1487 610 1539; x_wconf 79' lang='grc' dir='ltr'>τὸ</span> <span class='ocrx_word' id='word_1_84' title='bbox 630 1487 905 1540; x_wconf 68' lang='grc' dir='ltr'>διδᾶσκειν</span> <span class='ocrx_word' id='word_1_85' title='bbox 935 1489 1030 1543; x_wconf 79' lang='grc' dir='ltr'>καὶ</span> <span class='ocrx_word' id='word_1_86' title='bbox 1057 1487 1225 1552; x_wconf 75' lang='grc' dir='ltr'>οὕτως</span> <span class='ocrx_word' id='word_1_87' title='bbox 1257 1491 1589 1559; x_wconf 85' lang='grc' dir='ltr'>εὐεργετεῖν,</span> <span class='ocrx_word' id='word_1_88' title='bbox 1609 1491 1703 1544; x_wconf 77' lang='grc' dir='ltr'>καὶ</span> <span class='ocrx_word' id='word_1_89' title='bbox 1728 1492 1787 1544; x_wconf 84' lang='grc' dir='ltr'>τὸ</span> <span class='ocrx_word' id='word_1_90' title='bbox 1813 1509 1979 1544; x_wconf 69' lang='grc' dir='ltr'>κακον</span> 
     </span>
    </p>
   </div>
   <div class='ocr_carea' id='block_1_14' title="bbox 404 1575 1982 1653">
    <p class='ocr_par' dir='ltr' id='par_1_14' title="bbox 404 1575 1982 1653">
     <span class='ocr_line' id='line_1_14' title="bbox 404 1575 1982 1653; baseline 0.004 -24"><span class='ocrx_word' id='word_1_91' title='bbox 404 1581 579 1630; x_wconf 77' lang='grc' dir='ltr'>ποιεῖν</span> <span class='ocrx_word' id='word_1_92' title='bbox 610 1581 703 1632; x_wconf 84' lang='grc' dir='ltr'>καὶ</span> <span class='ocrx_word' id='word_1_93' title='bbox 747 1579 890 1633; x_wconf 77' lang='grc' dir='ltr'>οὕτω</span> <span class='ocrx_word' id='word_1_94' title='bbox 939 1580 1115 1633; x_wconf 81' lang='grc' dir='ltr'>δοκεῖν</span> <span class='ocrx_word' id='word_1_95' title='bbox 1146 1575 1204 1634; x_wconf 82' lang='grc' dir='ltr'>εὖ</span> <span class='ocrx_word' id='word_1_96' title='bbox 1260 1584 1455 1635; x_wconf 83' lang='grc' dir='ltr'>ποιεῖν.</span> <span class='ocrx_word' id='word_1_97' title='bbox 1500 1581 1642 1635; x_wconf 80' lang='grc' dir='ltr'>Ἀλλ’</span> <span class='ocrx_word' id='word_1_98' title='bbox 1674 1583 1851 1635; x_wconf 71' lang='grc' dir='ltr'>ἐκεῖνο</span> <span class='ocrx_word' id='word_1_99' title='bbox 1884 1581 1982 1653; x_wconf 75' lang='grc' dir='ltr'>μὲν</span> 
     </span>
    </p>
   </div>
   <div class='ocr_carea' id='block_1_15' title="bbox 401 1667 1982 1743">
    <p class='ocr_par' dir='ltr' id='par_1_15' title="bbox 401 1667 1982 1743">
     <span class='ocr_line' id='line_1_15' title="bbox 401 1667 1982 1743; baseline 0.002 -24"><span class='ocrx_word' id='word_1_100' title='bbox 401 1667 612 1734; x_wconf 73' lang='grc' dir='ltr'>ἀγαθὸν</span> <span class='ocrx_word' id='word_1_101' title='bbox 641 1669 716 1735; x_wconf 79' lang='grc' dir='ltr'>τῷ</span> <span class='ocrx_word' id='word_1_102' title='bbox 743 1670 877 1735; x_wconf 67' lang='grc' dir='ltr'>ὄντι,</span> <span class='ocrx_word' id='word_1_103' title='bbox 907 1671 955 1723; x_wconf 82' lang='grc' dir='ltr'><strong>εί</strong></span> <span class='ocrx_word' id='word_1_104' title='bbox 982 1672 1076 1725; x_wconf 74' lang='grc' dir='ltr'>καὶ</span> <span class='ocrx_word' id='word_1_105' title='bbox 1106 1672 1132 1724; x_wconf 82' lang='grc' dir='ltr'><em>ὁ</em></span> <span class='ocrx_word' id='word_1_106' title='bbox 1153 1670 1419 1741; x_wconf 78' lang='grc' dir='ltr'>διδαχθεὶς</span> <span class='ocrx_word' id='word_1_107' title='bbox 1451 1672 1726 1741; x_wconf 79' lang='grc' dir='ltr'>ἀπεκσαίη</span> <span class='ocrx_word' id='word_1_108' title='bbox 1757 1672 1982 1743; x_wconf 69' lang='grc' dir='ltr'><strong>ἑπίρῤη-</strong></span> 
     </span>
    </p>
   </div>
   <div class='ocr_carea' id='block_1_16' title="bbox 1389 273 2734 356">
    <p class='ocr_par' dir='ltr' id='par_1_16' title="bbox 1389 273 2734 356">
     <span class='ocr_line' id='line_1_16' title="bbox 1389 273 2734 356; baseline -0.001 -16"><span class='ocrx_word' id='word_1_109' title='bbox 1389 279 1691 356; x_wconf 69' lang='lat' dir='ltr'><strong>CONTRA</strong></span> <span class='ocrx_word' id='word_1_110' title='bbox 1731 274 2238 338; x_wconf 77' lang='lat' dir='ltr'><strong>INJUBIARUM</strong></span> <span class='ocrx_word' id='word_1_111' title='bbox 2282 273 2734 339; x_wconf 74' lang='lat' dir='ltr'><strong>MEMORIAM.</strong></span> 
     </span>
    </p>
   </div>
   <div class='ocr_carea' id='block_1_17' title="bbox 399 389 1980 468">
    <p class='ocr_par' dir='ltr' id='par_1_17' title="bbox 399 392 1964 468">
     <span class='ocr_line' id='line_1_17' title="bbox 399 392 1964 468; baseline -0.002 -22"><span class='ocrx_word' id='word_1_112' title='bbox 399 415 486 448; x_wconf 65' lang='grc' dir='ltr'><strong>ναι</strong></span> <span class='ocrx_word' id='word_1_113' title='bbox 510 395 588 457; x_wconf 82' lang='grc' dir='ltr'><strong>εἰς</strong></span> <span class='ocrx_word' id='word_1_114' title='bbox 613 395 712 465; x_wconf 75' lang='grc' dir='ltr'><strong>ἐμὲ</strong></span> <span class='ocrx_word' id='word_1_115' title='bbox 739 395 820 448; x_wconf 82' lang='grc' dir='ltr'>ὅτι</span> <span class='ocrx_word' id='word_1_116' title='bbox 844 392 980 464; x_wconf 72' lang='grc' dir='ltr'>μηδὲ</span> <span class='ocrx_word' id='word_1_117' title='bbox 1003 394 1352 466; x_wconf 71' lang='grc' dir='ltr'>προτίθεντλι</span> <span class='ocrx_word' id='word_1_118' title='bbox 1384 397 1481 468; x_wconf 83' lang='grc' dir='ltr'>τὴν</span> <span class='ocrx_word' id='word_1_119' title='bbox 1508 396 1798 465; x_wconf 71' lang='grc' dir='ltr'>ὠφέλειαν.</span> <span class='ocrx_word' id='word_1_120' title='bbox 1817 393 1964 447; x_wconf 82' lang='grc' dir='ltr'>Ἀλλ’</span> 
     </span>
    </p>
   </div>
   <div class='ocr_carea' id='block_1_18' title="bbox 2082 389 3762 468">
    <p class='ocr_par' dir='ltr' id='par_1_18' title="bbox 2082 389 3762 463">
     <span class='ocr_line' id='line_1_18' title="bbox 2082 389 3762 463; baseline 0.002 -19"><span class='ocrx_word' id='word_1_121' title='bbox 2082 392 2202 444; x_wconf 76' lang='grc' dir='ltr'><strong>ηοτῖ</strong></span> <span class='ocrx_word' id='word_1_122' title='bbox 2235 392 2285 461; x_wconf 99' lang='lat' dir='ltr'><strong>ip</strong></span> <span class='ocrx_word' id='word_1_123' title='bbox 2319 407 2380 445; x_wconf 90' lang='lat' dir='ltr'><strong>os</strong></span> <span class='ocrx_word' id='word_1_124' title='bbox 2407 407 2532 461; x_wconf 83' lang='lat' dir='ltr'><strong>erga</strong></span> <span class='ocrx_word' id='word_1_125' title='bbox 2567 407 2649 446; x_wconf 88' lang='lat' dir='ltr'><strong>me</strong></span> <span class='ocrx_word' id='word_1_126' title='bbox 2699 391 2869 446; x_wconf 87' lang='lat' dir='ltr'><strong>bonos</strong></span> <span class='ocrx_word' id='word_1_127' title='bbox 2899 405 3044 455; x_wconf 86' lang='lat' dir='ltr'><strong>esse,</strong></span> <span class='ocrx_word' id='word_1_128' title='bbox 3089 392 3187 448; x_wconf 90' lang='lat' dir='ltr'><strong>nisi</strong></span> <span class='ocrx_word' id='word_1_129' title='bbox 3211 395 3353 463; x_wconf 89' lang='lat' dir='ltr'><strong>quod</strong></span> <span class='ocrx_word' id='word_1_130' title='bbox 3389 394 3664 462; x_wconf 84' lang='lat' dir='ltr'><strong>proferant</strong></span> <span class='ocrx_word' id='word_1_131' title='bbox 3751 389 3762 397; x_wconf 80' lang='grc'><em>’</em></span> 
     </span>
    </p>
   </div>
   <div class='ocr_carea' id='block_1_19' title="bbox 3556 277 3661 341">
    <p class='ocr_par' dir='ltr' id='par_1_19' title="bbox 3556 277 3661 341">
     <span class='ocr_line' id='line_1_19' title="bbox 3556 277 3661 341; baseline -0.019 0"><span class='ocrx_word' id='word_1_132' title='bbox 3556 277 3661 341; x_wconf 69' lang='grc'><strong>494</strong></span> 
     </span>
    </p>
   </div>
   <div class='ocr_carea' id='block_1_20' title="bbox 2087 483 3662 554">
    <p class='ocr_par' dir='ltr' id='par_1_20' title="bbox 2087 483 3662 554">
     <span class='ocr_line' id='line_1_20' title="bbox 2087 483 3662 554; baseline 0.003 -20"><span class='ocrx_word' id='word_1_133' title='bbox 2087 483 2403 536; x_wconf 72' lang='lat' dir='ltr'><strong>utilitatem.</strong></span> <span class='ocrx_word' id='word_1_134' title='bbox 2438 484 2543 550; x_wconf 83' lang='lat' dir='ltr'><strong>Ipsi</strong></span> <span class='ocrx_word' id='word_1_135' title='bbox 2577 484 2794 553; x_wconf 85' lang='lat' dir='ltr'><strong>quidem</strong></span> <span class='ocrx_word' id='word_1_136' title='bbox 2822 485 2874 539; x_wconf 89' lang='lat' dir='ltr'><strong>in</strong></span> <span class='ocrx_word' id='word_1_137' title='bbox 2903 483 3160 552; x_wconf 70' lang='lat' dir='ltr'><strong>iniuriam</strong></span> <span class='ocrx_word' id='word_1_138' title='bbox 3196 494 3481 553; x_wconf 85' lang='lat' dir='ltr'><strong>mergunt;</strong></span> <span class='ocrx_word' id='word_1_139' title='bbox 3521 487 3662 554; x_wconf 75' lang='lat' dir='ltr'><strong>inju-</strong></span> 
     </span>
    </p>
   </div>
   <div class='ocr_carea' id='block_1_21' title="bbox 2091 573 3660 642">
    <p class='ocr_par' dir='ltr' id='par_1_21' title="bbox 2091 573 3660 642">
     <span class='ocr_line' id='line_1_21' title="bbox 2091 573 3660 642; baseline 0.001 -18"><span class='ocrx_word' id='word_1_140' title='bbox 2091 573 2167 625; x_wconf 80' lang='lat' dir='ltr'><strong>ria</strong></span> <span class='ocrx_word' id='word_1_141' title='bbox 2205 586 2359 635; x_wconf 75' lang='lat' dir='ltr'><strong>vero,</strong></span> <span class='ocrx_word' id='word_1_142' title='bbox 2402 573 2510 626; x_wconf 84' lang='lat' dir='ltr'><strong>Deo</strong></span> <span class='ocrx_word' id='word_1_143' title='bbox 2544 583 2805 642; x_wconf 78' lang='lat' dir='ltr'><strong>mutante,</strong></span> <span class='ocrx_word' id='word_1_144' title='bbox 2836 573 3178 630; x_wconf 74' lang='lat' dir='ltr'><strong>convertitur</strong></span> <span class='ocrx_word' id='word_1_145' title='bbox 3213 575 3264 628; x_wconf 87' lang='lat' dir='ltr'><strong>in</strong></span> <span class='ocrx_word' id='word_1_146' title='bbox 3292 576 3660 628; x_wconf 87' lang='lat' dir='ltr'><strong>commodum.</strong></span> 
     </span>
    </p>
   </div>
   <div class='ocr_carea' id='block_1_22' title="bbox 2087 660 3660 732">
    <p class='ocr_par' dir='ltr' id='par_1_22' title="bbox 2087 660 3660 732">
     <span class='ocr_line' id='line_1_22' title="bbox 2087 660 3660 732; baseline -0.002 -14"><span class='ocrx_word' id='word_1_147' title='bbox 2087 661 2241 718; x_wconf 83' lang='lat' dir='ltr'><strong>Unde</strong></span> <span class='ocrx_word' id='word_1_148' title='bbox 2300 660 2519 729; x_wconf 82' lang='lat' dir='ltr'><strong>gloriari</strong></span> <span class='ocrx_word' id='word_1_149' title='bbox 2578 675 2683 716; x_wconf 88' lang='lat' dir='ltr'><strong>non</strong></span> <span class='ocrx_word' id='word_1_150' title='bbox 2719 671 2954 731; x_wconf 85' lang='lat' dir='ltr'><strong>possent,</strong></span> <span class='ocrx_word' id='word_1_151' title='bbox 2999 662 3294 718; x_wconf 85' lang='lat' dir='ltr'><strong>secundum</strong></span> <span class='ocrx_word' id='word_1_152' title='bbox 3332 662 3660 732; x_wconf 72' lang='lat' dir='ltr'><strong>magistros,</strong></span> 
     </span>
    </p>
   </div>
   <div class='ocr_carea' id='block_1_23' title="bbox 2081 754 3667 824">
    <p class='ocr_par' dir='ltr' id='par_1_23' title="bbox 2081 754 3667 824">
     <span class='ocr_line' id='line_1_23' title="bbox 2081 754 3667 824; baseline 0.002 -19"><span class='ocrx_word' id='word_1_153' title='bbox 2081 754 2231 822; x_wconf 84' lang='lat' dir='ltr'><strong>quod</strong></span> <span class='ocrx_word' id='word_1_154' title='bbox 2309 755 2542 824; x_wconf 82' lang='lat' dir='ltr'><strong>aliquem</strong></span> <span class='ocrx_word' id='word_1_155' title='bbox 2639 754 2779 808; x_wconf 82' lang='lat' dir='ltr'><strong>male</strong></span> <span class='ocrx_word' id='word_1_156' title='bbox 2843 765 3138 809; x_wconf 77' lang='lat' dir='ltr'><strong>tractantes</strong></span> <span class='ocrx_word' id='word_1_157' title='bbox 3202 756 3255 810; x_wconf 84' lang='lat' dir='ltr'><strong>in</strong></span> <span class='ocrx_word' id='word_1_158' title='bbox 3311 759 3511 810; x_wconf 83' lang='lat' dir='ltr'><strong>bonum</strong></span> <span class='ocrx_word' id='word_1_159' title='bbox 3569 757 3667 808; x_wconf 68' lang='grc' dir='ltr'>(ΐο-</span> 
     </span>
    </p>
   </div>
   <div class='ocr_carea' id='block_1_24' title="bbox 2087 844 3663 916">
    <p class='ocr_par' dir='ltr' id='par_1_24' title="bbox 2087 844 3663 916">
     <span class='ocr_line' id='line_1_24' title="bbox 2087 844 3663 916; baseline -0.001 -18"><span class='ocrx_word' id='word_1_160' title='bbox 2087 844 2322 899; x_wconf 75' lang='lat' dir='ltr'><strong>enen-int.</strong></span> <span class='ocrx_word' id='word_1_161' title='bbox 2379 844 2636 916; x_wconf 75' lang='lat' dir='ltr'><strong>Magister</strong></span> <span class='ocrx_word' id='word_1_162' title='bbox 2668 846 2887 914; x_wconf 82' lang='lat' dir='ltr'><strong>quidem</strong></span> <span class='ocrx_word' id='word_1_163' title='bbox 2927 846 3267 901; x_wconf 84' lang='lat' dir='ltr'><strong>conﬁdenter</strong></span> <span class='ocrx_word' id='word_1_164' title='bbox 3291 847 3394 901; x_wconf 87' lang='lat' dir='ltr'><strong>sibi</strong></span> <span class='ocrx_word' id='word_1_165' title='bbox 3419 849 3663 914; x_wconf 80' lang='lat' dir='ltr'><strong>compla-</strong></span> 
     </span>
    </p>
   </div>
   <div class='ocr_carea' id='block_1_25' title="bbox 2080 937 3659 1008">
    <p class='ocr_par' dir='ltr' id='par_1_25' title="bbox 2080 937 3659 1008">
     <span class='ocr_line' id='line_1_25' title="bbox 2080 937 3659 1008; baseline 0.001 -19"><span class='ocrx_word' id='word_1_166' title='bbox 2080 945 2235 990; x_wconf 78' lang='lat' dir='ltr'><strong>ceret</strong></span> <span class='ocrx_word' id='word_1_167' title='bbox 2266 937 2317 990; x_wconf 90' lang='lat' dir='ltr'><strong>in</strong></span> <span class='ocrx_word' id='word_1_168' title='bbox 2340 937 2554 1001; x_wconf 83' lang='lat' dir='ltr'><strong>edocto,</strong></span> <span class='ocrx_word' id='word_1_169' title='bbox 2582 937 2967 1006; x_wconf 76' lang='lat' dir='ltr'><strong>allegaretque,</strong></span> <span class='ocrx_word' id='word_1_170' title='bbox 2994 947 3252 1008; x_wconf 86' lang='lat' dir='ltr'><strong>quantum</strong></span> <span class='ocrx_word' id='word_1_171' title='bbox 3286 937 3385 991; x_wconf 87' lang='lat' dir='ltr'><strong>fuit</strong></span> <span class='ocrx_word' id='word_1_172' title='bbox 3416 951 3659 999; x_wconf 80' lang='lat' dir='ltr'><strong>severus,</strong></span> 
     </span>
    </p>
   </div>
   <div class='ocr_carea' id='block_1_26' title="bbox 2082 1030 3658 1095">
    <p class='ocr_par' dir='ltr' id='par_1_26' title="bbox 2082 1030 3658 1095">
     <span class='ocr_line' id='line_1_26' title="bbox 2082 1030 3658 1095; baseline -0.001 -12"><span class='ocrx_word' id='word_1_173' title='bbox 2082 1038 2296 1083; x_wconf 85' lang='lat' dir='ltr'><strong>tantum</strong></span> <span class='ocrx_word' id='word_1_174' title='bbox 2329 1030 2610 1085; x_wconf 71' lang='lat' dir='ltr'><strong>edomuisse</strong></span> <span class='ocrx_word' id='word_1_175' title='bbox 2635 1030 2802 1095; x_wconf 89' lang='lat' dir='ltr'><strong>boni;</strong></span> <span class='ocrx_word' id='word_1_176' title='bbox 2833 1031 3077 1084; x_wconf 84' lang='lat' dir='ltr'><strong>eruditus</strong></span> <span class='ocrx_word' id='word_1_177' title='bbox 3105 1039 3285 1084; x_wconf 88' lang='lat' dir='ltr'><strong>autem</strong></span> <span class='ocrx_word' id='word_1_178' title='bbox 3327 1031 3580 1084; x_wconf 80' lang='lat' dir='ltr'><strong>adoraret</strong></span> <span class='ocrx_word' id='word_1_179' title='bbox 3604 1038 3658 1082; x_wconf 84' lang='lat' dir='ltr'><strong>et</strong></span> 
     </span>
    </p>
   </div>
   <div class='ocr_carea' id='block_1_27' title="bbox 2087 1121 3657 1190">
    <p class='ocr_par' dir='ltr' id='par_1_27' title="bbox 2087 1121 3657 1190">
     <span class='ocr_line' id='line_1_27' title="bbox 2087 1121 3657 1190; baseline 0 -16"><span class='ocrx_word' id='word_1_180' title='bbox 2087 1123 2368 1177; x_wconf 80' lang='lat' dir='ltr'><strong>audientes</strong></span> <span class='ocrx_word' id='word_1_181' title='bbox 2391 1121 2632 1177; x_wconf 80' lang='lat' dir='ltr'><strong>dicerent</strong></span> <span class='ocrx_word' id='word_1_182' title='bbox 2653 1123 2892 1179; x_wconf 87' lang='lat' dir='ltr'><strong>beatum.</strong></span> <span class='ocrx_word' id='word_1_183' title='bbox 2914 1123 3016 1190; x_wconf 79' lang='lat' dir='ltr'><strong>Qui</strong></span> <span class='ocrx_word' id='word_1_184' title='bbox 3043 1138 3168 1177; x_wconf 88' lang='lat' dir='ltr'><strong>vero</strong></span> <span class='ocrx_word' id='word_1_185' title='bbox 3189 1122 3330 1176; x_wconf 88' lang='lat' dir='ltr'><strong>male</strong></span> <span class='ocrx_word' id='word_1_186' title='bbox 3361 1122 3516 1188; x_wconf 87' lang='lat' dir='ltr'><strong>fecit,</strong></span> <span class='ocrx_word' id='word_1_187' title='bbox 3551 1137 3657 1176; x_wconf 89' lang='lat' dir='ltr'><strong>non</strong></span> 
     </span>
    </p>
   </div>
   <div class='ocr_carea' id='block_1_28' title="bbox 2086 1214 3660 1284">
    <p class='ocr_par' dir='ltr' id='par_1_28' title="bbox 2086 1214 3660 1284">
     <span class='ocr_line' id='line_1_28' title="bbox 2086 1214 3660 1284; baseline 0.001 -16"><span class='ocrx_word' id='word_1_188' title='bbox 2086 1215 2337 1269; x_wconf 86' lang='lat' dir='ltr'><strong>similiter</strong></span> <span class='ocrx_word' id='word_1_189' title='bbox 2373 1214 2426 1268; x_wconf 92' lang='lat' dir='ltr'><strong>in</strong></span> <span class='ocrx_word' id='word_1_190' title='bbox 2462 1214 2545 1269; x_wconf 88' lang='lat' dir='ltr'><strong>bis</strong></span> <span class='ocrx_word' id='word_1_191' title='bbox 2587 1229 2706 1284; x_wconf 64' lang='lat' dir='ltr'><strong>quae</strong></span> <span class='ocrx_word' id='word_1_192' title='bbox 2731 1215 2965 1284; x_wconf 84' lang='lat' dir='ltr'><strong>patravit</strong></span> <span class='ocrx_word' id='word_1_193' title='bbox 2992 1214 3338 1283; x_wconf 75' lang='lat' dir='ltr'><strong>gloriaretur,</strong></span> <span class='ocrx_word' id='word_1_194' title='bbox 3367 1214 3530 1268; x_wconf 81' lang='lat' dir='ltr'><strong>sicuti</strong></span> <span class='ocrx_word' id='word_1_195' title='bbox 3561 1229 3660 1269; x_wconf 82' lang='lat' dir='ltr'><strong>nec</strong></span> 
     </span>
    </p>
   </div>
   <div class='ocr_carea' id='block_1_29' title="bbox 2087 1305 3662 1378">
    <p class='ocr_par' dir='ltr' id='par_1_29' title="bbox 2087 1305 3662 1378">
     <span class='ocr_line' id='line_1_29' title="bbox 2087 1305 3662 1378; baseline -0.001 -17"><span class='ocrx_word' id='word_1_196' title='bbox 2087 1308 2261 1362; x_wconf 82' lang='lat' dir='ltr'><strong>morbi</strong></span> <span class='ocrx_word' id='word_1_197' title='bbox 2299 1322 2355 1363; x_wconf 89' lang='lat' dir='ltr'><strong>se</strong></span> <span class='ocrx_word' id='word_1_198' title='bbox 2386 1307 2537 1378; x_wconf 92' lang='lat' dir='ltr'><strong>ipsos</strong></span> <span class='ocrx_word' id='word_1_199' title='bbox 2558 1307 2857 1371; x_wconf 83' lang='lat' dir='ltr'><strong>laudarent,</strong></span> <span class='ocrx_word' id='word_1_200' title='bbox 2888 1321 2952 1360; x_wconf 86' lang='lat' dir='ltr'><strong>eo</strong></span> <span class='ocrx_word' id='word_1_201' title='bbox 2981 1305 3123 1375; x_wconf 87' lang='lat' dir='ltr'><strong>quod</strong></span> <span class='ocrx_word' id='word_1_202' title='bbox 3171 1305 3368 1360; x_wconf 89' lang='lat' dir='ltr'><strong>multos</strong></span> <span class='ocrx_word' id='word_1_203' title='bbox 3404 1314 3662 1360; x_wconf 77' lang='lat' dir='ltr'><strong>vexantes</strong></span> 
     </span>
    </p>
   </div>
   <div class='ocr_carea' id='block_1_30' title="bbox 2089 1396 3657 1468">
    <p class='ocr_par' dir='ltr' id='par_1_30' title="bbox 2089 1396 3657 1468">
     <span class='ocr_line' id='line_1_30' title="bbox 2089 1396 3657 1468; baseline -0.001 -15"><span class='ocrx_word' id='word_1_204' title='bbox 2089 1400 2153 1454; x_wconf 88' lang='lat' dir='ltr'><strong>ad</strong></span> <span class='ocrx_word' id='word_1_205' title='bbox 2182 1399 2437 1453; x_wconf 78' lang='lat' dir='ltr'><strong>virtutem</strong></span> <span class='ocrx_word' id='word_1_206' title='bbox 2475 1406 2816 1453; x_wconf 86' lang='lat' dir='ltr'><strong>convertant.</strong></span> <span class='ocrx_word' id='word_1_207' title='bbox 2846 1396 2962 1450; x_wconf 84' lang='lat' dir='ltr'><strong>Non</strong></span> <span class='ocrx_word' id='word_1_208' title='bbox 2983 1398 3146 1468; x_wconf 80' lang='lat' dir='ltr'><strong>igitur</strong></span> <span class='ocrx_word' id='word_1_209' title='bbox 3168 1397 3308 1452; x_wconf 88' lang='lat' dir='ltr'><strong>idem</strong></span> <span class='ocrx_word' id='word_1_210' title='bbox 3325 1409 3410 1452; x_wconf 90' lang='lat' dir='ltr'><strong>est</strong></span> <span class='ocrx_word' id='word_1_211' title='bbox 3443 1399 3657 1463; x_wconf 85' lang='lat' dir='ltr'><strong>ducere,</strong></span> 
     </span>
    </p>
   </div>
   <div class='ocr_carea' id='block_1_31' title="bbox 2087 1489 3659 1562">
    <p class='ocr_par' dir='ltr' id='par_1_31' title="bbox 2087 1489 3659 1562">
     <span class='ocr_line' id='line_1_31' title="bbox 2087 1489 3659 1562; baseline -0.003 -15"><span class='ocrx_word' id='word_1_212' title='bbox 2087 1493 2272 1562; x_wconf 86' lang='lat' dir='ltr'><strong>sicque</strong></span> <span class='ocrx_word' id='word_1_213' title='bbox 2332 1489 2674 1558; x_wconf 87' lang='lat' dir='ltr'><strong>benefacere,</strong></span> <span class='ocrx_word' id='word_1_214' title='bbox 2715 1503 2777 1543; x_wconf 86' lang='lat' dir='ltr'><strong>ac</strong></span> <span class='ocrx_word' id='word_1_215' title='bbox 2807 1489 3152 1556; x_wconf 82' lang='lat' dir='ltr'><strong>malefacere,</strong></span> <span class='ocrx_word' id='word_1_216' title='bbox 3191 1490 3380 1559; x_wconf 80' lang='lat' dir='ltr'><strong>sicque</strong></span> <span class='ocrx_word' id='word_1_217' title='bbox 3426 1490 3492 1544; x_wconf 87' lang='lat' dir='ltr'><strong>ad</strong></span> <span class='ocrx_word' id='word_1_218' title='bbox 3522 1489 3659 1544; x_wconf 92' lang='lat' dir='ltr'><strong>bene</strong></span> 
     </span>
    </p>
   </div>
   <div class='ocr_carea' id='block_1_32' title="bbox 2082 1580 3652 1654">
    <p class='ocr_par' dir='ltr' id='par_1_32' title="bbox 2082 1580 3652 1654">
     <span class='ocr_line' id='line_1_32' title="bbox 2082 1580 3652 1654; baseline -0.004 -14"><span class='ocrx_word' id='word_1_219' title='bbox 2082 1586 2353 1654; x_wconf 81' lang='lat' dir='ltr'><strong>agendum</strong></span> <span class='ocrx_word' id='word_1_220' title='bbox 2394 1582 2636 1637; x_wconf 88' lang='lat' dir='ltr'><strong>erudire.</strong></span> <span class='ocrx_word' id='word_1_221' title='bbox 2671 1581 2810 1636; x_wconf 90' lang='lat' dir='ltr'><strong>l‘ll-ud</strong></span> <span class='ocrx_word' id='word_1_222' title='bbox 2847 1580 3062 1651; x_wconf 83' lang='lat' dir='ltr'><strong>quidem</strong></span> <span class='ocrx_word' id='word_1_223' title='bbox 3108 1595 3293 1635; x_wconf 84' lang='lat' dir='ltr'><strong>revera</strong></span> <span class='ocrx_word' id='word_1_224' title='bbox 3320 1580 3521 1634; x_wconf 90' lang='lat' dir='ltr'><strong>bonum</strong></span> <span class='ocrx_word' id='word_1_225' title='bbox 3549 1589 3652 1645; x_wconf 88' lang='lat' dir='ltr'><strong>est,</strong></span> 
     </span>
    </p>
   </div>
   <div class='ocr_carea' id='block_1_33' title="bbox 2086 1671 3655 1744">
    <p class='ocr_par' dir='ltr' id='par_1_33' title="bbox 2086 1671 3655 1744">
     <span class='ocr_line' id='line_1_33' title="bbox 2086 1671 3655 1744; baseline -0.003 -15"><span class='ocrx_word' id='word_1_226' title='bbox 2086 1673 2193 1729; x_wconf 87' lang='lat' dir='ltr'><strong>etsi</strong></span> <span class='ocrx_word' id='word_1_227' title='bbox 2256 1673 2347 1744; x_wconf 90' lang='lat' dir='ltr'><strong>qui</strong></span> <span class='ocrx_word' id='word_1_228' title='bbox 2383 1674 2573 1727; x_wconf 85' lang='lat' dir='ltr'><strong>doetus</strong></span> <span class='ocrx_word' id='word_1_229' title='bbox 2622 1682 2706 1728; x_wconf 86' lang='lat' dir='ltr'><strong>est</strong></span> <span class='ocrx_word' id='word_1_230' title='bbox 2736 1672 2932 1728; x_wconf 78' lang='lat' dir='ltr'><strong>evadat</strong></span> <span class='ocrx_word' id='word_1_231' title='bbox 2961 1687 3291 1740; x_wconf 82' lang='lat' dir='ltr'><strong>perversos;</strong></span> <span class='ocrx_word' id='word_1_232' title='bbox 3325 1671 3424 1728; x_wconf 83' lang='lat' dir='ltr'><strong>hoc</strong></span> <span class='ocrx_word' id='word_1_233' title='bbox 3472 1681 3655 1725; x_wconf 82' lang='lat' dir='ltr'><strong>autem</strong></span> 
     </span>
    </p>
   </div>
   <div class='ocr_carea' id='block_1_34' title="bbox 402 1755 1980 1834">
    <p class='ocr_par' dir='ltr' id='par_1_34' title="bbox 402 1755 1980 1832">
     <span class='ocr_line' id='line_1_34' title="bbox 402 1755 1980 1832; baseline 0.005 -24"><span class='ocrx_word' id='word_1_234' title='bbox 402 1773 512 1819; x_wconf 76' lang='grc' dir='ltr'>τοςο</span> <span class='ocrx_word' id='word_1_235' title='bbox 549 1755 707 1810; x_wconf 77' lang='grc' dir='ltr'>τοῦτο</span> <span class='ocrx_word' id='word_1_236' title='bbox 757 1759 814 1812; x_wconf 67' lang='grc' dir='ltr'>δὲ</span> <span class='ocrx_word' id='word_1_237' title='bbox 870 1760 1096 1828; x_wconf 81' lang='grc' dir='ltr'>φαῦλον,</span> <span class='ocrx_word' id='word_1_238' title='bbox 1150 1762 1198 1815; x_wconf 79' lang='grc' dir='ltr'>εἰ</span> <span class='ocrx_word' id='word_1_239' title='bbox 1248 1761 1343 1814; x_wconf 73' lang='grc' dir='ltr'>καὶ</span> <span class='ocrx_word' id='word_1_240' title='bbox 1387 1763 1414 1814; x_wconf 83' lang='grc' dir='ltr'><strong>ό</strong></span> <span class='ocrx_word' id='word_1_241' title='bbox 1461 1763 1734 1825; x_wconf 73' lang='grc' dir='ltr'>κακωθεὶς</span> <span class='ocrx_word' id='word_1_242' title='bbox 1767 1764 1980 1832; x_wconf 75' lang='grc' dir='ltr'>γένοιτο</span> 
     </span>
    </p>
   </div>
   <div class='ocr_carea' id='block_1_35' title="bbox 2082 1755 3652 1834">
    <p class='ocr_par' dir='ltr' id='par_1_35' title="bbox 2087 1761 3652 1834">
     <span class='ocr_line' id='line_1_35' title="bbox 2087 1761 3652 1834; baseline 0 -18"><span class='ocrx_word' id='word_1_243' title='bbox 2087 1779 2334 1834; x_wconf 77' lang='lat' dir='ltr'><strong>parvum,</strong></span> <span class='ocrx_word' id='word_1_244' title='bbox 2383 1764 2488 1818; x_wconf 87' lang='lat' dir='ltr'><strong>etsi</strong></span> <span class='ocrx_word' id='word_1_245' title='bbox 2535 1762 2630 1833; x_wconf 87' lang='lat' dir='ltr'><strong>qui</strong></span> <span class='ocrx_word' id='word_1_246' title='bbox 2673 1772 2902 1818; x_wconf 77' lang='lat' dir='ltr'><strong>vexatus</strong></span> <span class='ocrx_word' id='word_1_247' title='bbox 2927 1771 3034 1831; x_wconf 90' lang='lat' dir='ltr'><strong>est,</strong></span> <span class='ocrx_word' id='word_1_248' title='bbox 3069 1763 3162 1818; x_wconf 84' lang='lat' dir='ltr'><strong>Iiat</strong></span> <span class='ocrx_word' id='word_1_249' title='bbox 3193 1776 3291 1833; x_wconf 87' lang='lat' dir='ltr'><strong>per</strong></span> <span class='ocrx_word' id='word_1_250' title='bbox 3337 1761 3652 1832; x_wconf 77' lang='lat' dir='ltr'><strong>patientiam</strong></span> 
     </span>
    </p>
   </div>
   <div class='ocr_carea' id='block_1_36' title="bbox 405 1847 1984 1924">
    <p class='ocr_par' dir='ltr' id='par_1_36' title="bbox 405 1847 1984 1924">
     <span class='ocr_line' id='line_1_36' title="bbox 405 1847 1984 1924; baseline 0.007 -24"><span class='ocrx_word' id='word_1_251' title='bbox 405 1847 558 1913; x_wconf 70' lang='grc' dir='ltr'>ᾶγιος</span> <span class='ocrx_word' id='word_1_252' title='bbox 603 1851 690 1903; x_wconf 81' lang='grc' dir='ltr'>διὰ</span> <span class='ocrx_word' id='word_1_253' title='bbox 723 1853 785 1904; x_wconf 73' lang='grc' dir='ltr'><strong>τὸ</strong></span> <span class='ocrx_word' id='word_1_254' title='bbox 829 1854 1144 1924; x_wconf 69' lang='grc' dir='ltr'>φερέπονοι).</span> <span class='ocrx_word' id='word_1_255' title='bbox 1194 1854 1303 1907; x_wconf 80' lang='grc' dir='ltr'>Καὶ</span> <span class='ocrx_word' id='word_1_256' title='bbox 1350 1853 1530 1907; x_wconf 77' lang='grc' dir='ltr'>ἐκεῖνο</span> <span class='ocrx_word' id='word_1_257' title='bbox 1566 1855 1665 1924; x_wconf 77' lang='grc' dir='ltr'>μὲν</span> <span class='ocrx_word' id='word_1_258' title='bbox 1714 1856 1984 1924; x_wconf 78' lang='grc' dir='ltr'>αὖτοάγα-</span> 
     </span>
    </p>
   </div>
   <div class='ocr_carea' id='block_1_37' title="bbox 406 1939 1986 2018">
    <p class='ocr_par' dir='ltr' id='par_1_37' title="bbox 406 1939 1986 2018">
     <span class='ocr_line' id='line_1_37' title="bbox 406 1939 1986 2018; baseline 0.007 -27"><span class='ocrx_word' id='word_1_259' title='bbox 406 1939 497 1993; x_wconf 82' lang='grc' dir='ltr'>οόν</span> <span class='ocrx_word' id='word_1_260' title='bbox 527 1958 605 2003; x_wconf 89' lang='grc' dir='ltr'><strong>τι,</strong></span> <span class='ocrx_word' id='word_1_261' title='bbox 651 1941 809 1996; x_wconf 84' lang='grc' dir='ltr'>τοῦτο</span> <span class='ocrx_word' id='word_1_262' title='bbox 851 1944 908 1996; x_wconf 71' lang='grc' dir='ltr'>δὲ</span> <span class='ocrx_word' id='word_1_263' title='bbox 956 1944 1291 2008; x_wconf 76' lang='grc' dir='ltr'>αὑτοκακίας</span> <span class='ocrx_word' id='word_1_264' title='bbox 1334 1945 1515 2018; x_wconf 83' lang='grc' dir='ltr'>ἔργον.</span> <span class='ocrx_word' id='word_1_265' title='bbox 1551 1946 1614 1999; x_wconf 82' lang='lat' dir='ltr'><strong>Ei</strong></span> <span class='ocrx_word' id='word_1_266' title='bbox 1642 1945 1698 2000; x_wconf 74' lang='grc' dir='ltr'>δὲ</span> <span class='ocrx_word' id='word_1_267' title='bbox 1725 1949 1820 2001; x_wconf 69' lang='grc' dir='ltr'>καὶ</span> <span class='ocrx_word' id='word_1_268' title='bbox 1849 1950 1986 2016; x_wconf 78' lang='grc' dir='ltr'>ἀγα-</span> 
     </span>
    </p>
   </div>
   <div class='ocr_carea' id='block_1_38' title="bbox 399 2029 1985 2110">
    <p class='ocr_par' dir='ltr' id='par_1_38' title="bbox 399 2029 1985 2110">
     <span class='ocr_line' id='line_1_38' title="bbox 399 2029 1985 2110; baseline 0.009 -28"><span class='ocrx_word' id='word_1_269' title='bbox 399 2029 500 2110; x_wconf 65' lang='grc' dir='ltr'>ρόν</span> <span class='ocrx_word' id='word_1_270' title='bbox 546 2047 600 2085; x_wconf 85' lang='grc' dir='ltr'><strong>τι</strong></span> <span class='ocrx_word' id='word_1_271' title='bbox 645 2032 812 2099; x_wconf 82' lang='grc' dir='ltr'>δοκεῖ,</span> <span class='ocrx_word' id='word_1_272' title='bbox 858 2032 993 2087; x_wconf 71' lang='grc' dir='ltr'>ἀλλὰ</span> <span class='ocrx_word' id='word_1_273' title='bbox 1039 2037 1300 2104; x_wconf 79' lang='grc' dir='ltr'>φαντάζει</span> <span class='ocrx_word' id='word_1_274' title='bbox 1341 2038 1442 2108; x_wconf 84' lang='grc' dir='ltr'>τὴν</span> <span class='ocrx_word' id='word_1_275' title='bbox 1481 2037 1818 2110; x_wconf 79' lang='grc' dir='ltr'>ἀγαθότητα,</span> <span class='ocrx_word' id='word_1_276' title='bbox 1852 2040 1985 2096; x_wconf 82' lang='grc' dir='ltr'>ὡσεὶ</span> 
     </span>
    </p>
   </div>
   <div class='ocr_carea' id='block_1_39' title="bbox 405 2123 1987 2201">
    <p class='ocr_par' dir='ltr' id='par_1_39' title="bbox 405 2123 1987 2201">
     <span class='ocr_line' id='line_1_39' title="bbox 405 2123 1987 2201; baseline 0.006 -26"><span class='ocrx_word' id='word_1_277' title='bbox 405 2123 498 2175; x_wconf 76' lang='grc' dir='ltr'><strong>καὶ</strong></span> <span class='ocrx_word' id='word_1_278' title='bbox 532 2123 758 2192; x_wconf 73' lang='grc' dir='ltr'>πίθηκος</span> <span class='ocrx_word' id='word_1_279' title='bbox 793 2123 1100 2195; x_wconf 67' lang='grc' dir='ltr'>ἄνθρωπον,</span> <span class='ocrx_word' id='word_1_280' title='bbox 1129 2125 1162 2198; x_wconf 72' lang='grc' dir='ltr'><strong>ἢ</strong></span> <span class='ocrx_word' id='word_1_281' title='bbox 1199 2129 1291 2181; x_wconf 71' lang='grc' dir='ltr'>καὶ</span> <span class='ocrx_word' id='word_1_282' title='bbox 1322 2130 1384 2180; x_wconf 82' lang='grc' dir='ltr'><strong>τὺ</strong></span> <span class='ocrx_word' id='word_1_283' title='bbox 1411 2130 1469 2180; x_wconf 80' lang='grc' dir='ltr'>ὲν</span> <span class='ocrx_word' id='word_1_284' title='bbox 1495 2128 1722 2198; x_wconf 76' lang='grc' dir='ltr'>χελιδόνι</span> <span class='ocrx_word' id='word_1_285' title='bbox 1752 2148 1987 2201; x_wconf 78' lang='grc' dir='ltr'>τεχνοει-</span> 
     </span>
    </p>
   </div>
   <div class='ocr_carea' id='block_1_40' title="bbox 404 2211 1984 2288">
    <p class='ocr_par' dir='ltr' id='par_1_40' title="bbox 404 2211 1984 2288">
     <span class='ocr_line' id='line_1_40' title="bbox 404 2211 1984 2288; baseline 0.008 -24"><span class='ocrx_word' id='word_1_286' title='bbox 404 2211 488 2275; x_wconf 68' lang='grc' dir='ltr'>ὂές</span> <span class='ocrx_word' id='word_1_287' title='bbox 524 2213 721 2282; x_wconf 77' lang='grc' dir='ltr'>τέχνην</span> <span class='ocrx_word' id='word_1_288' title='bbox 750 2215 1122 2286; x_wconf 70' lang='grc' dir='ltr'>οἰκοδομικὴν.</span> <span class='ocrx_word' id='word_1_289' title='bbox 1158 2217 1311 2288; x_wconf 76' lang='grc' dir='ltr'><strong>Τάχα</strong></span> <span class='ocrx_word' id='word_1_290' title='bbox 1357 2217 1416 2271; x_wconf 70' lang='grc' dir='ltr'>δὲ</span> <span class='ocrx_word' id='word_1_291' title='bbox 1444 2218 1628 2273; x_wconf 81' lang='grc' dir='ltr'>Θετὲον</span> <span class='ocrx_word' id='word_1_292' title='bbox 1657 2220 1768 2285; x_wconf 73' lang='grc' dir='ltr'>τὸν,</span> <span class='ocrx_word' id='word_1_293' title='bbox 1818 2224 1876 2276; x_wconf 80' lang='grc' dir='ltr'>ὲν</span> <span class='ocrx_word' id='word_1_294' title='bbox 1903 2219 1984 2288; x_wconf 73' lang='grc' dir='ltr'><strong>οἷς</strong></span> 
     </span>
    </p>
   </div>
   <div class='ocr_carea' id='block_1_41' title="bbox 406 2305 1984 2384">
    <p class='ocr_par' dir='ltr' id='par_1_41' title="bbox 406 2305 1984 2384">
     <span class='ocr_line' id='line_1_41' title="bbox 406 2305 1984 2384; baseline 0.007 -27"><span class='ocrx_word' id='word_1_295' title='bbox 406 2305 669 2375; x_wconf 74' lang='grc' dir='ltr'>βλάπτειν</span> <span class='ocrx_word' id='word_1_296' title='bbox 701 2307 897 2371; x_wconf 77' lang='grc' dir='ltr'>ἐθέλει,</span> <span class='ocrx_word' id='word_1_297' title='bbox 931 2310 1316 2379; x_wconf 81' lang='grc' dir='ltr'>ὲπωφελοῢντα</span> <span class='ocrx_word' id='word_1_298' title='bbox 1349 2313 1428 2374; x_wconf 85' lang='grc' dir='ltr'><strong>είς</strong></span> <span class='ocrx_word' id='word_1_299' title='bbox 1458 2311 1547 2364; x_wconf 86' lang='grc' dir='ltr'><strong>τδν</strong></span> <span class='ocrx_word' id='word_1_300' title='bbox 1572 2311 1851 2383; x_wconf 72' lang='grc' dir='ltr'><strong>πλήξαντα</strong></span> <span class='ocrx_word' id='word_1_301' title='bbox 1884 2315 1984 2384; x_wconf 78' lang='grc' dir='ltr'>μὲν</span> 
     </span>
    </p>
   </div>
   <div class='ocr_carea' id='block_1_42' title="bbox 405 2396 1982 2480">
    <p class='ocr_par' dir='ltr' id='par_1_42' title="bbox 405 2396 1982 2480">
     <span class='ocr_line' id='line_1_42' title="bbox 405 2396 1982 2480; baseline 0.01 -34"><span class='ocrx_word' id='word_1_302' title='bbox 405 2396 496 2448; x_wconf 76' lang='grc' dir='ltr'><strong>ἐπὶ</strong></span> <span class='ocrx_word' id='word_1_303' title='bbox 555 2399 724 2468; x_wconf 88' lang='grc' dir='ltr'>φόνῳ,</span> <span class='ocrx_word' id='word_1_304' title='bbox 780 2401 1073 2468; x_wconf 77' lang='grc' dir='ltr'>ἰασάμενον</span> <span class='ocrx_word' id='word_1_305' title='bbox 1123 2401 1178 2454; x_wconf 82' lang='grc' dir='ltr'>δὲ</span> <span class='ocrx_word' id='word_1_306' title='bbox 1227 2403 1583 2472; x_wconf 81' lang='grc' dir='ltr'>ἢάπελεύσει</span> <span class='ocrx_word' id='word_1_307' title='bbox 1640 2405 1893 2475; x_wconf 77' lang='grc' dir='ltr'>αἵματος,</span> <span class='ocrx_word' id='word_1_308' title='bbox 1947 2407 1982 2480; x_wconf 77' lang='grc' dir='ltr'>ἢ</span> 
     </span>
    </p>
   </div>
   <div class='ocr_carea' id='block_1_43' title="bbox 413 2488 1982 2567">
    <p class='ocr_par' dir='ltr' id='par_1_43' title="bbox 413 2488 1982 2567">
     <span class='ocr_line' id='line_1_43' title="bbox 413 2488 1982 2567; baseline 0.007 -28"><span class='ocrx_word' id='word_1_309' title='bbox 413 2488 589 2560; x_wconf 77' lang='grc' dir='ltr'>τληγῇ</span> <span class='ocrx_word' id='word_1_310' title='bbox 616 2490 890 2555; x_wconf 83' lang='grc' dir='ltr'>τομῶντος</span> <span class='ocrx_word' id='word_1_311' title='bbox 917 2493 1253 2563; x_wconf 70' lang='grc' dir='ltr'><strong>τραύματος·</strong></span> <span class='ocrx_word' id='word_1_312' title='bbox 1287 2495 1348 2549; x_wconf 83' lang='grc' dir='ltr'>ὃν</span> <span class='ocrx_word' id='word_1_313' title='bbox 1384 2496 1640 2550; x_wconf 81' lang='grc' dir='ltr'>είκονίσοι</span> <span class='ocrx_word' id='word_1_314' title='bbox 1676 2498 1773 2567; x_wconf 76' lang='grc' dir='ltr'>μὲν</span> <span class='ocrx_word' id='word_1_315' title='bbox 1806 2499 1870 2552; x_wconf 81' lang='grc' dir='ltr'>ἄν</span> <span class='ocrx_word' id='word_1_316' title='bbox 1899 2515 1982 2561; x_wconf 85' lang='grc' dir='ltr'><strong>τις</strong></span> 
     </span>
    </p>
   </div>
   <div class='ocr_carea' id='block_1_44' title="bbox 387 2582 1984 2660">
    <p class='ocr_par' dir='ltr' id='par_1_44' title="bbox 387 2582 1984 2660">
     <span class='ocr_line' id='line_1_44' title="bbox 387 2582 1984 2660; baseline 0.008 -28"><span class='ocrx_word' id='word_1_317' title='bbox 387 2583 485 2644; x_wconf 74' lang='grc' dir='ltr'><strong>ἐἰς</strong></span> <span class='ocrx_word' id='word_1_318' title='bbox 504 2582 806 2653; x_wconf 71' lang='grc' dir='ltr'>εὐεργέτην</span> <span class='ocrx_word' id='word_1_319' title='bbox 829 2587 1175 2655; x_wconf 77' lang='grc' dir='ltr'>σκιαγράφου</span> <span class='ocrx_word' id='word_1_320' title='bbox 1195 2587 1373 2659; x_wconf 84' lang='grc' dir='ltr'>δίκην.</span> <span class='ocrx_word' id='word_1_321' title='bbox 1395 2589 1494 2642; x_wconf 84' lang='grc' dir='ltr'>οὐκ</span> <span class='ocrx_word' id='word_1_322' title='bbox 1515 2588 1580 2642; x_wconf 73' lang='grc' dir='ltr'>ἂν</span> <span class='ocrx_word' id='word_1_323' title='bbox 1597 2589 1652 2642; x_wconf 79' lang='grc' dir='ltr'>δὲ</span> <span class='ocrx_word' id='word_1_324' title='bbox 1674 2590 1984 2660; x_wconf 77' lang='grc' dir='ltr'>διαζωγρα-</span> 
     </span>
    </p>
   </div>
   <div class='ocr_carea' id='block_1_45' title="bbox 408 2675 1980 2752">
    <p class='ocr_par' dir='ltr' id='par_1_45' title="bbox 408 2675 1980 2752">
     <span class='ocr_line' id='line_1_45' title="bbox 408 2675 1980 2752; baseline 0.007 -27"><span class='ocrx_word' id='word_1_325' title='bbox 408 2676 569 2744; x_wconf 81' lang='grc' dir='ltr'>φήσοι</span> <span class='ocrx_word' id='word_1_326' title='bbox 592 2675 686 2726; x_wconf 68' lang='grc' dir='ltr'>καὶ</span> <span class='ocrx_word' id='word_1_327' title='bbox 705 2675 785 2738; x_wconf 86' lang='grc' dir='ltr'><strong>είς</strong></span> <span class='ocrx_word' id='word_1_328' title='bbox 808 2675 1042 2740; x_wconf 77' lang='grc' dir='ltr'>ἐντελές.</span> <span class='ocrx_word' id='word_1_329' title='bbox 1061 2678 1273 2731; x_wconf 84' lang='grc' dir='ltr'>Μενοῦν</span> <span class='ocrx_word' id='word_1_330' title='bbox 1296 2697 1356 2748; x_wconf 85' lang='grc' dir='ltr'><strong>γε</strong></span> <span class='ocrx_word' id='word_1_331' title='bbox 1380 2681 1806 2752; x_wconf 47' lang='grc' dir='ltr'>καὶ-περιτυχών</span> <span class='ocrx_word' id='word_1_332' title='bbox 1829 2699 1980 2747; x_wconf 80' lang='grc' dir='ltr'>ποτε,</span> 
     </span>
    </p>
   </div>
   <div class='ocr_carea' id='block_1_46' title="bbox 407 2746 1978 2842">
    <p class='ocr_par' dir='ltr' id='par_1_46' title="bbox 407 2746 1978 2842">
     <span class='ocr_line' id='line_1_46' title="bbox 407 2746 1978 2842; baseline 0.006 -27"><span class='ocrx_word' id='word_1_333' title='bbox 407 2763 773 2835; x_wconf 62' lang='grc' dir='ltr'>ἀποτρίψεται</span> <span class='ocrx_word' id='word_1_334' title='bbox 816 2764 891 2829; x_wconf 81' lang='grc' dir='ltr'><strong>ὡς</strong></span> <span class='ocrx_word' id='word_1_335' title='bbox 939 2767 1252 2838; x_wconf 75' lang='grc' dir='ltr'>ἐχθρὸν,καί</span> <span class='ocrx_word' id='word_1_336' title='bbox 1306 2746 1406 2823; x_wconf 71' lang='lat' dir='ltr'><strong>non</strong></span> <span class='ocrx_word' id='word_1_337' title='bbox 1437 2746 1532 2825; x_wconf 67' lang='lat' dir='ltr'><strong>x3e</strong></span> <span class='ocrx_word' id='word_1_338' title='bbox 1567 2746 1870 2842; x_wconf 55' lang='grc' dir='ltr'>ἀμυνεῖται,</span> <span class='ocrx_word' id='word_1_339' title='bbox 1905 2771 1978 2836; x_wconf 85' lang='grc' dir='ltr'>ὡς</span> 
     </span>
    </p>
   </div>
   <div class='ocr_carea' id='block_1_47' title="bbox 409 2855 1981 2934">
    <p class='ocr_par' dir='ltr' id='par_1_47' title="bbox 409 2855 1981 2934">
     <span class='ocr_line' id='line_1_47' title="bbox 409 2855 1981 2934; baseline 0.005 -26"><span class='ocrx_word' id='word_1_340' title='bbox 409 2855 653 2926; x_wconf 78' lang='grc' dir='ltr'>δύναμις.</span> <span class='ocrx_word' id='word_1_341' title='bbox 686 2857 827 2911; x_wconf 83' lang='grc' dir='ltr'>Ἀλλ’</span> <span class='ocrx_word' id='word_1_342' title='bbox 844 2857 955 2926; x_wconf 80' lang='grc' dir='ltr'>ἐγὼ</span> <span class='ocrx_word' id='word_1_343' title='bbox 975 2859 1132 2913; x_wconf 77' lang='grc' dir='ltr'>τοῦτο</span> <span class='ocrx_word' id='word_1_344' title='bbox 1155 2860 1254 2932; x_wconf 81' lang='grc' dir='ltr'>μὲν</span> <span class='ocrx_word' id='word_1_345' title='bbox 1273 2861 1372 2916; x_wconf 83' lang='grc' dir='ltr'><strong>οὐκ</strong></span> <span class='ocrx_word' id='word_1_346' title='bbox 1394 2863 1459 2916; x_wconf 82' lang='grc' dir='ltr'>ἂν</span> <span class='ocrx_word' id='word_1_347' title='bbox 1481 2863 1602 2916; x_wconf 76' lang='grc' dir='ltr'>οὐδὲ</span> <span class='ocrx_word' id='word_1_348' title='bbox 1622 2861 1981 2934; x_wconf 69' lang='grc' dir='ltr'>ἐνθυμοίμην,</span> 
     </span>
    </p>
   </div>
   <div class='ocr_carea' id='block_1_48' title="bbox 412 2944 1986 3027">
    <p class='ocr_par' dir='ltr' id='par_1_48' title="bbox 412 2944 1986 3027">
     <span class='ocr_line' id='line_1_48' title="bbox 412 2944 1986 3027; baseline 0.007 -30"><span class='ocrx_word' id='word_1_349' title='bbox 412 2947 459 2997; x_wconf 76' lang='grc' dir='ltr'><strong>τί</strong></span> <span class='ocrx_word' id='word_1_350' title='bbox 491 2947 566 3016; x_wconf 82' lang='grc' dir='ltr'>μὴ</span> <span class='ocrx_word' id='word_1_351' title='bbox 595 2944 729 3012; x_wconf 77' lang='grc' dir='ltr'>Θεὸς</span> <span class='ocrx_word' id='word_1_352' title='bbox 757 2947 918 3012; x_wconf 81' lang='grc' dir='ltr'>αὐτὸς</span> <span class='ocrx_word' id='word_1_353' title='bbox 946 2947 1192 3020; x_wconf 72' lang='grc' dir='ltr'><strong>ἐξέληται</strong></span> <span class='ocrx_word' id='word_1_354' title='bbox 1212 2969 1312 3021; x_wconf 91' lang='grc' dir='ltr'><strong>μου</strong></span> <span class='ocrx_word' id='word_1_355' title='bbox 1331 2951 1392 3006; x_wconf 73' lang='grc' dir='ltr'>τὸ</span> <span class='ocrx_word' id='word_1_356' title='bbox 1411 2956 1646 3026; x_wconf 80' lang='grc' dir='ltr'>φρονεῖν.</span> <span class='ocrx_word' id='word_1_357' title='bbox 1687 2971 1706 3006; x_wconf 84' lang='grc' dir='ltr'><strong>ι</strong></span> <span class='ocrx_word' id='word_1_358' title='bbox 1728 2955 1986 3027; x_wconf 81' lang='grc' dir='ltr'>Ἀμνησι-</span> 
     </span>
    </p>
   </div>
   <div class='ocr_carea' id='block_1_49' title="bbox 415 3035 1978 3116">
    <p class='ocr_par' dir='ltr' id='par_1_49' title="bbox 415 3035 1978 3116">
     <span class='ocr_line' id='line_1_49' title="bbox 415 3035 1978 3116; baseline 0.006 -29"><span class='ocrx_word' id='word_1_359' title='bbox 415 3035 598 3089; x_wconf 81' lang='grc' dir='ltr'>κακῶν</span> <span class='ocrx_word' id='word_1_360' title='bbox 611 3054 630 3088; x_wconf 79' lang='grc' dir='ltr'><strong>ι</strong></span> <span class='ocrx_word' id='word_1_361' title='bbox 649 3037 726 3103; x_wconf 83' lang='grc' dir='ltr'>δὲ,</span> <span class='ocrx_word' id='word_1_362' title='bbox 745 3039 820 3101; x_wconf 78' lang='grc' dir='ltr'><strong>ὡς</strong></span> <span class='ocrx_word' id='word_1_363' title='bbox 846 3040 1049 3104; x_wconf 72' lang='grc' dir='ltr'>ἐκεῖνος</span> <span class='ocrx_word' id='word_1_364' title='bbox 1069 3040 1390 3106; x_wconf 73' lang='grc' dir='ltr'>ἐντέλλεται,</span> <span class='ocrx_word' id='word_1_365' title='bbox 1411 3044 1538 3098; x_wconf 76' lang='grc' dir='ltr'>ἄλλο</span> <span class='ocrx_word' id='word_1_366' title='bbox 1559 3045 1658 3115; x_wconf 69' lang='grc' dir='ltr'>μὲν</span> <span class='ocrx_word' id='word_1_367' title='bbox 1675 3041 1815 3098; x_wconf 74' lang='grc' dir='ltr'>εἷναί</span> <span class='ocrx_word' id='word_1_368' title='bbox 1837 3063 1978 3116; x_wconf 84' lang='grc' dir='ltr'>φημι</span> 
     </span>
    </p>
   </div>
   <div class='ocr_carea' id='block_1_50' title="bbox 415 3125 1980 3203">
    <p class='ocr_par' dir='ltr' id='par_1_50' title="bbox 415 3125 1980 3203">
     <span class='ocr_line' id='line_1_50' title="bbox 415 3125 1980 3203; baseline 0.008 -23"><span class='ocrx_word' id='word_1_369' title='bbox 415 3125 725 3182; x_wconf 73' lang='grc' dir='ltr'>διδάσκαλον</span> <span class='ocrx_word' id='word_1_370' title='bbox 751 3133 842 3184; x_wconf 69' lang='grc' dir='ltr'>καὶ</span> <span class='ocrx_word' id='word_1_371' title='bbox 858 3131 1174 3203; x_wconf 74' lang='grc' dir='ltr'>εὐεργέτην,</span> <span class='ocrx_word' id='word_1_372' title='bbox 1193 3133 1322 3188; x_wconf 80' lang='grc' dir='ltr'>ἄλλο</span> <span class='ocrx_word' id='word_1_373' title='bbox 1333 3135 1389 3188; x_wconf 80' lang='grc' dir='ltr'>δὲ</span> <span class='ocrx_word' id='word_1_374' title='bbox 1406 3138 1494 3190; x_wconf 69' lang='grc' dir='ltr'><strong>τὸν</strong></span> <span class='ocrx_word' id='word_1_375' title='bbox 1511 3137 1710 3191; x_wconf 79' lang='grc' dir='ltr'>ὡσανεὶ</span> <span class='ocrx_word' id='word_1_376' title='bbox 1725 3137 1980 3194; x_wconf 83' lang='grc' dir='ltr'>διδάσκα-</span> 
     </span>
    </p>
   </div>
   <div class='ocr_carea' id='block_1_51' title="bbox 415 3217 1976 3303">
    <p class='ocr_par' dir='ltr' id='par_1_51' title="bbox 415 3217 1976 3303">
     <span class='ocr_line' id='line_1_51' title="bbox 415 3217 1976 3303; baseline 0.012 -35"><span class='ocrx_word' id='word_1_377' title='bbox 415 3217 502 3270; x_wconf 80' lang='grc' dir='ltr'><strong>λον</strong></span> <span class='ocrx_word' id='word_1_378' title='bbox 520 3223 611 3273; x_wconf 67' lang='grc' dir='ltr'>καὶ</span> <span class='ocrx_word' id='word_1_379' title='bbox 642 3221 717 3285; x_wconf 86' lang='grc' dir='ltr'>ὠς</span> <span class='ocrx_word' id='word_1_380' title='bbox 738 3217 848 3276; x_wconf 72' lang='grc' dir='ltr'>οἷον</span> <span class='ocrx_word' id='word_1_381' title='bbox 870 3224 1187 3297; x_wconf 76' lang='grc' dir='ltr'>εὐεργέτην,</span> <span class='ocrx_word' id='word_1_382' title='bbox 1209 3229 1304 3281; x_wconf 67' lang='grc' dir='ltr'><strong>καί⁹</strong></span> <span class='ocrx_word' id='word_1_383' title='bbox 1324 3226 1462 3282; x_wconf 79' lang='grc' dir='ltr'>εἶναι</span> <span class='ocrx_word' id='word_1_384' title='bbox 1477 3233 1844 3300; x_wconf 82' lang='grc' dir='ltr'>τιμιωτάτους</span> <span class='ocrx_word' id='word_1_385' title='bbox 1878 3234 1976 3303; x_wconf 81' lang='grc' dir='ltr'>μὲν</span> 
     </span>
    </p>
   </div>
   <div class='ocr_carea' id='block_1_52' title="bbox 415 3308 1973 3392">
    <p class='ocr_par' dir='ltr' id='par_1_52' title="bbox 415 3308 1973 3392">
     <span class='ocr_line' id='line_1_52' title="bbox 415 3308 1973 3392; baseline 0.014 -34"><span class='ocrx_word' id='word_1_386' title='bbox 415 3308 536 3372; x_wconf 75' lang='grc' dir='ltr'>τοὺς</span> <span class='ocrx_word' id='word_1_387' title='bbox 558 3311 826 3380; x_wconf 70' lang='grc' dir='ltr'>πρώτους,</span> <span class='ocrx_word' id='word_1_388' title='bbox 852 3312 1098 3384; x_wconf 78' lang='grc' dir='ltr'>ὑστερεῖν</span> <span class='ocrx_word' id='word_1_389' title='bbox 1113 3318 1170 3371; x_wconf 70' lang='grc' dir='ltr'>δὲ</span> <span class='ocrx_word' id='word_1_390' title='bbox 1185 3321 1262 3381; x_wconf 80' lang='grc' dir='ltr'><strong>είς</strong></span> <span class='ocrx_word' id='word_1_391' title='bbox 1279 3322 1563 3391; x_wconf 76' lang='grc' dir='ltr'>πρεσϐεῖον</span> <span class='ocrx_word' id='word_1_392' title='bbox 1590 3326 1715 3390; x_wconf 81' lang='grc' dir='ltr'>τοὺς</span> <span class='ocrx_word' id='word_1_393' title='bbox 1735 3327 1973 3392; x_wconf 75' lang='grc' dir='ltr'>λοιπούς.</span> 
     </span>
    </p>
   </div>
   <div class='ocr_carea' id='block_1_53' title="bbox 483 3399 1979 3476">
    <p class='ocr_par' dir='ltr' id='par_1_53' title="bbox 483 3399 1979 3476">
     <span class='ocr_line' id='line_1_53' title="bbox 483 3399 1979 3476; baseline 0.013 -23"><span class='ocrx_word' id='word_1_394' title='bbox 483 3399 578 3470; x_wconf 86' lang='grc' dir='ltr'>ρε’.</span> <span class='ocrx_word' id='word_1_395' title='bbox 609 3403 700 3473; x_wconf 75' lang='grc' dir='ltr'><strong>Μὴ</strong></span> <span class='ocrx_word' id='word_1_396' title='bbox 727 3399 820 3457; x_wconf 74' lang='grc' dir='ltr'>οὖν</span> <span class='ocrx_word' id='word_1_397' title='bbox 850 3406 1168 3476; x_wconf 71' lang='grc' dir='ltr'>αἱρετιζέτω</span> <span class='ocrx_word' id='word_1_398' title='bbox 1190 3427 1293 3476; x_wconf 83' lang='grc' dir='ltr'>τις,</span> <span class='ocrx_word' id='word_1_399' title='bbox 1330 3411 1426 3467; x_wconf 71' lang='grc' dir='ltr'>καὶ</span> <span class='ocrx_word' id='word_1_400' title='bbox 1459 3417 1640 3470; x_wconf 76' lang='grc' dir='ltr'>ἐκεῖνα</span> <span class='ocrx_word' id='word_1_401' title='bbox 1683 3417 1776 3472; x_wconf 77' lang='grc' dir='ltr'><strong>καὶ</strong></span> <span class='ocrx_word' id='word_1_402' title='bbox 1804 3421 1979 3473; x_wconf 71' lang='grc' dir='ltr'>ταῦτα</span> 
     </span>
    </p>
   </div>
   <div class='ocr_carea' id='block_1_54' title="bbox 415 3493 1977 3576">
    <p class='ocr_par' dir='ltr' id='par_1_54' title="bbox 415 3493 1977 3576">
     <span class='ocr_line' id='line_1_54' title="bbox 415 3493 1977 3576; baseline 0.014 -34"><span class='ocrx_word' id='word_1_403' title='bbox 415 3493 662 3561; x_wconf 81' lang='grc' dir='ltr'>συνάγειν</span> <span class='ocrx_word' id='word_1_404' title='bbox 683 3497 762 3558; x_wconf 87' lang='grc' dir='ltr'><strong>είς</strong></span> <span class='ocrx_word' id='word_1_405' title='bbox 790 3496 868 3561; x_wconf 79' lang='grc' dir='ltr'>ἓν,</span> <span class='ocrx_word' id='word_1_406' title='bbox 895 3498 1010 3552; x_wconf 84' lang='grc' dir='ltr'>ἀλλ’</span> <span class='ocrx_word' id='word_1_407' title='bbox 1031 3501 1171 3555; x_wconf 77' lang='grc' dir='ltr'>ἐάτω</span> <span class='ocrx_word' id='word_1_408' title='bbox 1195 3503 1295 3573; x_wconf 80' lang='grc' dir='ltr'>μὲν</span> <span class='ocrx_word' id='word_1_409' title='bbox 1325 3503 1568 3576; x_wconf 75' lang='grc' dir='ltr'>φεύγειν,</span> <span class='ocrx_word' id='word_1_410' title='bbox 1599 3510 1744 3572; x_wconf 81' lang='grc' dir='ltr'>ὅστις</span> <span class='ocrx_word' id='word_1_411' title='bbox 1769 3512 1887 3564; x_wconf 83' lang='grc' dir='ltr'>ποτ’</span> <span class='ocrx_word' id='word_1_412' title='bbox 1911 3509 1977 3564; x_wconf 80' lang='grc' dir='ltr'>ἂν</span> 
     </span>
    </p>
   </div>
   <div class='ocr_carea' id='block_1_55' title="bbox 412 3586 1980 3672">
    <p class='ocr_par' dir='ltr' id='par_1_55' title="bbox 412 3586 1980 3672">
     <span class='ocr_line' id='line_1_55' title="bbox 412 3586 1980 3672; baseline 0.012 -35"><span class='ocrx_word' id='word_1_413' title='bbox 412 3587 502 3639; x_wconf 76' lang='grc' dir='ltr'>καὶ</span> <span class='ocrx_word' id='word_1_414' title='bbox 533 3586 652 3656; x_wconf 75' lang='grc' dir='ltr'>εἴην</span> <span class='ocrx_word' id='word_1_415' title='bbox 692 3586 822 3656; x_wconf 68' lang='grc' dir='ltr'>ἐγὼ,</span> <span class='ocrx_word' id='word_1_416' title='bbox 860 3588 922 3642; x_wconf 82' lang='grc' dir='ltr'><strong>τδ</strong></span> <span class='ocrx_word' id='word_1_417' title='bbox 953 3593 1203 3658; x_wconf 62' lang='grc' dir='ltr'>φευκτὸν,</span> <span class='ocrx_word' id='word_1_418' title='bbox 1237 3596 1345 3648; x_wconf 83' lang='grc' dir='ltr'>εῖτε</span> <span class='ocrx_word' id='word_1_419' title='bbox 1385 3599 1526 3651; x_wconf 70' lang='grc' dir='ltr'>κατὰ</span> <span class='ocrx_word' id='word_1_420' title='bbox 1571 3599 1662 3653; x_wconf 79' lang='grc' dir='ltr'><strong>τὸν</strong></span> <span class='ocrx_word' id='word_1_421' title='bbox 1703 3600 1804 3670; x_wconf 82' lang='grc' dir='ltr'>τῆς</span> <span class='ocrx_word' id='word_1_422' title='bbox 1855 3601 1980 3672; x_wconf 77' lang='grc' dir='ltr'><strong>ἐρή-</strong></span> 
     </span>
    </p>
   </div>
   <div class='ocr_carea' id='block_1_56' title="bbox 415 3678 1976 3754">
    <p class='ocr_par' dir='ltr' id='par_1_56' title="bbox 415 3678 1976 3754">
     <span class='ocr_line' id='line_1_56' title="bbox 415 3678 1976 3754; baseline 0.011 -25"><span class='ocrx_word' id='word_1_423' title='bbox 415 3696 536 3747; x_wconf 87' lang='grc' dir='ltr'>μου,</span> <span class='ocrx_word' id='word_1_424' title='bbox 569 3678 637 3750; x_wconf 73' lang='grc' dir='ltr'>ἢν</span> <span class='ocrx_word' id='word_1_425' title='bbox 685 3681 780 3733; x_wconf 71' lang='grc' dir='ltr'>καὶ</span> <span class='ocrx_word' id='word_1_426' title='bbox 810 3681 984 3749; x_wconf 80' lang='grc' dir='ltr'>ἐφίλει</span> <span class='ocrx_word' id='word_1_427' title='bbox 1007 3683 1232 3751; x_wconf 75' lang='grc' dir='ltr'>ἐκεῖνος,</span> <span class='ocrx_word' id='word_1_428' title='bbox 1266 3686 1376 3740; x_wconf 78' lang='grc' dir='ltr'>εἴτε</span> <span class='ocrx_word' id='word_1_429' title='bbox 1413 3690 1555 3742; x_wconf 77' lang='grc' dir='ltr'>κατὰ</span> <span class='ocrx_word' id='word_1_430' title='bbox 1599 3691 1725 3754; x_wconf 74' lang='grc' dir='ltr'>τοὺς</span> <span class='ocrx_word' id='word_1_431' title='bbox 1751 3691 1976 3753; x_wconf 65' lang='grc' dir='ltr'>δειλούς.</span> 
     </span>
    </p>
   </div>
   <div class='ocr_carea' id='block_1_57' title="bbox 426 3771 1978 3852">
    <p class='ocr_par' dir='ltr' id='par_1_57' title="bbox 426 3771 1978 3852">
     <span class='ocr_line' id='line_1_57' title="bbox 426 3771 1978 3852; baseline 0.008 -30"><span class='ocrx_word' id='word_1_432' title='bbox 426 3771 594 3823; x_wconf 79' lang='grc' dir='ltr'>Ἐἀτω</span> <span class='ocrx_word' id='word_1_433' title='bbox 643 3789 710 3841; x_wconf 84' lang='grc' dir='ltr'><strong>με</strong></span> <span class='ocrx_word' id='word_1_434' title='bbox 771 3775 990 3843; x_wconf 79' lang='grc' dir='ltr'>φρονεῖν</span> <span class='ocrx_word' id='word_1_435' title='bbox 1031 3776 1124 3827; x_wconf 76' lang='grc' dir='ltr'>καὶ</span> <span class='ocrx_word' id='word_1_436' title='bbox 1164 3779 1303 3830; x_wconf 86' lang='grc' dir='ltr'>νοεῖν</span> <span class='ocrx_word' id='word_1_437' title='bbox 1355 3781 1447 3832; x_wconf 65' lang='grc' dir='ltr'>καὶ</span> <span class='ocrx_word' id='word_1_438' title='bbox 1477 3779 1677 3834; x_wconf 75' lang='grc' dir='ltr'>εἰδέναι</span> <span class='ocrx_word' id='word_1_439' title='bbox 1717 3780 1978 3852; x_wconf 58' lang='grc' dir='ltr'>διαφορὰς</span> 
     </span>
    </p>
   </div>
   <div class='ocr_carea' id='block_1_58' title="bbox 411 3859 1977 3940">
    <p class='ocr_par' dir='ltr' id='par_1_58' title="bbox 411 3859 1977 3940">
     <span class='ocr_line' id='line_1_58' title="bbox 411 3859 1977 3940; baseline 0.01 -30"><span class='ocrx_word' id='word_1_440' title='bbox 411 3859 577 3925; x_wconf 70' lang='grc' dir='ltr'>ἠθῶν,</span> <span class='ocrx_word' id='word_1_441' title='bbox 608 3863 703 3916; x_wconf 75' lang='grc' dir='ltr'>καὶ</span> <span class='ocrx_word' id='word_1_442' title='bbox 728 3862 780 3914; x_wconf 82' lang='grc' dir='ltr'><strong>τί</strong></span> <span class='ocrx_word' id='word_1_443' title='bbox 812 3864 912 3931; x_wconf 79' lang='grc' dir='ltr'>μέν</span> <span class='ocrx_word' id='word_1_444' title='bbox 931 3865 1080 3918; x_wconf 70' lang='grc' dir='ltr'>ἔστιν</span> <span class='ocrx_word' id='word_1_445' title='bbox 1102 3865 1330 3936; x_wconf 75' lang='grc' dir='ltr'>ἁδελφὸς</span> <span class='ocrx_word' id='word_1_446' title='bbox 1357 3870 1384 3921; x_wconf 81' lang='grc' dir='ltr'><strong>ό</strong></span> <span class='ocrx_word' id='word_1_447' title='bbox 1405 3869 1609 3938; x_wconf 79' lang='grc' dir='ltr'>ἁπλῶς,</span> <span class='ocrx_word' id='word_1_448' title='bbox 1644 3871 1694 3924; x_wconf 87' lang='grc' dir='ltr'><strong>τί</strong></span> <span class='ocrx_word' id='word_1_449' title='bbox 1715 3871 1770 3924; x_wconf 83' lang='grc' dir='ltr'>δὲ</span> <span class='ocrx_word' id='word_1_450' title='bbox 1804 3873 1977 3940; x_wconf 90' lang='grc' dir='ltr'>φίλος,</span> 
     </span>
    </p>
   </div>
   <div class='ocr_carea' id='block_1_59' title="bbox 409 3951 1980 4032">
    <p class='ocr_par' dir='ltr' id='par_1_59' title="bbox 409 3951 1980 4032">
     <span class='ocr_line' id='line_1_59' title="bbox 409 3951 1980 4032; baseline 0.01 -31"><span class='ocrx_word' id='word_1_451' title='bbox 409 3951 466 4001; x_wconf 64' lang='grc' dir='ltr'><strong>τε,</strong></span> <span class='ocrx_word' id='word_1_452' title='bbox 492 3953 550 4002; x_wconf 81' lang='grc' dir='ltr'>ὲν</span> <span class='ocrx_word' id='word_1_453' title='bbox 577 3953 688 4012; x_wconf 82' lang='grc' dir='ltr'>τοῖς</span> <span class='ocrx_word' id='word_1_454' title='bbox 717 3951 840 4005; x_wconf 77' lang='grc' dir='ltr'>καθ’</span> <span class='ocrx_word' id='word_1_455' title='bbox 876 3953 1020 4023; x_wconf 75' lang='grc' dir='ltr'>ἡμᾶς</span> <span class='ocrx_word' id='word_1_456' title='bbox 1051 3954 1150 4023; x_wconf 84' lang='grc' dir='ltr'>μὲν</span> <span class='ocrx_word' id='word_1_457' title='bbox 1181 3957 1388 4010; x_wconf 74' lang='grc' dir='ltr'>εἰκαῖον</span> <span class='ocrx_word' id='word_1_458' title='bbox 1420 3960 1514 4011; x_wconf 74' lang='grc' dir='ltr'>καὶ</span> <span class='ocrx_word' id='word_1_459' title='bbox 1545 3961 1673 4032; x_wconf 64' lang='grc' dir='ltr'>ῥᾷον</span> <span class='ocrx_word' id='word_1_460' title='bbox 1701 3962 1794 4015; x_wconf 78' lang='grc' dir='ltr'>καὶ</span> <span class='ocrx_word' id='word_1_461' title='bbox 1818 3963 1980 4016; x_wconf 80' lang='grc' dir='ltr'>πολύ-</span> 
     </span>
    </p>
   </div>
   <div class='ocr_carea' id='block_1_60' title="bbox 415 4043 1981 4124">
    <p class='ocr_par' dir='ltr' id='par_1_60' title="bbox 415 4043 1981 4124">
     <span class='ocr_line' id='line_1_60' title="bbox 415 4043 1981 4124; baseline 0.008 -30"><span class='ocrx_word' id='word_1_462' title='bbox 415 4059 596 4112; x_wconf 86' lang='grc' dir='ltr'>χροον,</span> <span class='ocrx_word' id='word_1_463' title='bbox 630 4045 743 4107; x_wconf 87' lang='grc' dir='ltr'>τοῖς</span> <span class='ocrx_word' id='word_1_464' title='bbox 773 4043 831 4097; x_wconf 75' lang='grc' dir='ltr'>δὲ</span> <span class='ocrx_word' id='word_1_465' title='bbox 853 4045 1289 4119; x_wconf 81' lang='grc' dir='ltr'>σπουδαιοτέροις</span> <span class='ocrx_word' id='word_1_466' title='bbox 1313 4050 1459 4117; x_wconf 84' lang='grc' dir='ltr'>μάλα</span> <span class='ocrx_word' id='word_1_467' title='bbox 1481 4054 1854 4124; x_wconf 82' lang='grc' dir='ltr'>πεπονημένον</span> <span class='ocrx_word' id='word_1_468' title='bbox 1886 4056 1981 4109; x_wconf 75' lang='grc' dir='ltr'><strong>καὶ</strong></span> 
     </span>
    </p>
   </div>
   <div class='ocr_carea' id='block_1_61' title="bbox 416 4134 1979 4214">
    <p class='ocr_par' dir='ltr' id='par_1_61' title="bbox 416 4134 1979 4214">
     <span class='ocr_line' id='line_1_61' title="bbox 416 4134 1979 4214; baseline 0.009 -29"><span class='ocrx_word' id='word_1_469' title='bbox 416 4134 796 4202; x_wconf 79' lang='grc' dir='ltr'>μονάζον,καθ’</span> <span class='ocrx_word' id='word_1_470' title='bbox 827 4136 855 4190; x_wconf 83' lang='grc' dir='ltr'><strong>δ</strong></span> <span class='ocrx_word' id='word_1_471' title='bbox 877 4141 970 4191; x_wconf 77' lang='grc' dir='ltr'><strong>καὶ</strong></span> <span class='ocrx_word' id='word_1_472' title='bbox 1000 4140 1152 4193; x_wconf 68' lang='grc' dir='ltr'>κοινὰ</span> <span class='ocrx_word' id='word_1_473' title='bbox 1183 4143 1295 4205; x_wconf 82' lang='grc' dir='ltr'>τοῖς</span> <span class='ocrx_word' id='word_1_474' title='bbox 1325 4141 1499 4211; x_wconf 79' lang='grc' dir='ltr'>φίλοις</span> <span class='ocrx_word' id='word_1_475' title='bbox 1527 4143 1596 4198; x_wconf 80' lang='grc' dir='ltr'><strong>τὰ</strong></span> <span class='ocrx_word' id='word_1_476' title='bbox 1631 4146 1804 4199; x_wconf 80' lang='grc' dir='ltr'>πάντα</span> <span class='ocrx_word' id='word_1_477' title='bbox 1832 4147 1979 4214; x_wconf 85' lang='grc' dir='ltr'>γίνε-</span> 
     </span>
    </p>
   </div>
   <div class='ocr_carea' id='block_1_62' title="bbox 411 4224 1974 4303">
    <p class='ocr_par' dir='ltr' id='par_1_62' title="bbox 411 4224 1974 4303">
     <span class='ocr_line' id='line_1_62' title="bbox 411 4224 1974 4303; baseline 0.006 -28"><span class='ocrx_word' id='word_1_478' title='bbox 411 4241 517 4277; x_wconf 89' lang='grc' dir='ltr'>ται.</span> <span class='ocrx_word' id='word_1_479' title='bbox 549 4225 623 4278; x_wconf 76' lang='grc' dir='ltr'><strong>Οὐ</strong></span> <span class='ocrx_word' id='word_1_480' title='bbox 647 4226 755 4296; x_wconf 82' lang='grc' dir='ltr'>γὰρ</span> <span class='ocrx_word' id='word_1_481' title='bbox 785 4224 903 4278; x_wconf 78' lang='grc' dir='ltr'>ἐστι</span> <span class='ocrx_word' id='word_1_482' title='bbox 941 4227 1082 4280; x_wconf 71' lang='grc' dir='ltr'>κατὰ</span> <span class='ocrx_word' id='word_1_483' title='bbox 1111 4229 1170 4282; x_wconf 82' lang='grc' dir='ltr'>τὸ</span> <span class='ocrx_word' id='word_1_484' title='bbox 1199 4231 1359 4299; x_wconf 73' lang='grc' dir='ltr'>τυχὸν</span> <span class='ocrx_word' id='word_1_485' title='bbox 1399 4231 1552 4301; x_wconf 83' lang='grc' dir='ltr'>φίλον</span> <span class='ocrx_word' id='word_1_486' title='bbox 1585 4233 1874 4303; x_wconf 78' lang='grc' dir='ltr'>ἄνθρωπον</span> <span class='ocrx_word' id='word_1_487' title='bbox 1902 4230 1974 4286; x_wconf 85' lang='grc' dir='ltr'><strong>εῐ-</strong></span> 
     </span>
    </p>
   </div>
   <div class='ocr_carea' id='block_1_63' title="bbox 409 4317 1980 4396">
    <p class='ocr_par' dir='ltr' id='par_1_63' title="bbox 409 4317 1980 4396">
     <span class='ocr_line' id='line_1_63' title="bbox 409 4317 1980 4396; baseline 0.01 -31"><span class='ocrx_word' id='word_1_488' title='bbox 409 4332 492 4368; x_wconf 86' lang='grc' dir='ltr'><strong>ναι</strong></span> <span class='ocrx_word' id='word_1_489' title='bbox 533 4318 732 4382; x_wconf 77' lang='grc' dir='ltr'>πάντα,</span> <span class='ocrx_word' id='word_1_490' title='bbox 764 4317 825 4370; x_wconf 79' lang='grc' dir='ltr'>οὐ</span> <span class='ocrx_word' id='word_1_491' title='bbox 860 4318 966 4388; x_wconf 74' lang='grc' dir='ltr'>μὴν</span> <span class='ocrx_word' id='word_1_492' title='bbox 994 4320 1116 4374; x_wconf 80' lang='grc' dir='ltr'>οὐδὲ</span> <span class='ocrx_word' id='word_1_493' title='bbox 1148 4321 1398 4391; x_wconf 82' lang='grc' dir='ltr'>ἀδελφόν.</span> <span class='ocrx_word' id='word_1_494' title='bbox 1439 4324 1598 4378; x_wconf 78' lang='grc' dir='ltr'>Ἀλλὰ</span> <span class='ocrx_word' id='word_1_495' title='bbox 1632 4327 1738 4395; x_wconf 81' lang='grc' dir='ltr'><strong>χρὴ</strong></span> <span class='ocrx_word' id='word_1_496' title='bbox 1770 4327 1867 4396; x_wconf 82' lang='grc' dir='ltr'>μὲν</span> <span class='ocrx_word' id='word_1_497' title='bbox 1891 4327 1980 4380; x_wconf 76' lang='grc' dir='ltr'><strong>οὔ·</strong></span> 
     </span>
    </p>
   </div>
   <div class='ocr_carea' id='block_1_64' title="bbox 2082 1855 3654 1926">
    <p class='ocr_par' dir='ltr' id='par_1_64' title="bbox 2082 1855 3654 1926">
     <span class='ocr_line' id='line_1_64' title="bbox 2082 1855 3654 1926; baseline 0 -16"><span class='ocrx_word' id='word_1_498' title='bbox 2082 1867 2331 1911; x_wconf 72' lang='lat' dir='ltr'><strong>sanctus.</strong></span> <span class='ocrx_word' id='word_1_499' title='bbox 2368 1855 2424 1910; x_wconf 86' lang='lat' dir='ltr'><strong>Si</strong></span> <span class='ocrx_word' id='word_1_500' title='bbox 2450 1871 2578 1910; x_wconf 81' lang='lat' dir='ltr'><strong>vero</strong></span> <span class='ocrx_word' id='word_1_501' title='bbox 2617 1856 2906 1925; x_wconf 86' lang='lat' dir='ltr'><strong>quamdam</strong></span> <span class='ocrx_word' id='word_1_502' title='bbox 2937 1856 3061 1911; x_wconf 89' lang='lat' dir='ltr'><strong>boni</strong></span> <span class='ocrx_word' id='word_1_503' title='bbox 3096 1855 3331 1924; x_wconf 82' lang='lat' dir='ltr'><strong>speciem</strong></span> <span class='ocrx_word' id='word_1_504' title='bbox 3364 1856 3524 1926; x_wconf 86' lang='lat' dir='ltr'><strong>gerit,</strong></span> <span class='ocrx_word' id='word_1_505' title='bbox 3558 1855 3654 1910; x_wconf 87' lang='lat' dir='ltr'><strong>bo-</strong></span> 
     </span>
    </p>
   </div>
   <div class='ocr_carea' id='block_1_65' title="bbox 2087 1946 3656 2017">
    <p class='ocr_par' dir='ltr' id='par_1_65' title="bbox 2087 1946 3656 2017">
     <span class='ocr_line' id='line_1_65' title="bbox 2087 1946 3656 2017; baseline 0.001 -18"><span class='ocrx_word' id='word_1_506' title='bbox 2087 1947 2310 2002; x_wconf 78' lang='lat' dir='ltr'><strong>nitatem</strong></span> <span class='ocrx_word' id='word_1_507' title='bbox 2343 1947 2522 2001; x_wconf 86' lang='lat' dir='ltr'><strong>solum</strong></span> <span class='ocrx_word' id='word_1_508' title='bbox 2577 1947 2749 2016; x_wconf 73' lang='lat' dir='ltr'><strong>ﬁngit,</strong></span> <span class='ocrx_word' id='word_1_509' title='bbox 2783 1946 3242 2017; x_wconf 74' lang='lat' dir='ltr'><strong>quemadmodum</strong></span> <span class='ocrx_word' id='word_1_510' title='bbox 3279 1946 3552 2002; x_wconf 80' lang='lat' dir='ltr'><strong>hominem</strong></span> <span class='ocrx_word' id='word_1_511' title='bbox 3583 1949 3656 2001; x_wconf 88' lang='lat' dir='ltr'><strong>si-</strong></span> 
     </span>
    </p>
   </div>
   <div class='ocr_carea' id='block_1_66' title="bbox 2086 2037 3655 2109">
    <p class='ocr_par' dir='ltr' id='par_1_66' title="bbox 2086 2037 3655 2109">
     <span class='ocr_line' id='line_1_66' title="bbox 2086 2037 3655 2109; baseline 0.001 -16"><span class='ocrx_word' id='word_1_512' title='bbox 2086 2039 2216 2102; x_wconf 77' lang='lat' dir='ltr'><strong>mia,</strong></span> <span class='ocrx_word' id='word_1_513' title='bbox 2269 2040 2352 2092; x_wconf 88' lang='lat' dir='ltr'><strong>vel</strong></span> <span class='ocrx_word' id='word_1_514' title='bbox 2405 2037 2712 2104; x_wconf 76' lang='lat' dir='ltr'><strong>hirundinis</strong></span> <span class='ocrx_word' id='word_1_515' title='bbox 2751 2039 2960 2109; x_wconf 77' lang='lat' dir='ltr'><strong>species</strong></span> <span class='ocrx_word' id='word_1_516' title='bbox 3003 2039 3335 2095; x_wconf 81' lang='lat' dir='ltr'><strong>industriosa</strong></span> <span class='ocrx_word' id='word_1_517' title='bbox 3388 2052 3655 2096; x_wconf 82' lang='lat' dir='ltr'><strong>constru-</strong></span> 
     </span>
    </p>
   </div>
   <div class='ocr_carea' id='block_1_67' title="bbox 2085 2129 3651 2203">
    <p class='ocr_par' dir='ltr' id='par_1_67' title="bbox 2085 2129 3651 2203">
     <span class='ocr_line' id='line_1_67' title="bbox 2085 2129 3651 2203; baseline 0.001 -20"><span class='ocrx_word' id='word_1_518' title='bbox 2085 2129 2282 2184; x_wconf 87' lang='lat' dir='ltr'><strong>etiouis</strong></span> <span class='ocrx_word' id='word_1_519' title='bbox 2309 2142 2503 2184; x_wconf 81' lang='lat' dir='ltr'><strong>artem.</strong></span> <span class='ocrx_word' id='word_1_520' title='bbox 2553 2129 2712 2185; x_wconf 78' lang='lat' dir='ltr'><strong>Forte</strong></span> <span class='ocrx_word' id='word_1_521' title='bbox 2744 2144 2873 2185; x_wconf 87' lang='lat' dir='ltr'><strong>vero</strong></span> <span class='ocrx_word' id='word_1_522' title='bbox 2909 2131 3215 2201; x_wconf 86' lang='lat' dir='ltr'><strong>ponendum</strong></span> <span class='ocrx_word' id='word_1_523' title='bbox 3248 2141 3332 2187; x_wconf 83' lang='lat' dir='ltr'><strong>est</strong></span> <span class='ocrx_word' id='word_1_524' title='bbox 3361 2131 3508 2187; x_wconf 91' lang='lat' dir='ltr'><strong>illum</strong></span> <span class='ocrx_word' id='word_1_525' title='bbox 3535 2135 3651 2203; x_wconf 86' lang='lat' dir='ltr'><strong>qui,</strong></span> 
     </span>
    </p>
   </div>
   <div class='ocr_carea' id='block_1_68' title="bbox 2085 2219 3654 2291">
    <p class='ocr_par' dir='ltr' id='par_1_68' title="bbox 2085 2219 3654 2291">
     <span class='ocr_line' id='line_1_68' title="bbox 2085 2219 3654 2291; baseline 0.001 -18"><span class='ocrx_word' id='word_1_526' title='bbox 2085 2219 2138 2273; x_wconf 90' lang='lat' dir='ltr'><strong>in</strong></span> <span class='ocrx_word' id='word_1_527' title='bbox 2172 2220 2257 2273; x_wconf 87' lang='lat' dir='ltr'><strong>his</strong></span> <span class='ocrx_word' id='word_1_528' title='bbox 2279 2220 2473 2289; x_wconf 86' lang='lat' dir='ltr'><strong>quibus</strong></span> <span class='ocrx_word' id='word_1_529' title='bbox 2528 2235 2724 2275; x_wconf 75' lang='lat' dir='ltr'><strong>nocere</strong></span> <span class='ocrx_word' id='word_1_530' title='bbox 2755 2220 3006 2287; x_wconf 76' lang='lat' dir='ltr'><strong>intendit,</strong></span> <span class='ocrx_word' id='word_1_531' title='bbox 3037 2220 3185 2276; x_wconf 81' lang='lat' dir='ltr'><strong>utilis</strong></span> <span class='ocrx_word' id='word_1_532' title='bbox 3222 2229 3325 2286; x_wconf 86' lang='lat' dir='ltr'><strong>est,</strong></span> <span class='ocrx_word' id='word_1_533' title='bbox 3367 2222 3420 2276; x_wconf 87' lang='lat' dir='ltr'><strong>in</strong></span> <span class='ocrx_word' id='word_1_534' title='bbox 3463 2237 3654 2291; x_wconf 81' lang='lat' dir='ltr'><strong>pereu-</strong></span> 
     </span>
    </p>
   </div>
   <div class='ocr_carea' id='block_1_69' title="bbox 2085 2309 3653 2375">
    <p class='ocr_par' dir='ltr' id='par_1_69' title="bbox 2085 2309 3653 2375">
     <span class='ocr_line' id='line_1_69' title="bbox 2085 2309 3653 2375; baseline 0.001 -11"><span class='ocrx_word' id='word_1_535' title='bbox 2085 2311 2307 2364; x_wconf 66' lang='lat' dir='ltr'><strong>tienti-m</strong></span> <span class='ocrx_word' id='word_1_536' title='bbox 2363 2310 2430 2362; x_wconf 83' lang='lat' dir='ltr'><strong>ad</strong></span> <span class='ocrx_word' id='word_1_537' title='bbox 2481 2309 2858 2375; x_wconf 83' lang='lat' dir='ltr'><strong>occidendum,</strong></span> <span class='ocrx_word' id='word_1_538' title='bbox 2897 2321 3180 2367; x_wconf 73' lang='lat' dir='ltr'><strong>sonantem</strong></span> <span class='ocrx_word' id='word_1_539' title='bbox 3225 2322 3404 2368; x_wconf 87' lang='lat' dir='ltr'><strong>autem</strong></span> <span class='ocrx_word' id='word_1_540' title='bbox 3439 2315 3653 2368; x_wconf 72' lang='lat' dir='ltr'><strong>cruoris</strong></span> 
     </span>
    </p>
   </div>
   <div class='ocr_carea' id='block_1_70' title="bbox 2083 2401 3651 2476">
    <p class='ocr_par' dir='ltr' id='par_1_70' title="bbox 2083 2401 3651 2476">
     <span class='ocr_line' id='line_1_70' title="bbox 2083 2401 3651 2476; baseline 0.004 -22"><span class='ocrx_word' id='word_1_541' title='bbox 2083 2401 2365 2465; x_wconf 71' lang='lat' dir='ltr'><strong>effusione,</strong></span> <span class='ocrx_word' id='word_1_542' title='bbox 2419 2403 2500 2458; x_wconf 85' lang='lat' dir='ltr'><strong>vel</strong></span> <span class='ocrx_word' id='word_1_543' title='bbox 2563 2405 2799 2459; x_wconf 67' lang='lat' dir='ltr'><strong>Vulneris</strong></span> <span class='ocrx_word' id='word_1_544' title='bbox 2833 2405 3183 2460; x_wconf 76' lang='lat' dir='ltr'><strong>abscindeudi</strong></span> <span class='ocrx_word' id='word_1_545' title='bbox 3241 2408 3442 2476; x_wconf 81' lang='lat' dir='ltr'><strong>plaga:</strong></span> <span class='ocrx_word' id='word_1_546' title='bbox 3493 2423 3651 2475; x_wconf 82' lang='lat' dir='ltr'><strong>quem</strong></span> 
     </span>
    </p>
   </div>
   <div class='ocr_carea' id='block_1_71' title="bbox 2085 2494 3655 2568">
    <p class='ocr_par' dir='ltr' id='par_1_71' title="bbox 2085 2494 3655 2568">
     <span class='ocr_line' id='line_1_71' title="bbox 2085 2494 3655 2568; baseline 0.006 -24"><span class='ocrx_word' id='word_1_547' title='bbox 2085 2503 2500 2559; x_wconf 55' lang='lat' dir='ltr'><strong>representaret</strong></span> <span class='ocrx_word' id='word_1_548' title='bbox 2551 2494 2769 2562; x_wconf 82' lang='lat' dir='ltr'><strong>quidem</strong></span> <span class='ocrx_word' id='word_1_549' title='bbox 2829 2495 3029 2564; x_wconf 88' lang='lat' dir='ltr'><strong>aliquis</strong></span> <span class='ocrx_word' id='word_1_550' title='bbox 3091 2497 3140 2550; x_wconf 90' lang='lat' dir='ltr'><strong>in</strong></span> <span class='ocrx_word' id='word_1_551' title='bbox 3198 2497 3495 2552; x_wconf 83' lang='lat' dir='ltr'><strong>benelicum</strong></span> <span class='ocrx_word' id='word_1_552' title='bbox 3560 2515 3655 2568; x_wconf 88' lang='lat' dir='ltr'><strong>per</strong></span> 
     </span>
    </p>
   </div>
   <div class='ocr_carea' id='block_1_72' title="bbox 2086 2583 3656 2658">
    <p class='ocr_par' dir='ltr' id='par_1_72' title="bbox 2086 2583 3656 2658">
     <span class='ocr_line' id='line_1_72' title="bbox 2086 2583 3656 2658; baseline 0.006 -23"><span class='ocrx_word' id='word_1_553' title='bbox 2086 2584 2302 2635; x_wconf 87' lang='lat' dir='ltr'><strong>modum</strong></span> <span class='ocrx_word' id='word_1_554' title='bbox 2339 2583 2790 2652; x_wconf 76' lang='lat' dir='ltr'><strong>atlmnbrulimtis,</strong></span> <span class='ocrx_word' id='word_1_555' title='bbox 2842 2602 2947 2640; x_wconf 89' lang='lat' dir='ltr'><strong>non</strong></span> <span class='ocrx_word' id='word_1_556' title='bbox 2981 2597 3162 2641; x_wconf 86' lang='lat' dir='ltr'><strong>autem</strong></span> <span class='ocrx_word' id='word_1_557' title='bbox 3215 2591 3436 2643; x_wconf 89' lang='lat' dir='ltr'><strong>omnino</strong></span> <span class='ocrx_word' id='word_1_558' title='bbox 3465 2592 3656 2658; x_wconf 84' lang='lat' dir='ltr'><strong>depin-</strong></span> 
     </span>
    </p>
   </div>
   <div class='ocr_carea' id='block_1_73' title="bbox 2083 2675 3650 2745">
    <p class='ocr_par' dir='ltr' id='par_1_73' title="bbox 2083 2675 3650 2745">
     <span class='ocr_line' id='line_1_73' title="bbox 2083 2675 3650 2745; baseline 0.004 -18"><span class='ocrx_word' id='word_1_559' title='bbox 2083 2687 2250 2745; x_wconf 79' lang='lat' dir='ltr'><strong>geret.</strong></span> <span class='ocrx_word' id='word_1_560' title='bbox 2288 2675 2354 2730; x_wconf 85' lang='lat' dir='ltr'><strong>Et</strong></span> <span class='ocrx_word' id='word_1_561' title='bbox 2408 2691 2534 2730; x_wconf 83' lang='lat' dir='ltr'><strong>vero</strong></span> <span class='ocrx_word' id='word_1_562' title='bbox 2584 2675 2808 2730; x_wconf 78' lang='lat' dir='ltr'><strong>forsitan</strong></span> <span class='ocrx_word' id='word_1_563' title='bbox 2867 2692 3185 2744; x_wconf 78' lang='lat' dir='ltr'><strong>occurrens,</strong></span> <span class='ocrx_word' id='word_1_564' title='bbox 3246 2681 3392 2734; x_wconf 82' lang='lat' dir='ltr'><strong>velut</strong></span> <span class='ocrx_word' id='word_1_565' title='bbox 3442 2682 3650 2734; x_wconf 74' lang='lat' dir='ltr'><strong>basiem</strong></span> 
     </span>
    </p>
   </div>
   <div class='ocr_carea' id='block_1_74' title="bbox 2083 2767 3654 2840">
    <p class='ocr_par' dir='ltr' id='par_1_74' title="bbox 2083 2767 3654 2840">
     <span class='ocr_line' id='line_1_74' title="bbox 2083 2767 3654 2840; baseline 0.001 -17"><span class='ocrx_word' id='word_1_566' title='bbox 2083 2768 2327 2832; x_wconf 79' lang='lat' dir='ltr'><strong>evitabit,</strong></span> <span class='ocrx_word' id='word_1_567' title='bbox 2355 2776 2408 2822; x_wconf 87' lang='lat' dir='ltr'><strong>et</strong></span> <span class='ocrx_word' id='word_1_568' title='bbox 2436 2767 2592 2832; x_wconf 84' lang='lat' dir='ltr'><strong>forte,</strong></span> <span class='ocrx_word' id='word_1_569' title='bbox 2615 2769 2764 2838; x_wconf 79' lang='lat' dir='ltr'><strong>juxta</strong></span> <span class='ocrx_word' id='word_1_570' title='bbox 2786 2777 3135 2835; x_wconf 77' lang='lat' dir='ltr'><strong>potestatem,</strong></span> <span class='ocrx_word' id='word_1_571' title='bbox 3163 2770 3518 2840; x_wconf 80' lang='lat' dir='ltr'><strong>propulsabil.</strong></span> <span class='ocrx_word' id='word_1_572' title='bbox 3541 2771 3654 2825; x_wconf 85' lang='lat' dir='ltr'><strong>llue</strong></span> 
     </span>
    </p>
   </div>
   <div class='ocr_carea' id='block_1_75' title="bbox 2083 2859 3651 2930">
    <p class='ocr_par' dir='ltr' id='par_1_75' title="bbox 2083 2859 3651 2930">
     <span class='ocr_line' id='line_1_75' title="bbox 2083 2859 3651 2930; baseline 0 -16"><span class='ocrx_word' id='word_1_573' title='bbox 2083 2869 2262 2914; x_wconf 86' lang='lat' dir='ltr'><strong>tamen</strong></span> <span class='ocrx_word' id='word_1_574' title='bbox 2327 2875 2426 2929; x_wconf 83' lang='lat' dir='ltr'><strong>ego</strong></span> <span class='ocrx_word' id='word_1_575' title='bbox 2457 2859 2673 2929; x_wconf 87' lang='lat' dir='ltr'><strong>quidem</strong></span> <span class='ocrx_word' id='word_1_576' title='bbox 2737 2874 2844 2912; x_wconf 88' lang='lat' dir='ltr'><strong>non</strong></span> <span class='ocrx_word' id='word_1_577' title='bbox 2907 2867 3088 2914; x_wconf 87' lang='lat' dir='ltr'><strong>mente</strong></span> <span class='ocrx_word' id='word_1_578' title='bbox 3139 2861 3503 2930; x_wconf 79' lang='lat' dir='ltr'><strong>conciperem,</strong></span> <span class='ocrx_word' id='word_1_579' title='bbox 3549 2863 3651 2915; x_wconf 83' lang='lat' dir='ltr'><strong>nisi</strong></span> 
     </span>
    </p>
   </div>
   <div class='ocr_carea' id='block_1_76' title="bbox 2083 2947 3650 3018">
    <p class='ocr_par' dir='ltr' id='par_1_76' title="bbox 2083 2947 3650 3018">
     <span class='ocr_line' id='line_1_76' title="bbox 2083 2947 3650 3018; baseline 0.003 -16"><span class='ocrx_word' id='word_1_580' title='bbox 2083 2949 2225 3006; x_wconf 87' lang='lat' dir='ltr'><strong>Deus</strong></span> <span class='ocrx_word' id='word_1_581' title='bbox 2252 2950 2364 3018; x_wconf 86' lang='lat' dir='ltr'><strong>ipse</strong></span> <span class='ocrx_word' id='word_1_582' title='bbox 2397 2949 2529 3004; x_wconf 88' lang='lat' dir='ltr'><strong>mihi</strong></span> <span class='ocrx_word' id='word_1_583' title='bbox 2560 2963 2777 3004; x_wconf 81' lang='lat' dir='ltr'><strong>sensum</strong></span> <span class='ocrx_word' id='word_1_584' title='bbox 2821 2947 3070 3016; x_wconf 78' lang='lat' dir='ltr'><strong>auferat;</strong></span> <span class='ocrx_word' id='word_1_585' title='bbox 3105 2965 3292 3005; x_wconf 85' lang='lat' dir='ltr'><strong>verum</strong></span> <span class='ocrx_word' id='word_1_586' title='bbox 3327 2951 3470 3007; x_wconf 64' lang='lat' dir='ltr'><strong>haud</strong></span> <span class='ocrx_word' id='word_1_587' title='bbox 3527 2955 3650 3006; x_wconf 78' lang='grc' dir='ltr'>ιιιιιιι</span> 
     </span>
    </p>
   </div>
   <div class='ocr_carea' id='block_1_77' title="bbox 2087 3040 3653 3110">
    <p class='ocr_par' dir='ltr' id='par_1_77' title="bbox 2087 3040 3653 3110">
     <span class='ocr_line' id='line_1_77' title="bbox 2087 3040 3653 3110; baseline 0 -16"><span class='ocrx_word' id='word_1_588' title='bbox 2087 3055 2307 3103; x_wconf 85' lang='lat' dir='ltr'><strong>memor,</strong></span> <span class='ocrx_word' id='word_1_589' title='bbox 2334 3042 2474 3096; x_wconf 83' lang='lat' dir='ltr'><strong>sicut</strong></span> <span class='ocrx_word' id='word_1_590' title='bbox 2505 3041 2594 3096; x_wconf 90' lang='lat' dir='ltr'><strong>ille</strong></span> <span class='ocrx_word' id='word_1_591' title='bbox 2615 3041 2764 3110; x_wconf 74' lang='lat' dir='ltr'><strong>jubet</strong></span> <span class='ocrx_word' id='word_1_592' title='bbox 2803 3040 2946 3095; x_wconf 86' lang='lat' dir='ltr'><strong>aliud</strong></span> <span class='ocrx_word' id='word_1_593' title='bbox 2983 3042 3198 3110; x_wconf 85' lang='lat' dir='ltr'><strong>quidem</strong></span> <span class='ocrx_word' id='word_1_594' title='bbox 3225 3055 3347 3097; x_wconf 78' lang='lat' dir='ltr'><strong>esse</strong></span> <span class='ocrx_word' id='word_1_595' title='bbox 3383 3043 3507 3098; x_wconf 85' lang='lat' dir='ltr'><strong>dico</strong></span> <span class='ocrx_word' id='word_1_596' title='bbox 3539 3061 3653 3097; x_wconf 88' lang='lat' dir='ltr'><strong>ma-</strong></span> 
     </span>
    </p>
   </div>
   <div class='ocr_carea' id='block_1_78' title="bbox 2081 3131 3651 3206">
    <p class='ocr_par' dir='ltr' id='par_1_78' title="bbox 2081 3131 3651 3206">
     <span class='ocr_line' id='line_1_78' title="bbox 2081 3131 3651 3206; baseline 0.003 -21"><span class='ocrx_word' id='word_1_597' title='bbox 2081 3133 2308 3203; x_wconf 82' lang='lat' dir='ltr'><strong>gistrutn</strong></span> <span class='ocrx_word' id='word_1_598' title='bbox 2337 3142 2389 3186; x_wconf 84' lang='lat' dir='ltr'><strong>et</strong></span> <span class='ocrx_word' id='word_1_599' title='bbox 2418 3131 3001 3199; x_wconf 40' lang='lat' dir='ltr'><strong>benefactorem,.a’liutl</strong></span> <span class='ocrx_word' id='word_1_600' title='bbox 3043 3148 3171 3187; x_wconf 88' lang='lat' dir='ltr'><strong>vero</strong></span> <span class='ocrx_word' id='word_1_601' title='bbox 3201 3133 3347 3188; x_wconf 89' lang='lat' dir='ltr'><strong>illum</strong></span> <span class='ocrx_word' id='word_1_602' title='bbox 3368 3136 3456 3204; x_wconf 80' lang='lat' dir='ltr'><strong>qui</strong></span> <span class='ocrx_word' id='word_1_603' title='bbox 3497 3137 3651 3206; x_wconf 85' lang='lat' dir='ltr'><strong>quasi</strong></span> 
     </span>
    </p>
   </div>
   <div class='ocr_carea' id='block_1_79' title="bbox 2083 3223 3653 3295">
    <p class='ocr_par' dir='ltr' id='par_1_79' title="bbox 2083 3223 3653 3295">
     <span class='ocr_line' id='line_1_79' title="bbox 2083 3223 3653 3295; baseline 0.001 -17"><span class='ocrx_word' id='word_1_604' title='bbox 2083 3225 2340 3295; x_wconf 72' lang='lat' dir='ltr'><strong>mag-ister</strong></span> <span class='ocrx_word' id='word_1_605' title='bbox 2391 3235 2446 3278; x_wconf 89' lang='lat' dir='ltr'><strong>et</strong></span> <span class='ocrx_word' id='word_1_606' title='bbox 2498 3225 2649 3290; x_wconf 87' lang='lat' dir='ltr'><strong>quasi</strong></span> <span class='ocrx_word' id='word_1_607' title='bbox 2715 3223 3030 3278; x_wconf 80' lang='lat' dir='ltr'><strong>benefactor</strong></span> <span class='ocrx_word' id='word_1_608' title='bbox 3068 3235 3171 3289; x_wconf 87' lang='lat' dir='ltr'><strong>est;</strong></span> <span class='ocrx_word' id='word_1_609' title='bbox 3228 3239 3456 3292; x_wconf 82' lang='lat' dir='ltr'><strong>esseque</strong></span> <span class='ocrx_word' id='word_1_610' title='bbox 3508 3229 3653 3294; x_wconf 83' lang='lat' dir='ltr'><strong>prio-</strong></span> 
     </span>
    </p>
   </div>
   <div class='ocr_carea' id='block_1_80' title="bbox 2079 3315 3648 3386">
    <p class='ocr_par' dir='ltr' id='par_1_80' title="bbox 2079 3315 3648 3386">
     <span class='ocr_line' id='line_1_80' title="bbox 2079 3315 3648 3386; baseline 0.001 -16"><span class='ocrx_word' id='word_1_611' title='bbox 2079 3330 2165 3370; x_wconf 85' lang='lat' dir='ltr'><strong>res</strong></span> <span class='ocrx_word' id='word_1_612' title='bbox 2178 3316 2230 3369; x_wconf 92' lang='lat' dir='ltr'><strong>iu</strong></span> <span class='ocrx_word' id='word_1_613' title='bbox 2247 3317 2454 3370; x_wconf 78' lang='lat' dir='ltr'><strong>honore</strong></span> <span class='ocrx_word' id='word_1_614' title='bbox 2473 3317 2719 3381; x_wconf 83' lang='lat' dir='ltr'><strong>Ittltlltlm,</strong></span> <span class='ocrx_word' id='word_1_615' title='bbox 2735 3316 3063 3386; x_wconf 78' lang='lat' dir='ltr'><strong>posteriOres</strong></span> <span class='ocrx_word' id='word_1_616' title='bbox 3081 3322 3257 3370; x_wconf 85' lang='lat' dir='ltr'><strong>autem</strong></span> <span class='ocrx_word' id='word_1_617' title='bbox 3271 3315 3451 3371; x_wconf 86' lang='lat' dir='ltr'><strong>orbari</strong></span> <span class='ocrx_word' id='word_1_618' title='bbox 3475 3317 3648 3373; x_wconf 75' lang='lat' dir='ltr'><strong>laude.</strong></span> 
     </span>
    </p>
   </div>
   <div class='ocr_carea' id='block_1_81' title="bbox 2149 3404 3652 3477">
    <p class='ocr_par' dir='ltr' id='par_1_81' title="bbox 2149 3404 3652 3477">
     <span class='ocr_line' id='line_1_81' title="bbox 2149 3404 3652 3477; baseline 0.002 -17"><span class='ocrx_word' id='word_1_619' title='bbox 2149 3406 2268 3461; x_wconf 74' lang='grc'><strong>105.</strong></span> <span class='ocrx_word' id='word_1_620' title='bbox 2305 3404 2420 3461; x_wconf 80' lang='lat' dir='ltr'><strong>Non</strong></span> <span class='ocrx_word' id='word_1_621' title='bbox 2463 3408 2630 3477; x_wconf 88' lang='lat' dir='ltr'><strong>igitur</strong></span> <span class='ocrx_word' id='word_1_622' title='bbox 2671 3407 2869 3475; x_wconf 85' lang='lat' dir='ltr'><strong>aliquis</strong></span> <span class='ocrx_word' id='word_1_623' title='bbox 2915 3406 3208 3461; x_wconf 86' lang='lat' dir='ltr'><strong>contendat</strong></span> <span class='ocrx_word' id='word_1_624' title='bbox 3251 3406 3302 3459; x_wconf 89' lang='lat' dir='ltr'><strong>in</strong></span> <span class='ocrx_word' id='word_1_625' title='bbox 3344 3422 3506 3460; x_wconf 88' lang='lat' dir='ltr'><strong>unum</strong></span> <span class='ocrx_word' id='word_1_626' title='bbox 3539 3407 3652 3463; x_wconf 81' lang='lat' dir='ltr'><strong>luet:</strong></span> 
     </span>
    </p>
   </div>
   <div class='ocr_carea' id='block_1_82' title="bbox 2075 3499 3648 3570">
    <p class='ocr_par' dir='ltr' id='par_1_82' title="bbox 2075 3499 3648 3570">
     <span class='ocr_line' id='line_1_82' title="bbox 2075 3499 3648 3570; baseline -0.003 -16"><span class='ocrx_word' id='word_1_627' title='bbox 2075 3508 2132 3556; x_wconf 86' lang='lat' dir='ltr'><strong>et</strong></span> <span class='ocrx_word' id='word_1_628' title='bbox 2152 3499 2238 3554; x_wconf 88' lang='lat' dir='ltr'><strong>illa</strong></span> <span class='ocrx_word' id='word_1_629' title='bbox 2273 3514 2637 3570; x_wconf 72' lang='lat' dir='ltr'><strong>congregem;</strong></span> <span class='ocrx_word' id='word_1_630' title='bbox 2671 3501 2766 3555; x_wconf 82' lang='lat' dir='ltr'><strong>sed</strong></span> <span class='ocrx_word' id='word_1_631' title='bbox 2789 3499 2930 3568; x_wconf 88' lang='lat' dir='ltr'><strong>quod</strong></span> <span class='ocrx_word' id='word_1_632' title='bbox 2963 3499 3178 3568; x_wconf 85' lang='lat' dir='ltr'><strong>quidem</strong></span> <span class='ocrx_word' id='word_1_633' title='bbox 3209 3499 3520 3569; x_wconf 78' lang='lat' dir='ltr'><strong>fugiendum</strong></span> <span class='ocrx_word' id='word_1_634' title='bbox 3542 3510 3648 3566; x_wconf 85' lang='lat' dir='ltr'><strong>est,</strong></span> 
     </span>
    </p>
   </div>
   <div class='ocr_carea' id='block_1_83' title="bbox 2077 3590 3648 3662">
    <p class='ocr_par' dir='ltr' id='par_1_83' title="bbox 2077 3590 3648 3662">
     <span class='ocr_line' id='line_1_83' title="bbox 2077 3590 3648 3662; baseline 0 -16"><span class='ocrx_word' id='word_1_635' title='bbox 2077 3592 2321 3662; x_wconf 88' lang='lat' dir='ltr'><strong>quisquis</strong></span> <span class='ocrx_word' id='word_1_636' title='bbox 2357 3594 2571 3648; x_wconf 83' lang='lat' dir='ltr'><strong>tandem</strong></span> <span class='ocrx_word' id='word_1_637' title='bbox 2607 3604 2707 3661; x_wconf 87' lang='lat' dir='ltr'><strong>ego</strong></span> <span class='ocrx_word' id='word_1_638' title='bbox 2755 3590 2888 3656; x_wconf 81' lang='lat' dir='ltr'><strong>sim,</strong></span> <span class='ocrx_word' id='word_1_639' title='bbox 2924 3590 3110 3661; x_wconf 86' lang='lat' dir='ltr'><strong>fugere</strong></span> <span class='ocrx_word' id='word_1_640' title='bbox 3154 3591 3320 3656; x_wconf 81' lang='lat' dir='ltr'><strong>sinat,</strong></span> <span class='ocrx_word' id='word_1_641' title='bbox 3361 3591 3476 3646; x_wconf 80' lang='lat' dir='ltr'><strong>sive</strong></span> <span class='ocrx_word' id='word_1_642' title='bbox 3509 3595 3648 3646; x_wconf 85' lang='lat' dir='ltr'><strong>sicut</strong></span> 
     </span>
    </p>
   </div>
   <div class='ocr_carea' id='block_1_84' title="bbox 2080 3683 3650 3754">
    <p class='ocr_par' dir='ltr' id='par_1_84' title="bbox 2080 3683 3650 3754">
     <span class='ocr_line' id='line_1_84' title="bbox 2080 3683 3650 3754; baseline -0.001 -16"><span class='ocrx_word' id='word_1_643' title='bbox 2080 3685 2170 3740; x_wconf 89' lang='lat' dir='ltr'><strong>ille</strong></span> <span class='ocrx_word' id='word_1_644' title='bbox 2221 3684 2315 3754; x_wconf 89' lang='lat' dir='ltr'><strong>qui</strong></span> <span class='ocrx_word' id='word_1_645' title='bbox 2373 3683 2512 3754; x_wconf 85' lang='lat' dir='ltr'><strong>fugit</strong></span> <span class='ocrx_word' id='word_1_646' title='bbox 2541 3683 2598 3736; x_wconf 89' lang='lat' dir='ltr'><strong>iu</strong></span> <span class='ocrx_word' id='word_1_647' title='bbox 2631 3696 2876 3736; x_wconf 85' lang='lat' dir='ltr'><strong>eremum</strong></span> <span class='ocrx_word' id='word_1_648' title='bbox 2907 3697 3070 3750; x_wconf 83' lang='lat' dir='ltr'><strong>quem</strong></span> <span class='ocrx_word' id='word_1_649' title='bbox 3095 3683 3334 3741; x_wconf 78' lang='lat' dir='ltr'><strong>amabat.</strong></span> <span class='ocrx_word' id='word_1_650' title='bbox 3367 3683 3480 3738; x_wconf 82' lang='lat' dir='ltr'><strong>sive</strong></span> <span class='ocrx_word' id='word_1_651' title='bbox 3509 3685 3650 3738; x_wconf 88' lang='lat' dir='ltr'><strong>sicut</strong></span> 
     </span>
    </p>
   </div>
   <div class='ocr_carea' id='block_1_85' title="bbox 2083 3771 3646 3844">
    <p class='ocr_par' dir='ltr' id='par_1_85' title="bbox 2083 3771 3646 3844">
     <span class='ocr_line' id='line_1_85' title="bbox 2083 3771 3646 3844; baseline 0 -16"><span class='ocrx_word' id='word_1_652' title='bbox 2083 3775 2285 3844; x_wconf 88' lang='lat' dir='ltr'><strong>ignavi.</strong></span> <span class='ocrx_word' id='word_1_653' title='bbox 2317 3774 2470 3828; x_wconf 85' lang='lat' dir='ltr'><strong>Sinat</strong></span> <span class='ocrx_word' id='word_1_654' title='bbox 2497 3787 2582 3827; x_wconf 87' lang='lat' dir='ltr'><strong>me</strong></span> <span class='ocrx_word' id='word_1_655' title='bbox 2612 3786 2823 3842; x_wconf 79' lang='lat' dir='ltr'><strong>sapere,</strong></span> <span class='ocrx_word' id='word_1_656' title='bbox 2857 3771 3128 3833; x_wconf 83' lang='lat' dir='ltr'><strong>meditari,</strong></span> <span class='ocrx_word' id='word_1_657' title='bbox 3156 3772 3404 3842; x_wconf 68' lang='lat' dir='ltr'><strong>scit-eque</strong></span> <span class='ocrx_word' id='word_1_658' title='bbox 3438 3789 3646 3828; x_wconf 88' lang='lat' dir='ltr'><strong>mormn</strong></span> 
     </span>
    </p>
   </div>
   <div class='ocr_carea' id='block_1_86' title="bbox 2078 3861 3646 3933">
    <p class='ocr_par' dir='ltr' id='par_1_86' title="bbox 2078 3861 3646 3933">
     <span class='ocr_line' id='line_1_86' title="bbox 2078 3861 3646 3933; baseline 0 -13"><span class='ocrx_word' id='word_1_659' title='bbox 2078 3866 2437 3933; x_wconf 86' lang='lat' dir='ltr'><strong>ditl&#39;erentias,</strong></span> <span class='ocrx_word' id='word_1_660' title='bbox 2490 3865 2620 3932; x_wconf 89' lang='lat' dir='ltr'><strong>quid</strong></span> <span class='ocrx_word' id='word_1_661' title='bbox 2683 3864 2755 3918; x_wconf 88' lang='lat' dir='ltr'><strong>sit</strong></span> <span class='ocrx_word' id='word_1_662' title='bbox 2807 3863 3024 3933; x_wconf 82' lang='lat' dir='ltr'><strong>quidem</strong></span> <span class='ocrx_word' id='word_1_663' title='bbox 3083 3861 3254 3916; x_wconf 78' lang='lat' dir='ltr'><strong>frater</strong></span> <span class='ocrx_word' id='word_1_664' title='bbox 3303 3864 3646 3932; x_wconf 84' lang='lat' dir='ltr'><strong>simpliciter,</strong></span> 
     </span>
    </p>
   </div>
   <div class='ocr_carea' id='block_1_87' title="bbox 2079 3951 3646 4027">
    <p class='ocr_par' dir='ltr' id='par_1_87' title="bbox 2079 3951 3646 4027">
     <span class='ocr_line' id='line_1_87' title="bbox 2079 3951 3646 4027; baseline -0.002 -16"><span class='ocrx_word' id='word_1_665' title='bbox 2079 3957 2218 4027; x_wconf 77' lang='lat' dir='ltr'><strong>quid“</strong></span> <span class='ocrx_word' id='word_1_666' title='bbox 2233 3970 2360 4010; x_wconf 90' lang='lat' dir='ltr'><strong>vero</strong></span> <span class='ocrx_word' id='word_1_667' title='bbox 2405 3954 2633 4020; x_wconf 86' lang='lat' dir='ltr'><strong>amicus;</strong></span> <span class='ocrx_word' id='word_1_668' title='bbox 2665 3953 2810 4023; x_wconf 90' lang='lat' dir='ltr'><strong>quod</strong></span> <span class='ocrx_word' id='word_1_669' title='bbox 2838 3951 3053 4022; x_wconf 87' lang='lat' dir='ltr'><strong>quidem</strong></span> <span class='ocrx_word' id='word_1_670' title='bbox 3099 3952 3149 4005; x_wconf 90' lang='lat' dir='ltr'><strong>in</strong></span> <span class='ocrx_word' id='word_1_671' title='bbox 3183 3953 3383 4006; x_wconf 86' lang='lat' dir='ltr'><strong>nostris</strong></span> <span class='ocrx_word' id='word_1_672' title='bbox 3421 3962 3506 4008; x_wconf 89' lang='lat' dir='ltr'><strong>est</strong></span> <span class='ocrx_word' id='word_1_673' title='bbox 3536 3953 3646 4008; x_wconf 82' lang='lat' dir='ltr'><strong>for-</strong></span> 
     </span>
    </p>
   </div>
   <div class='ocr_carea' id='block_1_88' title="bbox 2078 4043 3644 4112">
    <p class='ocr_par' dir='ltr' id='par_1_88' title="bbox 2078 4043 3644 4112">
     <span class='ocr_line' id='line_1_88' title="bbox 2078 4043 3644 4112; baseline -0.004 -9"><span class='ocrx_word' id='word_1_674' title='bbox 2078 4051 2270 4103; x_wconf 88' lang='lat' dir='ltr'><strong>tuitunt</strong></span> <span class='ocrx_word' id='word_1_675' title='bbox 2321 4057 2376 4102; x_wconf 90' lang='lat' dir='ltr'><strong>et</strong></span> <span class='ocrx_word' id='word_1_676' title='bbox 2425 4043 2584 4099; x_wconf 82' lang='lat' dir='ltr'><strong>facile</strong></span> <span class='ocrx_word' id='word_1_677' title='bbox 2621 4044 2977 4112; x_wconf 81' lang='lat' dir='ltr'><strong>variumque;</strong></span> <span class='ocrx_word' id='word_1_678' title='bbox 3009 4043 3438 4112; x_wconf 75' lang='lat' dir='ltr'><strong>diligentioribus</strong></span> <span class='ocrx_word' id='word_1_679' title='bbox 3468 4055 3644 4097; x_wconf 70' lang='lat' dir='ltr'><strong>atatem</strong></span> 
     </span>
    </p>
   </div>
   <div class='ocr_carea' id='block_1_89' title="bbox 2079 4134 3650 4204">
    <p class='ocr_par' dir='ltr' id='par_1_89' title="bbox 2079 4134 3650 4204">
     <span class='ocr_line' id='line_1_89' title="bbox 2079 4134 3650 4204; baseline -0.003 -10"><span class='ocrx_word' id='word_1_680' title='bbox 2079 4141 2233 4195; x_wconf 86' lang='lat' dir='ltr'><strong>valde</strong></span> <span class='ocrx_word' id='word_1_681' title='bbox 2259 4137 2586 4193; x_wconf 80' lang='lat' dir='ltr'><strong>laberiosum</strong></span> <span class='ocrx_word' id='word_1_682' title='bbox 2625 4141 2679 4188; x_wconf 87' lang='lat' dir='ltr'><strong>et</strong></span> <span class='ocrx_word' id='word_1_683' title='bbox 2709 4134 2951 4200; x_wconf 85' lang='lat' dir='ltr'><strong>unitum,</strong></span> <span class='ocrx_word' id='word_1_684' title='bbox 2977 4137 3127 4201; x_wconf 79' lang='lat' dir='ltr'><strong>juxm</strong></span> <span class='ocrx_word' id='word_1_685' title='bbox 3165 4136 3305 4204; x_wconf 86' lang='lat' dir='ltr'><strong>quod</strong></span> <span class='ocrx_word' id='word_1_686' title='bbox 3338 4135 3502 4189; x_wconf 88' lang='lat' dir='ltr'><strong>etiam</strong></span> <span class='ocrx_word' id='word_1_687' title='bbox 3531 4153 3650 4192; x_wconf 84' lang='lat' dir='ltr'><strong>om-</strong></span> 
     </span>
    </p>
   </div>
   <div class='ocr_carea' id='block_1_90' title="bbox 2081 4226 3650 4297">
    <p class='ocr_par' dir='ltr' id='par_1_90' title="bbox 2081 4226 3650 4297">
     <span class='ocr_line' id='line_1_90' title="bbox 2081 4226 3650 4297; baseline -0.003 -12"><span class='ocrx_word' id='word_1_688' title='bbox 2081 4234 2166 4285; x_wconf 83' lang='lat' dir='ltr'><strong>nia</strong></span> <span class='ocrx_word' id='word_1_689' title='bbox 2200 4230 2410 4284; x_wconf 83' lang='lat' dir='ltr'><strong>dilectis</strong></span> <span class='ocrx_word' id='word_1_690' title='bbox 2460 4227 2770 4280; x_wconf 86' lang='lat' dir='ltr'><strong>communia</strong></span> <span class='ocrx_word' id='word_1_691' title='bbox 2807 4229 2960 4280; x_wconf 88' lang='lat' dir='ltr'><strong>liunt.</strong></span> <span class='ocrx_word' id='word_1_692' title='bbox 2991 4227 3104 4280; x_wconf 84' lang='lat' dir='ltr'><strong>Non</strong></span> <span class='ocrx_word' id='word_1_693' title='bbox 3139 4227 3281 4280; x_wconf 88' lang='lat' dir='ltr'><strong>enim</strong></span> <span class='ocrx_word' id='word_1_694' title='bbox 3314 4226 3428 4282; x_wconf 84' lang='lat' dir='ltr'><strong>fieri</strong></span> <span class='ocrx_word' id='word_1_695' title='bbox 3469 4239 3650 4297; x_wconf 86' lang='lat' dir='ltr'><strong>potest</strong></span> 
     </span>
    </p>
   </div>
   <div class='ocr_carea' id='block_1_91' title="bbox 2082 4318 3648 4390">
    <p class='ocr_par' dir='ltr' id='par_1_91' title="bbox 2082 4318 3648 4390">
     <span class='ocr_line' id='line_1_91' title="bbox 2082 4318 3648 4390; baseline 0.001 -14"><span class='ocrx_word' id='word_1_696' title='bbox 2082 4335 2134 4376; x_wconf 91' lang='lat' dir='ltr'><strong>ut</strong></span> <span class='ocrx_word' id='word_1_697' title='bbox 2159 4338 2289 4378; x_wconf 76' lang='lat' dir='ltr'><strong>casu</strong></span> <span class='ocrx_word' id='word_1_698' title='bbox 2328 4323 2400 4376; x_wconf 91' lang='lat' dir='ltr'><strong>sit</strong></span> <span class='ocrx_word' id='word_1_699' title='bbox 2449 4321 2657 4375; x_wconf 86' lang='lat' dir='ltr'><strong>amicus</strong></span> <span class='ocrx_word' id='word_1_700' title='bbox 2699 4321 2876 4374; x_wconf 88' lang='lat' dir='ltr'><strong>omnis</strong></span> <span class='ocrx_word' id='word_1_701' title='bbox 2901 4319 3080 4382; x_wconf 83' lang='lat' dir='ltr'><strong>homo,</strong></span> <span class='ocrx_word' id='word_1_702' title='bbox 3115 4335 3179 4373; x_wconf 90' lang='lat' dir='ltr'><strong>ne</strong></span> <span class='ocrx_word' id='word_1_703' title='bbox 3211 4318 3378 4374; x_wconf 85' lang='lat' dir='ltr'><strong>frater</strong></span> <span class='ocrx_word' id='word_1_704' title='bbox 3409 4323 3648 4390; x_wconf 87' lang='lat' dir='ltr'><strong>quidem.</strong></span> 
     </span>
    </p>
   </div>
   <div class='ocr_carea' id='block_1_92' title="bbox 411 4403 1980 4495">
    <p class='ocr_par' dir='ltr' id='par_1_92' title="bbox 411 4403 1975 4487">
     <span class='ocr_line' id='line_1_92' title="bbox 411 4403 1975 4487; baseline 0.01 -31"><span class='ocrx_word' id='word_1_705' title='bbox 411 4420 512 4466; x_wconf 77' lang='grc' dir='ltr'><strong>τως</strong></span> <span class='ocrx_word' id='word_1_706' title='bbox 537 4403 699 4458; x_wconf 80' lang='grc' dir='ltr'>εἶναι’</span> <span class='ocrx_word' id='word_1_707' title='bbox 726 4407 888 4476; x_wconf 76' lang='grc' dir='ltr'>ἡμεῖς</span> <span class='ocrx_word' id='word_1_708' title='bbox 915 4408 970 4460; x_wconf 74' lang='grc' dir='ltr'>δὲ</span> <span class='ocrx_word' id='word_1_709' title='bbox 997 4409 1058 4462; x_wconf 84' lang='grc' dir='ltr'>οὐ</span> <span class='ocrx_word' id='word_1_710' title='bbox 1089 4411 1347 4481; x_wconf 79' lang='grc' dir='ltr'>ποιοῦμεν</span> <span class='ocrx_word' id='word_1_711' title='bbox 1377 4413 1571 4479; x_wconf 73' lang='grc' dir='ltr'>οὕτως,</span> <span class='ocrx_word' id='word_1_712' title='bbox 1602 4415 1720 4468; x_wconf 81' lang='grc' dir='ltr'>ἀλλ’</span> <span class='ocrx_word' id='word_1_713' title='bbox 1752 4417 1975 4487; x_wconf 74' lang='grc' dir='ltr'>ὀνόμασι</span> 
     </span>
    </p>
   </div>
   <div class='ocr_carea' id='block_1_93' title="bbox 2082 4403 3649 4495">
    <p class='ocr_par' dir='ltr' id='par_1_93' title="bbox 2086 4413 3649 4484">
     <span class='ocr_line' id='line_1_93' title="bbox 2086 4413 3649 4484; baseline 0.002 -17"><span class='ocrx_word' id='word_1_714' title='bbox 2086 4413 2196 4469; x_wconf 89' lang='lat' dir='ltr'><strong>lloc</strong></span> <span class='ocrx_word' id='word_1_715' title='bbox 2250 4413 2471 4484; x_wconf 87' lang='lat' dir='ltr'><strong>quidem</strong></span> <span class='ocrx_word' id='word_1_716' title='bbox 2509 4421 2787 4483; x_wconf 85' lang='lat' dir='ltr'><strong>oporteret</strong></span> <span class='ocrx_word' id='word_1_717' title='bbox 2845 4424 3006 4464; x_wconf 87' lang='lat' dir='ltr'><strong>esse:</strong></span> <span class='ocrx_word' id='word_1_718' title='bbox 3051 4427 3148 4465; x_wconf 89' lang='lat' dir='ltr'><strong>nos</strong></span> <span class='ocrx_word' id='word_1_719' title='bbox 3198 4422 3380 4467; x_wconf 89' lang='lat' dir='ltr'><strong>autem</strong></span> <span class='ocrx_word' id='word_1_720' title='bbox 3433 4430 3537 4469; x_wconf 89' lang='lat' dir='ltr'><strong>non</strong></span> <span class='ocrx_word' id='word_1_721' title='bbox 3570 4417 3649 4470; x_wconf 80' lang='lat' dir='ltr'><strong>sic</strong></span> 
     </span>
    </p>
   </div>
   <div class='ocr_carea' id='block_1_94' title="bbox 411 4494 1980 4578">
    <p class='ocr_par' dir='ltr' id='par_1_94' title="bbox 411 4494 1978 4574">
     <span class='ocr_line' id='line_1_94' title="bbox 411 4494 1978 4574; baseline 0.011 -29"><span class='ocrx_word' id='word_1_722' title='bbox 411 4494 504 4546; x_wconf 78' lang='grc' dir='ltr'>καὶ</span> <span class='ocrx_word' id='word_1_723' title='bbox 530 4495 713 4564; x_wconf 84' lang='grc' dir='ltr'>μόνοις</span> <span class='ocrx_word' id='word_1_724' title='bbox 740 4497 1060 4568; x_wconf 79' lang='grc' dir='ltr'>ὀσιούμεθα,</span> <span class='ocrx_word' id='word_1_725' title='bbox 1083 4498 1275 4573; x_wconf 83' lang='grc' dir='ltr'>ὥσπερ</span> <span class='ocrx_word' id='word_1_726' title='bbox 1296 4503 1388 4557; x_wconf 76' lang='grc' dir='ltr'><strong>τὸν</strong></span> <span class='ocrx_word' id='word_1_727' title='bbox 1417 4505 1690 4574; x_wconf 84' lang='grc' dir='ltr'>ὁμόγνιον,</span> <span class='ocrx_word' id='word_1_728' title='bbox 1722 4505 1863 4560; x_wconf 78' lang='grc' dir='ltr'>οὕτω</span> <span class='ocrx_word' id='word_1_729' title='bbox 1887 4511 1978 4562; x_wconf 70' lang='grc' dir='ltr'>καὶ</span> 
     </span>
    </p>
   </div>
   <div class='ocr_carea' id='block_1_95' title="bbox 2082 4494 3646 4578">
    <p class='ocr_par' dir='ltr' id='par_1_95' title="bbox 2082 4501 3646 4578">
     <span class='ocr_line' id='line_1_95' title="bbox 2082 4501 3646 4578; baseline -0.003 -18"><span class='ocrx_word' id='word_1_730' title='bbox 2082 4509 2310 4578; x_wconf 86' lang='lat' dir='ltr'><strong>agimus,</strong></span> <span class='ocrx_word' id='word_1_731' title='bbox 2379 4505 2472 4560; x_wconf 86' lang='lat' dir='ltr'><strong>sed</strong></span> <span class='ocrx_word' id='word_1_732' title='bbox 2524 4505 2654 4560; x_wconf 85' lang='lat' dir='ltr'><strong>solis</strong></span> <span class='ocrx_word' id='word_1_733' title='bbox 2705 4502 3016 4557; x_wconf 84' lang='lat' dir='ltr'><strong>nominibus</strong></span> <span class='ocrx_word' id='word_1_734' title='bbox 3055 4501 3219 4557; x_wconf 87' lang='lat' dir='ltr'><strong>veluti</strong></span> <span class='ocrx_word' id='word_1_735' title='bbox 3267 4503 3646 4572; x_wconf 81' lang='lat' dir='ltr'><strong>propinquum,</strong></span> 
     </span>
    </p>
   </div>
   <div class='ocr_carea' id='block_1_96' title="bbox 411 4585 1978 4669">
    <p class='ocr_par' dir='ltr' id='par_1_96' title="bbox 411 4585 1978 4669">
     <span class='ocr_line' id='line_1_96' title="bbox 411 4585 1978 4669; baseline 0.008 -32"><span class='ocrx_word' id='word_1_736' title='bbox 411 4585 498 4637; x_wconf 70' lang='grc' dir='ltr'>τὸν</span> <span class='ocrx_word' id='word_1_737' title='bbox 527 4586 724 4654; x_wconf 83' lang='grc' dir='ltr'>φίλιον.</span> <span class='ocrx_word' id='word_1_738' title='bbox 764 4589 951 4642; x_wconf 82' lang='grc' dir='ltr'>Ἔστιν</span> <span class='ocrx_word' id='word_1_739' title='bbox 973 4588 1068 4642; x_wconf 76' lang='grc' dir='ltr'>οὖν</span> <span class='ocrx_word' id='word_1_740' title='bbox 1096 4607 1186 4660; x_wconf 85' lang='grc' dir='ltr'><strong>μοι</strong></span> <span class='ocrx_word' id='word_1_741' title='bbox 1216 4592 1277 4644; x_wconf 85' lang='grc' dir='ltr'>τὸ</span> <span class='ocrx_word' id='word_1_742' title='bbox 1309 4592 1542 4664; x_wconf 76' lang='grc' dir='ltr'>ἀξίωμα,</span> <span class='ocrx_word' id='word_1_743' title='bbox 1577 4595 1668 4648; x_wconf 82' lang='grc' dir='ltr'>τὸν</span> <span class='ocrx_word' id='word_1_744' title='bbox 1700 4597 1797 4664; x_wconf 76' lang='grc' dir='ltr'>μὲν</span> <span class='ocrx_word' id='word_1_745' title='bbox 1827 4598 1978 4669; x_wconf 77' lang='grc' dir='ltr'>εὐερ-</span> 
     </span>
    </p>
   </div>
   <div class='ocr_carea' id='block_1_97' title="bbox 409 4678 1973 4756">
    <p class='ocr_par' dir='ltr' id='par_1_97' title="bbox 409 4678 1973 4756">
     <span class='ocr_line' id='line_1_97' title="bbox 409 4678 1973 4756; baseline 0.007 -26"><span class='ocrx_word' id='word_1_746' title='bbox 409 4678 670 4748; x_wconf 76' lang='grc' dir='ltr'>γετοῦντα</span> <span class='ocrx_word' id='word_1_747' title='bbox 701 4679 1088 4751; x_wconf 76' lang='grc' dir='ltr'>ὑπεραγαπᾷν,</span> <span class='ocrx_word' id='word_1_748' title='bbox 1125 4682 1213 4734; x_wconf 76' lang='grc' dir='ltr'><strong>τὸν</strong></span> <span class='ocrx_word' id='word_1_749' title='bbox 1245 4682 1303 4736; x_wconf 76' lang='grc' dir='ltr'>δὲ</span> <span class='ocrx_word' id='word_1_750' title='bbox 1339 4685 1733 4738; x_wconf 67' lang='grc' dir='ltr'>κακοποιοῦντλ</span> <span class='ocrx_word' id='word_1_751' title='bbox 1765 4690 1973 4756; x_wconf 69' lang='grc' dir='ltr'>φῖρειν,</span> 
     </span>
    </p>
   </div>
   <div class='ocr_carea' id='block_1_98' title="bbox 409 4770 1978 4846">
    <p class='ocr_par' dir='ltr' id='par_1_98' title="bbox 409 4770 1978 4846">
     <span class='ocr_line' id='line_1_98' title="bbox 409 4770 1978 4846; baseline 0.007 -25"><span class='ocrx_word' id='word_1_752' title='bbox 409 4771 482 4834; x_wconf 80' lang='grc' dir='ltr'><strong>ὡς</strong></span> <span class='ocrx_word' id='word_1_753' title='bbox 512 4770 755 4834; x_wconf 75' lang='grc' dir='ltr'>δυνατὸν,</span> <span class='ocrx_word' id='word_1_754' title='bbox 788 4771 884 4824; x_wconf 81' lang='grc' dir='ltr'><strong>καί</strong></span> <span class='ocrx_word' id='word_1_755' title='bbox 913 4788 1030 4835; x_wconf 85' lang='grc' dir='ltr'><strong>πως</strong></span> <span class='ocrx_word' id='word_1_756' title='bbox 1061 4773 1302 4845; x_wconf 68' lang='grc' dir='ltr'>ἀγαπᾷν,</span> <span class='ocrx_word' id='word_1_757' title='bbox 1334 4775 1428 4828; x_wconf 76' lang='grc' dir='ltr'>καὶ</span> <span class='ocrx_word' id='word_1_758' title='bbox 1458 4775 1875 4846; x_wconf 69' lang='grc' dir='ltr'>ὕπερεύχεσθχν</span> <span class='ocrx_word' id='word_1_759' title='bbox 1909 4781 1978 4832; x_wconf 79' lang='grc' dir='ltr'><strong>τὰ</strong></span> 
     </span>
    </p>
   </div>
   <div class='ocr_carea' id='block_1_99' title="bbox 408 4861 1975 4936">
    <p class='ocr_par' dir='ltr' id='par_1_99' title="bbox 408 4861 1975 4936">
     <span class='ocr_line' id='line_1_99' title="bbox 408 4861 1975 4936; baseline 0.004 -21"><span class='ocrx_word' id='word_1_760' title='bbox 408 4861 578 4915; x_wconf 84' lang='grc' dir='ltr'>πλείω</span> <span class='ocrx_word' id='word_1_761' title='bbox 597 4862 696 4932; x_wconf 74' lang='grc' dir='ltr'>μὲν</span> <span class='ocrx_word' id='word_1_762' title='bbox 718 4865 916 4932; x_wconf 77' lang='grc' dir='ltr'>στῆσαι</span> <span class='ocrx_word' id='word_1_763' title='bbox 936 4864 1035 4936; x_wconf 79' lang='grc' dir='ltr'>τὴν</span> <span class='ocrx_word' id='word_1_764' title='bbox 1057 4866 1317 4931; x_wconf 80' lang='grc' dir='ltr'>κάκωσιν,</span> <span class='ocrx_word' id='word_1_765' title='bbox 1342 4868 1433 4919; x_wconf 74' lang='grc' dir='ltr'><strong>καὶ</strong></span> <span class='ocrx_word' id='word_1_766' title='bbox 1456 4868 1754 4936; x_wconf 78' lang='grc' dir='ltr'>ραἲσαιτῆς</span> <span class='ocrx_word' id='word_1_767' title='bbox 1774 4870 1975 4936; x_wconf 75' lang='grc' dir='ltr'>ἀγανα-</span> 
     </span>
    </p>
   </div>
   <div class='ocr_carea' id='block_1_100' title="bbox 408 4955 1976 5030">
    <p class='ocr_par' dir='ltr' id='par_1_100' title="bbox 408 4955 1976 5030">
     <span class='ocr_line' id='line_1_100' title="bbox 408 4955 1976 5030; baseline 0.004 -25"><span class='ocrx_word' id='word_1_768' title='bbox 408 4955 678 5021; x_wconf 74' lang='grc' dir='ltr'>κτήσεως,</span> <span class='ocrx_word' id='word_1_769' title='bbox 719 4956 1149 5026; x_wconf 79' lang='grc' dir='ltr'>παρενσπείρειν</span> <span class='ocrx_word' id='word_1_770' title='bbox 1181 4955 1239 5008; x_wconf 81' lang='grc' dir='ltr'>δέ</span> <span class='ocrx_word' id='word_1_771' title='bbox 1282 4973 1383 5008; x_wconf 65' lang='grc' dir='ltr'><strong>που</strong></span> <span class='ocrx_word' id='word_1_772' title='bbox 1410 4957 1506 5009; x_wconf 85' lang='grc' dir='ltr'><strong>καὶ</strong></span> <span class='ocrx_word' id='word_1_773' title='bbox 1527 4958 1690 5027; x_wconf 73' lang='grc' dir='ltr'>εὐχὰς</span> <span class='ocrx_word' id='word_1_774' title='bbox 1712 4959 1807 5021; x_wconf 80' lang='grc' dir='ltr'>τὰς</span> <span class='ocrx_word' id='word_1_775' title='bbox 1835 4960 1934 5011; x_wconf 59' lang='lat' dir='ltr'><strong>dxi</strong></span> <span class='ocrx_word' id='word_1_776' title='bbox 1946 4976 1976 5030; x_wconf 91' lang='grc' dir='ltr'><strong>ρ</strong></span> 
     </span>
    </p>
   </div>
   <div class='ocr_carea' id='block_1_101' title="bbox 406 5043 1974 5122">
    <p class='ocr_par' dir='ltr' id='par_1_101' title="bbox 406 5043 1974 5122">
     <span class='ocr_line' id='line_1_101' title="bbox 406 5043 1974 5122; baseline 0.005 -28"><span class='ocrx_word' id='word_1_777' title='bbox 406 5043 591 5109; x_wconf 74' lang='grc' dir='ltr'>αὐτοῦ,</span> <span class='ocrx_word' id='word_1_778' title='bbox 624 5046 718 5097; x_wconf 70' lang='grc' dir='ltr'><strong>καὶ</strong></span> <span class='ocrx_word' id='word_1_779' title='bbox 747 5043 929 5113; x_wconf 80' lang='grc' dir='ltr'>λέγειν</span> <span class='ocrx_word' id='word_1_780' title='bbox 975 5046 1057 5098; x_wconf 78' lang='grc' dir='ltr'>τόο</span> <span class='ocrx_word' id='word_1_781' title='bbox 1097 5047 1188 5116; x_wconf 78' lang='grc' dir='ltr'><strong>Μὴ</strong></span> <span class='ocrx_word' id='word_1_782' title='bbox 1219 5048 1424 5117; x_wconf 77' lang='grc' dir='ltr'>στήσῃς</span> <span class='ocrx_word' id='word_1_783' title='bbox 1461 5049 1631 5119; x_wconf 78' lang='grc' dir='ltr'>αὐτῷ,</span> <span class='ocrx_word' id='word_1_784' title='bbox 1663 5049 1853 5120; x_wconf 77' lang='grc' dir='ltr'>Κύριε,</span> <span class='ocrx_word' id='word_1_785' title='bbox 1879 5050 1974 5122; x_wconf 81' lang='grc' dir='ltr'>τὴν</span> 
     </span>
    </p>
   </div>
   <div class='ocr_carea' id='block_1_102' title="bbox 409 5135 2022 5210">
    <p class='ocr_par' dir='ltr' id='par_1_102' title="bbox 409 5135 2022 5210">
     <span class='ocr_line' id='line_1_102' title="bbox 409 5135 2022 5210; baseline 0.006 -25"><span class='ocrx_word' id='word_1_786' title='bbox 409 5135 682 5206; x_wconf 82' lang='grc' dir='ltr'>ἁμαρτίαν</span> <span class='ocrx_word' id='word_1_787' title='bbox 728 5136 952 5206; x_wconf 81' lang='grc' dir='ltr'>ταύτην.</span> <span class='ocrx_word' id='word_1_788' title='bbox 1009 5139 1116 5192; x_wconf 69' lang='grc' dir='ltr'><strong>Καὶ</strong></span> <span class='ocrx_word' id='word_1_789' title='bbox 1163 5138 1272 5208; x_wconf 76' lang='grc' dir='ltr'>μὴν</span> <span class='ocrx_word' id='word_1_790' title='bbox 1335 5137 1494 5192; x_wconf 83' lang='grc' dir='ltr'>τοῦτο</span> <span class='ocrx_word' id='word_1_791' title='bbox 1544 5139 1695 5207; x_wconf 85' lang='grc' dir='ltr'>φίλον</span> <span class='ocrx_word' id='word_1_792' title='bbox 1746 5139 1846 5209; x_wconf 80' lang='grc' dir='ltr'>μὲν</span> <span class='ocrx_word' id='word_1_793' title='bbox 1898 5141 2022 5210; x_wconf 63' lang='grc' dir='ltr'><strong>τᾷο</strong></span> 
     </span>
    </p>
   </div>
   <div class='ocr_carea' id='block_1_103' title="bbox 408 5225 1975 5300">
    <p class='ocr_par' dir='ltr' id='par_1_103' title="bbox 408 5225 1975 5300">
     <span class='ocr_line' id='line_1_103' title="bbox 408 5225 1975 5300; baseline 0.004 -24"><span class='ocrx_word' id='word_1_794' title='bbox 408 5225 796 5279; x_wconf 81' lang='grc' dir='ltr'>κακοποιοῦντι</span> <span class='ocrx_word' id='word_1_795' title='bbox 825 5226 1011 5289; x_wconf 79' lang='grc' dir='ltr'>ἁπλῶς</span> <span class='ocrx_word' id='word_1_796' title='bbox 1047 5227 1396 5296; x_wconf 79' lang='grc' dir='ltr'>ἁκουόμενον.</span> <span class='ocrx_word' id='word_1_797' title='bbox 1428 5229 1611 5298; x_wconf 75' lang='grc' dir='ltr'>Φιλοίη</span> <span class='ocrx_word' id='word_1_798' title='bbox 1644 5231 1753 5300; x_wconf 74' lang='grc' dir='ltr'><strong>γὰρ</strong></span> <span class='ocrx_word' id='word_1_799' title='bbox 1785 5230 1872 5296; x_wconf 84' lang='grc' dir='ltr'>ἂν,</span> <span class='ocrx_word' id='word_1_800' title='bbox 1901 5230 1975 5283; x_wconf 76' lang='lat' dir='ltr'><strong>ef-</strong></span> 
     </span>
    </p>
   </div>
   <div class='ocr_carea' id='block_1_104' title="bbox 407 5311 1975 5390">
    <p class='ocr_par' dir='ltr' id='par_1_104' title="bbox 407 5311 1975 5390">
     <span class='ocr_line' id='line_1_104' title="bbox 407 5311 1975 5390; baseline 0.006 -25"><span class='ocrx_word' id='word_1_801' title='bbox 407 5331 534 5384; x_wconf 80' lang='grc' dir='ltr'>περ,</span> <span class='ocrx_word' id='word_1_802' title='bbox 566 5317 623 5368; x_wconf 74' lang='grc' dir='ltr'>ὲν</span> <span class='ocrx_word' id='word_1_803' title='bbox 668 5311 751 5379; x_wconf 76' lang='grc' dir='ltr'>οἷς</span> <span class='ocrx_word' id='word_1_804' title='bbox 783 5317 952 5369; x_wconf 84' lang='grc' dir='ltr'>κακόν</span> <span class='ocrx_word' id='word_1_805' title='bbox 998 5334 1050 5370; x_wconf 82' lang='grc' dir='ltr'><strong>τι</strong></span> <span class='ocrx_word' id='word_1_806' title='bbox 1088 5320 1248 5383; x_wconf 85' lang='grc' dir='ltr'>ποιεῖ,</span> <span class='ocrx_word' id='word_1_807' title='bbox 1282 5319 1484 5387; x_wconf 83' lang='grc' dir='ltr'>ἀγαθὸν</span> <span class='ocrx_word' id='word_1_808' title='bbox 1529 5320 1773 5390; x_wconf 78' lang='grc' dir='ltr'>εὑρίσκει</span> <span class='ocrx_word' id='word_1_809' title='bbox 1803 5323 1864 5373; x_wconf 85' lang='grc' dir='ltr'>τὸ</span> <span class='ocrx_word' id='word_1_810' title='bbox 1911 5322 1975 5374; x_wconf 81' lang='grc' dir='ltr'>ὲκ</span> 
     </span>
    </p>
   </div>
   <div class='ocr_carea' id='block_1_105' title="bbox 407 5407 1974 5482">
    <p class='ocr_par' dir='ltr' id='par_1_105' title="bbox 407 5407 1974 5482">
     <span class='ocr_line' id='line_1_105' title="bbox 407 5407 1974 5482; baseline 0.006 -26"><span class='ocrx_word' id='word_1_811' title='bbox 407 5407 504 5473; x_wconf 80' lang='grc' dir='ltr'>τῆς</span> <span class='ocrx_word' id='word_1_812' title='bbox 535 5407 699 5477; x_wconf 74' lang='grc' dir='ltr'>εὐχῆς</span> <span class='ocrx_word' id='word_1_813' title='bbox 749 5409 896 5475; x_wconf 76' lang='grc' dir='ltr'>Πλὴν</span> <span class='ocrx_word' id='word_1_814' title='bbox 917 5409 1054 5463; x_wconf 77' lang='grc' dir='ltr'>ἀλλὰ</span> <span class='ocrx_word' id='word_1_815' title='bbox 1077 5411 1403 5481; x_wconf 74' lang='grc' dir='ltr'>ἐμϐαθύνων</span> <span class='ocrx_word' id='word_1_816' title='bbox 1428 5412 1503 5482; x_wconf 80' lang='grc' dir='ltr'>τῷ</span> <span class='ocrx_word' id='word_1_817' title='bbox 1535 5412 1702 5482; x_wconf 83' lang='grc' dir='ltr'>λόγῳ,</span> <span class='ocrx_word' id='word_1_818' title='bbox 1725 5411 1974 5480; x_wconf 72' lang='grc' dir='ltr'>βλεπέτω</span> 
     </span>
    </p>
   </div>
   <div class='ocr_carea' id='block_1_106' title="bbox 406 5498 1974 5574">
    <p class='ocr_par' dir='ltr' id='par_1_106' title="bbox 406 5498 1974 5574">
     <span class='ocr_line' id='line_1_106' title="bbox 406 5498 1974 5574; baseline 0.003 -25"><span class='ocrx_word' id='word_1_819' title='bbox 406 5498 502 5568; x_wconf 74' lang='grc' dir='ltr'>τὴν</span> <span class='ocrx_word' id='word_1_820' title='bbox 525 5498 781 5569; x_wconf 82' lang='grc' dir='ltr'>τοιαύτην</span> <span class='ocrx_word' id='word_1_821' title='bbox 805 5500 990 5569; x_wconf 80' lang='grc' dir='ltr'>εὐχὴν,</span> <span class='ocrx_word' id='word_1_822' title='bbox 1017 5503 1090 5571; x_wconf 77' lang='grc' dir='ltr'>μή</span> <span class='ocrx_word' id='word_1_823' title='bbox 1121 5519 1173 5554; x_wconf 88' lang='grc' dir='ltr'><strong>τι</strong></span> <span class='ocrx_word' id='word_1_824' title='bbox 1207 5502 1302 5555; x_wconf 82' lang='grc' dir='ltr'>καὶ</span> <span class='ocrx_word' id='word_1_825' title='bbox 1342 5502 1642 5573; x_wconf 75' lang='grc' dir='ltr'>βαρύτητος</span> <span class='ocrx_word' id='word_1_826' title='bbox 1677 5503 1797 5574; x_wconf 73' lang='grc' dir='ltr'><strong>ἔχῃ.</strong></span> <span class='ocrx_word' id='word_1_827' title='bbox 1840 5504 1974 5572; x_wconf 68' lang='grc' dir='ltr'><strong>Στῆο</strong></span> 
     </span>
    </p>
   </div>
   <div class='ocr_carea' id='block_1_107' title="bbox 509 5676 934 5736">
    <p class='ocr_par' dir='ltr' id='par_1_107' title="bbox 509 5676 934 5736">
     <span class='ocr_line' id='line_1_107' title="bbox 509 5676 934 5736; baseline 0.014 -10"><span class='ocrx_word' id='word_1_828' title='bbox 509 5676 554 5705; x_wconf 80' lang='grc'><strong>¹²</strong></span> <span class='ocrx_word' id='word_1_829' title='bbox 592 5678 709 5728; x_wconf 74' lang='lat' dir='ltr'><strong>Act.</strong></span> <span class='ocrx_word' id='word_1_830' title='bbox 740 5677 934 5736; x_wconf 65' lang='lat' dir='ltr'><strong>unfit).</strong></span> 
     </span>
    </p>
   </div>
   <div class='ocr_carea' id='block_1_108' title="bbox 2082 4591 3647 4658">
    <p class='ocr_par' dir='ltr' id='par_1_108' title="bbox 2082 4591 3647 4658">
     <span class='ocr_line' id='line_1_108' title="bbox 2082 4591 3647 4658; baseline -0.004 -7"><span class='ocrx_word' id='word_1_831' title='bbox 2082 4598 2153 4651; x_wconf 90' lang='lat' dir='ltr'><strong>ita</strong></span> <span class='ocrx_word' id='word_1_832' title='bbox 2229 4597 2514 4658; x_wconf 90' lang='lat' dir='ltr'><strong>amicum,</strong></span> <span class='ocrx_word' id='word_1_833' title='bbox 2597 4592 2865 4647; x_wconf 70' lang='lat' dir='ltr'><strong>habemus</strong></span> <span class='ocrx_word' id='word_1_834' title='bbox 2917 4600 3186 4645; x_wconf 85' lang='lat' dir='ltr'><strong>sanctum.</strong></span> <span class='ocrx_word' id='word_1_835' title='bbox 3270 4591 3434 4657; x_wconf 78' lang='lat' dir='ltr'><strong>Igitur</strong></span> <span class='ocrx_word' id='word_1_836' title='bbox 3511 4591 3647 4644; x_wconf 84' lang='lat' dir='ltr'><strong>mihi</strong></span> 
     </span>
    </p>
   </div>
   <div class='ocr_carea' id='block_1_109' title="bbox 2079 4682 3648 4757">
    <p class='ocr_par' dir='ltr' id='par_1_109' title="bbox 2079 4682 3648 4757">
     <span class='ocr_line' id='line_1_109' title="bbox 2079 4682 3648 4757; baseline -0.003 -15"><span class='ocrx_word' id='word_1_837' title='bbox 2079 4702 2175 4755; x_wconf 83' lang='lat' dir='ltr'><strong>pro</strong></span> <span class='ocrx_word' id='word_1_838' title='bbox 2231 4688 2345 4757; x_wconf 89' lang='lat' dir='ltr'><strong>lege</strong></span> <span class='ocrx_word' id='word_1_839' title='bbox 2401 4696 2486 4741; x_wconf 86' lang='lat' dir='ltr'><strong>est</strong></span> <span class='ocrx_word' id='word_1_840' title='bbox 2545 4685 2844 4738; x_wconf 83' lang='lat' dir='ltr'><strong>beneﬁcum</strong></span> <span class='ocrx_word' id='word_1_841' title='bbox 2913 4684 3129 4753; x_wconf 80' lang='lat' dir='ltr'><strong>quidem</strong></span> <span class='ocrx_word' id='word_1_842' title='bbox 3188 4683 3358 4752; x_wconf 86' lang='lat' dir='ltr'><strong>magis</strong></span> <span class='ocrx_word' id='word_1_843' title='bbox 3399 4682 3648 4752; x_wconf 82' lang='lat' dir='ltr'><strong>diligere,</strong></span> 
     </span>
    </p>
   </div>
   <div class='ocr_carea' id='block_1_110' title="bbox 2079 4774 3650 4844">
    <p class='ocr_par' dir='ltr' id='par_1_110' title="bbox 2079 4774 3650 4844">
     <span class='ocr_line' id='line_1_110' title="bbox 2079 4774 3650 4844; baseline 0.002 -14"><span class='ocrx_word' id='word_1_844' title='bbox 2079 4776 2506 4830; x_wconf 85' lang='lat' dir='ltr'><strong>malefacientem</strong></span> <span class='ocrx_word' id='word_1_845' title='bbox 2555 4791 2682 4829; x_wconf 85' lang='lat' dir='ltr'><strong>vero</strong></span> <span class='ocrx_word' id='word_1_846' title='bbox 2726 4774 2891 4840; x_wconf 86' lang='lat' dir='ltr'><strong>ferre,</strong></span> <span class='ocrx_word' id='word_1_847' title='bbox 2943 4785 3204 4844; x_wconf 84' lang='lat' dir='ltr'><strong>quantum</strong></span> <span class='ocrx_word' id='word_1_848' title='bbox 3259 4775 3533 4844; x_wconf 81' lang='lat' dir='ltr'><strong>possibile,</strong></span> <span class='ocrx_word' id='word_1_849' title='bbox 3593 4787 3650 4833; x_wconf 88' lang='lat' dir='ltr'><strong>et</strong></span> 
     </span>
    </p>
   </div>
   <div class='ocr_carea' id='block_1_111' title="bbox 2078 4866 3646 4936">
    <p class='ocr_par' dir='ltr' id='par_1_111' title="bbox 2078 4866 3646 4936">
     <span class='ocr_line' id='line_1_111' title="bbox 2078 4866 3646 4936; baseline 0.004 -16"><span class='ocrx_word' id='word_1_850' title='bbox 2078 4866 2420 4934; x_wconf 86' lang='lat' dir='ltr'><strong>aliquatenus</strong></span> <span class='ocrx_word' id='word_1_851' title='bbox 2467 4881 2671 4932; x_wconf 83' lang='lat' dir='ltr'><strong>ama-re,</strong></span> <span class='ocrx_word' id='word_1_852' title='bbox 2717 4877 2770 4920; x_wconf 88' lang='lat' dir='ltr'><strong>et</strong></span> <span class='ocrx_word' id='word_1_853' title='bbox 2823 4881 2922 4936; x_wconf 88' lang='lat' dir='ltr'><strong>pro</strong></span> <span class='ocrx_word' id='word_1_854' title='bbox 2977 4866 3066 4920; x_wconf 88' lang='lat' dir='ltr'><strong>illo</strong></span> <span class='ocrx_word' id='word_1_855' title='bbox 3098 4882 3256 4922; x_wconf 83' lang='lat' dir='ltr'><strong>orare</strong></span> <span class='ocrx_word' id='word_1_856' title='bbox 3295 4884 3308 4921; x_wconf 90' lang='lat'><strong>:</strong></span> <span class='ocrx_word' id='word_1_857' title='bbox 3345 4872 3646 4936; x_wconf 71' lang='lat' dir='ltr'><strong>praesertim</strong></span> 
     </span>
    </p>
   </div>
   <div class='ocr_carea' id='block_1_112' title="bbox 2076 4955 3646 5028">
    <p class='ocr_par' dir='ltr' id='par_1_112' title="bbox 2076 4955 3646 5028">
     <span class='ocr_line' id='line_1_112' title="bbox 2076 4955 3646 5028; baseline 0.006 -20"><span class='ocrx_word' id='word_1_858' title='bbox 2076 4957 2292 5026; x_wconf 85' lang='lat' dir='ltr'><strong>quidem</strong></span> <span class='ocrx_word' id='word_1_859' title='bbox 2344 4955 2537 5010; x_wconf 84' lang='lat' dir='ltr'><strong>sistere</strong></span> <span class='ocrx_word' id='word_1_860' title='bbox 2584 4955 2842 5009; x_wconf 83' lang='lat' dir='ltr'><strong>malitiam</strong></span> <span class='ocrx_word' id='word_1_861' title='bbox 2877 4964 2930 5010; x_wconf 89' lang='lat' dir='ltr'><strong>et</strong></span> <span class='ocrx_word' id='word_1_862' title='bbox 2959 4957 3027 5010; x_wconf 92' lang='lat' dir='ltr'><strong>ab</strong></span> <span class='ocrx_word' id='word_1_863' title='bbox 3071 4956 3440 5028; x_wconf 84' lang='lat' dir='ltr'><strong>indignatione</strong></span> <span class='ocrx_word' id='word_1_864' title='bbox 3475 4965 3646 5018; x_wconf 86' lang='lat' dir='ltr'><strong>absti-</strong></span> 
     </span>
    </p>
   </div>
   <div class='ocr_carea' id='block_1_113' title="bbox 2078 5044 3650 5117">
    <p class='ocr_par' dir='ltr' id='par_1_113' title="bbox 2078 5044 3650 5117">
     <span class='ocr_line' id='line_1_113' title="bbox 2078 5044 3650 5117; baseline 0.004 -18"><span class='ocrx_word' id='word_1_865' title='bbox 2078 5063 2125 5100; x_wconf 84' lang='lat' dir='ltr'><strong>n~</strong></span> <span class='ocrx_word' id='word_1_866' title='bbox 2150 5061 2206 5099; x_wconf 88' lang='lat' dir='ltr'><strong>re</strong></span> <span class='ocrx_word' id='word_1_867' title='bbox 2227 5083 2242 5108; x_wconf 93' lang='lat'><strong>,</strong></span> <span class='ocrx_word' id='word_1_868' title='bbox 2271 5044 2498 5100; x_wconf 86' lang='lat' dir='ltr'><strong>fundere</strong></span> <span class='ocrx_word' id='word_1_869' title='bbox 2527 5059 2653 5101; x_wconf 86' lang='lat' dir='ltr'><strong>vero</strong></span> <span class='ocrx_word' id='word_1_870' title='bbox 2679 5059 2897 5116; x_wconf 88' lang='lat' dir='ltr'><strong>quoque</strong></span> <span class='ocrx_word' id='word_1_871' title='bbox 2945 5056 3165 5117; x_wconf 88' lang='lat' dir='ltr'><strong>propter</strong></span> <span class='ocrx_word' id='word_1_872' title='bbox 3201 5047 3350 5103; x_wconf 89' lang='lat' dir='ltr'><strong>illum</strong></span> <span class='ocrx_word' id='word_1_873' title='bbox 3373 5064 3557 5116; x_wconf 89' lang='lat' dir='ltr'><strong>preces</strong></span> <span class='ocrx_word' id='word_1_874' title='bbox 3586 5066 3650 5106; x_wconf 89' lang='lat' dir='ltr'><strong>ac</strong></span> 
     </span>
    </p>
   </div>
   <div class='ocr_carea' id='block_1_114' title="bbox 2077 5135 3642 5209">
    <p class='ocr_par' dir='ltr' id='par_1_114' title="bbox 2077 5135 3642 5209">
     <span class='ocr_line' id='line_1_114' title="bbox 2077 5135 3642 5209; baseline 0.005 -19"><span class='ocrx_word' id='word_1_875' title='bbox 2077 5137 2259 5190; x_wconf 88' lang='lat' dir='ltr'><strong>dicere</strong></span> <span class='ocrx_word' id='word_1_876' title='bbox 2309 5153 2324 5189; x_wconf 89' lang='lat'><strong>:</strong></span> <span class='ocrx_word' id='word_1_877' title='bbox 2369 5135 2444 5190; x_wconf 80' lang='lat' dir='ltr'><strong>Ne</strong></span> <span class='ocrx_word' id='word_1_878' title='bbox 2473 5147 2678 5191; x_wconf 86' lang='lat' dir='ltr'><strong>statuas</strong></span> <span class='ocrx_word' id='word_1_879' title='bbox 2717 5138 2789 5190; x_wconf 86' lang='lat' dir='ltr'><strong>illi</strong></span> <span class='ocrx_word' id='word_1_880' title='bbox 2814 5178 2828 5202; x_wconf 92' lang='lat'><strong>,</strong></span> <span class='ocrx_word' id='word_1_881' title='bbox 2863 5137 3107 5202; x_wconf 89' lang='lat' dir='ltr'><strong>Dom-ine,</strong></span> <span class='ocrx_word' id='word_1_882' title='bbox 3159 5143 3259 5196; x_wconf 81' lang='lat' dir='ltr'><strong>hoc</strong></span> <span class='ocrx_word' id='word_1_883' title='bbox 3289 5144 3642 5209; x_wconf 84' lang='lat' dir='ltr'><strong>peccatum“.</strong></span> 
     </span>
    </p>
   </div>
   <div class='ocr_carea' id='block_1_115' title="bbox 2077 5225 3646 5300">
    <p class='ocr_par' dir='ltr' id='par_1_115' title="bbox 2077 5225 3646 5300">
     <span class='ocr_line' id='line_1_115' title="bbox 2077 5225 3646 5300; baseline 0.004 -21"><span class='ocrx_word' id='word_1_884' title='bbox 2077 5225 2245 5280; x_wconf 79' lang='lat' dir='ltr'><strong>Porro</strong></span> <span class='ocrx_word' id='word_1_885' title='bbox 2285 5225 2426 5279; x_wconf 85' lang='lat' dir='ltr'><strong>istud</strong></span> <span class='ocrx_word' id='word_1_886' title='bbox 2453 5227 2668 5295; x_wconf 86' lang='lat' dir='ltr'><strong>quidem</strong></span> <span class='ocrx_word' id='word_1_887' title='bbox 2719 5229 2957 5283; x_wconf 83' lang='lat' dir='ltr'><strong>amicitia</strong></span> <span class='ocrx_word' id='word_1_888' title='bbox 2990 5229 3351 5286; x_wconf 58' lang='lat' dir='ltr'><strong>malefacieuti</strong></span> <span class='ocrx_word' id='word_1_889' title='bbox 3379 5231 3646 5300; x_wconf 87' lang='lat' dir='ltr'><strong>simplici-</strong></span> 
     </span>
    </p>
   </div>
   <div class='ocr_carea' id='block_1_116' title="bbox 2078 5317 3645 5392">
    <p class='ocr_par' dir='ltr' id='par_1_116' title="bbox 2078 5317 3645 5392">
     <span class='ocr_line' id='line_1_116' title="bbox 2078 5317 3645 5392; baseline 0.004 -20"><span class='ocrx_word' id='word_1_890' title='bbox 2078 5329 2160 5373; x_wconf 88' lang='lat' dir='ltr'><strong>ter</strong></span> <span class='ocrx_word' id='word_1_891' title='bbox 2191 5317 2526 5390; x_wconf 82' lang='lat' dir='ltr'><strong>intelligitur.</strong></span> <span class='ocrx_word' id='word_1_892' title='bbox 2579 5319 2900 5390; x_wconf 82' lang='lat' dir='ltr'><strong>Diligeretur</strong></span> <span class='ocrx_word' id='word_1_893' title='bbox 2941 5323 3107 5386; x_wconf 87' lang='lat' dir='ltr'><strong>enim,</strong></span> <span class='ocrx_word' id='word_1_894' title='bbox 3159 5321 3423 5392; x_wconf 84' lang='lat' dir='ltr'><strong>siquidem</strong></span> <span class='ocrx_word' id='word_1_895' title='bbox 3471 5323 3524 5376; x_wconf 91' lang='lat' dir='ltr'><strong>in</strong></span> <span class='ocrx_word' id='word_1_896' title='bbox 3559 5322 3645 5379; x_wconf 85' lang='lat' dir='ltr'><strong>his</strong></span> 
     </span>
    </p>
   </div>
   <div class='ocr_carea' id='block_1_117' title="bbox 2077 5410 3648 5480">
    <p class='ocr_par' dir='ltr' id='par_1_117' title="bbox 2077 5410 3648 5480">
     <span class='ocr_line' id='line_1_117' title="bbox 2077 5410 3648 5480; baseline 0.005 -16"><span class='ocrx_word' id='word_1_897' title='bbox 2077 5412 2275 5480; x_wconf 88' lang='lat' dir='ltr'><strong>quibus</strong></span> <span class='ocrx_word' id='word_1_898' title='bbox 2297 5410 2495 5464; x_wconf 69' lang='lat' dir='ltr'><strong>malum</strong></span> <span class='ocrx_word' id='word_1_899' title='bbox 2519 5413 2704 5477; x_wconf 87' lang='lat' dir='ltr'><strong>infert,</strong></span> <span class='ocrx_word' id='word_1_900' title='bbox 2730 5414 2931 5468; x_wconf 88' lang='lat' dir='ltr'><strong>bonum</strong></span> <span class='ocrx_word' id='word_1_901' title='bbox 2958 5415 3215 5469; x_wconf 83' lang='lat' dir='ltr'><strong>orationis</strong></span> <span class='ocrx_word' id='word_1_902' title='bbox 3239 5415 3464 5469; x_wconf 86' lang='lat' dir='ltr'><strong>invenit.</strong></span> <span class='ocrx_word' id='word_1_903' title='bbox 3493 5415 3648 5472; x_wconf 76' lang='lat' dir='ltr'><strong>Atta-</strong></span> 
     </span>
    </p>
   </div>
   <div class='ocr_carea' id='block_1_118' title="bbox 2079 5503 3648 5581">
    <p class='ocr_par' dir='ltr' id='par_1_118' title="bbox 2079 5503 3648 5581">
     <span class='ocr_line' id='line_1_118' title="bbox 2079 5503 3648 5581; baseline 0.005 -26"><span class='ocrx_word' id='word_1_904' title='bbox 2079 5517 2199 5556; x_wconf 60' lang='lat' dir='ltr'><strong>mvn</strong></span> <span class='ocrx_word' id='word_1_905' title='bbox 2246 5503 2297 5556; x_wconf 85' lang='lat' dir='ltr'><strong>in</strong></span> <span class='ocrx_word' id='word_1_906' title='bbox 2335 5504 2500 5557; x_wconf 85' lang='lat' dir='ltr'><strong>altum</strong></span> <span class='ocrx_word' id='word_1_907' title='bbox 2554 5504 2780 5560; x_wconf 85' lang='lat' dir='ltr'><strong>rationis</strong></span> <span class='ocrx_word' id='word_1_908' title='bbox 2821 5505 3158 5581; x_wconf 68' lang='lat' dir='ltr'><strong>descendens</strong></span> <span class='ocrx_word' id='word_1_909' title='bbox 3213 5503 3373 5560; x_wconf 83' lang='lat' dir='ltr'><strong>talem</strong></span> <span class='ocrx_word' id='word_1_910' title='bbox 3437 5506 3648 5563; x_wconf 79' lang='lat' dir='ltr'><strong>intuea-</strong></span> 
     </span>
    </p>
   </div>
  </div>
