3926 6200
440 263 554 328 495

1155 261 1576 323 EUSTATHII
1609 258 2374 322 THESSALONICENSIS
2409 259 2978 321 METROPULIT/E
3555 276 3639 340 496

435 383 534 428 sur
581 372 903 439 orationem,
965 385 1030 426 ne
1081 373 1209 440 quid
1245 373 1407 428 etiam
1467 373 1750 442 gravitatis
1799 374 2017 428 haheat.

2130 391 2222 427 σαι
2275 374 2384 444 γὰρ
2437 374 2669 427 ἐνταῦθα
2726 376 2874 428 δοκεῖ
2923 375 3176 444 λέγεσθαι
3238 379 3294 432 ττι
3367 383 3639 452 σταθμώσα-
3686 390 3690 394 ”

448 465 548 520 Hic
584 465 731 520 enim
793 467 1045 520 Statuere
1106 465 1322 519 videtur
1384 464 1609 536 intelligi
1645 482 1661 520 ζ
1695 467 2018 534 ponderare,

445 563 563 614 sive
593 558 812 621 librare,
871 557 973 622 vel,
1006 556 1086 611 nti
1139 557 1211 611 ita
1242 556 1440 622 dicam,
1473 568 1672 612 statera
1715 558 1920 613 sistere.
1956 558 2022 612 Et

443 651 772 723 signiﬁcaret
816 669 830 706 :
881 649 1104 705 Domine
1131 692 1146 715 ,
1205 665 1272 704 ne
1317 651 1470 720 juxta
1519 651 1772 706 meritum
1815 661 2020 707 statera

446 751 746 821 ponderes;
786 763 886 803 nec
935 748 1232 803 secundum
1285 749 1690 816 proportionem
1744 749 2022 804 exantines

443 843 547 898 hoc
587 850 905 910 peccatum;
929 848 986 892 at
1026 840 1070 893 si
1105 839 1324 907 reprimi
1355 838 1526 895 malos
1553 847 1828 907 oporteat,
1865 837 2022 893 erudi

442 933 658 1002 quidem
695 942 749 986 et
796 941 1075 995 converte,
1129 940 1381 1000 terreque
1427 932 1571 985 velut
1614 932 1680 987 ad
1723 931 2022 1001 reprimen-

443 1025 594 1086 dum,
655 1031 819 1088 atque
874 1020 982 1074 illis
1047 1021 1271 1074 ostende
1329 1021 1624 1091 potentiam
1675 1029 1862 1087 tuam;
1914 1037 2020 1078 non

438 1122 622 1165 autent
652 1109 803 1178 juxta
832 1109 1222 1178 aequalitatem,
1252 1112 1358 1178 vel,
1385 1120 1442 1166 ut
1473 1113 1782 1170 clarissime
1807 1115 2016 1184 loquar,

443 1206 510 1259 ad
547 1205 969 1273 aequipondium.

511 1294 636 1350 106.
669 1296 797 1358 Sed.
849 1307 908 1350 ut
966 1297 1231 1362 dicebam,
1276 1313 1378 1352 non
1410 1299 1608 1368 aliquis
1647 1299 1775 1352 velit
1829 1309 2020 1352 contra

443 1396 704 1442 statutam
759 1388 840 1442 ire
871 1390 1321 1444 consuetudinem
1353 1392 1406 1445 in
1454 1391 1618 1446 rebus
1661 1406 1756 1458 per
1786 1399 2019 1445 antono-

443 1480 670 1534 masiam
712 1479 993 1535 vocandis.
1029 1480 1243 1536 Etenim
1277 1482 1325 1537 si
1381 1482 1685 1536 maleﬁcum
1729 1482 1781 1536 in
1813 1481 2018 1536 beneﬁ-

443 1586 587 1636 cum,
617 1586 682 1626 eo
707 1573 850 1641 quod
881 1589 976 1643 per
999 1573 1313 1645 patientiam
1348 1574 1634 1630 utilitatem
1661 1573 2014 1645 percipimus.

444 1665 831 1730 inscribamus,
880 1681 943 1721 ex
979 1667 1329 1736 consequenti
1381 1667 1642 1732 amicum,
1669 1666 1714 1722 si
1745 1667 2021 1722 consultus

2128 466 2276 526 σθαι.
2331 467 2427 520 εἰτ’
2479 461 2572 521 οὖν
2627 467 3122 533 ταλαντεύσασθαι,
3193 470 3303 534 καὶ,
3368 473 3434 536 ὡς
3477 477 3640 543 εἰπεῖν,

2128 560 2557 631 ζυγοστατῆσαι.
2633 561 2744 614 Καὶ
2801 561 2950 629 λέγοι
2997 561 3104 615 ἄν’
3165 563 3364 633 Κύριε,
3415 569 3481 638 μὴ
3532 573 3642 639 πρὸς

2125 650 2281 714 ἀξίαν
2311 650 2633 723 σταθμώσῃ,
2685 652 2807 721 μηδ’
2849 655 3115 722 ἀνάλογον
3145 656 3490 730 τρυτανεύσῃς
3520 665 3646 717 τουτὶ

2125 740 2186 794 τὸ
2225 741 2554 814 ἁμάρτημα’
2587 743 2703 797 ἀλλ’
2737 745 2785 798 εἰ
2818 745 2911 799 καὶ
2937 745 3126 815 δεήσει
3163 748 3504 817 ἀνασταλῆναι
3544 753 3646 815 τοὺς

2127 834 2440 904 φορτικοὺς.
2474 835 2766 890 παίδευσον
2796 837 2898 907 μὲν
2931 838 3022 890 καὶ
3055 839 3374 908 ὲπίστρεψον
3405 843 3489 894 καὶ
3513 843 3648 908 ἐκφό-

2128 923 2296 994 εησον
2325 923 2400 989 ὡς
2423 925 2516 978 ἐπὶ
2541 925 2836 996 ἀναστολῇ,
2863 927 2959 979 καὶ
2977 925 3246 996 γνώρισον
3275 926 3445 990 αὐτοῖς
3473 927 3556 998 τὴν
3575 928 3648 982 δύ.

2126 1015 2288 1084 ναμίν
2329 1032 2446 1079 σου,
2486 1015 2562 1086 μὴ
2590 1015 2726 1086 πρὸς
2751 1015 3002 1081 ἀντάξιον
3033 1016 3110 1082 δὲ,
3135 1017 3232 1071 καὶ
3261 1016 3546 1086 σαφέστατα
3582 1019 3648 1070 sl-

2127 1106 2266 1166 πεῖν,
2295 1105 2621 1161 ἰσοστάσιον.

2202 1287 2309 1357 ρς’.
2373 1286 2514 1340 Ἀλλ’
2557 1291 2691 1360 ὅπερ
2721 1288 2926 1357 ελεγον,
2979 1290 3053 1358 μή
3090 1307 3174 1352 τις
3201 1287 3421 1342 ἑθελέτω
3448 1306 3651 1357 παρανο-

2130 1381 2250 1448 μεῖν
2286 1379 2364 1442 είς
2406 1379 2466 1432 τὸ
2512 1381 2849 1452 καθεστηκὸς
2892 1380 3210 1434 κοινωνικὸν
3237 1379 3321 1433 διὰ
3351 1380 3437 1432 τοῦ
3467 1380 3654 1432 ἀντονο-

2130 1470 2322 1540 μάζειν
2366 1469 2434 1522 τὰ
2488 1471 2809 1541 πράγματα.
2865 1471 2926 1524 El
2971 1471 3078 1539 γὰρ
3124 1470 3217 1524 τὸν
3267 1469 3547 1524 κακύνοντα
3589 1470 3654 1532 είς

2128 1563 2424 1634 εὐεργέτην
2447 1564 2757 1634 ἑπιγράψομ
2769 1580 2845 1626 εν,
2868 1556 2948 1626 οἷς
2981 1561 3424 1628 ἁνεξικακοῦντες
3451 1560 3656 1629 ὠφελού-

2132 1655 2291 1725 μεθα.
2323 1655 2382 1719 ἐξ
2414 1655 2710 1708 ἀκολούθου
2751 1656 2845 1708 καὶ
2873 1655 2964 1708 τὸν
2996 1655 3171 1723 φίλον,
3205 1655 3262 1708 εῐ
3290 1671 3414 1707 ποτε
3456 1653 3657 1723 συμῦου-

445 1772 552 1810 non
573 1758 639 1810 de
655 1758 856 1828 regulis
873 1759 1128 1814 amicitia:
1150 1760 1286 1814 bene
1305 1757 1586 1824 decernat,
1621 1759 1675 1814 in
1704 1758 1984 1814 inimicum
2005 1775 2017 1819 :

2128 1747 2460 1816 λευσάμενος
2490 1747 2591 1801 οὐκ
2620 1747 2938 1818 εὐστοχήσει
2964 1747 3030 1800 τὰ
3061 1750 3118 1810 ὲς
3141 1745 3362 1817 φιλικὴν
3391 1744 3656 1813 ὑποθήκην,

441 1860 507 1901 eo
548 1847 689 1914 quod
746 1847 948 1916 aliquid
977 1849 1285 1904 detrimenti
1321 1847 1586 1904 fuerimus
1627 1849 1859 1917 experti,
1927 1863 2022 1919 per

445 1938 831 2008 metonymiani
877 1938 1298 1994 transferemus.
1332 1939 1448 1994 Hoc
1487 1948 1670 1994 autem
1734 1939 1842 1995 dici
1911 1955 2019 1996 non

433 2029 674 2097 poterit.
707 2029 826 2085 Non
876 2031 1021 2085 enim
1073 2046 1142 2085 ex
1184 2029 1468 2085 effectibus
1512 2045 1676 2097 opera
1723 2030 1923 2096 solent,
1963 2041 2024 2086 ut

443 2119 760 2186 didicimus,
797 2123 1146 2176 characteres
1179 2121 1446 2190 accipere.
1492 2119 1761 2176 Possibile
1789 2137 2022 2184 namque

427 2217 529 2262 est
581 2208 708 2264 boni
749 2210 872 2265 ﬁnis
919 2211 1298 2281 pravissimum
1346 2224 1466 2266 esse
1518 2211 1869 2281 principium,
1916 2211 2020 2266 etsi

445 2300 569 2354 linis
599 2298 688 2355 ille
736 2315 1000 2371 prospere
1035 2301 1385 2368 terminetur,
1413 2301 1536 2356 ﬁnis
1567 2312 1748 2355 autem
1791 2303 2022 2357 actionis

431 2405 549 2446 non
583 2391 736 2448 bona
759 2391 1142 2462 probissimum
1169 2392 1383 2447 initium
1413 2407 1555 2456 esse,
1599 2394 1697 2446 etsi
1738 2392 1877 2448 male
1900 2408 2021 2448 suc-

437 2486 670 2539 cesserit
706 2493 988 2555 operatus.
1026 2485 1211 2554 ltaque
1244 2484 1604 2552 prohissimus
1636 2485 1844 2540 amicus
1879 2499 2022 2540 sem-

427 2591 540 2644 per
567 2578 770 2644 probus
818 2586 921 2642 cst,
957 2576 1058 2630 etsi
1093 2591 1191 2644 per
1221 2590 1342 2630 eum
1389 2577 1606 2646 aliquod
1662 2576 1859 2631 dilecto
1889 2579 2024 2634 sub-

443 2673 532 2718 eat
579 2667 1018 2731 detrimentum;
1079 2667 1354 2724 maleﬁens
1388 2679 1568 2724 autem
1622 2685 1840 2739 semper
1892 2685 2017 2738 pra-

432 2770 564 2809 -vam
595 2757 826 2812 sortitur
855 2757 1297 2827 appellationem,
1334 2759 1507 2814 donec
1559 2760 1730 2815 malus
1765 2774 2019 2830 perseve-

443 2857 546 2914 rat,
607 2851 710 2904 etsi
754 2866 850 2920 per
895 2851 1151 2907 accidens
1181 2852 1239 2906 in
1294 2852 1616 2908 beneﬁcium
1650 2854 1766 2923 ejus
1815 2855 2018 2909 malitia

428 2939 788 2994 terminatur.
841 2939 940 2995 Hic
968 2949 1148 2996 autem
1183 2941 1303 2997 dico
1333 2943 1698 3008 conﬁdentes,
1734 2945 1876 3014 quod
1909 2958 2017 3000 non

439 3031 570 3087 dicit
591 3033 838 3089 amicus:
866 3031 1055 3098 Nocui;
1077 3033 1396 3088 memoriam
1424 3049 1532 3090 non
1559 3035 1784 3092 habeas.
1813 3035 2016 3092 Verum

429 3121 584 3176 haud
629 3137 695 3176 ex
724 3125 1002 3192 proposito
1055 3138 1251 3178 noxam
1281 3124 1447 3181 amici
1474 3128 1648 3192 novit,
1701 3128 1827 3184 licet
1855 3144 2016 3199 quam

440 3214 675 3269 maxima
737 3215 877 3269 mala
914 3231 980 3269 ex
1027 3214 1118 3270 illo
1167 3216 1425 3286 patiatur.
1475 3217 1764 3290 Nunquam
1808 3221 2016 3277 amicus

442 3303 719 3360 maledicit
772 3304 1046 3371 similem,
1103 3321 1400 3375 numquam
1457 3307 1838 3378 hlasphemat,
1906 3327 2014 3366 non

429 3395 578 3459 odit,
629 3409 733 3450 non
775 3396 1011 3460 rixatur,
1068 3412 1174 3451 non
1225 3396 1423 3452 difﬁdit
1483 3400 1680 3465 amico,
1731 3415 1836 3455 non
1867 3402 2020 3471 fingit

443 3487 772 3551 calumnias,
803 3503 909 3543 non
933 3503 1177 3544 accusat.
1205 3488 1397 3544 Anima
1429 3503 1556 3544 vero
1591 3505 1696 3545 non
1723 3492 1898 3546 amica
1922 3507 2020 3548 nec

443 3579 719 3633 solertiam
774 3579 1006 3635 istorum
1042 3579 1224 3636 habet.
1263 3580 1321 3634 Si
1363 3593 1488 3635 vero
1519 3581 1844 3650 quandoque
1880 3584 2018 3638 male

445 3669 760 3728 ratiocinata
783 3671 917 3728 velit
949 3671 1131 3727 dicere
1189 3671 1440 3726 lacessito
1471 3689 1484 3727 :
1517 3671 1638 3726 Noli
1684 3675 2018 3742 meminisse,

443 3765 536 3818 sed
567 3776 783 3832 semper
814 3763 1024 3817 amicus
1048 3769 1202 3825 esto;
1231 3761 1448 3830 jocatur
1492 3763 1548 3816 in
1588 3764 1670 3818 his
1701 3780 1819 3830 qua:
1871 3781 2022 3834 repo-

442 3855 565 3917 scit,
593 3852 836 3924 nihilque
865 3861 1038 3906 tutum
1075 3851 1334 3922 loquitur.
1371 3852 1575 3908 Audiet
1627 3854 1748 3910 talis
1775 3871 1802 3907 ο
1842 3855 1969 3910 lasso
2004 3875 2017 3911 :

442 3944 595 4000 Licet
638 3956 800 4000 notus
846 3945 1066 4014 quidem
1111 3945 1189 3999 sis
1253 3954 1307 3999 et
1351 3943 1655 4009 familiaris,
1704 3962 1809 4000 non
1837 3959 2019 4004 autem

442 4039 672 4092 amicus.
724 4036 862 4088 Nam
913 4035 1095 4089 omnis
1144 4035 1353 4090 amicus
1393 4036 1448 4089 in
1498 4035 1755 4091 dilectum
1811 4055 1842 4093 a
1875 4051 2022 4094 recto

442 4131 608 4184 verbo
662 4127 956 4195 regulaque
1007 4139 1113 4178 non
1169 4124 1426 4180 deﬂectit.
1461 4125 1516 4180 Si
1579 4143 1708 4183 vero
1754 4129 2019 4196 offendat,

439 4220 646 4273 offensa
701 4232 805 4271 non
852 4215 904 4268 in
932 4215 1094 4268 istum
1156 4214 1298 4267 haud
1336 4215 1628 4270 excitatum
1672 4230 1811 4274 ruet.
1868 4221 2021 4276 Insu-

444 4325 538 4377 per
575 4317 754 4360 autem
791 4306 913 4360 tatis
955 4305 1154 4366 audiet,
1207 4306 1349 4373 quod
1373 4304 1527 4374 juxta
1575 4309 1914 4376 conscriptos
1965 4312 2014 4364 in

2126 1839 2570 1909 μετονομάσομεν
2613 1840 2695 1903 είς
2741 1839 2956 1912 ἐχθρὸν,
2990 1839 3043 1892 εἴ
3069 1839 3121 1892 τί
3152 1855 3259 1892 που
3293 1833 3658 1908 βλαϐησόμεθα.

2125 1930 2294 1982 Τοῦτο
2322 1930 2376 1983 δὲ
2407 1930 2542 2001 μηδὲ
2573 1930 2806 1985 λαλοϊτο.
2833 1931 2908 1984 Οὐ
2942 1931 3048 2000 γὰρ
3079 1932 3142 1983 ὲκ
3172 1929 3286 1984 τῶν
3331 1925 3661 1994 ἀποτελεσμά-

2123 2039 2230 2074 των
2272 2017 2385 2076 οἶδε
2416 2023 2485 2076 τὰ
2527 2022 2666 2094 ἔργα
2706 2023 3236 2095 χαρακτηρίζεσθαι,
3284 2023 3358 2086 ὡς
3396 2021 3660 2090 ἐμάθομεν.

2122 2112 2285 2173 Εἰκὸς
2319 2112 2427 2181 γὰρ
2487 2114 2581 2168 καὶ
2615 2113 2820 2182 ἀγαθοῦ
2849 2113 3036 2177 τέλους
3069 2112 3414 2184 φαυλοτάτην
3432 2106 3559 2163 εἶναι
3580 2108 3662 2178 τὴν

2124 2203 2426 2273 καταρχὴν,
2453 2206 2502 2258 el
2538 2205 2632 2262 κᾱὶ
2664 2206 2795 2259 αὐτὸ
2826 2205 3067 2276 εὐτυχῶς
3091 2205 3421 2267 τετέλεσται,
3463 2202 3548 2256 καὶ
3576 2201 3660 2252 πί-

2127 2311 2289 2366 ρατος
2319 2295 2373 2348 δὲ
2405 2296 2656 2366 πράξεως
2686 2296 2786 2350 οὐκ
2823 2297 3034 2368 ἀγαθῆς
3057 2299 3426 2367 χρηστότατον
3465 2289 3589 2346 εἶναι
3614 2292 3662 2344 τδ

2122 2387 2422 2458 κατάρξειν,
2468 2394 2517 2440 εί
2566 2391 2662 2443 καὶ
2698 2391 2726 2442 ὀ
2772 2389 2982 2458 πράξας
3018 2389 3436 2459 δεδυστύχηκεν.
3482 2383 3662 2438 Οὐκοῦν

2121 2479 2222 2532 καὶ
2253 2481 2279 2531 ὀ
2327 2481 2698 2549 χρηστότατος
2747 2480 2899 2551 φίλος
2941 2481 3027 2534 ἀεὶ
3072 2480 3336 2552 χρηστὸς,
3368 2478 3464 2532 κᾶν
3506 2479 3548 2528 εἰ
3586 2475 3664 2526 καὶ

2122 2570 2320 2641 συνέϐη
2349 2571 2426 2640 τῷ
2458 2572 2760 2643 φιλουμένῳ
2791 2573 2964 2644 βλάϐη
2992 2591 3075 2637 τις
3101 2572 3170 2626 δι’
3201 2574 3388 2626 αὐτόν’
3424 2569 3509 2623 καὶ
3533 2567 3557 2618 ὃ
3578 2583 3663 2618 κα·

2121 2661 2300 2715 κύνων
2346 2661 2400 2714 δὲ
2450 2664 2781 2735 κληρονομεῖ
2822 2665 2997 2718 διόλου
3028 2665 3247 2736 φαύλης
3281 2663 3534 2734 κλήσεως,
3576 2657 3663 2718 ἕως

2121 2753 2188 2806 ἂν
2229 2753 2378 2823 μένοι
2415 2755 2602 2820 κακὸς,
2634 2757 2682 2808 εί
2723 2757 2817 2809 καὶ
2843 2756 2922 2819 εἰς
2954 2756 3282 2826 εὐεργεσίαν
3313 2753 3451 2808 οὕτω
3479 2749 3664 2819 συμὸὰν

2119 2843 2550 2915 ἀπετελεύτησεν
2573 2848 2607 2915 ἡ
2630 2846 2689 2910 ἐξ
2713 2846 2878 2900 αὐτοῦ
2913 2848 3179 2910 κάκωσις.
3205 2847 3366 2914 Λέγω
3396 2845 3439 2898 δ’
3465 2839 3667 2894 ἐνταῦθα

2121 2935 2487 3008 θαρρούντως,
2515 2939 2607 2992 καὶ
2635 2937 2709 3001 ὡς
2741 2940 2802 2994 οὺ
2845 2936 2992 3006 λέγει
3025 2938 3175 3007 φίλος
3200 2951 3218 2968 ⁸
3262 2938 3559 2999 Ἐκάκωσι,
3588 2930 3666 2982 καὶ

2124 3027 2200 3098 μὴ
2237 3028 2326 3099 ἔχε
2363 3031 2607 3101 μνήμην.
2649 3030 2810 3083 Ἀλλά
2854 3032 3100 3085 κάκωσιν
3134 3031 3239 3083 οὐκ
3267 3027 3379 3084 οἶδε
3411 3028 3554 3097 φίλου
3583 3021 3668 3090 τὴν

2046 3101 2090 3160 C
2123 3121 2188 3173 ὲκ
2217 3122 2547 3192 προθέσεως,
2579 3120 2684 3176 κᾶν
2707 3123 2788 3175 ὅτι
2821 3122 3054 3192 μάλιστα
3084 3122 3237 3175 δεινὰ
3267 3121 3327 3188 ἐξ
3359 3117 3554 3172 ἐκείνου
3577 3115 3664 3166 πά-

2123 3227 2249 3283 σχῃ.
2279 3213 2549 3266 Οὐδέποτε
2585 3212 2735 3281 φίλος
2761 3212 3052 3281 κακολογεί
3080 3213 3172 3266 τὸν
3197 3213 3411 3282 ὅμοιον,
3443 3206 3667 3260 οὐδέποτε

2122 3302 2453 3376 βλασφημεῖ,
2508 3305 2608 3358 οὐκ
2653 3305 2918 3375 ἐχθαίρει,
2971 3305 3072 3357 οὐκ
3123 3304 3328 3372 ἐρίζει,
3379 3303 3439 3355 οὐ
3487 3295 3664 3360 δοιάζει

2121 3396 2310 3450 ἑαυτὸν
2328 3397 2418 3451 τοῦ
2440 3393 2620 3465 φίλου,
2653 3399 2712 3450 οὐ
2749 3397 3083 3468 συμπλάττει
3111 3396 3399 3461 διαϐολὰς,
3433 3395 3492 3449 οὐ
3520 3406 3668 3456 κατηο

2121 3489 2291 3556 γορεί·
2325 3488 2471 3558 ψυχὴ
2493 3489 2548 3541 δὲ
2573 3489 2760 3558 ἄφιλος
2784 3491 2875 3542 καὶ
2901 3489 3020 3542 οὐδὲ
3045 3488 3360 3558 εὐμήχανος
3390 3486 3495 3538 τῶν
3521 3479 3670 3536 τοιού-

2122 3594 2228 3629 των
2253 3578 2484 3645 γίνεται.
2517 3581 2577 3632 Εἰ
2613 3580 2668 3633 δέ
2698 3597 2827 3634 ποτε
2859 3581 2949 3650 Μὴ
2986 3580 3381 3652 εὐστοχήσασα
3412 3574 3574 3628 ἐθέλει
3595 3568 3671 3622 λι-

2121 3687 2239 3739 γειν
2263 3672 2338 3740 τῷ
2363 3671 2748 3742 πολεμηθέντιο
2782 3676 2856 3744 μὴ
2887 3675 3154 3744 μέμνησο,
3181 3677 3328 3730 ἀλλὰ
3353 3675 3522 3730 διόλου
3544 3667 3672 3737 φίλος

2125 3762 2236 3816 Eco-
2274 3764 2478 3829 παίζει,
2527 3765 2612 3832 ἐφ’
2657 3761 2738 3824 οἷς
2767 3767 2927 3832 ἀξιοῖ,
2975 3768 3220 3834 ἀσφαλὲς
3254 3770 3311 3822 δὲ
3343 3768 3491 3833 λέγει
3520 3760 3672 3816 οὐδέν.

2137 3854 2456 3907 ’Λκούσεται
2485 3858 2592 3925 γὶρ
2623 3859 2650 3909 ὁ
2687 3857 2922 3919 τοιοῦτος
2956 3859 3088 3926 πρός
3123 3876 3186 3926 γε
3216 3859 3314 3914 τοῦ
3352 3853 3672 3928 βλαφθέντος·

2135 3944 2224 4004 Ὣς
2251 3946 2524 4016 γνώριμος
2554 3947 2652 4014 μὲν
2675 3948 2770 4018 ἔσῃ
2803 3951 2894 4001 καὶ
2918 3949 3175 4019 συνήθης,
3214 3953 3372 4020 φίλος
3395 3950 3451 4002 δὲ
3479 3949 3571 4000 οὐκ
3599 3941 3672 3994 ἄν.

2122 4035 2277 4098 Φίλος
2313 4037 2419 4106 γὰρ
2449 4040 2590 4102 ἄπας
2621 4040 3001 4109 ἀναμάρτητος
3034 4041 3178 4111 ὀρθῷ
3211 4043 3361 4112 λόγῳ
3396 4043 3485 4093 καὶ
3512 4035 3674 4090 κανόνι

2125 4127 2260 4196 προς
2289 4127 2379 4180 τὸν
2405 4129 2556 4198 φιλού
2565 4148 2744 4198 μενον.
2781 4133 2838 4183 Ei
2867 4131 2923 4184 δέ
2953 4150 3053 4186 που
3078 4133 3170 4184 καὶ
3200 4132 3524 4204 προσκόψοι,
3555 4123 3674 4180 ἀλλὰ

2123 4219 2183 4269 τὸ
2228 4219 2452 4289 σφάλμα
2495 4221 2595 4274 οὐκ
2623 4225 2702 4284 είς
2751 4223 3040 4292 ἀνέγερτον
3075 4225 3285 4278 ἐκεῖνον
3318 4218 3674 4292 καταῤῥιπτεῖ.

2127 4309 2570 4377 ιῐροσακούσεται
2596 4312 2650 4364 δὲ
2684 4313 2712 4364 ὁ
2743 4311 3006 4379 τοιοῦτος,
3037 4315 3133 4367 καὶ
3161 4316 3247 4368 ὅτι
3275 4315 3420 4367 κατὰ
3451 4313 3566 4370 τοὺς
3594 4321 3677 4357 πῖθ’

439 4402 592 4455 cives
645 4408 699 4452 et
759 4398 872 4466 ipse
929 4396 1283 4464 reputabitur.
1343 4394 1410 4449 Et
1461 4399 1913 4464 quemadmodum
1963 4403 2015 4455 in

2123 4400 2622 4472 λιτογραφομένους
2655 4405 3035 4473 λογισθήσεται
3076 4406 3170 4458 xui
3210 4407 3403 4467 αὐτός·
3435 4404 3526 4456 καὶ
3558 4398 3680 4451 καθὰ

443 4494 716 4550 civitatem
754 4490 951 4558 aliquis
983 4488 1266 4543 ordinatus
1293 4488 1608 4557 aliquandiu
1657 4491 1874 4559 quidem
1907 4508 2013 4547 non

2123 4495 2316 4556 τακτὸς
2352 4512 2434 4557 τις
2463 4499 2517 4556 ἐς
2550 4495 2704 4547 πόλιν
2737 4496 2872 4559 τέως
2912 4499 3014 4565 μὲν
3045 4498 3146 4552 οὐκ
3191 4499 3521 4567 αὐτόχρημα
3552 4486 3680 4541 πολέ-

445 4587 621 4654 reipsa
645 4582 783 4638 civis
812 4590 915 4645 est,
943 4580 1040 4634 sed
1070 4586 1387 4642 extraneas;
1416 4577 1704 4646 inscriptus
1733 4590 1912 4634 autem
1961 4583 2012 4636 in

443 4681 784 4742 societatem,
803 4671 1141 4744 appositione
1159 4671 1302 4727 ﬁlius
1320 4670 1378 4726 ﬁt
1393 4671 1650 4738 civitatis,
1669 4681 1724 4726 et
1741 4675 2015 4729 secundus

443 4782 527 4826 est
553 4772 620 4824 ab
650 4767 916 4838 indigenis
939 4773 1195 4834 tanquam
1218 4765 1414 4834 hospes
1433 4779 1535 4819 non
1568 4780 1727 4835 pares
1743 4780 1806 4820 ac
1825 4767 2010 4822 caeteri

444 4861 775 4932 participans
801 4860 1056 4923 honores,
1079 4855 1181 4911 nisi
1209 4856 1480 4918 deveniat,
1511 4855 1736 4910 forsitan
1779 4857 2014 4912 illustra-

445 4964 553 5016 tus,
581 4949 698 5004 sive
723 4964 816 5017 per
841 4948 1116 5017 dignitatis
1155 4955 1554 5011 ornamentum,
1607 4948 1722 5001 sive
1752 4963 1848 5015 per
1883 4965 2015 5015 aug-

446 5053 684 5096 mentum
713 5057 728 5095 :
755 5039 832 5092 sic
861 5047 914 5092 et
942 5038 1037 5093 tibi
1062 5037 1373 5107 aliquandiu
1399 5037 1616 5106 quidem
1643 5039 1876 5092 amicum
1909 5043 2013 5092 erit

442 5131 855 5191 contubernium
887 5147 904 5185 ι
939 5130 983 5184 si
1018 5145 1146 5184 vero
1179 5129 1476 5184 favorabile
1525 5137 1740 5198 tempus
1764 5130 1829 5183 ad
1857 5146 2012 5196 regu-

443 5231 614 5283 larem
655 5221 950 5278 amicitiam
975 5221 1227 5285 illuxerit,
1262 5230 1387 5274 tunc
1427 5221 1480 5275 in
1525 5237 1710 5275 verum
1753 5223 2011 5288 amicum,

440 5321 532 5390 qui
558 5315 734 5385 diligit
764 5311 1201 5375 unanimitatem,
1231 5311 1592 5366 ordinaberis.
1643 5313 1792 5366 Alias
1829 5321 2012 5366 autem

444 5422 591 5464 recte
642 5414 923 5461 vereretur
973 5401 1096 5472 quis
1162 5402 1216 5456 in
1255 5411 1304 5455 te
1339 5403 1481 5470 quod
1531 5402 1877 5464 inexpertum
1907 5409 2011 5464 est,

445 5499 690 5568 interque
719 5508 946 5552 caateras
987 5495 1226 5550 rationes
1276 5495 1439 5546 etiam
1491 5495 1622 5564 quid
1675 5493 1882 5557 forsan,
1928 5494 2014 5547 his

443 5592 689 5657 cognitis,
717 5597 1002 5646 liesternus
1031 5590 1230 5652 socius,
1250 5587 1526 5656 antiquus,
1549 5601 1760 5653 semper
1781 5584 2013 5647 amicus,

445 5684 713 5748 sincerus,
745 5686 1079 5748 commodus,
1111 5686 1180 5739 ab
1210 5686 1408 5748 amico,
1445 5683 1496 5736 in
1552 5695 1717 5735 unum
1750 5687 1806 5734 et
1834 5678 2008 5749 ipsum

2117 4599 2213 4653 της
2241 4585 2408 4652 ἐστὶν,
2451 4586 2588 4640 ἀλλὰ
2619 4589 2790 4657 δήπου
2821 4589 2993 4651 ξένος·
3025 4590 3338 4657 ἐγγραφεὶς
3374 4587 3430 4639 δὲ
3460 4585 3537 4647 εἰς
3560 4583 3683 4650 φρή-

2116 4691 2274 4744 τρην.
2315 4676 2460 4728 θέσει
2513 4677 2702 4732 τέκνον
2737 4679 2925 4747 γέγονε
2975 4679 3202 4744 πόλεως,
3237 4681 3341 4731 καὶ
3387 4672 3676 4744 δευτερεύει

2117 4765 2224 4817 τῶν
2259 4767 2544 4834 ίθαγενῶν,
2592 4769 2666 4832 ὡς
2708 4769 2933 4839 ἔπηλυς,
2989 4771 3049 4823 οὐ
3104 4769 3543 4839 μεταλαγχάνων
3588 4761 3681 4816 τῶν

2121 4856 2254 4910 ῐσων
2282 4861 2393 4923 τοῖς
2427 4862 2609 4924 ἄλλοις
2652 4863 2975 4931 πρεσϐείων,
3013 4863 3060 4915 εί
3093 4863 3169 4932 μὴ
3206 4863 3322 4934 ἄρα
3369 4857 3678 4916 συντελέσω,

2118 4949 2450 5015 ἀριστεύσας
2479 4953 2660 5021 τυχὸν,
2693 4955 2724 5022 ἢ
2759 4954 3056 5023 πρεσὸείαν
3083 4955 3352 5025 τιμήσας,
3398 4954 3431 5024 ἢ
3463 4949 3680 5007 ἐπιδούς·

2117 5037 2258 5090 οὕτω
2284 5044 2374 5090 καὶ
2400 5045 2482 5092 σοὶ
2512 5044 2643 5106 τέως
2673 5048 2770 5112 μὲν
2796 5046 3075 5114 ἀγαπητὸν
3099 5045 3249 5099 ἔσται
3273 5047 3339 5098 τὸ
3366 5043 3681 5114 ὁμωρόφιον·

2119 5128 2180 5179 Ei
2203 5129 2256 5180 δὲ
2289 5133 2477 5199 χρόνος
2509 5133 2755 5203 εὐμαρὴς
2790 5136 3004 5204 ὲκφήνῃ
3029 5135 3098 5187 τὰ
3134 5137 3232 5204 τῆς
3268 5135 3463 5204 φιλίας
3492 5145 3687 5186 κανονι-

2117 5217 2254 5281 κῶς,
2283 5221 2403 5272 τότε
2447 5221 2511 5291 δὴ
2553 5223 2648 5274 καὶ
2677 5225 2757 5286 είς
2796 5224 3119 5294 αὐτόχρημα
3162 5225 3324 5292 φίλον
3371 5222 3589 5290 τετάξῃ,
3633 5215 3685 5274 ὃς

2115 5309 2425 5381 ὁμοψυχίαν
2459 5313 2624 5381 φιλεῖσ
2661 5313 2837 5377 ἄλλως
2867 5314 2923 5367 δὲ
2973 5315 3152 5374 καλῶς
3197 5315 3267 5368 ἂν
3299 5311 3586 5368 εὐλαὸοῖτό
3613 5323 3687 5368 τις

2117 5402 2177 5454 τὸ
2210 5404 2267 5454 ἐν
2306 5405 2390 5456 σοὶ
2430 5403 2815 5472 ἀδοκίμαστον,
2857 5407 2927 5460 τά
2975 5423 3034 5459 τε
3066 5405 3219 5470 ἄλλα,
3259 5407 3361 5458 καὶ
3414 5407 3497 5458 ὃτι
3547 5399 3688 5453 ταῦτ’

2119 5493 2246 5554 iam;
2280 5494 2468 5564 μαθὼν
2498 5498 2528 5550 ό
2562 5497 2751 5566 πρώην
2778 5499 2991 5567 ἑταῖρος
3020 5501 3048 5550 ό
3076 5498 3312 5566 χρόνιος,
3346 5497 3375 5548 6
3405 5499 3496 5548 ἀεὶ
3524 5494 3684 5561 φίλος,

2117 5586 2144 5635 ὁ
2169 5589 2426 5656 καθαρὸς.
2460 5590 2488 5640 ό
2511 5589 2818 5659 ὲπωφελὴς,
2855 5590 3196 5659 ἁποπηδήσοι
3244 5591 3318 5641 ἂν
3369 5589 3528 5655 φίλου
3574 5585 3691 5636 τάσ-

2121 5691 2305 5738 συντος
2341 5679 2416 5740 εἰς
2445 5677 2502 5729 ἓν
2526 5680 2689 5732 αὐτόν
2719 5696 2775 5732 τε
2805 5680 2900 5732 καὶ
2931 5679 3021 5731 τὸν
3053 5678 3270 5748 νέηλυν·
3311 5678 3414 5729 καὶ
3453 5677 3534 5729 ὅτι
3575 5668 3688 5722 οὐδὲ
