4034 6206
376 379 478 440 497

1337 342 1667 436 CONTRA
1714 375 2217 436 INJURIARUM
2262 378 2702 440 MEMORIAM.

3535 382 3646 444 £98

375 465 560 535 σοφλν,
580 465 639 517 τὸ
660 463 720 528 ἐξ
741 463 917 532 ἄκρας
941 461 1140 534 ἔχθρας
1164 462 1443 517 πιστεύειν
1467 465 1548 526 είς
1572 464 1755 530 φιλίαν
1784 465 1959 530 ἄκραν

2069 472 2123 516 τι
2162 465 2433 519 novellum
2467 468 2771 529 ordinante,
2808 466 3118 533 prosiliret;
3156 475 3206 519 ct
3249 468 3391 534 quod
3428 485 3528 521 non
3559 481 3646 526 est

373 556 619 628 άχρόνως
661 554 1138 608 ἀποκαθίστασθαί
1192 571 1364 617 τινας.
1411 555 1813 625 ’Δποφαίνομαι
1847 557 1957 626 γάρ

373 652 474 703 οὑκ
522 647 837 713 ἐνδοιάζων,
868 647 942 708 ὡς
994 646 1182 700 οὐδενὶ
1212 647 1322 700 τῶν
1350 646 1453 714 τῆς
1501 646 1651 709 θείας
1677 630 1960 718 τραπέζης

374 741 708 811 ἡδυσμάτων
746 737 1048 809 ἐπιχαίνειν
1074 739 1103 790 ὀ
1149 737 1330 808 λίχνος
1364 738 1574 807 δαίμων
1599 737 1767 806 φιλεῖ,
1815 738 1959 791 καθά

372 837 439 904 τῇ
469 835 661 904 ἀγάπῃ
684 833 780 886 καὶ
797 833 864 901 τῇ
894 830 1165 901 συστοίχῳ
1191 829 1394 900 ταύτης
1425 830 1602 900 φιλία·
1631 830 1725 882 καὶ
1745 831 1960 900 χασμά-

371 943 463 978 ται
494 925 584 978 ἀεὶ
618 924 762 976 κατὰ
809 922 904 975 τοῦ
949 921 1196 975 τοιούτου
1242 921 1432 975 καλοῦ.
1474 924 1584 976 Καὶ
1625 921 1753 975 ἔνθα
1802 923 1903 990 μδν
1931 923 1960 973 ὁ

372 1015 504 1075 Θεὸς
542 1015 845 1083 ἑπικουρεί,
883 1013 1272 1082 ἀπωθούμενος
1306 1013 1366 1066 τδ
1398 1013 1609 1084 θηρίον,
1634 1013 1798 1076 λύκος
1828 1013 1961 1066 ἀπο-

373 1105 573 1170 ϐαίνει,
600 1105 779 1174 μάτην
825 1102 1027 1174 χανών.
1059 1103 1268 1166 ’Δλλως
1288 1103 1344 1156 δέ
1370 1119 1432 1171 γε
1460 1104 1630 1170 ἀνύει,
1651 1105 1718 1158 τά
1744 1104 1842 1174 μὲν
1859 1105 1958 1173 ὀψέ

372 1213 529 1261 ποτε,
565 1196 700 1248 ὅπου
732 1194 874 1247 καθά
902 1195 1057 1257 πόλις
1088 1194 1260 1264 ὀχυρά
1286 1196 1319 1264 ἡ
1352 1194 1506 1262 φιλία
1536 1195 1773 1263 πέπηγεο
1809 1193 1877 1247 τά
1898 1194 1957 1248 δὲ

373 1289 469 1340 καὶ
502 1287 723 1359 ῥᾳδίως,
771 1285 900 1338 ἔνθα
949 1288 1089 1339 κατά
1137 1286 1370 1356 ψάμμου
1417 1287 1484 1340 τά
1515 1286 1706 1357 φιλικὰ
1734 1288 1959 1355 τεθεμε-

371 1377 586 1430 λίωται.

449 1510 551 1582 ρξ’.
587 1512 710 1582 Χρὴ
749 1513 927 1565 τοίνυν
963 1513 1311 1582 δοκιμάζειν,
1342 1512 1548 1583 ,ὥσπερ
1591 1514 1760 1568 τᾶλλα
1795 1517 1956 1568 πνεύ-

377 1617 548 1668 ματα,
571 1600 713 1653 οὕτω
736 1601 832 1652 καὶ
863 1602 923 1653 τὺ
953 1604 1047 1669 τῆς
1072 1600 1277 1669 φιλίας,
1309 1601 1404 1653 καὶ
1430 1601 1510 1670 μὴ
1542 1603 1953 1672 προσφέρεσθαι

375 1690 455 1760 τῷ
481 1691 699 1759 τυχόντι
746 1690 944 1756 πείρας
975 1690 1134 1760 άτερ,
1167 1690 1281 1743 ἀλλ’
1313 1691 1610 1756 ἐξετάζειν,
1641 1696 1734 1746 καὶ
1785 1693 1954 1761 συχνά

375 1776 827 1845 περιϐλέπεσθαι,
865 1779 958 1832 καὶ
996 1779 1175 1832 πάντα.
1217 1781 1411 1841 ποιεῖν,
1440 1779 1507 1831 δι’
1536 1774 1608 1832 ὧν
1639 1780 1704 1834 ἂν
1733 1784 1760 1834 ὁ
1801 1783 1952 1849 φίλος
1987 1815 2029 1872 Β

376 1867 815 1936 διακριθήσεται,
843 1871 891 1921 εί
926 1871 1266 1940 στερέμνιος,
1290 1871 1338 1922 εί
1372 1870 1598 1940 ἀληθὴς,
1624 1873 1672 1923 εί
1700 1872 1774 1941 μὴ
1799 1889 1953 1942 χορο-

379 1964 538 2016 σατεῑ
562 1960 855 2031 σκηνικῶς⁶
879 1961 927 2012 εἰ
954 1963 1205 2026 στεγανοῖ
1225 1959 1290 2013 τά
1315 1961 1491 2030 χείλη,
1521 1961 1593 2024 ὡς
1623 1963 1757 2030 μήτε
1792 1980 1956 2014 κακο-

377 2053 564 2121 λογίας
582 2051 793 2104 ἐκεῖθεν
812 2050 1159 2114 ὲκπέτεσθαι,
1184 2050 1320 2118 μήτε
1343 2046 1409 2102 αὖ
1438 2052 1722 2120 μυστήρια
1743 2068 1956 2122 προπη-

375 2147 496 2216 δᾲνο
544 2147 593 2199 εί
637 2145 860 2197 δύναται
897 2145 1083 2212 φέρειν
1112 2142 1360 2210 ἐλαφρῶς
1386 2142 1538 2210 φίλον
1585 2143 1954 2212 βαρυνόμενον

379 2238 500 2293 κατ’
524 2238 712 2290 αὐτοῦ’
743 2239 790 2288 εἱ
817 2225 892 2305 μὴ
924 2236 1057 2305 πρὸς
1082 2234 1269 2304 κέρδος
1297 2235 1465 2303 φιλεῖ,
1489 2234 1646 2287 τοῦτο
1669 2234 1731 2304 δὴ
1762 2236 1821 2286 τὸ
1845 2238 1953 2298 τοῖς

382 2329 624 2381 πλείοσιν
652 2325 1002 2388 ἐπιπολάζον·
1033 2328 1080 2378 εί
1110 2327 1184 2394 μὴ
1212 2325 1434 2394 θερμὸς,
1461 2327 1539 2386 είς
1567 2325 1836 2395 ὲργωδίαν
1867 2327 1956 2378 ὲκ-

378 2420 615 2489 τρέχιιν,
670 2416 746 2481 ὡς
796 2417 1099 2485 πράγματα
1163 2415 1425 2484 παρέχειν
1472 2413 1548 2484 τῷ
1590 2415 1748 2484 φίλῳ·
1780 2417 1827 2468 εί
1879 2416 1954 2486 μὴ

379 2509 600 2579 πρόεισι
631 2507 1006 2578 καχύποπτο;’
1029 2507 1078 2558 εί
1107 2507 1240 2576 πρὸς
1261 2506 1452 2569 ἄλλους
1478 2506 1663 2574 φιλίαν
1693 2507 1955 2576 συνηλλα-

379 2600 510 2670 χὼς,
546 2600 729 2670 ἔμεινε
759 2600 854 2652 καὶ
887 2597 1268 2670 κατώρθωσενο
1301 2599 1348 2650 εἰ
1379 2599 1471 2650 καὶ
1517 2598 1792 2661 κινδύνους
1826 2599 1956 2652 ὕπο-

380 2693 568 2762 μένειν
613 2693 963 2762 ἡτοίμασται
1001 2691 1051 2743 εί
1099 2689 1174 2759 τῷ
1210 2689 1350 2758 φίλῳ
1393 2691 1708 2759 ὲπαρκέςει,
1759 2687 1952 2758 καιροῦ

380 2783 690 2846 καλοῦντος,
721 2784 778 2834 ἐν
813 2777 893 2845 οἷς
923 2780 1031 2851 ἄρα
1053 2782 1146 2834 καὶ
1170 2780 1340 2832 δέοιτο
1371 2782 1419 2832 εί
1447 2781 1814 2851 τυρευομένην
1839 2783 1955 2834 ἐπι-

381 2872 582 2945 δουλὴν
613 2873 993 2942 καταμηνύσει
1022 2871 1227 2941 μαθών
1263 2874 1313 2925 εί
1342 2874 1453 2934 τοῖς
1479 2869 1573 2925 τοῦ
1607 2872 1760 2941 φίλου
1789 2890 1955 2929 κατα.-

381 2966 646 3018 πίπτουσι
671 2967 899 3034 παρέξει
920 2964 1225 3034 ἀντίληψιν
1254 2965 1314 3016 τὸ
1339 2965 1447 3016 πᾶν
1474 2965 1671 3029 εἰπεῖν,
1705 2966 1754 3017 εἰ
1782 2963 1956 3017 τοιοῦ-

380 3074 472 3121 τος
513 3057 667 3110 εσται
699 3057 776 3127 τῷ
826 3056 983 3126 φίλῳ,
1018 3053 1128 3120 οἷος
1157 3056 1223 3108 ἂν
1253 3056 1415 3119 αὐτὸς
1459 3055 1659 3125 ἐαυτῷ,
1699 3057 1866 3126 φάναι
1895 3056 1953 3109 δὲ

2033 554 2035 556 ’
2068 555 2286 626 sapiens
2316 571 2381 610 ex
2432 559 2732 612 inimicitiae
2765 561 3047 612 cacumine
3078 559 3349 614 confidere
3377 559 3640 628 quosdam

2061 649 2128 702 ad
2183 648 2436 703 amicitiai
2488 663 2747 704 cacumen
2807 652 2992 705 subito
3032 652 3344 706 transferri.
3407 651 3646 706 Declaro

2063 754 2304 804 namque
2334 755 2440 794 non
2474 741 2731 794 dubitans
2764 743 2916 809 quod
2948 743 3146 794 nullam
3183 743 3382 796 divinae
3434 757 3638 796 mensa:

2062 831 2431 886 suavitatibus
2493 831 2707 884 inhiare
2755 831 2890 885 solet
2944 831 3159 886 invidus
3193 833 3431 897 daemon,
3497 834 3642 887 sicut

2061 921 2386 976 charitatem
2453 930 2508 977 et
2579 922 2752 991 ipsius
2789 931 3100 976 consortem
3162 925 3482 977 amicitiam.
3539 923 3667 979 Ubi.

2060 1014 2280 1083 quidem
2322 1013 2510 1084 vigilat
2557 1013 2728 1079 Deus,
2764 1013 2934 1067 feram
2970 1029 3190 1078 arcens,
3227 1015 3383 1084 lupus
3411 1015 3643 1069 frustra-

2062 1114 2115 1160 to
2136 1106 2282 1160 hiatu
2323 1104 2548 1160 recedit.
2597 1104 2744 1159 Alias
2783 1113 2964 1159 autem
3021 1106 3316 1174 cogitatum
3391 1108 3639 1176 perficit,

2058 1199 2382 1266 quandoque
2414 1197 2634 1266 quidem
2686 1211 2831 1262 sero,
2880 1211 3002 1250 cum
3032 1197 3193 1250 veluti
3252 1197 3403 1251 firma
3435 1198 3638 1251 civitas

2057 1288 2297 1341 amicitia
2355 1296 2594 1353 constat;
2659 1290 2989 1356 quandoque
3037 1303 3168 1342 vero
3226 1288 3464 1344 facilius.
3515 1303 3636 1342 cum

2059 1396 2221 1448 super
2248 1396 2472 1434 arenam
2504 1380 2760 1433 amicitiae
2792 1380 3146 1434 fundamenta
3186 1384 3457 1435 nituntur.

2129 1513 2250 1566 107.
2287 1510 2512 1579 Oportet
2541 1511 2726 1579 igitur,
2760 1511 2901 1564 sicut
2933 1519 3160 1565 czeteros
3188 1510 3438 1580 spiritus,
3487 1513 3564 1566 sic
3585 1523 3642 1566 et

2059 1600 2311 1655 amicitia:
2361 1601 2610 1668 spiritum
2663 1599 2922 1668 experiri,
2982 1613 3080 1653 nec
3134 1601 3441 1654 oecttrreuti
3521 1603 3641 1654 sine

2060 1692 2372 1761 probatione
2404 1692 2688 1756 inhaerere,
2718 1690 2810 1744 sed
2841 1691 3176 1752 examinare,
3196 1687 3389 1744 crebro
3405 1690 3642 1744 circum-

2061 1785 2268 1850 Spicere
2302 1792 2601 1852 cunctaque
2626 1781 2804 1838 facere
2833 1783 3030 1851 quibus
3058 1784 3268 1838 amicus
3291 1783 3640 1852 dijudieetur.

2060 1890 2127 1928 an
2159 1877 2368 1939 firmus,
2401 1889 2468 1928 an
2503 1889 2683 1939 verus,
2707 1890 2891 1929 annon
2931 1875 3150 1929 scenice
3179 1875 3385 1928 saltans
3413 1891 3427 1940 ;
3461 1890 3528 1928 an
3564 1876 3642 1927 Ia-

2062 1963 2148 2017 bia
2199 1961 2452 2031 stringat,
2493 1970 2552 2016 ut
2571 1961 2776 2016 exinde
2817 1961 3222 2016 maledictioues
3277 1977 3380 2015 non
3419 1975 3637 2028 exeant,

2062 2066 2160 2105 nec
2185 2060 2392 2104 secreta
2418 2050 2705 2120 prosiliant
2740 2067 2754 2117 ;
2791 2067 2858 2104 an
2891 2051 3080 2106 leviter
3116 2050 3259 2104 ferre
3293 2053 3467 2120 possit
3499 2055 3638 2107 ami-

2061 2157 2181 2196 cum
2212 2143 2265 2196 in
2312 2142 2484 2211 ipsum
2532 2151 2834 2211 gravatum,
2889 2157 3067 2196 annon
3110 2143 3178 2195 ob
3232 2143 3436 2197 lucrum
3474 2155 3640 2208 amet,

2061 2235 2201 2302 quod
2237 2232 2418 2286 multis
2445 2247 2606 2300 porro
2633 2231 2887 2300 frequens
2937 2243 3019 2287 est
3057 2248 3280 2298 ;ann0n
3318 2233 3532 2290 ferreus
3571 2241 3640 2292 ad

2062 2324 2558 2380 excurrendum.in
2617 2324 2987 2392 dilﬁcultates,
3041 2334 3098 2380 ut
3149 2327 3362 2394 negotia
3411 2329 3640 2384 suscitet

2063 2417 2274 2483 amico;
2348 2431 2527 2471 annon
2587 2417 2655 2474 ab
2689 2418 2947 2472 anteriori
2990 2419 3364 2486 suspiciosus;
3419 2435 3485 2472 an
3516 2437 3638 2474 cum

2062 2506 2184 2563 aliis
2237 2507 2477 2564 amicitia
2545 2517 2823 2563 contracta
2862 2549 2877 2575 ,
2927 2510 3356 2577 perseveraverit
3405 2519 3461 2566 et
3505 2513 3640 2567 bene

2061 2597 2386 2667 processerit
2421 2614 2436 2664 ;
2471 2613 2538 2651 an
2573 2597 2736 2651 etiam
2773 2599 3010 2666 pericula
3063 2601 3334 2654 sustinere
3377 2611 3631 2670 paratus;

2063 2703 2132 2744 an
2153 2689 2330 2744 amico
2365 2689 2810 2758 suppeditaturus
2847 2689 2938 2750 sit,
2968 2699 3225 2758 poscente
3275 2692 3638 2745 circumstan-

2065 2781 2159 2845 tia,
2194 2781 2282 2834 illa
2341 2782 2536 2849 quibus
2586 2788 2772 2849 egeret
2820 2796 2837 2846 ;
2910 2797 2976 2832 au
3039 2783 3254 2848 cognita
3319 2783 3634 2837 insidiarum

2062 2867 2465 2922 machinatione
2499 2869 2834 2924 revelaturus
2868 2886 2881 2934 ;
2933 2884 2998 2923 an
3035 2873 3196 2926 rebus
3248 2872 3406 2927 amici
3455 2877 3640 2928 conci-

2062 2957 2315 3012 dentibus
2342 2957 2598 3012 auxilium
2657 2969 3010 3028 prastaturus
3059 2980 3080 3028 ;
3139 2977 3228 3028 an,
3286 2979 3398 3017 uno
3451 2965 3638 3030 verbo,

2068 3048 2192 3105 talis
2222 3050 2396 3106 amico
2425 3049 2640 3108 futurus
2672 3054 2742 3106 sit
2771 3053 2954 3123 qualis
2991 3055 3103 3123 ipse
3156 3055 3481 3126 sibimetipsi
3514 3056 3640 3127 jux-

382 3151 525 3203 κατὰ
550 3150 642 3202 τὸν
669 3149 892 3202 είπόντα
918 3149 1101 3217 σοφὸν,
1135 3166 1154 3199 ι
1182 3146 1339 3212 ἄλλος
1367 3148 1550 3213 αὑτός.
1582 3168 1600 3202 ι
1637 3149 1822 3212 Uine);
1847 3148 1957 3218 ἐγὼ

2067 3151 2226 3211 taque
2248 3142 2506 3210 sapientis
2544 3143 2769 3208 dictum,
2803 3145 2941 3200 alius
2997 3148 3130 3214 ipse.
3161 3147 3252 3202 Sic
3281 3163 3380 3218 ego
3410 3151 3641 3219 probare

379 3239 703 3308 δοκιμάζειν
735 3239 998 3309 αἱροῦμαι
1029 3243 1152 3301 τοὺς
1175 3235 1244 3308 ἦν
1269 3240 1358 3293 ὅτε
1395 3239 1722 3310 βλάψαντας,
1747 3243 1839 3294 καὶ
1873 3243 1956 3294 δο-

384 3333 650 3401 κιμάσας,
684 3329 926 3400 ἐξευρὼν
973 3333 1053 3392 είς
1087 3331 1143 3383 ἓν
1193 3333 1372 3393 αὐτοῖς
1427 3332 1568 3400 ἥκω,
1603 3333 1695 3383 καὶ
1731 3349 1959 3384 συνανα-

383 3427 654 3495 κίρναμαι
675 3426 741 3476 τά
769 3425 998 3494 ψυχικὰ,
1031 3426 1122 3477 καί
1152 3428 1268 3490 είμι
1303 3424 1412 3491 ἐγὼ
1460 3429 1518 3478 ἐν
1560 3426 1763 3490 αὐτοῖς,
1814 3425 1956 3479 καθά
1987 3440 1989 3443 ’

386 3516 839 3585 παραγγέλλομαι
867 3531 882 3546 °
915 3514 1025 3567 εἶεν
1055 3515 1108 3566 δὲ
1138 3516 1233 3568 καὶ
1257 3501 1419 3567 αὐτοὶ.
1461 3518 1518 3568 ὲν
1547 3517 1689 3585 ἐμοί.
1749 3514 1954 3576 ’Ἄλλως

384 3608 441 3660 δὲ
463 3607 825 3678 εὐλαϐοῦμαι,
858 3606 1282 3676 ὑποστέλλομαι,
1317 3609 1416 3676 ἤδη
1462 3607 1516 3659 δέ
1559 3625 1660 3660 που
1691 3607 1781 3660 καὶ
1837 3607 1957 3660 δια-

388 3700 704 3768 στέλλομαι,
735 3701 831 3752 καὶ
861 3698 1099 3767 ὲγγίζων
1139 3696 1299 3760 αὖθις
1327 3699 1587 3773 ἀνὰπόδα
1616 3703 1818 3769 χωρεῖν
1841 3699 1958 3751 eos-

386 3793 460 3845 λω
485 3808 500 3822 ⁸
520 3793 668 3846 καθά
694 3809 796 3845 που
815 3794 909 3844 καὶ
945 3791 1223 3861 στρουθίον
1246 3791 1446 3856 δειλὸν,
1471 3793 1560 3844 ὅτε
1591 3793 1791 3844 κόκκον
1810 3793 1955 3845 σίτου

389 3885 515 3953 ίδῆν,
563 3887 659 3938 καὶ
713 3887 802 3940 ἐπ’
846 3886 1052 3937 ἐκεῖνον
1076 3885 1550 3953 δραμὺνμικρδν,
1597 3885 1692 3937 καὶ
1728 3885 1958 3938 κατόπιν

386 3979 570 4048 χωρεῖ,
605 3977 683 4048 μὴ
722 3978 819 4029 καὶ
847 3979 927 4039 είς
959 3976 1166 4044 παγίδα
1207 3977 1385 4029 πέσοι.

453 4110 561 4182 ρη⁹.
613 4108 855 4162 Ἐπαθον
912 4107 1021 4175 ἐγὼ
1064 4107 1236 4162 πολλὰ
1299 4108 1555 4163 τοιαῦταο
1613 4108 1956 4180 ὲδελεάσθην,

387 4203 704 4273 ὴπατήθην,
739 4201 1193 4271 παρεκρούσθην,
1227 4203 1648 4272 ἀπεπλανήθην,
1674 4202 1849 4257 δοκῶν
1871 4220 1960 4270 φι-

2062 3231 2280 3287 intendo
2313 3233 2434 3288 illos
2467 3235 2557 3302 qui
2584 3236 2870 3304 aliquando
2902 3249 3224 3306 nocuerunt,
3249 3250 3302 3294 et
3325 3240 3641 3309 probatione

2061 3323 2225 3389 facta,
2255 3326 2299 3378 si
2333 3326 2467 3381 tales
2495 3328 2698 3383 inventi
2732 3328 2951 3392 fuerint.
2986 3332 3036 3384 in
3073 3347 3232 3386 unum
3275 3333 3410 3403 ipsis
3447 3351 3642 3390 conve-

2061 3415 2172 3480 nio,
2197 3416 2605 3486 spiritualiaque
2641 3423 3007 3490 connuunico,
3061 3434 3115 3478 et
3137 3439 3237 3495 ego
3261 3441 3377 3480 sum
3412 3427 3462 3481 iu
3487 3428 3639 3497 ipsis,

2065 3508 2206 3562 sicut
2253 3509 2449 3578 jubeor
2481 3527 2496 3572 ;
2555 3511 2758 3565 utinam
2815 3527 2996 3568 autem
3031 3526 3086 3570 et
3119 3517 3220 3587 ipsi
3252 3518 3425 3574 forent
3449 3519 3498 3572 iu
3529 3536 3635 3574 mc.

2059 3596 2230 3652 Aliter
2256 3610 2432 3654 autem
2479 3615 2690 3669 vereor,
2725 3607 2940 3668 recedo,
2967 3607 3076 3676 jam
3106 3625 3232 3661 vero
3285 3609 3422 3665 forte
3455 3611 3638 3680 sejun-

2059 3704 2177 3758 gor,
2201 3701 2253 3744 et
2272 3691 2445 3746 denuo
2471 3695 2842 3763 propinquans
2874 3699 3170 3752 retroferre
3199 3702 3362 3770 pedes
3393 3691 3540 3769 volo,
3562 3707 3643 3760 si-

2061 3789 2152 3832 cut
2193 3781 2411 3836 timidus
2437 3797 2646 3851 passer,
2694 3788 2784 3854 qui
2833 3803 3062 3857 granum
3117 3789 3371 3847 frumenti
3420 3797 3631 3859 videns,

2062 3872 2337 3937 paululum
2365 3877 2431 3928 ad
2473 3873 2605 3929 illud
2649 3878 2841 3944 currit,
2892 3891 2944 3934 et
2975 3894 3272 3936 retrorsum
3316 3886 3540 3951 secedit,
3571 3903 3639 3941 ne

2058 3963 2200 4020 forte
2228 3965 2280 4020 iu
2309 3965 2560 4036 laqueum
2591 3967 2767 4023 cadat.

2138 4102 2255 4159 l08.
2295 4103 2408 4174 Ego
2455 4106 2621 4162 multa
2669 4108 2862 4162 similia
2907 4123 3099 4178 passus
3146 4127 3266 4166 sum
3314 4132 3329 4170 :
3380 4117 3637 4176 seductus

2062 4206 2205 4258 sum,
2235 4193 2514 4262 deceptus,
2547 4196 2724 4260 lusus,
2759 4197 2812 4250 in
2837 4211 3078 4254 errorem
3111 4199 3413 4268 conjectus,
3447 4208 3640 4262 amici-

385 4293 504 4349 λίαν
524 4296 810 4366 κερδῆσαι.
844 4294 912 4347 Οἵ
935 4311 1026 4363 μοι
1069 4294 1168 4361 τῆς
1207 4293 1431 4364 ἔχθρας,
1479 4295 1546 4364 ἢν
1587 4288 1765 4366 εὖρον.
1821 4297 1959 4370 Φαν-

2065 4283 2193 4338 tiam
2238 4298 2323 4338 me
2354 4294 2545 4352 putans
2579 4285 2748 4342 fuisse
2805 4287 3093 4353 lucratum.
3139 4290 3328 4349 Eheul
3379 4308 3635 4366 quantam

386 4387 712 4456 τασάμενος,
740 4385 911 4453 ῥόδοις
949 4383 1172 4454 ἀγάπης
1221 4388 1557 4456 περιτυχεῖν,
1594 4386 1696 4454 φεῦ
1739 4385 1955 4451 ὁποίαις

2062 4375 2406 4431 inimicitiam
2437 4377 2622 4433 inveni
2657 4379 2670 4433 ί
2703 4379 3046 4449 lmagiuabar
3093 4383 3146 4436 in
3188 4386 3442 4444 amicitiae
3477 4372 3636 4448 rosas

386 4478 648 4539 ἀκάνθαις
677 4477 1044 4548 περιεπάρην,
1077 4475 1137 4528 ού
1163 4475 1458 4545 τριὸόλοις,
1511 4479 1570 4530 οὐ
1617 4477 1951 4548 παλιούροις,

2062 4466 2322 4524 incidisse
2340 4486 2355 4536 ;
2375 4469 2648 4539 qualibus,
2670 4471 2844 4526 eheu!
2872 4471 3146 4541 perfossus
3176 4491 3294 4530 sum
3317 4480 3506 4547 spinis,
3529 4499 3634 4538 non

387 4570 449 4623 ού
482 4569 694 4638 βάτοις,
719 4568 858 4622 ἀλλὰ
897 4567 1272 4633 κυνοσϐάτοις,
1307 4569 1366 4621 αἱ
1406 4569 1650 4640 κέντροις
1679 4570 1959 4634 ὀξυτάτοις

2063 4563 2297 4629 tribulis,
2357 4580 2462 4619 non
2520 4565 2767 4634 paliuris,
2821 4583 2927 4624 non
2983 4569 3144 4635 batis,
3179 4573 3273 4627 sed
3329 4576 3635 4644 cynoblatis

386 4659 697 4730 φρίσσουσι.
731 4659 1030 4721 Πλεονάκις
1055 4658 1292 4722 ὕπουλος
1321 4659 1473 4728 φιλία
1499 4660 1956 4730 κατεκαυχήσατό

2062 4654 2151 4722 qui
2183 4655 2409 4724 spiculis
2440 4659 2768 4716 acutissimis
2799 4660 3024 4716 horrent
3055 4664 3068 4717 ι
3106 4663 3259 4734 Saepe
3287 4666 3630 4722 dissimulata

385 4769 508 4820 μου,
536 4754 632 4806 καὶ
655 4750 827 4813 οὕτως
850 4749 1182 4820 ἐπαιδεύθην
1202 4750 1262 4804 τὸ
1285 4750 1531 4821 ἀκριϐές.
1563 4751 1800 4804 Ἧλπισα
1855 4769 1957 4821 μυ-

2062 4750 2297 4804 amicitia
2326 4751 2619 4808 insolenter
2651 4754 2705 4808 in
2734 4768 2821 4808 me
2867 4770 2926 4811 se
2976 4756 3120 4823 tulit,
3175 4769 3229 4812 et
3259 4759 3330 4813 ita
3359 4762 3634 4830 exquisite

383 4847 561 4910 ριάκις
589 4847 659 4898 τά
686 4846 768 4907 είς
805 4843 992 4912 φιλίαν
1026 4857 1041 4872 °
1072 4844 1167 4898 καὶ
1194 4844 1226 4914 ή
1255 4843 1434 4910 ἐλπὶς,
1457 4843 1484 4897 ὃ
1502 4844 1566 4914 δὴ
1594 4843 1690 4899 καὶ
1737 4843 1958 4912 λέγεται

2062 4844 2305 4899 eruditus
2331 4860 2474 4901 sum.
2499 4847 2716 4902 Centies
2743 4849 2999 4903 amicitia:
3021 4835 3161 4904 bona
3190 4852 3407 4921 speravi
3434 4863 3486 4907 et
3507 4871 3634 4923 spes

383 4940 491 4999 τοις
526 4937 732 5005 σοφοῖς,
777 4935 1005 5006 ἐλλιπὴς
1037 4935 1216 5006 ἀπέϐη
1258 4951 1387 5006 μοι·
1455 4935 1750 4989 κάντεῦθεν
1790 4937 1959 4990 δέδοι-

2062 4936 2202 5003 quod
2239 4937 2577 5006 sapientibus
2635 4940 2799 4994 etiam
2857 4942 3074 5010 dicitur,
3125 4943 3441 5012 imperfecta
3499 4949 3630 5002 mihi

380 5043 452 5080 κα
511 5030 569 5079 τὸ
602 5027 711 5080 τῶν
728 5026 960 5080 ἐλπίδων
1003 5026 1457 5096 άτελεσφόρητον,
1501 5027 1575 5088 ὡς
1602 5029 1695 5080 ἐὰν
1743 5027 1840 5080 καί
1871 5044 1956 5091 τις

2062 5026 2229 5096 abiit;
2278 5045 2440 5099 quam
2500 5032 2571 5086 ob
2623 5047 2846 5088 causam
2882 5034 3041 5088 etiam
3078 5049 3301 5105 operum
3332 5037 3634 5094 immaturi-

383 5117 661 5172 εὐλαὸοἰτο
699 5117 881 5180 σκιάς.
911 5118 1024 5170 Καὶ
1059 5119 1086 5170 ὁ
1129 5117 1227 5188 μὲν
1274 5117 1374 5180 τὰς
1425 5118 1648 5180 ἐλπίδας
1695 5119 1933 5188 φάμενος

2062 5124 2223 5172 tatem
2257 5121 2442 5176 timeo:
2464 5121 2628 5177 veluti
2663 5123 2707 5176 si
2737 5124 2858 5193 quis
2889 5125 3104 5180 timeret
3169 5129 3410 5184 umbras.
3447 5128 3513 5182 Et
3544 5132 3630 5184 ille

384 5210 768 5278 ἐγρηγορότων
814 5209 1065 5271 ἐνύπνια,
1109 5209 1212 5261 οὐκ
1255 5207 1368 5261 ἔσθ’
1419 5209 1567 5272 ὅπως
1607 5206 1833 5280 εὑρῆσει
1863 5209 1955 5263 τὸν

2062 5208 2274 5276 quidem
2321 5211 2412 5279 qui
2465 5211 2602 5266 dixit.
2668 5227 2793 5282 spes
2845 5214 3182 5284 vigilantium
3235 5220 3465 5285 somnia,
3493 5234 3633 5274 sane

382 5299 414 5368 ἢ
454 5299 824 5364 άντιλέξοντα,
866 5298 900 5369 ἢ
935 5297 1156 5353 κάλλιον
1207 5298 1505 5370 φράσοντα.
1549 5300 1694 5369 Ἐγὼ
1749 5301 1806 5354 δὲ
1837 5299 1952 5353 ἀλλ’

2062 5317 2341 5373 nunquam
2373 5305 2641 5360 inveniret
2668 5308 2753 5363 vel
2788 5311 3270 5379 contradicentem,
3306 5315 3388 5368 vel
3435 5315 3627 5373 melius

382 5392 590 5444 ἐκεῖθεν
647 5393 1078 5462 ἐρανισάμενος,
1144 5392 1240 5444 καὶ
1302 5391 1400 5443 τοῦ
1462 5393 1951 5462 γνωματεύσαντος

2062 5392 2387 5463 loquentem.
2425 5396 2534 5466 Ego
2568 5413 2698 5454 vero
2753 5401 2950 5455 exinde
3006 5411 3185 5458 tamen
3250 5415 3528 5460 mutuatus
3573 5415 3629 5463 et

379 5481 743 5548 ἁπονάμενος,
779 5482 923 5548 λέγω
961 5483 1056 5534 καὶ
1100 5480 1285 5546 αὐτὸς,
1319 5481 1423 5543 ὅτι,
1471 5480 1617 5535 καθά
1661 5481 1950 5553 βλεφάρων

2062 5486 2365 5540 tententiali
2411 5486 2630 5556 fruitus,
2677 5502 2732 5546 et
2760 5492 2875 5560 ipse
2900 5493 3044 5555 dico.
3075 5494 3238 5564 quod,
3267 5497 3626 5563 quemadmo-

377 5569 630 5636 ὲξ-ὖπνου
671 5571 972 5635 άνάπτυξις
999 5570 1222 5641 ὀνείρων
1265 5571 1413 5622 ἐστὶν
1455 5571 1773 5642 ὲκπέτασις,
1807 5573 1949 5628 οὕτω

2062 5577 2180 5632 dum
2214 5591 2246 5634 e
2271 5595 2462 5636 somno
2485 5581 2864 5653 palpebrarum
2893 5595 3148 5654 apertura
3179 5587 3516 5644 somniorum
3540 5599 3627 5649 est

375 5660 551 5731 ψυχῆς
570 5662 840 5732 ἁνάνηψις
860 5665 1033 5714 κενῶν
1065 5661 1292 5714 ἐλπίδων
1323 5661 1618 5726 άπέλευσις
1666 5667 1760 5718 καὶ
1801 5665 1947 5718 άπά-

2062 5669 2301 5728 evolandi
2353 5675 2517 5742 ratio,
2549 5678 2630 5733 sic
2677 5679 2956 5734 ebrietatis
2986 5679 3182 5735 anima:
3229 5683 3484 5745 cessatio,
3527 5699 3623 5738 va-
3680 5695 3682 5697 ’

371 5754 567 5824 λειψις.
599 5757 692 5808 Διὸ
750 5755 1014 5819 πολλάκις
1063 5754 1162 5824 μὲν
1227 5754 1648 5826 ὀνειροπολήσας
1701 5757 1942 5832 ἀγάπην,

2062 5776 2239 5820 narum
2270 5778 2487 5834 sperum
2539 5766 2816 5836 profectus
2846 5777 2928 5823 est
2985 5778 3036 5824 et
3061 5770 3302 5828 abolitio.
3327 5770 3455 5826 Ideo
3480 5787 3623 5835 same
