3926 6200
460 333 570 397 499
1177 311 2387 388 EUSTATl‘llI’l'liESSALONlCENSIS
2426 315 2987 382 memoremus
3564 336 3646 399 δυο

461 443 681 509 quidem
733 436 999 494 cbaritate
1045 435 1311 488 somniata
1341 435 1419 486 vel
1467 441 1713 503 sperata,
1777 431 2007 499 totiesqu

2099 427 2246 489 λεῖπ’
2273 423 2365 481 οὖν
2405 428 2656 491 ἐλπίσας,
2695 429 3022 492 τοσαυτάκις
3069 429 3123 483 δὲ
3172 431 3446 503 ἀνανήψας,
3483 445 3562 493 καὶ
3601 444 3649 496 τδ

461 543 653 585 sanata
685 530 970 591 ebrietate,
1003 541 1125 579 cum
1161 531 1438 594 speratum
1473 539 1577 576 non
1633 516 1936 578 invenirem
1983 534 2011 572 tt

2150 517 2406 572 ιλπισοὲν
2426 520 2501 589 μὴ
2527 521 2704 590 εὑρὼν
2718 521 2793 583 ὼς
2817 520 3170 592 ἀπεληλυοδς,
3201 525 3452 595 ἀπήλειψα
3470 531 3550 599 τῆς
3569 550 3649 587 κα.

463 621 730 689 elapsum,
749 617 874 671 illud
899 633 961 671 ex
992 617 1183 670 animae
1211 616 1390 670 tabula
1417 614 1722 680 delevi,nec
1741 613 1850 683 jam
1869 625 2013 678 spera

2149 611 2218 665 τὰ
2233 611 2411 682 ψυχὴν
2429 611 2610 665 δέλτου
2625 611 2776 675 αὐτὸ,
2808 613 2904 666 καὶ
2921 612 3101 665 οὐκέτι
3122 613 3320 683 ἤλπισα
3348 633 3360 646 ’
3384 619 3466 670 καὶ
3483 621 3650 674 ἐκεῖθεν

467 711 541 762 vi.
579 710 648 763 Et
708 709 907 762 exhinc
959 719 1131 774 usque
1182 720 1328 761 nunc
1358 719 1482 775 spes
1534 704 1701 759 timeo
1743 705 2017 773 proboque

2150 703 2253 766 ῑως
2283 707 2375 758 καὶ
2402 707 2481 768 είς
2500 703 2663 773 δεῦρο
2685 703 2865 758 διιλιῶ
2895 703 2997 768 τὰς
3031 705 3266 769 ἐλπίδας.
3295 710 3381 761 καὶ
3402 709 3651 780 δοκιμάζω,

466 806 636 856 donec
665 801 903 866 illarum,
937 812 994 854 ιιι
1022 801 1207 854 dicere
1238 797 1320 852 l'as
1367 806 1475 862 est,
1509 796 1700 852 umbra
1735 796 1788 850 in
1841 794 2012 864 aliqui

2149 796 2257 858 lto;
2286 797 2353 850 ἂν
2381 798 2412 866 ἡ
2442 797 2566 850 κατ’
2595 797 2787 861 αὐτὰς,
2817 797 3113 868 προσφυῶς
3140 800 3325 864 είπεϊν,
3359 803 3472 855 σκιὰ
3511 805 3578 866 είς
3613 822 3655 857 τι

464 891 698 944 solidum
759 893 982 947 desierit
1023 910 1036 944 :
1079 889 1234 958 ctijus
1276 888 1680 960 praemonstrati
1719 888 1906 945 statim
1953 902 2014 943 ex

2153 888 2474 958 στερέμνιον
2491 889 2991 960 ἀποτελεσθήσεται
3017 905 3030 920 ·
3056 883 3116 942 οὗ
3141 892 3478 960 προφανέντος
3500 894 3655 947 ἀνέκυ-

467 983 633 1035 stitit.
2151 980 2253 1051 ψιν
2283 980 2484 1035 αὐτίκα
2505 979 2685 1033 τελεία
2742 981 2914 1048 φιλία,
2955 981 3050 1036 καὶ
3088 982 3458 1052 περιλάμψασα
3512 987 3657 1038 πᾶσαν

2154 1073 2410 1141 ἀπήγαγε
2438 1071 2671 1143 νεφέλην
2701 1071 2956 1141 ὐπαψίας,
3011 1074 3106 1128 καὶ
3134 1077 3162 1128 ὸ
3199 1074 3363 1144 φίλιος
3399 1077 3659 1147 παρρησιὰ-

2189 1179 2331 1216 ιται.

546 1263 682 1313 Ante
746 1257 1286 1312 transformationem
1345 1255 1503 1310 istius
1553 1257 1790 1326 generis,
1832 1269 2055 1312 necesse

2189 1179 2331 1216 ιται.

2153 1162 2186 1228 ζ
2228 1256 2345 1326 Πρὸ
2377 1256 2438 1309 δέ
2470 1272 2534 1323 γε
2565 1253 2660 1309 τοῦ
2691 1252 2936 1308 τοιούτου
2991 1254 3398 1323 μεταστήματος
3448 1253 3660 1322 ἒμμένειν

469 1363 554 1408 est
585 1365 642 1404 ttl
673 1353 834 1405 Ιιοιιιο
884 1351 1046 1405 statui
1081 1349 1302 1420 politico
1334 1357 1480 1404 totus
1509 1349 1789 1404 inhaereat.
1827 1347 1925 1404 llic
1953 1366 2019 1404 au

2155 1347 2262 1419 χρὴ
2284 1349 2465 1401 πάντα
2485 1347 2777 1417 ἄνθρωπον
2795 1347 2861 1416 τῇ
2895 1345 3149 1414 πολιτικῇ
3183 1342 3512 1397 καταστάσει.
3536 1344 3661 1394 Ἐστι

467 1453 603 1510 tem,
658 1441 844 1511 paucis
904 1441 1161 1497 deiinitus
1191 1440 1396 1507 verbis,
1424 1439 1478 1494 in
1504 1454 1572 1494 eo
1604 1439 1858 1496 consistit
1881 1448 2017 1495 statu

2154 1440 2210 1494 δὲ
2242 1438 2405 1509 αὕτη,
2431 1437 2508 1502 ὡς
2538 1439 2596 1492 ἑν
2628 1437 2824 1508 βραχεῖ
2875 1435 3340 1506 περιγράψασθαι,
3383 1435 3442 1487 τὸ
3491 1435 3659 1494 πάντας

467 1543 522 1585 ιιι
577 1547 769 1585 omnes
827 1530 1098 1586 cbaritate
1158 1544 1218 1584 se
1245 1529 1680 1600 complectantur
1743 1531 2017 1586 invicemc

2155 1529 2519 1600 ἁγαπητικῶς
2547 1529 2695 1600 ἔχειν
2718 1528 2976 1599 ἀλλήλοις
3007 1545 3066 1580 τε
3096 1529 3188 1581 καὶ
3217 1530 3326 1590 τοίς
3373 1526 3570 1590 ἔξωθεν,
3613 1525 3659 1576 τὸ

465 1627 732 1688 exteros;
773 1633 831 1677 ut
900 1623 1040 1676 inter
1104 1635 1164 1675 se
1228 1623 1632 1677 communicent
1685 1622 1740 1677 in
1795 1633 2015 1694 quantm

2155 1640 2224 1678 κο
2248 1623 2458 1686 νωνεῖν,
2485 1621 2571 1691 ἐφ’
2593 1615 2673 1683 οἷς
2698 1621 2920 1675 ἔκαστοι
2966 1619 3249 1691 χρῄζουσι,
3277 1619 3334 1672 τὸ
3384 1615 3664 1683 συνεπιλαμ-

465 1718 696 1786 quisque
729 1715 1019 1777 desideret,
1052 1727 1112 1768 se
1143 1723 1329 1768 mutuo
1369 1711 1661 1769 defendant
1688 1724 1744 1768 et
1775 1716 2015 1785 adjuvent

2110 1779 2122 1786 _
2159 1713 2435 1775 σάνεσθαι,
2489 1713 2549 1766 τὸ
2584 1713 2874 1780 ἐπαρκεῖν,
2908 1712 2968 1764 τὸ
2997 1711 3074 1782 μὴ
3117 1709 3461 1782 ἑριθεύεσθαι,
3510 1707 3563 1760 τὸ
3606 1703 3660 1774 μὴ

470 1807 628 1862 nulla:
690 1807 873 1860 adsint
926 1807 1077 1872 rixae,
1136 1820 1235 1859 nec
1276 1805 1470 1876 linguae
1511 1805 1918 1874 maledicentes,
1953 1821 2018 1860 ne

2111 1779 2461 1871 ιὲιτιιρίεειν
2495 1777 2928 1869 συκοφαντικῶς,
2957 1777 3160 1856 ταύτὸν
3212 1801 3256 1854 δ’
3297 1800 3478 1863 εἰπεῖν,
3519 1797 3661 1851 διαδο·

470 1899 576 1954 ulla
625 1896 966 1952 denuntiatio
1021 1895 1250 1965 perﬁda,
1299 1910 1392 1950 seu
1421 1895 1605 1952 verius
1631 1896 1920 1953 diabolica.
1955 1897 2020 1952 As

2152 1893 2339 1956 λικῶς.
2384 1893 2614 1945 Ἐλαοον
2651 1893 2707 1946 δὲ
2740 1894 2977 1964 ἐμαυτὸν
3033 1891 3349 1958 ἔξαπλιῖισπς
3383 1890 3436 1943 τὸ
3470 1889 3521 1941 ἓν
3546 1904 3559 1920 ⁸
3603 1889 3659 1947 εἷς

470 1989 628 2044 fallor
678 1989 793 2058 ipse
854 1989 946 2058 qui
978 2003 1091 2042 rem
1157 1988 1373 2043 unicam
1407 1988 1572 2042 latius
1598 1988 2020 2059 extendi:pra:di

2153 1989 2258 2058 γᾶρ
2317 1986 2377 2039 τὸ
2431 1986 2797 2058 ἀγαπητικῶς
2843 1987 2988 2058 ἔχειν
3033 1987 3204 2041 τᾶλλα
3270 1986 3437 2038 πάντα
3483 1981 3548 2043 ὡς
3575 1974 3657 2031 οἷοι

469 2089 555 2132 cla
611 2079 754 2132 enim
810 2078 951 2134 bona
1006 2089 1060 2134 et
1089 2089 1281 2134 cetera
1315 2078 1684 2149 pratermissa
1717 2079 1769 2133 in
1801 2088 2019 2133 mutuur

2154 2077 2515 2150 σφαιροῦνται
2545 2078 2752 2148 ἀγαθὰ,
2781 2078 2851 2132 τά
2879 2095 2938 2132 τε
2975 2077 3267 2148 εἰρημένα,
3297 2074 3388 2128 καὶ
3417 2064 3484 2126 ὧν
3509 2069 3665 2139 γέγονε

468 2170 756 2225 conﬂuunt
805 2185 1048 2225 amorem
1086 2209 1102 2236 ,
1139 2184 1246 2239 quo
1278 2170 1402 2226 mali
1432 2169 1567 2224 illati
1598 2168 1799 2224 oblivio
1823 2170 2018 2225 accedit

2152 2171 2333 2241 λόγος,
2364 2165 2447 2235 οἷς
2487 2171 2584 2225 καὶ⁸
2631 2171 2693 2226 τὸ
2753 2173 3156 2242 ἀμνησικακεῖν
3206 2169 3554 2222 συντέτακται.
3615 2157 3664 2212 ει

469 2263 601 2328 Quae
621 2262 666 2317 si
714 2278 864 2317 mens
920 2277 1039 2317 mea
1075 2276 1182 2316 non
1223 2274 1387 2329 esset,
1416 2265 1435 2332 (
1465 2271 1550 2317 est
1579 2271 1781 2329 autem,
1828 2263 2017 2332 juvant

2153 2262 2218 2334 δὴ
2265 2261 2442 2317 ταῦτα
2498 2262 2680 2334 φρονῶ
2730 2262 2932 2332 (φρονῶ
2987 2262 3046 2315 δὲ
3074 2260 3240 2325 οὕτω,
3274 2257 3402 2312 Θεοῦ
3433 2248 3665 2317 διδόντος),

467 2351 642 2424 Deo,)
699 2355 942 2407 excidam
976 2354 1043 2408 de
1103 2352 1292 2408 umbra
1341 2351 1648 2407 divinarum
1705 2352 1910 2409 alarum
1948 2353 2017 2407 ,ε

2153 2355 2378 2424 πέσοιμι
2417 2355 2522 2421 ἔξω
2559 2355 2660 2426 τῆς
2689 2353 2799 2408 τῶν
2826 2353 3120 2424 πτερύγων
3163 2353 3256 2407 τοῦ
3297 2350 3423 2405 Θεοῦ
3475 2345 3664 2410 “tunc.

465 2444 722 2499 vindictae
790 2443 1022 2514 gladium
1083 2443 1594 2512 exacui,prolccto
1659 2459 1765 2499 non
1829 2459 2015 2501 ascenc

2152 2451 2310 2520 εῐπερ
2343 2448 2494 2517 ξίφος
2518 2448 2734 2519 ἀμύνης
2763 2447 3010 2519 ἡκόνησά
3070 2463 3226 2512 ποτε,
3269 2445 3341 2516 μὴ
3385 2444 3460 2497 ὅτι
3497 2457 3551 2507 γε
3605 2435 3669 2496 εις

465 2536 666 2602 gradus
701 2533 868 2588 divini
894 2534 1219 2599 sacerdotii,
1247 2548 1436 2590 verum
1471 2545 1680 2589 montes
1714 2535 1970 2605 abruptos
1995 2551 2015 2590 ε

2149 2539 2558 2611 ἀρχιερωσύνην
2576 2537 2858 2601 ἐπαναϐὰς
2884 2539 3044 2605 ἀλλὰ,
3071 2542 3171 2595 καὶ
3187 2541 3273 2592 ὅτε
3300 2538 3417 2598 τοὺς
3433 2526 3669 2606 κρημνοὺς

465 2625 813 2692 voraginibus
860 2624 1117 2679 hiantes!
1155 2626 1255 2680 Ast
1301 2625 1348 2682 si
1378 2624 1700 2681 verberibus
1732 2623 1965 2680 amictus
1995 2639 2015 2678 ε

2150 2633 2243 2685 καὶ
2269 2631 2368 2694 τὰς
2393 2630 2670 2702 ὑπωρείας
2693 2629 2789 2684 τοῦ
2827 2630 3075 2684 τοιούτου
3136 2631 3303 2699 ὕψους
3335 2624 3594 2680 διέϐαινον.
3621 2617 3669 2670 El

466 2717 656 2772 dolore
729 2726 1086 2786 compunctus
1167 2717 1391 2787 quando
1441 2717 1701 2788 ingemni,
1763 2717 1880 2772 sive
1931 2716 2016 2772 Hel

2148 2721 2206 2775 δὲ
2229 2723 2565 2791 τυπτόμενος
2595 2720 2691 2773 καὶ
2721 2720 2903 2788 ἀλγῶν
2934 2720 3243 2790 ἑγὸγγυσα,
3283 2719 3370 2770 καὶ
3399 2716 3429 2785 ἢ
3480 2713 3538 2764 τὸ
3585 2705 3668 2760 Φεῦ

466 2808 622 2872 mihi,
664 2823 743 2862 vas
772 2808 942 2863 mibil
1006 2809 1201 2865 effatus
1229 2825 1378 2876 sum;
1411 2809 1455 2864 si
1532 2809 1779 2878 Domine,
1847 2809 2016 2880 adjuv;

2151 2829 2264 2881 μοι,
2317 2813 2349 2881 ἢ
2409 2812 2470 2865 τὸ
2525 2809 2685 2878 Οὐαὶ,
2731 2809 2766 2881 ἢ
2824 2810 2927 2865 ὅσα
2993 2808 3245 2872 τοιαῦτα,
3296 2805 3550 2875 ὺπέμυξα,
3599 2798 3671 2850 καὶ

467 2911 576 2962 me,
639 2896 990 2964 exclamavi,
1068 2897 1180 2952 imo
1233 2907 1287 2952 et
1346 2899 1751 2955 vehementiora
1814 2899 1984 2970 adjeci

2146 2897 2192 2956 ὧ
2255 2903 2449 2973 Κύριε,
2507 2902 2692 2974 βοήθει
2756 2903 3014 2974 ιλάλησα,
3076 2902 3343 2972 ἑξεὸόησα
3378 2898 3432 2951 δέ
3473 2912 3561 2948 που
3595 2892 3670 2942 καὶ

469 2988 754 3054 Daemonii,
800 2989 932 3059 quid
981 2988 1347 3060 aggredimini
1402 2989 1672 3044 hominem
1707 2990 1998 3045 innocuum

2145 2994 2522 3066 τραχύτερον·
2581 2995 2900 3064 Δαιμόνιοι,
2965 2993 3018 3048 τί
3089 3011 3191 3064 μοι
3255 2993 3471 3062 ἐπέχετι
3537 2983 3669 3054 μηδὲν

466 3080 624 3138 istius
683 3080 829 3136 modi
885 3089 1067 3134 autem
1127 3082 1291 3137 verba
1312 3093 1423 3137 non
1453 3081 1505 3135 in
1535 3081 1660 3134 mali
1702 3081 2016 3135 recordatio

2148 3085 2442 3152 πταίοντι;
2481 3082 2643 3138 Ἀλλὰ
2667 3083 2861 3150 ταῦτα,
2903 3083 3080 3155 οἶμαι,
3122 3085 3226 3138 οὐκ
3279 3083 3344 3136 ἄν
3387 3095 3451 3150 με
3479 3088 3668 3173 xpugn-

468 3190 594 3230 uetn
627 3173 828 3228 abeant
888 3187 988 3226 nec
1039 3172 1174 3229 mihi
1202 3181 1487 3228 vertantur
1511 3172 1723 3226 crimini
1755 3185 1770 3224 :
1801 3172 1892 3242 qui
1915 3171 2018 3226 tali:

2149 3176 2352 3240 τίζοιεν
2405 3177 2486 3240 είς
2541 3175 2920 3247 μνησίκακον,
2993 3175 3120 3229 ossa
3181 3175 3413 3246 γράμμα
3475 3163 3673 3220 τοιοῦτον

469 3266 588 3323 suis
637 3265 896 3335 inscripta
951 3264 1111 3319 vellet
1165 3264 1405 3330 tabellis,
1440 3264 1706 3321 calamum
1735 3273 2019 3319 currenten

2153 3271 2426 3342 χρὼσαιεν
2471 3270 2558 3322 ἐπ’
2589 3269 2736 3340 ἐμοὶ,
2764 3268 2839 3332 ὡς
2862 3268 2984 3322 οὑδέ
3029 3283 3117 3331 τις
3146 3266 3449 3334 δξυγρὰφον
3466 3258 3670 3323 κάλαμον

465 3359 778 3415 intinxisset
833 3359 884 3413 in
916 3373 1110 3428 aquam
1163 3366 1217 3413 et
1238 3357 1440 3412 nullam
1469 3358 1703 3412 litteram
1736 3355 2015 3413 formasset

2153 3362 2328 3434 βάψας
2359 3364 2416 3427 ἐς
2453 3362 2618 3432 ὕδωρ,
2649 3361 2762 3434 ἔχοι
2793 3360 2862 3416 ἂν
2912 3360 3338 3416 ινωπὼσασθαι
3388 3358 3671 3426 γράμματα.

466 3449 651 3505 Laudo
688 3449 831 3504 enim
853 3489 868 3514 ,
899 3448 1075 3520 quoad
1116 3449 1239 3503 mali
1271 3449 1727 3513 recordationem,
1757 3463 1844 3504 me
1880 3448 2016 3502 talen

2148 3455 2260 3510 Kal.
2282 3453 2392 3524 ἐγὼ
2423 3454 2523 3524 μὲν
2542 3452 2796 3524 εὔχομαι,
2827 3453 2897 3507 τὰ
2941 3454 2999 3516 ἐς
3037 3455 3269 3525 μνήμην
3326 3447 3488 3504 κακοῦ
3535 3437 3676 3496 τοιοῦ-

464 3555 593 3605 esse
636 3555 730 3610 per
759 3550 924 3594 tutam
975 3541 1140 3595 vitam
1174 3581 1190 3607 ,
1218 3541 1400 3612 qualis
1453 3555 1598 3608 sum,
1633 3549 1688 3594 et
1722 3551 1895 3611 poetae
1917 3557 2014 3597 seu

2145 3569 2237 3616 τος
2277 3547 2418 3604 εῖναι
2469 3549 2560 3602 διὰ
2587 3548 2740 3620 βίου,
2780 3545 2893 3612 οἷος
2943 3548 3100 3618 εἰμὶ,
3164 3543 3465 3616 παραξέσαι
3513 3537 3565 3591 τὸ
3600 3530 3673 3586 τοῦ

463 3631 689 3688 tentiam
739 3631 982 3687 all‘eram.
1051 3633 1152 3699 Qui
1215 3633 1300 3688 bis
1327 3647 1433 3687 non
1497 3642 1581 3688 est
1621 3642 1925 3702 contentus,

2145 3638 2412 3712 Λαρικοῦ.
2444 3641 2540 3702 Ὃς
2570 3637 2626 3690 δὲ
2662 3637 2739 3708 μὴ
2767 3638 3080 3706 ἀρκέσεται,
3134 3638 3169 3708 ἢ
3218 3631 3492 3706 βλαπτέτω
3519 3643 3610 3720 με..
3639 3620 3677 3673 ει

466 3725 598 3780 Inibi
656 3734 740 3780 cst
781 3724 1044 3781 molestus
1071 3736 1123 3780 et
1173 3726 1240 3796 (si
1282 3726 1618 3796 permitteret
1643 3722 1808 3796 Deus)
1855 3725 1920 3780 ad
1945 3740 2016 3797 pe

2145 3735 2330 3807 χώραν
2361 3733 2511 3803 αύτῷ
2549 3731 2716 3802 διδοίη
2751 3731 2779 3783 ὁ
2806 3729 2960 3793 Θεὸς,
3003 3728 3037 3800 ἢ
3079 3726 3372 3799 ὲπεράσθω
3427 3721 3490 3774 τὰ
3538 3714 3677 3807 χείρις

460 3817 580 3891 jora
640 3822 980 3888 procederet,
1046 3819 1270 3874 coniicit
1334 3819 1470 3873 forte
1507 3827 1629 3874 vota
1681 3827 1735 3874 et
1759 3818 2010 3875 molituin;

2147 3801 2270 3893 στα,
2295 3825 2412 3894 εῐγε
2442 3801 2671 3894 esseom
2694 3801 3026 3886 ἐξικνεῖσθαι
3078 3820 3185 3891 τὴν
3245 3815 3492 3882 τοιαύτην
3544 3801 3677 3859 αὑτοῦ

463 3910 640 3980 ipsius
687 3909 755 3964 ad
805 3910 1146 3967 Altissimum
1184 3910 1497 3980 deferenda;
1521 3920 1608 3966 ast
1639 3911 1818 3968 nullus
1841 3926 1928 3968 me
1953 3919 2013 3968 te

2147 3917 2312 3990 εὐχὴν
2343 3919 2423 3976 εἰς
2451 3915 2542 3969 τὸν
2571 3913 2835 3984 Ὕψιστον
2855 3927 2869 3942 ⁸
2902 3913 3040 3983 ὅπερ
3065 3910 3182 3978 ἐγὼ
3213 3909 3314 3962 οὐκ
3346 3906 3410 3959 ἂν
3439 3895 3677 3990 ποηοείηνι

460 4014 552 4058 net
578 4011 817 4060 tremor:
861 4004 1106 4073 apprime
1131 4003 1248 4058 scio
1287 4004 1488 4073 justam
1515 4003 1581 4056 ad
1613 4004 1811 4060 crelum
1849 4019 2008 4060 ascen

2147 3982 2305 4074 είδῶς
2336 4005 2395 4063 εὖ
2424 4008 2592 4078 μάλα,
2619 3982 2695 4068 ῶς
2718 4004 2852 4075 εὐχὴ
2884 4003 2984 4074 μὲν
3007 3982 3200 4057 δικαία
3237 3999 3438 4071 θαρρεῖ
3459 3993 3546 4064 τὴν

460 4095 589 4149 dere
657 4096 954 4150 orationem
1010 4103 1066 4149 et
1129 4095 1412 4164 pervenire
1453 4095 1520 4149 ad
1575 4109 1740 4151 aures
1794 4095 1912 4163 Dei,
1953 4112 2010 4150 as

2147 4073 2437 4166 ἀνάϐασιν,
2475 4073 3034 4168 καὶγὰναὶαμϐνάνεται
3067 4096 3154 4159 είς
3183 4092 3356 4153 ἀκοὰς
3401 4081 3594 4148 Θεοῦ,ἠ
3634 4073 3678 4127 δὲ

462 4186 516 4242 iu
561 4199 757 4238 vanum
796 4193 976 4240 movet
1035 4185 1189 4239 istius
1241 4186 1456 4256 generis
1507 4187 1781 4246 invocatio
1827 4189 2004 4246 scalas

2147 4199 2223 4269 μὴ
2249 4194 2475 4265 τοιαύτη
2513 4193 2692 4264 μάτην
2717 4189 3113 4263 ἀναρριχᾶται,
3147 4188 3278 4242 ὅποι
3313 4182 3388 4256 μὴ
3417 4180 3550 4233 ἔστιν
3571 4171 3679 4226 ἀνα·

465 4290 741 4348 uunquam
775 4276 917 4334 enim
939 4291 1005 4334 eo
1030 4291 1201 4349 usque
1242 4279 1520 4335 ascendet.

988 4293 1005 4333 ι
1030 4291 1201 4349 usque
1242 4279 1520 4335 ascendet.
2143 4291 2308 4355 ϐῆναι
2342 4289 2538 4360 αὑτήν.
