4034 6206
402 299 508 365 501
1165 301 1245 361 IN
1289 300 1627 363 HYMNUM
1672 296 2318 363 PENTECOSTABEM
2362 299 2828 360 DAMA'CENI.
3545 296 3655 360 56Ιὲ

761 978 2151 1105 THESSALONICENSIS
2234 924 3299 1102 METROPOLlT/E

1722 1216 2343 1279 INTEBPRETATIO

918 1385 1316 1474 HYMNI
1396 1387 2359 1479 PENTECOSTALIS
2434 1388 3148 1478 DAMASCENI.

422 448 700 461 .c_————-

1740 446 2016 459 ‘—

1802 1729 2269 1795 MONITUM.

1430 1887 1576 1950 (Aug.
1600 1887 1713 1946 Ital.
1734 1884 1971 1951 Spicileg.
1999 1886 2159 1949 Rom,
2191 1896 2305 1939 tom.
2333 1889 2390 1949 ν,
2419 1902 2467 1951 p.
2496 1889 2650 1950 xxiv.)

2008 2061 2079 2072 ~—

494 2188 767 2241 Hactenus
796 2181 1066 2239 Eustathii
1114 2183 1510 2256 archiepiscopi
1541 2185 2046 2244 Thessalonicensis
2072 2202 2270 2244 nomen
2304 2189 2577 2244 claruerat
2602 2196 2827 2260 propter
2851 2191 3083 2249 eximios
3107 2196 3176 2250 ad
3201 2202 3494 2267 utrumque
3536 2197 3649 2253 llo-

425 2273 558 2326 mcri
585 2285 774 2341 poema
803 2270 1229 2326 commentarios
1257 2286 1275 2338 ;
1308 2286 1453 2325 nunc
1473 2270 1694 2327 demum
1719 2274 1861 2328 sacri
1886 2288 2106 2344 quoque
2135 2277 2402 2344 poematis
2427 2278 2698 2346 interpres
2743 2279 3011 2347 procedit,
3042 2289 3097 2337 et
3125 2281 3341 2351 quidem
3407 2286 3462 2340 in
3506 2288 3649 2342 alma

432 2360 575 2414 Urbe
606 2356 841 2427 primum
878 2354 1197 2424 impressus,
1231 2357 1317 2411 ubi
1353 2355 1655 2412 Homericae
1698 2375 1916 2431 quoque
1966 2363 2207 2434 ejusdem
2246 2366 2657 2422 lucubrationes
2687 2368 2923 2424 natalem
2951 2368 3125 2425 lucem
3157 2386 3302 2425 anno
3336 2372 3473 2429 1550
3517 2374 3652 2429 hau-

426 2453 640 2501 serunt.
676 2444 821 2499 Inter
845 2443 1074 2514 hymnos
1101 2444 1193 2513 qni
1223 2444 1401 2499 sancti
1431 2443 1658 2501 Joannis
1682 2447 2000 2506 Damasceni
2028 2465 2223 2506 nomen
2261 2464 2459 2521 gerunt
2486 2453 2684 2509 nobilis
2713 2462 2797 2510 est
2842 2462 2961 2511 tum
3015 2455 3087 2511 ob
3123 2458 3409 2526 theologia:
3462 2461 3653 2516 altitu-

426 2534 631 2597 dinem,
662 2539 772 2585 tum
801 2530 874 2584 ob
899 2530 1053 2584 metri
1084 2530 1241 2585 etiam
1274 2530 1621 2595 suavitatem,
1656 2532 1704 2589 is
1732 2536 1825 2605 qui
1865 2535 2109 2591 divinum
2152 2537 2415 2607 Spiritum
2447 2540 2709 2608 celebrat,
2734 2550 2788 2597 et
2815 2556 2844 2596 a
2909 2541 3109 2600 Graecis
3136 2550 3488 2616 pentecostali
3513 2560 3653 2604 tem-

431 2635 559 2691 pore
583 2619 822 2673 canitur.
849 2616 1000 2670 Mitto
1029 2632 1174 2671 nunc
1202 2619 1627 2674 controversiam
1660 2631 1841 2676 utrum
1874 2621 1963 2678 hic
1986 2623 2220 2694 hymnus
2252 2640 2441 2695 reapse
2469 2637 2751 2696 parentem
2775 2627 2973 2685 habeat
3000 2630 3057 2686 S.
3093 2629 3359 2689 Joannem
3428 2636 3659 2691 Damas-

431 2720 622 2760 ccnum
657 2704 747 2757 τὸν
778 2705 941 2769 πάνυ,
973 2718 1040 2758 an
1068 2703 1451 2774 homonymum
1483 2706 1674 2773 alium,
1693 2723 1799 2778 qua
1832 2724 1994 2780 super
2022 2724 2080 2764 re
2105 2709 2422 2769 Eustathius
2452 2712 2566 2783 ipse
2596 2713 2651 2768 in
2676 2711 2953 2770 Prommio
2980 2717 3142 2775 verba
3170 2718 3318 2788 iacit,
3349 2729 3464 2777 tum
3489 2724 3657 2778 etiam

432 2793 486 2846 in
516 2806 718 2871 nupera
745 2789 1140 2846 Peutecostarii
1175 2791 1346 2848 Graeci
1377 2792 1615 2849 editione
1646 2794 1843 2851 Veneta
1871 2797 1999 2852 anni
2030 2797 2173 2867 ¹1837
2204 2800 2362 2856 docte
2414 2802 2725 2859 disseritur.
2781 2803 2969 2877 Neque
3016 2809 3164 2864 enim
3212 2825 3314 2869 nos
3360 2814 3428 2868 de
3476 2812 3659 2886 hymni

436 2889 661 2934 auctore
691 2895 839 2934 nunc
868 2878 1184 2948 quaerimus,
1213 2880 1308 2935 sed
1325 2880 1443 2949 ejus
1473 2882 1823 2952 interpretem
1851 2887 2228 2942 doctiSStmum
2250 2896 2304 2943 et
2337 2891 2775 2959 copiosissimum
2801 2894 2857 2950 in
2884 2896 3189 2954 litterarum
3223 2915 3336 2957 rem
3386 2878 3662 2974 publicam

440 2968 543 3021 lmti
564 2968 907 3022 deducimus.
934 2967 1132 3057 scripti
1159 2967 1321 3057 hujus
1355 2969 1468 3024 duo
1499 2971 1690 3026 saltem
1727 2973 2057 3043 exemplaria
2088 2976 2465 3044 innotuerunt,
2493 2977 2725 3035 alterum
2750 2979 3194 3049 Vindobonense,
3249 2967 3661 3057 quod-accurate

439 3052 698 3107 describit
719 3053 1049 3143 baiiibecius
1074 3054 1129 3143 in
1167 3054 1230 3112 Β.
1267 3056 1497 3112 Vindob.
1526 3059 1617 3114 ed.
1662 3073 1787 3116 nov.
1824 3070 1863 3116 t.
1904 3062 1966 3117 V.
2002 3078 2059 3132 p.
2095 3064 2220 3129 556,
2279 3079 2308 3118 a
2368 3079 2478 3135 quo
2541 3076 2721 3125 tamen
2766 3070 3080 3129 dilaudatus
3124 3052 3342 3143 quidem
3401 3085 3506 3142 est,
3558 3095 3662 3134 non

440 3148 615 3194 tamen
650 3140 791 3209 typis
815 3141 1231 3236 commendatus
1263 3143 1534 3210 ;alterum
1564 3144 1886 3203 Vaticanum
1939 3151 2099 3220 1409,
2131 3154 2539 3226 bombycinum,
2568 3157 2767 3215 litteris
2816 3140 3200 3219 minutissimis
3257 3140 3656 3238 initumerisqu'

448 3226 597 3296 siglis
622 3226 991 3296 conscriptum
1022 3243 1056 3318 ;Δ
1086 3230 1231 3297 quod
1264 3244 1386 3284 cum
1413 3231 1621 3301 jamdiu
1653 3234 2154 3307 deprehendisscm,
2182 3252 2234 3297 et
2261 3243 2514 3301 claustris
2543 3246 2748 3302 tamdiu
2778 3248 3090 3305 obseratum
3115 3251 3378 3318 dolerem,
3409 3226 3664 3312 constitui

442 3314 672 3382 denique
698 3316 752 3367 in
783 3314 946 3381 hujus
976 3314 1265 3371 voluminis
1292 3328 1566 3386 postrema
1594 3332 1750 3388 parte
1777 3325 2063 3383 collocare.
2105 3329 2176 3383 De
2226 3346 2337 3399 quo
2395 3348 2527 3387 sane
2574 3334 2781 3404 scripto
2829 3334 3200 3405 Lambecium,
3256 3347 3311 3394 ct
3364 3314 3665 3410 praesertim

436 3401 687 3496 All-alium
713 3399 773 3496 in
798 3399 1206 3496 Prolegomenis
1238 3404 1652 3496 Damascenicis,
1686 3426 1806 3482 cap.
1839 3413 2025 3480 63-70,
2051 3417 2189 3486 apud
2224 3419 2566 3490 Leqninium,
2596 3399 2818 3493 copiose
2868 3425 3144 3496 disputare
3164 3399 3453 3493 decuit,'ut
3506 3429 3665 3486 ineo.

437 3488 642 3553 gnilum
671 3487 931 3557 scriptum
951 3489 1245 3545 lectoribus
1277 3492 1572 3550 revelarent
1604 3513 1622 3565 ;
1652 3499 1783 3554 mihi
1814 3517 1942 3555 vero
1973 3505 2067 3573 qui
2098 3514 2291 3573 totum,
2318 3487 2510 3579 qualis
2570 3487 2915 3584 quantusque
2938 3487 3039 3579 est,
3072 3487 3363 3584 legendum.
3387 3519 3507 3574 orbi
3562 3528 3667 3575 ter-

438 3590 616 3627 rarum
648 3574 757 3665 jam
790 3579 1049 3665 exhibeo,
1080 3578 1171 3633 diu
1206 3580 1355 3650 loqui
1388 3598 1493 3636 non
1518 3594 1601 3639 est
1631 3604 1856 3646 necesse
1887 3609 1901 3645 :
1938 3596 2023 3648 sui
2050 3595 2194 3647 enim
2229 3574 2427 3665 cuique
2456 3598 2618 3664 oculi,
2651 3599 2696 3653 si
2728 3574 2888 3655 modo
2926 3600 3136 3658 Grzecis
3187 3604 3382 3660 litteris
3432 3607 3505 3662 sit
3563 3608 3666 3663 im.

444 3664 623 3735 butus,
665 3660 1005 3767 Eustathiu‘m
1040 3664 1185 3719 hunc
1233 3683 1330 3737 pro
1364 3668 1625 3740 dignitate
1654 3690 1718 3729 ac
1750 3680 1941 3735 merito
1972 3660 2450 3740 commendabunt.
2486 3660 2673 3742 Graeca
2705 3698 2854 3744 certe
2900 3690 3139 3747 Ecclesia
3172 3704 3294 3762 post
3317 3696 3438 3751 illos
3463 3698 3667 3767 primo-

439 3762 560 3855 run:
583 3750 905 3855 surculorum
929 3749 1137 3855 Pa‘tres,
1158 3770 1340 3822 parem
1370 3758 1666 3830 Eustathio,
1698 3764 2044 3836 interpretem
2073 3773 2159 3824 vix
2185 3771 2351 3824 ullum
2376 3773 2556 3839 habet,
2587 3776 2677 3847 qui
2705 3786 2911 3832 tantam
2936 3749 3208 3836 sermonis
3247 3781 3421 3837 Graeci
3449 3749 3661 3855 crepiaan

440 3842 494 3886 et
522 3833 836 3907 theologicae
875 3838 1143 3895 facultatis
1177 3856 1469 3916 rerumque
1492 3850 1764 3908 variarum
1789 3833 2037 3923 peritiam
2064 3875 2173 3913 ora:
2198 3873 2257 3911 se
2280 3858 2438 3911 l‘crat.
2542 3833 2553 3839 '
2603 3833 2620 3847 .
2658 3864 2670 3876 ’
