3926 6200
323 316 435 374 ξυυὸ

1140 316 1221 378 IN
1258 317 1595 379 Hmex‘UTiI
1634 316 2277 377 PENTECOSTALEM
2321 319 2777 401 DAMASCENI.

3466 333 3571 396 506

327 423 619 492 πράγματι
676 423 917 493 σήμερον
988 426 1401 498 τελεσφορήσας
1464 428 1599 498 πρὸς
1653 428 1888 481 ἐνστασιι

2006 441 2171 497 grave
2219 429 2371 491 mihi.
2433 430 2642 485 utinam
2697 449 2803 488 non
2858 448 3033 505 usque:
3085 437 3138 491 in
3192 438 3372 503 finem,
3425 457 3566 499 onus

326 516 430 583 τὴν
458 515 549 578 ιφ*
568 515 700 584 ἡμῖν
729 515 977 580 ἀξίωσιν,
1005 517 1204 587 φόρτον
1232 520 1366 589 ήμῖν
1397 519 1618 584 ὲπέθου,
1665 520 1778 573 εἴθε
1827 520 1905 590 μὴ

330 608 392 668 ὲς
425 606 605 669 τέλος,
638 606 831 676 βαρύν.
874 607 1014 675 Ἐγὼ
1033 609 1090 662 δὲ
1138 611 1412 680 χρωσθείς
1466 611 1569 665 οὐκ
1616 607 1734 665 οἴδα
1793 613 1904 665 εἴτε

323 697 512 766 ὠχρῳ,
555 698 667 751 εἴτε
718 698 1027 767 ἐρυθήματι
1064 699 1152 768 ιφ*
1192 694 1273 765 οἷς
1323 701 1599 772 ἡξίωμαι·
1649 702 1742 757 καὶ
1794 704 1903 772 γὰρ

322 792 444 859 ἃμα
482 790 649 853 αίδώς
680 806 741 843 τε
767 792 859 843 καὶ
883 792 1049 860 φόϐος
1076 792 1280 862 ὑπῆλθέ
1313 809 1378 862 με
1404 810 1418 825 ·
1449 794 1482 863 ἡ
1508 792 1628 862 μὲν,
1664 794 1739 863 μὴ
1764 797 1905 848 ἀπα-

327 881 653 951 νῃνάμενος,
702 882 1102 952 σκωφθήσομαι
1136 882 1433 947 πολυειδῶς
1456 898 1470 913 °
1519 883 1548 936 ὀ
1578 883 1634 935 δὲ
1671 883 1746 953 μή
1774 900 1903 937 ποτε
1940 954 1943 955 ν

327 974 672 1036 κατανεύσας
711 975 793 1037 εἰς
821 973 1002 1045 ἔργον,
1045 976 1139 1028 καὶ
1162 975 1306 1029 οὕτω
1334 975 1429 1028 τοῦ
1480 975 1696 1029 σταδίου
1752 977 1905 1040 γενό-

328 1081 513 1132 μενος,
550 1065 1069 1136 ἀποσυριχθήσομαι
1101 1065 1444 1136 κλωξόμενος
1469 1068 1581 1131 τοῖς
1624 1067 1902 1121 καὶτοῦτο

318 1153 385 1206 τὸ
415 1153 585 1207 καλὸν
610 1156 669 1206 ὲν
700 1156 816 1217 τοῖς
848 1155 974 1223 ἄρτι
997 1153 1498 1224 φιλοτιμουμένοις,
1525 1157 1686 1224 εἴπερ
1724 1174 1775 1208 τι
1807 1156 1903 1209 di.-

318 1246 380 1296 λο
417 1243 532 1297 τῶν
568 1243 659 1296 διὰ
690 1244 931 1313 σπουδῆς
955 1245 1160 1315 πολλῆς
1182 1261 1197 1276 ⁸
1260 1247 1409 1315 ὅμως
1464 1247 1702 1313 ἐμαυτὸν
1759 1265 1899 1316 συμ-

318 1337 542 1400 πείσας,
569 1336 656 1390 ῐνα
694 1336 770 1406 μὴ
799 1338 892 1389 ἐπὶ
924 1337 1087 1389 πλέον
1127 1337 1341 1406 εἰλῆται
1378 1338 1507 1407 περὶ
1536 1340 1593 1391 σὲ
1641 1338 1901 1408 λογισμὸς

316 1430 579 1498 ὀρέξεως,
606 1427 755 1490 θείας
784 1428 883 1497 μὲν
908 1427 984 1498 τῷ
1013 1429 1149 1492 δντι,
1178 1429 1417 1498 ὀχληρᾶς
1442 1430 1499 1481 δὲ
1532 1431 1580 1482 εί
1627 1431 1899 1500 μηδέποτε

318 1518 745 1588 ἀποτελεσθείη,
773 1520 1001 1588 γίνομαι
1038 1520 1148 1573 ίδοὺ
1173 1520 1267 1572 τοῦ
1294 1520 1389 1573 σοῦ
1417 1520 1723 1590 θελήματος
1757 1537 1770 1552 θ
1807 1522 1900 1574 καὶ

319 1614 511 1681 ἰπειδὴ
564 1612 734 1665 πάλαι
777 1612 937 1680 ἁγίαν
969 1612 1267 1681 ἐπιθυμίαν
1298 1614 1354 1665 ὲν
1378 1616 1523 1683 ψυχῇ
1563 1612 1897 1682 συλλαϐόμε-

2008 519 2309 587 imposuisti
2340 536 2477 589 ;ego
2502 530 2679 576 autem
2709 527 2897 580 nescio
2914 542 2978 580 an
3010 529 3213 597 pallore
3242 547 3308 583 an
3346 534 3565 598 rubore,

2006 610 2337 678 conspicuus
2368 627 2487 664 sum
2536 615 2604 667 de
2635 614 2700 669 iis
2733 632 2856 684 qua:
2883 617 3061 672 facere
3104 620 3301 689 dignus
3336 624 3562 686 habeor,

2005 702 2201 771 (pudor
2239 703 2382 756 enim
2431 704 2594 759 simul
2629 716 2681 761 et
2714 708 2877 762 timor
2928 726 3011 765 me
3046 714 3290 781 replent;
3326 715 3416 769 ille
3446 718 3555 785 qui-

2006 793 2149 859 dem,
2206 809 2274 848 nc
2329 811 2595 851 recusans
2672 799 2907 855 irridear
2958 804 3409 873 multiformiter;
3479 810 3569 865 hic

2003 894 2207 947 autem,
2233 900 2320 949 ne,
2346 901 2595 942 annuens
2615 891 2791 957 operi,
2817 900 2870 945 ct
2893 895 2970 948 sic
2998 896 3232 950 stadium
3266 900 3568 967 ingressus.

2004 975 2263 1028 exsibilcr
2306 976 2375 1029 ab
2406 978 2491 1031 his
2526 980 2616 1044 qui
2648 982 2829 1035 ethoc
2864 985 3149 1051 pulchrum
3204 987 3269 1041 de
3318 992 3566 1058 praesenti

2003 1075 2310 1130 sectantur,
2345 1070 2389 1121 si
2422 1070 2641 1138 quidem
2694 1073 2841 1127 aliud
2898 1078 3076 1144 magni
3118 1080 3285 1131 studii
3340 1082 3567 1135 materia

2001 1158 2074 1212 sit
2109 1160 2211 1228 eis)
2241 1176 2255 1212 :
2294 1160 2423 1213 mihi
2460 1161 2561 1230 ipsi
2613 1172 2793 1217 tamen
2826 1167 3186 1234 persuadens,
3218 1176 3274 1222 ut
3304 1185 3412 1224 non
3453 1187 3569 1225 am-

2004 1248 2146 1318 plius
2196 1249 2642 1318 deprehendatur
2687 1253 2741 1307 iu
2774 1263 2828 1308 te
2885 1257 3023 1309 ratio
3076 1258 3357 1326 petitionis
3409 1260 3463 1312 in
3499 1277 3561 1314 se

2002 1340 2219 1408 quidem
2256 1340 2479 1409 divinae,
2517 1344 2763 1399 molesta:
2802 1354 2983 1399 tamen
3014 1348 3059 1401 si
3089 1362 3196 1402 non
3231 1352 3568 1418 perficiatur,

2003 1444 2147 1485 tuam
2175 1447 2379 1500 sequor
2400 1434 2736 1489 voluntatem
2760 1453 2774 1500 ;
2804 1446 2861 1491 et
2881 1439 3141 1506 quoniam
3172 1428 3332 1509 quam
3355 1442 3566 1511 jamdiu

1999 1524 2304 1591 concepisti
2340 1524 2393 1578 in
2427 1531 2607 1579 mente
2638 1538 2885 1580 sanctam
2917 1530 3329 1597 cOgitaIionem,
3361 1542 3414 1586 et
3445 1550 3569 1602 par-

2002 1615 2209 1678 turisti,
2240 1616 2402 1674 hodie
2428 1618 2711 1685 peperisti,
2739 1620 2898 1688 quasi
2922 1622 3175 1677 consulto
3200 1634 3426 1693 captans
3463 1641 3564 1695 op-

318 1724 407 1768 νος
438 1706 537 1757 καὶ
568 1704 862 1774 ὠδινήσας,
907 1704 1158 1771 essum;
1214 1705 1313 1771 τὴν
1345 1705 1607 1774 σήμερον,
1665 1704 1740 1767 ὡς
1783 1702 1888 1757 οἷον

2002 1708 2416 1777 portunitatem,
2479 1708 2669 1763 foetum
2735 1711 2894 1768 venio
2960 1713 3444 1781 obstetricaturus,
3510 1726 3567 1771 et

320 1773 811 1867 καιροφυλακήσας
837 1794 1111 1863 ἐπίτηδες,
1146 1773 1637 1863 μαιώσεσθαιῆκω
1658 1793 1719 1845 τὸ
1759 1795 1888 1845 ἀπο-

2000 1804 2265 1865 quantum
2301 1798 2354 1851 in
2391 1813 2476 1853 me
2501 1809 2586 1855 est
2612 1801 2967 1869 educaturus,
3007 1814 3064 1858 et
3109 1806 3430 1862 redditurus
3465 1809 3564 1862 tibi

318 1889 528 1958 τεχθὲν,
583 1887 679 1940 καὶ
730 1885 1105 1955 ἐκθρέψασθαι
1158 1886 1233 1945 ὼς
1294 1884 1542 1955 περίεστί
1590 1900 1678 1951 μοι
1738 1882 1898 1935 τοῦτο

318 1981 399 2047 ἔχε
415 1997 487 2041 ιν,
523 1978 622 2031 καὶ
655 1976 950 2030 ἀποδοῦναί
978 1992 1079 2038 σοι,
1109 1976 1212 2028 οὐκ
1241 1970 1359 2028 οἶδα
1388 1974 1506 2043 μὲν,
1542 1974 1700 2041 εἴπερ
1722 1972 1894 2041 ὴρωῖο

316 2071 380 2123 δα
407 2069 533 2121 τινὰ
566 2068 785 2135 γένναν,
822 2065 1085 2135 πιθηκίδα
1118 2065 1175 2119 δέ
1224 2081 1349 2117 τινα
1393 2064 1612 2127 πάντως
1658 2064 1725 2116 ἂν
1776 2063 1895 2115 οἵαν

316 2163 425 2222 τοῖς
460 2158 862 2224 ἁπλουστέροις
893 2160 988 2227 καὶ
1017 2160 1189 2225 αὐτὴν
1224 2155 1657 2225 περιϐλέπεσθαι
1691 2171 1705 2186 ·
1736 2155 1895 2208 κατέ-

317 2268 538 2319 γνωμεν
571 2250 681 2320 γὰρ
709 2249 809 2319 τὴν
842 2247 1197 2319 ἀνθρωπίνην
1237 2247 1421 2314 φύσιν,
1475 2246 1631 2299 οὐδέν
1666 2263 1719 2299 τι
1781 2246 1892 2300 τῶν

316 2345 373 2394 ὲν
402 2341 484 2410 τῷ
519 2340 645 2395 καθ’
678 2341 828 2410 ἡμᾶς
888 2338 989 2409 βίῳ
1051 2339 1390 2409 πονημάτων
1428 2338 1613 2404 πάντη
1672 2337 1892 2400 πάντως

315 2433 710 2500 ἐξουθενοῦσαν
741 2433 826 2500 ἐφ’
856 2433 1082 2494 ἅπασιν,
1114 2431 1236 2483 οὐδὲ
1272 2429 1333 2481 τὸ
1372 2429 1730 2497 φαυλότατον,
1760 2428 1878 2491 καὶ,

310 2527 385 2590 ὡς
423 2529 629 2589 εἰπεῖν,
660 2524 1058 2594 οὐδενόσωρονο
1089 2522 1330 2575 καὶμέστι
1358 2521 1418 2574 τὸ
1449 2522 1688 2591 πρᾶγμα
1704 2521 1890 2590 ὅμοιον

311 2619 385 2678 ὡς
418 2620 467 2669 εἰ
510 2618 609 2669 καὶ
657 2614 769 2667 τῶν
818 2616 883 2668 ὲκ
916 2614 1021 2683 γῆς
1060 2613 1464 2683 ἀναδιδομένων
1513 2612 1698 2675 ἄλλοις
1747 2611 1889 2666 ἄλλα

312 2713 449 2780 πρὸς
503 2710 808 2779 ἀρέσκειαν
859 2709 1165 2779 εὐπρόσιτα
1229 2707 1529 2763 ἔκκεινται.
1587 2707 1887 2777 ’Δγαπήσω

309 2805 439 2873 γοῦν
476 2805 577 2855 καὶ
605 2802 792 2866 αὐτὸς,
821 2802 870 2853 εί
902 2801 997 2853 καί
1043 2817 1157 2854 τισι
1221 2801 1464 2870 μετρίοις
1518 2798 1887 2867 ἀξιωθήσεται

309 2902 385 2962 είς
414 2897 676 2964 ἐντυχίαν
707 2894 907 2958 ἐλθεῖν,
962 2895 1101 2962 ὅπερ
1154 2893 1279 2960 ἄρτι
1338 2891 1565 2959 ἀγαθὸν,
1628 2893 1746 2944 κατ’
1784 2890 1886 2960 ἐμὲ

308 2990 589 3058 κρίνοντα,
626 2987 933 3057 ἐργάσομαι
959 3000 974 3015 ο
1003 2984 1101 3038 καὶ
1133 2984 1286 3037 ἔσται
1317 2983 1498 3050 λέγειν
1524 2984 1618 3035 καὶ
1647 2982 1773 3052 ἐμοὶ
1816 2981 1885 3034 δι’

2002 1887 2191 1941 nescio
2230 1901 2296 1938 an
2352 1888 2627 1943 heroicam
2657 1891 2887 1960 prolem,
2936 1909 3006 1948 an
3053 1894 3271 1950 simium
3325 1898 3561 1964 aliquem

1998 1979 2090 2047 qui
2132 1977 2447 2033 rudioribus
2503 1980 2854 2035 admirationi
2907 1983 3027 2039 sit:
3066 1984 3358 2040 humanam
3417 1989 3562 2043 enim

1997 2071 2252 2124 novimus
2287 2080 2559 2135 naturam,
2602 2084 2724 2141 qua:
2782 2073 2991 2129 nullam
3031 2090 3400 2131 aerumnarum
3457 2088 3564 2134 ter-

1998 2161 2255 2215 restrium
2285 2162 2655 2233 parvipcndit,
2680 2171 2758 2229 et,
2792 2172 2852 2218 ut
2878 2164 2951 2220 ita
2980 2166 3181 2233 dicam,
3215 2168 3419 2223 nullius
3450 2186 3565 2223 iuo-

1995 2253 2165 2307 menti
2207 2268 2223 2305 :
2280 2253 2463 2308 simile
2513 2255 2642 2324 quid
2674 2264 2761 2312 est
2790 2271 2854 2313 ac
2888 2258 2933 2312 si
2974 2259 3118 2312 inter
3150 2258 3364 2315 fructus
3401 2271 3562 2317 terrae

1993 2342 2082 2395 alii
2111 2343 2236 2396 aliis
2277 2344 2344 2397 ad
2369 2344 2791 2401 delectationem
2823 2362 3051 2404 accessu
3101 2349 3290 2405 faciles
3340 2361 3558 2420 prosta-

1993 2444 2135 2487 rent.
2165 2432 2395 2488 Gratum
2422 2435 2590 2505 igitur
2631 2437 2843 2493 habebo
2882 2448 2938 2493 et
2980 2440 3095 2509 ipse
3138 2442 3186 2497 si
3211 2442 3433 2513 dignum
3476 2442 3562 2497 in-

1991 2536 2211 2577 ventum
2242 2524 2314 2579 sit
2351 2524 2407 2579 in
2441 2525 2787 2594 popularium
2810 2541 3161 2597 congressum
3194 2530 3382 2585 venire
3411 2531 3559 2601 quod

1990 2616 2152 2670 modo
2181 2617 2407 2680 bonum,
2436 2631 2524 2670 me
2547 2616 2757 2686 judice,
2784 2633 2908 2673 sum
2939 2618 3228 2687 facturus;
3264 2621 3452 2676 licebit
3501 2629 3560 2676 et

1990 2706 2123 2759 mihi
2156 2721 2426 2776 usurpare
2458 2706 2600 2760 inter
2622 2722 2772 2762 meos
2819 2708 3081 2780 aequales.
3112 2712 3348 2765 verbum
3371 2712 3559 2781 Glycis

1987 2797 2221 2851 dicentis
2274 2816 2288 2852 :
2336 2796 2404 2849 Ει
2455 2812 2548 2867 ego
2599 2796 2793 2867 aliquis
2836 2798 2892 2851 in
2931 2807 3073 2852 terra
3129 2800 3305 2854 videor
3335 2817 3460 2865 esse.
3496 2802 3555 2859 Si

1988 2895 2169 2941 autem
2222 2885 2292 2939 ab
2332 2886 2437 2939 hoc
2487 2886 2694 2942 honore
2748 2886 3069 2955 exciderim,
3109 2897 3405 2944 contentus
3460 2907 3557 2944 ero

1987 2985 2081 3030 tua
2107 2977 2280 3032 solius
2314 2976 2734 3044 satisfactione;
2759 2986 2812 3032 et
2835 2978 2980 3049 vulgi
3005 2994 3110 3033 non
3146 2979 3357 3034 habens
3380 2980 3557 3035 admi-

307 3082 553 3141 txeivou;
586 3080 723 3151 πρὸς
752 3080 873 3148 ἐμοὶ
898 3078 1081 3139 ὄντας,
1105 3077 1166 3127 τὸ
1194 3076 1289 3129 τοῦ
1326 3073 1580 3137 Γλυκέως
1633 3074 1884 3134 εἰπόντος

1994 3070 2281 3133 rationem,
2341 3068 2561 3137 diligam
2610 3068 3006 3149 solitudinem;
3054 3079 3110 3124 et
3159 3072 3320 3125 amici
3391 3082 3556 3144 atque

305 3172 380 3234 ὡς
440 3171 559 3239 ἄρα
600 3169 701 3224 καί
751 3166 868 3237 ἐγὼ
903 3169 974 3221 ἐν
1010 3164 1084 3234 τῇ
1114 3162 1192 3233 γῇ
1254 3182 1347 3230 τις
1379 3163 1664 3233 φαίνομαι
1714 3157 1889 3219 εἶναι.

307 3262 367 3315 Ei
392 3263 490 3314 καὶ
522 3260 721 3313 τούτου
771 3255 1173 3326 διεκπεσοῦμαι
1222 3254 1319 3308 τοῦ
1372 3253 1753 3324 σεμνώματος,
1789 3254 1889 3322 ἀρ-

308 3354 547 3421 κέσομαι
585 3352 652 3419 τῇ
688 3350 754 3419 σή
790 3347 882 3401 καὶ
909 3347 1048 3419 μόνῃ
1081 3346 1441 3416 εὑαρεστήσει
1470 3358 1485 3374 ’
1527 3344 1622 3397 καὶ
1654 3342 1715 3396 τὸ
1740 3341 1877 3396 λεω-

304 3446 649 3516 φορούμενον
677 3444 863 3513 θαῦμα
892 3442 970 3511 μὴ
1000 3442 1162 3513 ἐχων,
1213 3442 1428 3513 φιλήσω
1486 3440 1547 3494 τὸ
1609 3442 1873 3512 μονῆρες,

305 3540 401 3590 καὶ
433 3536 516 3604 τῷ
554 3534 651 3587 τοῦ
687 3535 843 3603 φίλου
875 3537 971 3586 καί
1012 3536 1111 3603 τῆς
1140 3532 1311 3596 ὅντως
1341 3531 1527 3601 φιλίας
1566 3532 1678 3602 ὅρῳ
1711 3548 1889 3601 παρα-

304 3629 487 3700 πήξας
520 3629 622 3698 τὴν
651 3626 863 3680 ἑνιαίαν
889 3625 1096 3696 ταύτην
1121 3626 1370 3694 ἀγάπην,
1397 3625 1488 3678 διὰ
1509 3626 1606 3693 τήν
1635 3623 1886 3676 ἐντεῦθεν

308 3722 730 3791 πεπορισμὲνην
762 3736 854 3787 μοι
887 3716 1076 3787 εὐχὴν,
1108 3718 1209 3769 οὐκ
1258 3716 1488 3786 εὔξομαι
1547 3715 1879 3783 πλεονεκτῆο

309 3830 396 3865 σαι
417 3813 496 3875 ὡς
522 3812 781 3879 ἐθελῆσαι
811 3809 1190 3879 πληθυνθῆναι
1223 3826 1314 3879 μοι
1343 3809 1539 3877 λόγους
1567 3809 1878 3876 εὑφήμους’

307 3901 394 3959 οἷα
456 3904 722 3966 πολλάκις
770 3902 1064 3957 ὑπολαλεῖν
1102 3903 1223 3955 κατ’
1255 3901 1494 3970 ἐμαυτὸν
1537 3898 1770 3962 εἰωθὼς,
1804 3897 1881 3961 ὡς

308 3997 451 4052 καθὰ
484 3997 650 4065 σοφὸν
688 3995 965 4066 βούλευμα
996 3994 1053 4047 ἒν
1093 3996 1192 4056 τὰς
1219 3994 1421 4055 πολλὰς
1470 3994 1665 4062 χεῖρας
1728 3991 1877 4060 νικᾷ,

305 4089 449 4142 οὕτω
479 4089 575 4140 καὶ
613 4087 711 4156 μία
742 4086 877 4155 εὐχὴ
900 4086 1083 4155 ἀγαθὴ
1115 4086 1208 4136 τὸν
1234 4085 1448 4154 μυρίων
1481 4082 1732 4136 ἔπαινον.
1787 4080 1827 4132 Γ
1834 4097 1880 4133 ιο

306 4180 531 4249 νόμενος
554 4177 649 4230 οῦν
686 4175 782 4230 τοῦ
810 4175 1001 4228 λοιποῦ
1033 4175 1132 4244 τῆς
1163 4175 1262 4242 σῆς
1291 4174 1745 4241 ἁγγαρείις,ὲπὶ
1786 4190 1877 4242 μισ

1992 3161 2246 3218 amicitiae
2298 3162 2581 3230 proposito
2658 3162 3069 3217 conterminans
3139 3163 3354 3217 unicam
3415 3165 3557 3220 hanc

1992 3254 2371 3314 ambitionem,
2405 3260 2624 3321 propter
2649 3250 2954 3322 praestitum
2986 3251 3246 3321 deinceps
3295 3252 3429 3305 mihi
3462 3266 3559 3308 vo-

1993 3354 2130 3407 tum,
2162 3358 2268 3398 non
2290 3344 2567 3413 gloriabor
2593 3343 2737 3412 quod
2768 3342 3143 3412 praevaluerim
3169 3341 3328 3413 quasi
3359 3342 3557 3397 volun-

1990 3445 2076 3491 tas
2121 3434 2356 3490 adfuerit
2407 3443 2465 3488 ut
2504 3433 2938 3502 multiplicentur
2986 3432 3118 3486 mihi
3156 3433 3317 3486 verba
3348 3432 3554 3496 laudis;

1991 3527 2135 3582 sicut
2164 3525 2363 3593 saepius
2387 3524 2574 3578 dicere
2615 3523 2767 3576 soleo
2792 3521 2939 3574 intra
2972 3536 3078 3587 me,
3106 3519 3251 3589 quod
3292 3520 3557 3590 quemado

1990 3617 2211 3673 modum
2246 3615 2451 3668 multas
2516 3627 2709 3666 manus
2744 3611 2911 3664 vincit
2942 3626 3107 3663 unum
3158 3611 3376 3677 sapiens
3422 3624 3558 3663 con-

1989 3710 2196 3770 silium,
2229 3706 2311 3760 sic
2345 3716 2398 3757 et
2428 3719 2531 3758 una
2590 3704 2730 3756 bona
2787 3701 2964 3754 oratio
3003 3701 3297 3754 multorum
3344 3700 3554 3754 laudes.

1988 3796 2317 3866 Anguriatus
2342 3795 2508 3862 igitur
2544 3807 2573 3845 a
2606 3802 2659 3846 te
2685 3799 2958 3859 quotquot
3015 3805 3274 3859 passuum
3308 3790 3556 3845 millibus

1988 3900 2313 3959 prosperum
2371 3885 2476 3936 iter
2514 3880 2779 3951 praebebit
2817 3878 3055 3947 Spiritus
3107 3886 3353 3943 sanctus,
3381 3879 3474 3946 qui
3523 3892 3555 3932 ε

1987 3974 2328 4048 sapientibus
2368 3974 2633 4026 fratribus
2664 3971 2882 4023 laudem
2920 3967 3144 4037 accipit,
3169 3968 3371 4037 quibus
3393 3968 3551 4038 plena

1986 4080 2073 4126 est
2103 4065 2458 4124 sanctissima
2495 4062 2588 4118 Dei
2635 4060 2902 4125 Ecclesia,
2960 4059 3086 4114 inde
3123 4058 3377 4128 incipiam
3415 4058 3555 4114 unde

1985 4161 2223 4235 iussisti.

306 4239 557 4339 Miami;
587 4270 810 4328 ὁπόσοις
836 4239 1098 4317 εὐοδώσει
1131 4264 1192 4317 τὸ
1220 4239 1391 4330 ’ἆγιον
1428 4239 1653 4331 Πνεῦμα
1688 4239 1887 4316 ἐκτῶν
1924 4254 2171 4322 ἀδελφῶν
2210 4248 2392 4321 σοφῶν
2435 4245 2773 4316 ἀφελόμενον
2809 4244 2992 4316 χάριν,
3053 4239 3135 4307 οἷς
3189 4244 3222 4314 ή
3271 4243 3554 4313 άγιωτάτη

303 4364 399 4416 τοῦ
457 4360 599 4414 Θεοῦ
642 4357 937 4426 Ἐκκλησία
982 4353 1298 4435 πέπληθὲν,
1349 4356 1652 4426 ὲνάρξομαι
1703 4354 1877 4423 οὗπερ
1915 4351 2211 4421 ὲζήτησας.

379 4455 493 4507 Καὶ
524 4455 589 4524 δὴ
618 4457 675 4506 ὲν
700 4454 941 4526 πρώτοις
983 4455 1485 4526 παρασημαίνομαι
1535 4454 1619 4507 ὅτι
1668 4451 1882 4505 πολλῶν

2061 4448 2125 4503 Ει
2160 4448 2264 4501 hoc
2291 4447 2346 4500 in
2380 4443 2571 4514 primis
2621 4447 2828 4497 annoto
2857 4436 3001 4523 quod
3044 4436 3200 4491 multi
3229 4442 3552 4505 praesentem

304 4548 637 4614 ὕπαγόντων
668 4548 728 4598 τὲ
792 4547 887 4599 τοῦ
927 4545 1292 4616 προκειμένου
1337 4546 1469 4615 ἡμῖν
1510 4544 1740 4614 σκέμμα
1783 4559 1883 4595 κα·-

301 4642 456 4704 νόνος
487 4641 569 4702 είς
602 4640 693 4691 τὸν
713 4639 1007 4707 ὲκθέμενον
1036 4639 1162 4700 τοὺς
1184 4637 1541 4699 δεσποτικοὺς
1569 4634 1878 4704 ἰαμϐείους,

301 4733 396 4785 τὸν
428 4733 515 4792 είς
547 4729 648 4800 τὴν
670 4730 925 4798 γέννησιν
954 4728 1050 4782 τοῦ
1083 4713 1337 4799 Σωτῆρος
1364 4725 1633 4796 Χριστοῦ,
1658 4726 1754 4779 καὶ
1786 4729 1880 4779 τὸν

302 4823 385 4880 εἰς
401 4821 463 4873 τὸ
484 4820 797 4889 βάπτισμα,
825 4819 1069 4880 ἐκείνους
1093 4818 1150 4870 δὲ
1176 4815 1331 4879 αὖθις
1354 4818 1435 4880 είς
1462 4816 1553 4869 τὸν
1577 4817 1879 4885 πάμμεγαν

302 4914 568 4980 Ἰωάννην
607 4912 700 4962 τὸν
715 4911 1102 4979 Δαμασκηνὸν,
1129 4908 1240 4975 ἐγὼ
1290 4908 1390 4961 οὐκ
1438 4907 1581 4977 ἔχων
1623 4905 1880 4972 γενέσθαι

308 5005 510 5074 ῥᾳδίως
539 5002 761 5055 τοιᾶσδε
791 5000 1044 5070 γνώμης,
1077 5001 1165 5053 διὰ
1193 5000 1253 5052 τὸ
1285 4999 1362 5069 μὴ
1395 4996 1879 5067 ὲξακριδώσασθαι

304 5095 492 5148 τοῦτόν
550 5110 614 5147 τε
670 5096 763 5147 τὸν
815 5095 1038 5156 κανόνα,
1089 5095 1157 5163 τῇ
1212 5092 1412 5161 φράσει
1445 5088 1880 5160 τεκμαιρόμενος

306 5185 608 5240 ἁποδιῖστῶ
654 5186 881 5239 ἐκείνων
924 5185 1034 5238 τῶν
1072 5183 1168 5237 δύο
1226 5182 1537 5252 ιαμϐικῶν,
1573 5183 1668 5234 καὶ
1719 5179 1881 5235 ἄλλον

305 5280 566 5348 τεχνίτην
610 5277 842 5338 ἐκείνοις
879 5274 1096 5339 ista:ch
1129 5273 1304 5345 ἑτέρῳ
1338 5275 1446 5329 τινὶ
1473 5271 1666 5325 τοῦτον
1699 5286 1883 5340 παρα·

307 5374 561 5441 πήγνυμι
591 5371 650 5432 ὃς
678 5387 763 5432 τις
794 5370 861 5423 ἂν
893 5371 987 5423 καὶ
1029 5368 1115 5439 εἴη
1151 5369 1382 5430 ἐκεῖνος.
1410 5367 1520 5418 Καὶ
1559 5364 1682 5418 οὐδὲ
1735 5362 1879 5416 ὲκεί-

305 5482 423 5526 mg
450 5463 532 5532 τῷ
558 5461 793 5531 ’μεγάλῳ
825 5459 1176 5531 Δαμασκηνῷ
1228 5458 1337 5526 ἔχω
1364 5456 1713 5525 προσνέμειν,
1756 5453 1878 5508 κατ’

303 5559 487 5611 αἰτίαν
511 5555 728 5609 τοιάνδε
764 5569 779 5586 ⁸
834 5553 953 5625 φῶς
994 5555 1072 5615 είς
1108 5551 1203 5613 τὰς
1244 5550 1394 5612 θείας
1428 5549 1466 5599 Γ
1473 5548 1649 5619 ραφὰς
1703 5546 1878 5598 ἐλθεῖν

304 5653 365 5703 ὲκ
391 5649 534 5702 θεοῦ
569 5650 666 5702 καὶ
688 5646 780 5701 τὸν
804 5648 1058 5717 λαμπρὸν
1089 5642 1276 5697 τοῦτον
1304 5639 1668 5711 Δαμασκηνὸν
1690 5637 1831 5705 λέγω
1862 5653 1875 5666 ⁸

306 5742 401 5809 τήν
427 5740 487 5791 δὲ
514 5739 823 5809 σαφήνειαν
864 5734 1027 5790 αὑτοῦ
1073 5735 1155 5797 τίς
1194 5731 1499 5803 ὲκμάξεται
1550 5728 1877 5801 μιμησάμε-

1987 4540 2248 4607 hymnum
2291 4536 2529 4590 referant
2554 4533 2619 4586 ad
2652 4518 2943 4585 auctorem
2984 4527 3392 4582 Dominicornm
3429 4540 3551 4579 car—

1986 4631 2218 4690 minum,
2273 4627 2436 4680 unius
2488 4624 2706 4693 quidem
2773 4622 2843 4677 de
2899 4619 3183 4675 nativitate
3233 4615 3537 4670 Salvatoris

1983 4720 2211 4786 Christi,
2246 4716 2472 4771 alterius
2492 4714 2561 4769 de
2578 4712 2923 4782 baptismate.
2948 4710 3087 4764 alios
3115 4721 3333 4761 rursum
3357 4719 3553 4773 magno

1983 4808 2179 4864 Joanui
2210 4807 2548 4860 Damasceno
2577 4803 2880 4858 ascribunt.
2910 4800 3021 4870 Ego
3044 4805 3226 4851 autem
3255 4796 3396 4848 hanc
3428 4810 3551 4847 sen-

1985 4900 2207 4955 tentiam
2243 4897 2386 4951 haud
2418 4909 2634 4965 possum
2666 4893 2842 4962 sequi,
2871 4892 2991 4944 ideo
3023 4888 3166 4959 quod
3196 4902 3303 4942 non
3325 4886 3557 4954 diligen-

1982 5000 2066 5045 ter
2095 4989 2379 5044 absolutus
2407 4995 2490 5041 est
2521 4987 2606 5040 hic
2631 4998 2844 5048 canon;
2871 4990 2926 5036 et
2951 4995 3015 5035 ex
3047 4980 3189 5047 stylo
3216 4978 3551 5047 coniectans,

1984 5094 2243 5136 semoveo
2276 5078 2386 5132 duo
2406 5077 2523 5130 hac
2571 5074 2837 5136 carmina,
2869 5082 2925 5126 et
2958 5072 3128 5125 alium
3173 5060 3454 5124 auctorem
3486 5066 3551 5119 iis

1986 5171 2258 5233 tribuens,
2285 5168 2567 5238 proprium
2600 5165 2768 5218 alium
2792 5160 3089 5231 quemdam
3144 5160 3275 5214 huic
3298 5158 3543 5225 assigno,

1983 5260 2239 5331 quisquis
2269 5260 2394 5324 ille;
2428 5272 2530 5312 nec
2557 5269 2753 5325 magno
2784 5254 3121 5308 Damasceno
3153 5251 3394 5304 tribuere
3420 5260 3548 5313 pos-

1986 5368 2132 5419 sum,
2162 5353 2233 5408 ob
2270 5365 2389 5406 eam
2412 5362 2636 5404 causam
2670 5345 2817 5414 quod
2848 5345 2942 5398 lux
2979 5344 3034 5397 in
3076 5341 3389 5409 Scripturas
3413 5334 3552 5389 divi-

1985 5460 2085 5499 nas
2116 5458 2145 5497 a
2184 5441 2294 5495 Deo
2324 5438 2497 5505 venit,
2531 5446 2585 5492 et
2637 5436 2694 5490 in
2740 5434 3009 5489 illustrem
3066 5431 3214 5485 hunc
3264 5427 3552 5480 Damasce-

1985 5551 2153 5601 num;
2187 5542 2243 5589 et
2291 5529 2619 5600 elegantiam
2673 5527 2794 5597 ejus
2843 5524 2966 5594 quis
3019 5519 3286 5575 imitando
3332 5516 3551 5579 referet,

1987 5642 2150 5697 quam
2176 5626 2229 5679 in
2274 5621 2528 5678 omnibus
2568 5618 2789 5689 scriptis
2816 5615 2932 5671 suis
2978 5610 3222 5683 profert?
3250 5609 3294 5664 Α
3329 5607 3425 5662 tali
3456 5622 3554 5660 au-

1989 5734 2097 5777 tem
2141 5716 2268 5774 idea
2306 5716 2468 5784 longe
2492 5712 2697 5769 absunt
2738 5706 2983 5777 praedicti
3035 5718 3297 5761 canones.
3349 5702 3400 5758 Si
3429 5700 3555 5761 ouis

2224 5992 2257 6017 κ
