3926 6200
370 344 387 360 .
412 289 517 353 Et”

1156 282 1582 346 EUSTATHII
1617 281 2068 343 THESSALON
2078 281 2370 343 ICENSIS
2418 276 2857 340 METROPOL.
2875 277 2983 337 ,ΠΕ
3493 285 3579 348 5ης

409 418 542 461 vero
573 402 768 456 dixerit
791 402 940 454 illum
979 400 1034 453 in
1071 399 1138 452 iis
1180 413 1321 467 quos
1357 398 1712 453 concinnavit
1764 399 1961 453 iambis

2071 411 2177 459 vo;,
2205 396 2305 464 τὴν
2337 394 2397 446 ἐν
2438 392 2648 445 ἅπασιν
2702 383 2785 454 οἷς
2831 389 3036 460 γράφει
3068 405 3084 454 ;
3117 387 3358 462 τοιαύτης
3390 393 3439 446 δὲ
3461 397 3580 462 ἰδέας

410 497 694 567 prapiium
747 494 1069 547 immutasse
1113 490 1517 552 characterem,
1561 489 1746 544 audiet
1792 491 1969 560 primo

407 585 658 640 eumdem
717 585 769 637 in
805 583 1054 636 omnibus
1092 580 1346 636 incedere
1392 583 1615 635 doctum
1658 582 1968 651 rhetorem,

409 687 461 730 et
486 675 668 729 forsan
702 675 954 737 invitum,
982 673 1295 728 dominante
1323 672 1374 727 in
1402 673 1495 727 illo
1522 674 1744 744 prapria
1763 673 1817 727 in
1837 675 1973 730 scri-

408 767 588 821 bendo
619 777 810 819 natura
841 781 855 814 :
893 765 1156 834 illumque
1189 763 1426 819 maxime
1449 763 1504 818 in
1535 764 1788 820 versibus
1813 766 1972 821 talem

406 857 667 910 exsistere
709 869 773 908 eo
820 856 964 922 quod
1028 855 1287 922 majorem
1335 854 1670 924 voluptatem
1737 865 1973 911 venatur

408 949 614 1014 poesis.
663 959 719 1000 et
765 946 846 1000 sic
888 945 1173 999 illecebras
1224 945 1461 998 maxime
1511 946 1975 1016 praetendat;ju-

406 1038 647 1090 cundum
700 1036 841 1089 enim
892 1034 1038 1104 quod
1099 1035 1449 1104 perspicuum
1501 1041 1607 1098 est,
1646 1049 1753 1090 non
1787 1046 1971 1090 autem

407 1127 553 1195 quod
586 1131 902 1180 oliscurusn.
944 1125 1097 1179 Plato
1137 1126 1356 1194 quidem
1408 1140 1531 1178 cum
1587 1126 1800 1193 poetice
1833 1125 1973 1180 scri-

407 1218 507 1282 bit,
537 1216 835 1271 dilucidior
869 1227 956 1270 est
987 1226 1042 1270 et
1075 1215 1319 1270 suavior.
1358 1215 1559 1270 Audiet
1602 1226 1788 1286 postea
1823 1216 1968 1285 quod

409 1306 846 1360 manifestaverit
869 1321 1099 1375 magnus
1122 1305 1212 1357 ille
1234 1305 1316 1358 vir
1335 1305 1467 1374 quid
1493 1305 1546 1358 in
1562 1305 1709 1374 poesi
1729 1306 1964 1371 valeret;

407 1413 516 1450 non
556 1398 701 1452 enim
745 1410 948 1466 paucas
997 1403 1210 1449 tantum
1269 1409 1522 1448 versuum
1578 1396 1802 1464 paginas
1845 1395 1971 1449 reli-

407 1489 545 1555 quit,
581 1490 675 1542 sed
711 1495 766 1542 et
807 1502 948 1558 opus
997 1487 1361 1541 dramaticum
1413 1487 1660 1556 scripsit,
1722 1499 1782 1542 ut
1816 1489 1972 1542 nobis

406 1581 740 1648 experientia
792 1579 1042 1648 probavit
1106 1579 1200 1648 qui
1242 1578 1430 1633 drama
1472 1580 1701 1648 legimus
1746 1593 1969 1648 compo-

407 1673 572 1727 situm
602 1673 655 1726 in
688 1672 857 1726 beata:
877 1680 932 1726 et
967 1680 1130 1726 casta:
1161 1673 1432 1724 Snzanna
1469 1671 1783 1734 historiam,
1843 1686 1966 1738 per-

2074 488 2121 540 oi
2156 485 2437 557 εἰρημένοι
2473 486 2699 545 κανόνες
2731 482 2880 534 πάνυ
2913 482 3132 552 μακράν
3163 484 3311 534 εἰσιν.
3343 482 3402 538 Ei
3440 486 3486 538 δέ
3513 505 3583 551 τις

2073 579 2218 632 εῐποι
2276 579 2485 632 ἐκεῖνον
2542 575 2798 643 ἐπίτηδες
2823 573 3052 638 ἀλλάξαι
3101 571 3191 625 τὸν
3212 574 3395 627 οἰκεῖον
3437 594 3587 647 χαρα-

2077 669 2263 740 κτῆρα
2281 669 2340 720 ιν
2365 663 2447 731 οἷς
2489 665 2734 736 ίαμεισε,
2759 664 2954 735 πρῶτα
2983 664 3086 734 μὲν
3114 663 3388 718 ἀκούσεται
3407 665 3480 719 ιτι
3506 683 3587 721 σαι

2074 759 2180 831 φῆς
2209 761 2394 830 ῥήτωρ
2419 756 2729 828 ’πανταχοῦ
2762 755 3008 818 τοιοῦτος
3049 755 3308 815 ἐκϐαίνει.
3352 757 3515 826 σχεδόν
3541 775 3587 811 τι

2073 851 2170 904 καὶ
2223 850 2396 912 ἄκων,
2432 847 2808 920 τυραννοῦσης
2847 844 3011 900 αὐτὸν
3037 843 3140 915 τῆς
3183 847 3258 907 είς
3292 846 3348 898 τὸ
3396 847 3593 913 γράφειν

2075 943 2315 1013 φύσεως,
2343 942 2439 996 καὶ
2475 940 2678 1011 μᾶλλον
2711 942 2771 993 έν
2821 940 2938 1002 τοῖς
2994 937 3154 990 ἔπεσι
3205 936 3430 997 τοιοῦτός
3464 939 3590 991 ιστιν

2074 1036 2300 1099 ἐκεῖνος,
2329 1031 2418 1086 διὰ
2445 1031 2506 1085 τὸ
2539 1031 2636 1101 τὴν
2661 1031 2959 1101 ποιητικὴν
2988 1028 3184 1101 ἡδονῆς
3235 1027 3391 1080 πλέον
3431 1031 3595 1098 στοχὰ-

2073 1124 2287 1189 ζεσθαι,
2311 1124 2406 1178 καὶ
2429 1123 2601 1186 οὕτως
2625 1123 2816 1191 αὐχεῖν
2845 1121 3084 1189 μάλιστα
3120 1119 3182 1172 τὸ
3199 1119 3415 1187 ἔφοκλόν
3442 1137 3457 1153 ο
3507 1120 3590 1188 ἡδὺ

2072 1218 2126 1270 ἃ
2153 1216 2214 1270 τδ
2253 1215 2445 1286 σαφὲς,
2481 1215 2542 1268 οὐ
2574 1213 2636 1267 τὸ
2672 1212 2750 1284 μὴ
2771 1213 2962 1281 σαφές.
3008 1210 3069 1264 Ὅ
3099 1201 3229 1278 γοῦν
3259 1209 3469 1264 Πλάτων
3521 1211 3596 1263 ὅτε

2072 1309 2210 1379 πρὸς
2243 1308 2442 1379 μέτρον
2473 1323 2697 1377 γραφει,
2734 1304 3072 1374 σαφέστερός
3107 1304 3255 1356 ἐστιν
3293 1302 3471 1354 ἑαυτοῦ
3517 1303 3597 1354 καὶ

2071 1401 2408 1470 γλυκύτερος
2436 1415 2453 1431 ’
2503 1396 2624 1452 εἶτα
2660 1397 3201 1468 προσεπακούσεται,
3260 1397 3340 1449 ὅτι
3371 1395 3422 1444 ὁ-
3448 1395 3594 1463 μίγα-ς

2071 1493 2280 1554 ἐκεῖνος
2303 1492 2365 1544 οὐ
2395 1489 2626 1561 λέληθεν
2653 1489 2778 1543 οὐδὲ
2803 1490 2990 1553 ὁποῖος
3017 1484 3088 1560 ἦν
3133 1489 3232 1556 τὴν
3285 1487 3547 1538 ἐποποιίαν
3578 1499 3592 1514 ·

2071 1584 2131 1636 οὐ
2159 1584 2268 1652 γᾶρ
2299 1581 2486 1644 ἁπλῶς
2511 1579 2794 1652 μετρητὰς
2826 1580 3008 1650 ἀφῆκε
3047 1579 3261 1642 σελίδας
3304 1577 3462 1638 ἐπῶν,
3486 1574 3602 1627 ἀλλὰ

2073 1674 2168 1727 καὶ
2202 1672 2725 1742 έδραματούργησεν
2754 1687 2770 1704 ο
2801 1672 2876 1736 ὡς
2909 1671 3007 1724 καὶ
3043 1673 3196 1740 ἡμᾶς
3243 1671 3276 1741 ἡ
3308 1671 3459 1736 πεῖρα
3511 1667 3604 1719 ἐδί-

405 1778 588 1833 perain
623 1764 938 1817 adnotatum
968 1771 1029 1818 ut
1067 1779 1258 1832 poema
1300 1761 1530 1817 Joannis
1563 1761 1824 1830 Mansur;
1851 1771 1968 1816 erat

2076 1763 2202 1829 δαξε
2229 1737 2737 1834 πἐριτετυχυκότας
2763 1763 3004 1834 δράματι
3034 1737 3275 1825 ἐκείνους
3327 1757 3599 1828 πεποιημέ-

406 1866 586 1907 autem
621 1853 844 1908 Mansur
875 1869 1179 1921 cognomen
1224 1869 1334 1923 quo
1391 1853 1718 1909 maledictus
1757 1853 1968 1922 ϐορειο-

406 1959 607 2013 nymus
655 1943 889 2014 maligne
949 1945 1275 2014 loquebatur
1331 1943 1569 1999 irridens
1625 1957 1749 1999 eum
1810 1942 1970 2012 quasi

406 2035 568 2104 Syrio
596 2044 774 2089 ortum
808 2049 1039 2105 genere;
1089 2041 1144 2088 et
1169 2033 1471 2089 adornabat
1515 2033 1969 2103 compositionem

407 2124 635 2191 hujusce
667 2124 931 2178 dramatis
981 2122 1152 2191 stylus
1203 2123 1362 2192 plane
1411 2121 1798 2191 Euripidieus;
1837 2136 1970 2190 pro-

406 2218 580 2282 priam
607 2214 750 2266 enim
789 2213 1161 2282 genealogiam
1189 2213 1409 2268 texebat
1439 2210 1718 2273 Suzanna.
1750 2222 1805 2266 et
1830 2214 1972 2267 dole-

403 2303 495 2356 bat
540 2302 585 2355 si
624 2310 776 2355 tanto
823 2301 965 2356 maio
1015 2301 1404 2356 succumberet
1453 2301 1507 2354 in
1538 2302 1719 2367 horto,
1765 2312 1823 2357 et
1861 2304 1967 2356 vim

405 2401 710 2461 pateretur;
753 2403 881 2444 tunc
917 2392 1172 2460 paradiso
1216 2391 1395 2445 locum
1429 2393 1767 2455 assimiians.
1828 2395 1967 2448 refe-

403 2484 558 2535 rebat
615 2482 888 2550 quomodo
946 2481 1121 2536 malus
1171 2481 1384 2536 daemon
1445 2498 1662 2537 rursum
1719 2485 1969 2553 decipere

405 2585 639 2629 tentaret
688 2572 854 2626 Evam
892 2587 1008 2638 me;
1065 2572 1144 2626 sic
1200 2573 1383 2642 poesis
1441 2576 1646 2643 absque
1691 2576 1967 2644 grandilo—

404 2669 646 2736 quentia,
683 2674 738 2719 et
781 2666 901 2719 luce
943 2665 1349 2733 perspicuitatis
1402 2667 1633 2734 pollens,
1688 2683 1789 2722 nec
1842 2667 1966 2722 rudi

404 2757 589 2828 phrasi
613 2758 842 2811 obscura
881 2758 932 2810 in
959 2757 1153 2810 illustri
1189 2757 1552 2812 Damasceno.

2077 1871 2151 1921 νῳ
2189 1852 2288 1922 μὲν
2321 1853 2401 1916 είς
2428 1855 2496 1906 τά
2531 1851 2673 1905 κατὰ
2693 1851 2794 1922 τὴν
2830 1851 3111 1922 μακαρίαν
3146 1850 3394 1919 σώφρονα
3421 1845 3607 1901 Σωσάν-

2075 1961 2195 2010 ναν,
2221 1943 2812 2016 παρασεσημειωμένῳ
2844 1942 2904 1995 δὲ
2933 1943 2998 1996 ὲκ
3045 1943 3297 2010 πλαγίων
3323 1941 3516 2010 ποίημα
3539 1934 3606 1992 εἰ·

2076 2054 2164 2090 ναι
2201 2037 2453 2092 Ἰωάννου
2485 2037 2746 2108 Μανσούρ
2775 2037 2851 2108 (1)
2885 2052 2900 2068 °
2926 2031 2997 2108 ἦν
3017 2035 3074 2090 δὲ
3100 2039 3129 2089 ὁ
3157 2037 3408 2104 Μανσούρ
3430 2033 3609 2086 ἐπώνυ-

2080 2146 2203 2199 μον,
2265 2123 2309 2198 ᾧ
2343 2131 2408 2202 δὴ
2459 2131 2488 2184 ό
2548 2131 2826 2200 ἐπάρατος
2888 2127 3275 2200 Κοπρώνυμος
3322 2126 3608 2192 έκακολόγει

2073 2223 2340 2275 σκώπτων
2385 2223 2594 2275 ἐκεῖνον
2627 2218 2714 2275 οἷα
2743 2222 2932 2290 γένους
2964 2221 3307 2291 ὡρμημένον
3355 2212 3609 2286 συριακοΰ,

2070 2311 2166 2364 καὶ
2196 2313 2495 2385 ὲσκευὼρει
2555 2313 2655 2384 τὴν
2717 2315 2961 2368 διάθεσιν
2996 2314 3210 2366 ἐκείνου
3243 2312 3333 2365 τοῦ
3370 2310 3612 2379 δράματος

2070 2405 2406 2474 εὐριπίδειος
2428 2405 2754 2476 αὐτόχρημα
2788 2405 3009 2475 μέθοδος
3033 2420 3050 2436 ο
3080 2403 3418 2473 ἐγενεαλόγει
3449 2416 3501 2452 τε
3521 2398 3615 2468 γὰρ

2067 2495 2272 2566 ἑαυτὴν
2305 2499 2338 2567 ή
2382 2497 2651 2552 Σωσάννα
2679 2498 2774 2552 καὶ
2792 2496 3124 2550 ἀπεκλαίετο
3155 2497 3206 2548 εί
3235 2494 3508 2565 περιπέσοι
3529 2506 3614 2542 κα-

2072 2585 2153 2654 κῷ
2171 2587 2476 2656 τηλικούτῳ
2507 2589 2660 2652 ἐντὸς
2699 2590 2886 2658 κήπου
2921 2587 3019 2640 καὶ
3045 2587 3302 2658 βιασθείη
3337 2601 3353 2618 ⁸
3397 2583 3514 2636 ενθα
3537 2580 3618 2632 καὶ

2070 2679 2387 2748 παραδείσῳ
2425 2680 2517 2734 τὸν
2538 2681 2704 2733 τόπον
2738 2680 3034 2743 είκάσασα,
3079 2682 3144 2733 έν
3171 2673 3215 2747 ᾧ
3255 2681 3290 2750 ἡ
3337 2673 3614 2743 προμήτωρ

2068 2768 2172 2821 ὑπὸ
2192 2770 2286 2823 τοῦ
2310 2769 2564 2838 δαίμονος
2603 2771 2940 2841 άπατηθείη,
2973 2770 3178 2840 φράζει
3227 2769 3469 2837 γλυκέως
3506 2759 3620 2825 dice

401 2851 707 2921 ἁρχέκακος
730 2848 946 2918 δράκων
979 2847 1144 2901 πάλιν
1175 2848 1386 2918 πλανᾷν
1409 2849 1636 2943 έσπευῖε
1673 2851 1770 2920 τὴν
1804 2852 1946 2906 Εὕαν
1983 2857 2086 2927 ὲμέ
2120 2875 2136 2892 ο
2163 2859 2335 2922 οὕτως
2356 2856 2743 2930 ἀστόμφαστος
2764 2863 2862 2916 καὶ
2885 2865 2918 2932 ἡ
2942 2863 3205 2916 έποποιῖα
3246 2862 3340 2913 καὶ
3373 2860 3502 2930 φωτὶ
3536 2874 3618 2910 σα·

402 2947 628 3016 φηνείας
657 2943 935 3008 διάλευκος
981 2945 1074 2997 καὶ
1099 2943 1527 3011 ἁνεπισκότητος
1571 2946 1770 3014 φράσει
1802 2949 2016 3020 σκληρᾷ
2047 2952 2125 3022 τῷ
2157 2953 2400 3025 λαμπρῷ
2437 2955 2804 3026 Δαμασκηνῷ,

474 3039 644 3107 Hujus
689 3039 754 3091 ad
800 3037 1156 3090 imitationem
1202 3036 1254 3088 in
1299 3051 1492 3104 magna
1545 3037 1957 3107 Thessalonice,

2141 3039 2218 3099 Οὐ
2262 3048 2404 3116 πρός
2429 3064 2552 3102 τινα
2589 3051 2887 3120 ὁμοιότητα
2917 3053 2975 3105 έν
3013 3054 3078 3122 τῇ
3132 3053 3348 3124 μεγάλῃ
3379 3053 3623 3105 Θεσσαλο-

403 3131 616 3184 iambos
640 3129 768 3181 olim
808 3137 1104 3180 texuerunt
1138 3126 1377 3188 diaconi,
1403 3141 1546 3187 unus
1569 3128 1790 3195 quidem
1826 3131 1998 3185 india

403 3236 562 3289 gena,
613 3217 830 3271 nomine
861 3216 1154 3278 Sumanes.
1205 3216 1532 3270 scriniorum
1577 3218 1864 3286 praefectus
1904 3236 1969 3274 ex

401 3312 768 3367 ecclesiastica
813 3309 1106 3378 dignitate;
1133 3309 1270 3361 alter
1291 3308 1512 3376 sapiens
1541 3308 1966 3380 Megalopolitcs,

403 3403 563 3457 levita
602 3415 882 3455 sacrarum
920 3401 1119 3453 artium
1155 3400 1434 3468 magister,
1467 3400 1695 3456 Michael
1753 3416 1966 3472 protec-

403 3496 574 3557 dicos,
609 3494 702 3560 qui
765 3492 980 3546 tandem
1017 3492 1303 3544 vexatione
1348 3493 1547 3545 diaboli
1585 3493 1884 3559 laboravit;
1916 3503 1972 3550 et

403 3585 566 3637 ambo
595 3597 814 3653 propter
860 3586 1118 3651 hymnum
1155 3599 1250 3653 pro
1277 3584 1629 3639 sanctissimo
1657 3586 1807 3638 urbis
1839 3602 1971 3654 prae-

402 3675 570 3740 Iecto,
624 3678 689 3730 de
759 3676 1099 3730 suaveolenti
1164 3691 1361 3745 magno
1416 3687 1658 3747 martyre
1737 3677 1965 3748 gloriam

403 3769 578 3837 adepti
603 3778 750 3831 sunt,
788 3783 911 3822 cum
945 3783 1052 3822 non
1106 3769 1231 3822 vilia
1275 3769 1564 3834 dixissent,
1592 3778 1649 3824 et
1680 3769 1970 3824 luciditate

404 3860 693 3931 fulgerent.
729 3861 874 3915 Ante
908 3875 1003 3914 eos
1045 3869 1248 3924 autem,
1277 3860 1470 3915 eodem
1510 3870 1764 3929 suscepto
1803 3876 1970 3931 opere

402 3951 468 4004 de
508 3951 906 4020 angustissimo
957 3949 1270 4006 Nativitatis
1304 3952 1506 4007 Christi
1559 3952 1699 4007 festo
1726 3952 1969 4009 Joannes

403 4041 722 4096 Gcmnetres
751 4042 974 4111 gloriari
1028 4045 1203 4111 potuit
1243 4053 1297 4096 et
1321 4045 1440 4112 ipse
1459 4045 1605 4115 quod
1645 4046 1810 4100 simili
1847 4047 1969 4102 luce

402 4133 707 4199 gravitatis,
745 4139 799 4184 et
841 4131 1106 4184 claritatis
1152 4139 1205 4184 et
1259 4135 1547 4190 suavitatis
1597 4135 1966 4207 przeiuigeret,

2071 3137 2196 3208 νίκῃ
2228 3138 2532 3206 φθάσαντές
2570 3156 2699 3192 ποτε
2732 3142 2986 3212 ίχμσίσαι
3035 3143 3310 3206 διάκονοι,
3342 3144 3367 3196 6
3409 3144 3502 3212 μέν
3553 3157 3624 3201 τις

2071 3229 2361 3298 ἐγχώριος,
2397 3231 2637 3302 ἐπίκλην
2690 3234 2997 3304 Σουμάνης,
3040 3235 3399 3306 χαρτοφύλαξ
3448 3235 3503 3286 τὸ
3547 3235 3626 3284 ικ-

2070 3320 2466 3388 κλησιαστικδν
2491 3323 2730 3394 ἀξίωμα,
2759 3327 2948 3397 ἔτερος
2977 3327 3034 3380 δὲ
3082 3331 3255 3396 σοφὸς
3299 3321 3626 3396 μεγαλοκολί-

2067 3427 2188 3481 της.
2241 3412 2459 3482 λευῖτης
2513 3417 2885 3487 ἁγιοσοφίτης,
2933 3421 3157 3489 Μιχαὴλ
3203 3415 3625 3491 πρωτέκδικος,6

2069 3504 2127 3554 ἐν
2157 3504 2368 3574 ὑστέρῳ
2395 3501 2778 3577 δυσκληρήσας
2812 3511 3047 3580 ἐπηρείᾳ
3088 3510 3376 3579 δαῖμονος.
3409 3509 3497 3560 καὶ
3535 3507 3625 3572 ἀμ·

2071 3595 2288 3663 φότεροι
2323 3598 2455 3663 πρὸς
2484 3595 2655 3666 ὕμνον
2691 3598 2781 3652 τοῦ
2812 3600 3130 3667 ἁγιωτάτου
3169 3603 3463 3670 πολιούχου
3503 3595 3628 3650 κατὰ

2068 3685 2527 3757 trba-(10.006113ch
2570 3691 3041 3762 μεγαλομάρτυρα
3074 3694 3465 3764 εὐδοκίμησαν,
3516 3688 3625 3742 οὔτε

2068 3777 2306 3830 ταπεινὰ
2357 3779 2666 3847 φράσαντες
2717 3782 2811 3833 καὶ
2857 3783 3133 3853 σαφηνείᾳ
3192 3784 3630 3853 έλλαμψάμειοι·

2070 3867 2178 3936 πρό
2203 3867 2259 3918 δὲ
2296 3869 2478 3920 αὐτῶν
2507 3871 2586 3930 είς
2618 3871 2804 3938 ὅμοιον
2849 3873 3008 3942 ἔργον
3041 3875 3436 3943 πονησάμενος
3475 3874 3502 3924 ό
3551 3888 3629 3922 σο-

2068 3959 2316 4027 φώτατος
2345 3961 2602 4028 Ἰωάννης
2629 3964 2656 4013 ό
2686 3963 3016 4034 Γεωμέτρης
3077 3967 3177 4017 ἐπὶ
3238 3970 3304 4036 τῇ
3363 3966 3635 4028 παναέπτῳ

2067 4052 2166 4122 τῆς
2187 4050 2278 4103 τοῦ
2311 4051 2547 4122 Χριστοῦ
2573 4055 2882 4125 γεννήσεως
2940 4058 3133 4127 ἑορτῇ,
3182 4059 3351 4128 ἔσχεν
3409 4056 3630 4124 αὐχῆσαι

2068 4143 2160 4194 καὶ
2193 4142 2354 4204 αὐτὸς
2375 4144 2546 4214 ὁμοίῳ
2572 4146 2712 4213 φωτὶ
2743 4147 2835 4199 καὶ
2862 4149 3203 4218 σεμνότητος
3223 4151 3320 4203 καὶ
3357 4145 3638 4215 σαφηνείας

405 4221 478 4274 nil
504 4228 558 4271 et
594 4221 706 4287 ipse
736 4235 987 4288 asperum
1024 4220 1254 4274 habens.
1285 4222 1340 4274 Si
1380 4225 1506 4292 quis
1531 4239 1712 4281 autem
1743 4237 1969 4284 conten-

2071 4234 2162 4285 καὶ
2189 4231 2528 4302 γλυκύτητος
2558 4233 3011 4304 λαμπρύνασθαι,
3045 4238 3213 4291 οὐδέν
3248 4257 3304 4292 τι
3351 4234 3638 4304 σκληρυνά-

405 4309 542 4362 olens
600 4307 780 4362 dicere
817 4307 970 4361 malit
1012 4309 1355 4378 spiritualem
1409 4315 1806 4370 modulatorem
1858 4319 1965 4370 alta

2073 4338 2236 4389 μενος
2278 4321 2390 4375 οὐδ’
2423 4322 2585 4385 αὐτός
2620 4340 2636 4357 ο
2673 4324 2722 4376 εί
2755 4323 2810 4375 δέ
2839 4342 2923 4388 τις
2951 4326 3155 4395 ἐρίζων
3199 4328 3425 4382 ἑλέσθαι
3484 4324 3641 4377 εἰπεῖν

403 4398 728 4467 sapientem,
761 4398 844 4451 vel
867 4398 1025 4452 aliter
1052 4400 1456 4472 dithyrambico
1492 4403 1616 4473 igne
1640 4420 1964 4460 succensum

2073 4414 2166 4467 τὸν
2193 4417 2570 4476 πνευματικὸν
2609 4417 2850 4488 μελῳδὸν
2872 4418 3238 4489 λυκοφρόνως
3274 4423 3307 4491 ἢ
3342 4421 3516 4480 ἄλλως
3573 4417 3642 4468 δι-

401 4490 717 4560 scripsisse,
742 4487 888 4559 quod
945 4491 1188 4547 urbanus
1219 4499 1272 4546 et
1305 4493 1499 4548 doctus
1546 4494 1873 4552 Theocritus
1911 4499 1964 4550 in

2076 4502 2438 4570 Θυραμδικῶς
2464 4504 2707 4572 ποιῆσαι,
2732 4487 2770 4558 νδ
2800 4507 2950 4584 καχὸ
2987 4487 3210 4573 das-Io;
3259 4487 3384 4579 ἆρα
3417 4509 3506 4562 καὶ
3562 4523 3644 4559 σοι

403 4581 720 4636 methodum
761 4580 1010 4650 redigere
1053 4581 1266 4643 statuit,
1305 4583 1387 4637 vei
1426 4595 1481 4638 ut
1516 4585 1730 4640 laudem
1779 4597 1964 4657 capta-

2073 4594 2172 4661 φὺς
2235 4594 2525 4664 Θεόκριτος
2573 4598 2834 4668 ἑπέκρινέ
2889 4580 2992 4654 που
3058 4603 3403 4667 μεθοδεῦσαι
3437 4597 3642 4669 χάρινῆ

402 4680 504 4735 ret,
529 4670 613 4724 vel
648 4679 706 4724 ut
741 4677 982 4739 aequaret
1004 4670 1139 4724 alios
1175 4671 1267 4725 tali
1296 4675 1444 4742 poesi
1481 4675 1820 4740 nobilitatos.
1860 4679 1964 4734 etsi

2073 4683 2388 4752 φιλοτιμίας
2416 4685 2666 4756 ἢὰπλῶς
2718 4691 3028 4755 έξισὼσεως
3080 4693 3195 4758 τῆς
3240 4696 3385 4762 πρὸς
3443 4694 3646 4759 ἑτέρους

400 4760 646 4828 quaedam
683 4775 788 4814 non
832 4759 1060 4830 probata
1103 4758 1270 4826 dicat,
1305 4769 1360 4816 et
1422 4763 1721 4830 probabilia
1752 4774 1962 4820 tantum

2071 4774 2496 4855 ἁγλαῖζομένους
2541 4781 2801 4850 ἑποποιῖᾳ
2864 4783 3129 4853 τοιαύτῃ.
3201 4758 3507 4854 ἀμάρτυρα
3535 4758 3648 4850 μὲν

308 4873 318 4884 ~
400 4851 545 4903 edat.
580 4849 708 4902 Esto
736 4857 934 4914 tamen,
966 4849 1248 4905 veritatem
1309 4852 1541 4918 dixerit;
1574 4862 1630 4906 ut
1679 4855 1825 4909 enim
1857 4872 1962 4911 non

2071 4863 2223 4917 λαλεῖ
2257 4869 2374 4932 καὶ,
2427 4849 2502 4930 ὧς
2540 4871 2737 4936 εἰπεῖν,
2778 4849 3136 4940 είκοτολοχετ.
3195 4849 3393 4929 ’Ἔστω
3425 4849 3482 4926 δὲ
3513 4874 3648 4940 ὅμως

399 4959 695 5022 arguantur
728 4946 868 5014 quod
903 4946 975 4999 ita
1017 4945 1337 5001 aliirmative
1375 4947 1540 5002 locuti
1569 4948 1745 5005 simus
1777 4953 1842 5007 de
1884 4953 1966 5008 his

2071 4955 2368 5026 ἁλ.ηθεὺων.
2395 4958 2513 5011 Ἵνα
2539 4961 2650 5029 γάρ
2692 4961 2769 5031 μὴ
2797 4965 3099 5034 πεισμονὴν
3133 4968 3438 5034 περιέπειν
3463 4963 3648 5030 irit-Tt-

397 5049 524 5104 quae
555 5048 659 5087 non
715 5036 1022 5103 Oportebat,
1057 5037 1249 5092 demus
1282 5045 1340 5090 ut
1378 5041 1668 5094 mutaverit
1720 5043 1964 5098 musicus

2071 5049 2260 5118 οώμεν
2295 5051 2381 5118 ἐφ’
2414 5048 2500 5115 οἷς
2536 5053 2637 5106 οὐκ
2665 5056 2852 5124 ἐχρῆν,
2885 5057 3138 5126 διδόαμεν
3173 5058 3420 5125 ἀλλάξαι
3448 5055 3536 5108 καὶ
3568 5051 3651 5104 τὸν

397 5133 622 5180 sanctus
678 5124 1049 5181 Damasccnus
1097 5129 1371 5197 propriam
1437 5130 1734 5200 loquelam,
1805 5137 1960 5203 quasi

2071 5140 2225 5205 ἆγιον
2254 5140 2619 5213 Δαμασκηνὸν
2687 5146 2954 5216 μελῳδὸν,
3005 5124 3098 5201 τόν
3147 5124 3372 5202 οἰκεῖον
3430 5146 3653 5215 φθόγγον

396 5217 547 5272 vocis
582 5215 978 5280 dissimulator,
1016 5233 1109 5286 per
1139 5220 1500 5276 imitationem
1534 5241 1636 5278 non
1677 5241 1798 5294 quae
1831 5228 1964 5280 sitn-

2071 5224 2152 5283 οἷα
2185 5233 2280 5286 καί
2313 5249 2437 5286 τινα
2465 5236 2788 5307 φωνόμιμον
2811 5215 2953 5309 πρὸς
2975 5240 3218 5310 μίμησιν
3248 5242 3316 5294 οὐ
3349 5239 3448 5312 τὴν
3479 5234 3654 5295 ἁπλῶς

407 5310 622 5378 pliciter
675 5324 704 5363 a
739 5309 925 5363 multis
973 5321 1259 5366 exercetur
1315 5315 1531 5382 quando
1576 5319 1960 5385 opportunitas

2071 5323 2222 5390 παρὰ
2261 5326 2375 5388 τοῖς
2403 5327 2621 5391 πολλοῖς
2657 5309 3068 5402 μελετωμένην,
3103 5334 3199 5384 ὅτε
3249 5309 3474 5404 καιρός,
3536 5327 3650 5381 οὐδὲ

396 5399 647 5465 voluerit,
680 5415 785 5453 non
822 5415 929 5468 qua
955 5401 1154 5469 insigni
1182 5404 1342 5457 modo
1361 5418 1619 5460 narratur
1645 5408 1712 5462 de
1743 5407 1960 5465 hernica

2073 5413 2215 5466 κατὰ
2249 5414 2310 5467 τὸ
2343 5415 2637 5488 ἐξαιρέτως
2673 5399 3038 5493 ἱστορημόνηνν
3069 5423 3208 5491 περί
3242 5399 3396 5485 τινος
3427 5414 3653 5493 ἡρωᾱοῦ

397 5486 628 5554 quadam
655 5503 906 5557 persona,
947 5487 1045 5544 sed
1081 5491 1380 5545 secundum
1421 5497 1780 5562 apostolicam
1809 5499 1955 5554 illam

2071 5505 2388 5575 προσώπου,
2423 5486 2558 5563 ἀλλὰ
2594 5513 2736 5566 κατὰ
2765 5486 3181 5584 τὴν-ὐπδαύτοιῖ
3240 5486 3652 5587 μεμελι-σμένην

467 5655 543 5722 (l)
574 5655 952 5728 Deagnoniine
982 5659 1224 5726 Mansur,
1267 5665 1504 5735 itemque
1535 5667 1604 5725 de
1655 5673 1762 5728 alio
1813 5675 1957 5733 infra
1993 5681 2241 5746 legendo.
2277 5682 2462 5748 Arcia.
2495 5687 2726 5745 Allatius
2763 5690 2884 5747 loco
2921 5691 3208 5752 praedicto.
