3926 6200
297 300 403 360 509

1120 303 1204 360 ιιι(
1248 304 1583 367 11Υ).Νυ)ῑ
1616 307 2265 371 ΡΕΝτιιεοετλιΕιι
2310 314 2772 377 DAMASILENI.

3447 326 3554 390 519

297 409 664 478 ἀπιστολικὴν
709 411 1091 481 πολύφθογγον
1119 418 1387 483 ἁρμονίαν
1415 418 1685 485 γλωσσῶν
1716 434 1729 448 ο
1782 418 1869 470 ἵνα

1977 419 2287 489 linguarum
2331 425 2673 485 harmoniam
2720 429 2789 484 ab
2820 444 2882 483 eo
2917 429 3206 501 diligenter
3229 440 3551 508 quaesitam;

297 501 431 568 πρὸς
486 501 686 573 τέχνην
724 504 809 574 εἴη
868 506 963 557 καὶ
997 506 1161 570 αὐτὸς
1223 508 1644 580 ποικιλόφωνός,
1680 511 1775 564 καὶ
1814 513 1875 562 ἐκ

297 595 448 656 θείας
474 595 765 657 ἐπιπνοίας
790 596 1203 663 πολύγλωσσος.

371 686 585 749 Τοίνυν,
625 683 669 741 ὦ
708 688 986 755 ἁγιώτατε
1011 692 1361 762 Δαμαπηνέ,
1391 695 1659 765 χρεώστει
1715 696 1876 766 χάριρ-

292 796 391 841 τας
424 782 537 843 τοίς
569 782 985 852 παραρῤίψασιν
1036 786 1131 838 ἐπὶ
1164 788 1222 839 σὲ
1253 790 1383 852 τοὺς
1447 790 1722 853 τοιούτους
1775 808 1877 843 xa-

292 870 471 932 νόνας,
506 872 599 923 καὶ
635 873 1100 942 εἰσποιησάμενος
1128 878 1253 937 τοὺς
1294 876 1492 947 λόγους
1545 880 1769 943 τούτους
1799 882 1873 945 ὼς

291 956 495 1014 οἷσκαὶ
528 962 940 1031 γενησάμενος
987 966 1210 1032 αὐτοὺς,
1254 970 1349 1022 καὶ
1408 970 1553 1024 οὕτω
1595 971 1875 1041 πληθύνας

288 1054 463 1106 τέκνα
496 1070 615 1117 σου,
648 1053 797 1118 δέξαι
825 1056 917 1109 καὶ
935 1056 1122 1125 τρίτον
1157 1060 1360 1114 κανόνα
1386 1060 1474 1114 τὸν
1501 1065 1581 1125 είς
1618 1064 1678 1116 τὸ
1708 1065 1876 1132 ἁγιώ-

290 1160 458 1197 τατον
485 1144 731 1205 Πνεῦμα.
784 1144 851 1197 ΤΞ
908 1145 1019 1218 γὰρ
1058 1147 1260 1201 κωλύει
1319 1150 1732 1221 ἐπιγράφεσθαί
1788 1172 1869 1208 σοι

289 1237 385 1288 καὶ
419 1235 581 1287 αὐτὸν
607 1236 731 1289 κατ’
752 1236 1019 1301 ἐκείνους,
1045 1239 1135 1293 ἵνα
1157 1241 1428 1311 πανάριον
1474 1244 1503 1296 ὃ
1556 1246 1673 1297 ἐστι
1722 1245 1871 1316 θίὸη,

288 1328 319 1398 ἢ
359 1327 606 1397 ἀρκλίον,
647 1332 833 1384 εῐτουν
858 1331 1146 1400 κιϐώτιον,
1174 1336 1536 1406 χαρισώμεθα
1562 1356 1643 1392 σοι
1673 1339 1751 1409 τῷ
1775 1358 1863 1410 με·

288 1424 445 1490 γάλῳ
489 1422 712 1495 Ἰωάννη
748 1424 807 1476 τὸ
842 1425 1062 1494 πόνημα
1091 1426 1272 1489 τοῦτο,
1307 1427 1383 1489 ὥς
1412 1446 1578 1496 φασιν
1615 1433 1664 1483 oi
1720 1433 1873 1500 ίδμο-

288 1532 401 1579 νες,
446 1514 699 1568 Ἰωάννου
749 1514 998 1584 Ἀρκλᾶς
1034 1517 1157 1571 οὐδὲ
1199 1521 1398 1588 σεμνὸν
1447 1520 1580 1587 γοῦν
1610 1539 1663 1574 τι
1715 1525 1875 1576 αὐτοὶ

288 1608 466 1675 ὄνομα
500 1606 853 1676 χαριζόμενοι
880 1608 960 1679 τῷ
990 1612 1084 1662 καὶ
1113 1611 1392 1678 φιλοπόνῳ
1417 1615 1615 1683 ἐκείνῳ
1649 1617 1746 1668 καὶ⁵
1779 1634 1872 1683 με·

284 1698 594 1770 γαλοφώνῳ
622 1699 902 1770 φιλοσόφῳ
941 1701 1143 1772 ἀνδρί·
1189 1704 1285 1767 οὓς
1344 1704 1456 1771 ἐγὼ
1507 1706 1672 1775 μισῶ,
1727 1708 1871 1761 καθὰ

284 1793 381 1844 καὶ
412 1792 613 1855 ἄλλους
646 1791 697 1845 οἳ
758 1793 850 1845 καί
894 1810 1018 1847 τινα
1070 1795 1235 1863 σοφὸν
1279 1796 1600 1852 διδάσκαλον
1645 1798 1873 1853 παλαιὸν

285 1884 520 1947 πολλοὺς
548 1885 640 1938 καὶ
660 1884 942 1955 πολλαχῶς
980 1887 1039 1941 ἐν
1073 1888 1254 1955 λόγοις
1282 1888 1719 1959 ὀμματώσαντα,
1774 1910 1874 1959 φε-

288 1977 515 2047 ρόμενοι
551 1975 730 2046 φθόνῳ
761 1976 1133 2048 Χοιροσοσκδν
1179 1981 1546 2051 ἐπωνόμασαν
1580 1998 1595 2013 ⁸
1660 1984 1763 2037 οὐκ
1807 1985 1877 2038 ἂν

281 2068 502 2120 ἐκεῖνον
523 2066 698 2130 οὕτως
729 2067 926 2119 ἑαυτὸν
972 2068 1259 2133 δηλοῦντα,
1293 2069 1380 2121 ὅτε
1422 2070 1634 2141 γράφον
1666 2074 1876 2141 ἐχαρα-

281 2156 520 2228 κτήριζε
547 2158 617 2211 τὰ
644 2159 821 2211 οίκεῖα
848 2174 863 2187 °
915 2158 1238 2229 κακώνυμυι
1265 2160 1462 2230 ἄνδρες
1484 2163 1690 2215 ἐκεῖνοι
1718 2164 1874 2217 οὐδὲν

277 2245 452 2322 ἧττον
476 2250 624 2319 ἥπερ
654 2250 704 2303 οἱ
734 2249 874 2303 κατά
897 2249 995 2320 τὴν
1019 2251 1468 2319 μασσαλιωτικὴν
1501 2252 1668 2307 πίσαν
1704 2255 1873 2307 Λατῖ-

278 2361 385 2403 νοι,
425 2342 560 2411 παρ’
609 2336 690 2402 οἷς
719 2341 1008 2412 τεθέληται
1031 2342 1291 2405 ἀναιτίως
1323 2342 1467 2397 οὕτω
1494 2346 1587 2397 καὶ
1618 2347 1697 2407 είς
1720 2345 1873 2399 οὐδὲν

280 2433 405 2488 δέον
432 2432 747 2503 δυσφημεῖν
787 2433 913 2494 τοὺς
965 2433 1267 2503 ἐγχωρίους
1306 2434 1577 2495 ἐπιθέτοις
1619 2436 1871 2505 ὀνόμασι.

279 2525 391 2578 Τὸν
429 2524 533 2592 μὲν
572 2523 681 2594 γὰρ
706 2522 924 2585 σκύλον,
951 2524 1041 2579 τὸν
1079 2525 1136 2578 δὲ
1161 2525 1420 2592 σκλάϐον,
1465 2528 1554 2578 τὸν
1599 2527 1657 2579 δέ
1692 2528 1875 2596 παγά-

278 2629 399 2676 νον,
446 2613 479 2681 ἢ
506 2612 936 2679 ἐπονομάζουσιν
968 2612 1002 2682 ἢ
1035 2612 1300 2665 καλοῦσιν
1336 2630 1350 2644 ·
1381 2613 1455 2675 ὡς
1510 2613 1730 2683 αἱρετὸν
1790 2610 1868 2667 εῐ-

277 2721 395 2769 ναι,
435 2703 727 2773 ἀνώνυμον
752 2703 884 2773 παρ’
910 2704 1140 2765 ἐκείνοις
1170 2700 1310 2757 εἷναί
1340 2722 1486 2769 τινα,
1533 2703 1561 2755 ὃ
1590 2706 1705 2767 τοῖς
1738 2704 1875 2773 ψυλ-

277 2796 399 2856 λοῐς
433 2791 518 2864 τῷ
552 2794 696 2848 ἔθνει
725 2794 1195 2863 ἐπισυμεέδηκεν,
1237 2796 1270 2864 ἢ
1300 2793 1477 2859 οὕτως
1506 2796 1717 2865 ἀτίμως
1751 2797 1871 2849 ὀνο-

282 2887 529 2955 μαστὸν,
577 2886 758 2954 χρόνῳ
820 2885 877 2938 δέ
933 2902 1064 2938 ποτε
1098 2887 1294 2955 μακρῷ
1330 2893 1425 2939 καὶ
1470 2886 1817 2958 περιώνυμον
1852 2906 1868 2921 ο

276 2978 432 3031 ἀλλὰ
461 2980 624 3031 τοῦτο
655 2977 756 3047 μὲν
801 2977 1043 3031 τοιοῦτον
1091 2978 1166 3039 ὡς
1199 2978 1257 3030 ἐν
1293 2980 1655 3049 παρεκὸἁσσι.
1714 2980 1870 3033 Ὀσοι

1983 523 2043 571 ut
2078 526 2172 582 per
2202 524 2376 567 artem
2427 528 2570 571 esset
2605 527 2658 573 et
2694 518 2812 587 ipse
2854 522 3135 577 variarum
3177 539 3372 581 vocum
3404 538 3458 581 et
3484 544 3553 583 ex

1977 603 2165 659 divina
2179 605 2559 686 inspiratione
2589 612 2885 665 multarum
2911 613 3219 683 linguarum
3251 617 3476 684 peritus.

2058 695 2215 750 Nunc
2274 714 2424 767 ergo,
2472 714 2505 752 ο
2566 704 2910 758 sanctissime
2954 705 3307 773 llatnascene,
3350 710 3554 777 gratias

1977 805 2076 859 age
2113 790 2195 843 hls
2235 792 2326 859 qui
2377 789 2429 842 in
2466 799 2516 844 te
2554 791 2653 846 hos
2694 807 2933 848 canones
2983 794 3303 863 iniecerunt,
3336 809 3390 851 et
3428 814 3551 853 cum

1977 880 2175 936 {cerris
2198 898 2483 938 sernmues
2510 884 2654 946 illos,
2684 895 2743 937 ut
2777 886 3014 948 videtur,
3054 899 3108 941 et
3140 890 3395 955 genitoris
3430 905 3552 956 eos,

1976 986 2023 1031 ct
2064 974 2143 1025 sic
2201 974 2654 1041 multiplicaveris
2696 975 2860 1029 ftelus
2910 989 3057 1039 tuos.
3092 981 3279 1047 accipe
3329 990 3383 1035 et
3444 989 3555 1034 ter-

1979 1064 2109 1116 tium
2158 1078 2422 1119 catmuetn
2489 1066 2541 1117 in
2604 1067 2865 1136 Spiritum
2924 1078 3201 1124 sanctum.
3234 1071 3373 1134 Quid
3407 1071 3551 1124 enim

1977 1162 2123 1206 vetat
2171 1157 2300 1223 quin
2370 1155 2679 1211 ascribatur
2744 1159 2837 1212 tibi
2903 1168 2958 1213 et
3010 1163 3114 1213 iste
3158 1176 3281 1214 cum
3318 1162 3456 1224 aliis.
3497 1172 3554 1216 ut

1975 1245 2277 1296 canistrqu
2312 1246 2435 1307 hoc,
2473 1245 2527 1299 id
2553 1259 2635 1302 est
2668 1249 2965 1313 calathum,
2989 1250 3071 1303 vel
3124 1252 3415 1319 cephinum
3469 1253 3553 1305 vel

1976 1344 2214 1402 sportam
2269 1336 2575 1393 tribuamus
2630 1339 2765 1403 tibi,
2824 1355 2996 1408 opus,
3058 1352 3117 1395 ut
3163 1346 3350 1407 aiunt,
3404 1342 3552 1397 docti

1974 1423 2202 1479 Joannis
2237 1425 2442 1479 Arcla?
2492 1426 2605 1481 Nec
2651 1429 2942 1484 honestum
3001 1432 3077 1485 illi
3134 1450 3332 1487 nomen
3374 1434 3552 1503 impne

1976 1528 2171 1570 nentes
2200 1517 2431 1584 impigro
2483 1518 2612 1571 huic
2666 1528 2719 1571 et
2768 1522 3134 1590 graudrloquo
3190 1525 3548 1592 philosopho;
3600 1574 3605 1579 .

1974 1624 2111 1676 quos
2138 1622 2238 1677 ego
2260 1607 2370 1671 odi,
2400 1608 2544 1662 sicut
2573 1618 2627 1661 et
2649 1610 2786 1664 alios
2808 1612 2899 1677 qui
2927 1612 3221 1681 antiquum
3242 1624 3298 1668 et
3325 1614 3549 1668 doctum

1978 1700 2345 1768 magistrum,
2396 1701 2552 1768 cujus
2615 1702 2884 1757 doctrinis
2928 1704 3084 1758 multi
3153 1713 3208 1760 et
3270 1706 3550 1759 multoties

1975 1789 2172 1843 oculati
2210 1789 2335 1845 farti
2368 1798 2516 1856 sunt,
2547 1791 2747 1845 invidia
2780 1801 3054 1848 tumentes
3105 1794 3542 1850 Chmroboseum

1977 1881 2541 1951 cognominaverunt;
2587 1898 2693 1937 non
2732 1885 2876 1951 quod
2932 1886 3020 1940 ille
3049 1887 3130 1941 sic
3163 1889 3402 1952 seipsuut
3438 1902 3550 1940 ma-

1976 1970 2343 2035 nifestaverit,
2387 1972 2608 2040 quando
2667 1974 2917 2028 scribens
2967 1976 3187 2044 propria
3237 1975 3303 2030 ad
3366 1977 3547 2029 vivunt

1974 2061 2353 2129 exprimebat;
2400 2061 2595 2116 famosi
2659 2063 2711 2116 hi
2773 2063 2873 2116 viri
2954 2065 3029 2119 nil
3084 2065 3265 2119 minus
3319 2076 3549 2136 egerunt

1974 2167 2165 2221 quam,
2215 2152 2370 2223 juxta
2418 2152 2841 2209 Massiliensium
2909 2155 3106 2220 ﬁdem,
3162 2155 3343 2211 Latini
3406 2155 3551 2224 apud

1975 2260 2116 2312 quos
2150 2246 2359 2314 absque
2413 2245 2523 2298 ulla
2559 2262 2723 2302 causa
2774 2255 2829 2302 et
2876 2248 3230 2309 necessitate.
3268 2247 3551 2316 indigenas

1975 2336 2244 2404 appositis
2278 2337 2595 2392 nominibus
2659 2339 2739 2393 sic
2796 2340 2984 2394 odiose
3040 2354 3235 2394 vocare
3286 2354 3406 2394 mos
3465 2348 3555 2393 est

1974 2426 2143 2479 alium
2174 2440 2440 2495 pannum,
2482 2427 2651 2481 alium
2685 2428 3025 2492 sclavouem,
3066 2430 3233 2483 alium
3278 2444 3551 2498 paganum

1973 2517 2400 2585 cognominant;
2441 2520 2598 2587 quasi
2627 2520 2927 2588 optandum
2953 2522 3023 2576 sit
3056 2522 3203 2575 inter
3232 2534 3328 2575 eos
3372 2520 3542 2588 ignoti

1973 2611 2213 2665 nominis
2265 2625 2389 2665 esse
2436 2611 2693 2679 aliquem,
2748 2617 2891 2682 quod
2935 2613 3076 2682 plebi
3109 2629 3234 2668 cum
3279 2613 3553 2681 pulicibus

1974 2704 2279 2775 contingit;
2311 2704 2391 2758 vel
2416 2706 2498 2759 sic
2531 2705 2673 2760 foede
2706 2706 2979 2760 nominari
3012 2706 3289 2761 hominem
3322 2707 3487 2759 etiam
3516 2720 3547 2757 a

1974 2798 2149 2850 multo
2201 2806 2443 2865 tempore
2479 2796 2744 2850 nobilem.
2787 2796 2892 2851 Sed
2958 2797 3060 2851 hoc
3094 2797 3312 2864 quidem
3354 2796 3410 2850 in
3468 2798 3553 2851 tli-

1971 2887 2285 2957 gressione;
2313 2888 2405 2956 qui
2442 2898 2623 2941 autem
2655 2887 3090 2943 Chteroboscum
3120 2888 3393 2940 hominem
3423 2887 3552 2943 talis

1972 2979 2236 3034 doctrina:
2254 2978 2510 3043 irrident,
2535 2978 2635 3032 sub
2657 2979 2844 3032 suario
2870 2978 3103 3047 degant;
3128 2988 3182 3032 et
3210 2979 3303 3047 qui
3327 2978 3545 3031 Arclam

275 3071 329 3124 δὲ
361 3070 745 3141 Χοιροδοσκὸν
781 3072 873 3127 τὸν
902 3073 1006 3142 τὴν
1029 3072 1322 3143 λογιότητα
1354 3072 1608 3126 τοσοῦτον
1669 3072 1870 3125 σιλλαί-

1977 3072 2295 3141 loquuntur,
2340 3070 2433 3124 tali
2465 3069 2747 3123 domicilio
2780 3069 2927 3137 digni
2961 3078 3167 3129 essent,
3197 3068 3244 3122 si
3279 3067 3548 3133 ﬁngentes

275 3181 498 3227 νουσιν,
543 3160 652 3215 εἷεν
679 3164 788 3216 ύπδ
811 3164 1034 3236 συϐώτῃ
1064 3165 1329 3233 ἀγόμενοι
1362 3177 1376 3190 ’
1403 3164 1498 3217 κα)⁸
1525 3164 1576 3216 οί
1601 3164 1694 3216 τὸν
1736 3164 1863 3233 Ἀρσ

275 3255 425 3307 κλᾶν
450 3255 509 3306 δὲ
539 3254 851 3320 λαλοῦντες,
877 3257 1163 3327 ἀποθήκης
1185 3256 1437 3326 τοιαύτης
1483 3250 1597 3308 εἷεν
1630 3257 1864 3321 ἐπάξιοι,

274 3346 378 3398 ἐὰν
409 3345 767 3410 πλαττόμενοι
798 3345 1022 3401 τοιαῦτα
1046 3348 1429 3414 ἐπιγράψωσιν
1461 3347 1686 3417 ἀνδράσι
1715 3364 1871 3416 περι-

275 3436 534 3505 ωνύμοις
564 3453 577 3466 ·
604 3438 699 3489 καὶ
724 3438 825 3490 οὐκ
845 3438 1177 3509 ἀπαγορεύω
1193 3441 1245 3502 ἐς
1267 3438 1328 3491 τὸ
1352 3440 1461 3493 πᾶν
1478 3439 1645 3509 ἄνδρα
1681 3440 1865 3492 θετέον

273 3531 521 3594 ἐκεῖνον,
544 3530 615 3583 τά
648 3547 702 3581 τε
732 3530 866 3583 ἄλλα
889 3533 1054 3599 σοφὸν
1085 3531 1181 3585 καί⁵
1205 3533 1471 3600 μουσικὸν
1496 3533 1864 3598 ἐπιστήμονα,

273 3619 617 3692 προθέσθαι,
652 3619 746 3672 καὶ
777 3618 952 3682 οὕτως
987 3618 1331 3689 ἁρμόσασθαι
1358 3621 1484 3683 τοὺς
1548 3609 1722 3681 θέίους
1757 3616 1863 3686 ῦμ-

273 3727 416 3774 νοῦς
449 3710 590 3778 πρὸς
620 3710 820 3779 μέτρον
857 3708 1006 3778 ζήλῳ
1036 3708 1282 3780 ἰλλόγῳ·
1326 3710 1448 3763 ἐπεί
1490 3727 1576 3764 τοι
1634 3708 1864 3772 πολλοὺς

1978 3164 2107 3216 talia
2147 3160 2426 3216 nobilibus
2461 3161 2738 3216 ascribant
2769 3160 2919 3214 viris.
2956 3158 3068 3214 Nec
3100 3158 3223 3213 dico
3270 3159 3544 3213 hominem

1974 3252 2123 3305 οιηιιί
2158 3251 2318 3307 laude
2363 3251 2609 3321 dignum,
2656 3260 2712 3305 et
2765 3250 2830 3302 de
2880 3258 3079 3303 caetero
3127 3248 3457 3317 sapientem.
3493 3258 3551 3300 et.

1975 3345 2213 3413 peritum
2270 3344 2566 3404 musicum,
2611 3345 2661 3396 in
2722 3344 2997 3412 publicutn
3047 3342 3305 3403 edidisse,
3357 3349 3411 3394 et
3468 3339 3548 3394 sic

1974 3432 2229 3503 prudenti
2254 3434 2369 3487 zelo
2396 3436 2647 3488 versibus
2669 3436 3010 3490 conclusisse
3032 3432 3247 3489 divinos
3274 3433 3503 3501 hymnos
3526 3443 3543 3482 :

1974 3526 2180 3579 multos
2224 3525 2371 3579 enim
2418 3527 2672 3580 norimus
2719 3526 2851 3580 tales
2906 3535 2962 3581 et
3013 3526 3067 3578 in
3111 3522 3352 3592 antiquis
3382 3530 3435 3576 et
3491 3520 3546 3574 in

1974 3617 2406 3679 recentioribus,
2446 3618 2538 3686 qui
2574 3616 2715 3671 falso
2756 3616 2862 3672 sibi
2905 3615 3165 3671 attributa
3216 3613 3551 3682 respuebant

1973 3706 2199 3775 scripta.

273 3806 513 3872 οῐδαμεν
542 3806 638 3857 καὶ
673 3804 950 3865 τοιούτους
979 3802 1037 3854 ιν
1066 3820 1126 3855 τε
1187 3804 1301 3866 τοῖς
1358 3802 1719 3864 παλαιτάτοις
1765 3799 1862 3855 καὶ
1899 3799 1958 3852 ἐν
1991 3802 2109 3877 τοῖς¹
2155 3798 2281 3853 καθ’
2319 3801 2491 3869 ἡμᾶς,
2557 3800 2609 3854 oi
2664 3799 2734 3853 τὰ
2800 3796 3053 3870 γραφικά
3130 3797 3547 3868 μετατιθέμενοι

275 3898 703 3967 ἐξηλλάττοντο.

368 3989 437 4044 ’0
472 3986 604 4055 γοῦν
633 3988 691 4039 ἐν
727 3987 905 4053 ἁγίοις
942 3988 1289 4058 πατριάρχης
1340 3987 1586 4056 ἀοίδιμος
1626 3987 1865 4053 Λουκᾶς,

2046 3984 2283 4041 Sanctus
2304 3982 2473 4051 igitttr
2503 3990 2558 4035 et
2588 3980 2789 4036 nobilis
2846 3982 3156 4050 patriarcha
3212 3982 3390 4037 Lucos
3443 3984 3535 4053 qui

279 4080 337 4146 ὃς
397 4078 633 4148 νεφέλην
671 4078 880 4147 χρυσῆν
915 4078 1235 4147 εὐεργεσίας
1292 4080 1425 4148 ἡμῖν
1472 4076 1718 4148 ἔϐρεξεν,
1779 4077 1868 4131 ὅτε

1975 4091 2197 4139 aureum
2238 4074 2393 4127 nobis
2424 4073 2793 4129 beneﬁcentiae
2816 4087 2994 4128 rorem
3030 4072 3371 4128 infuditdnm
3404 4075 3544 4129 inter

281 4166 435 4242 ἦμεν
457 4172 517 4225 ἐν
544 4169 818 4231 διακόνοις
845 4167 1154 4233 τελοῦντες,
1175 4169 1555 4238 ἐντετυχηκὼς
1592 4168 1863 4238 ποιήματι

1975 4167 2230 4223 diaconos
2261 4181 2627 4230 versaremur,
2659 4179 2962 4220 occurrens
3024 4164 3263 4232 poemati
3314 4163 3544 4218 Aranem

282 4262 570 4333 ’Δράχνης
609 4260 942 4328 θαυμαστῶς
987 4262 1131 4314 κατά
1162 4261 1471 4322 ἐποποιῖαν,
1502 4260 1639 4331 ὅπερ
1680 4262 1739 4313 ἐν
1771 4259 1870 4312 ἀσ-

1975 4257 2153 4327 qunad
2192 4257 2396 4325 poesim
2432 4255 2771 4319 admirabili,
2804 4254 2950 4326 quod
2979 4270 3143 4325 super
3171 4256 3427 4326 clypeum
3462 4256 3547 4309 in-

286 4355 407 4407 πίόι
438 4356 540 4419 μὲν
575 4351 1175 4420 ἐγέγραπτο,ἁνὲκειτο
1202 4351 1258 4404 δὲ
1284 4351 1363 4414 εἰς
1396 4348 1583 4419 θαῦμα
1602 4350 1732 4419 περί
1762 4368 1865 4415 nou

1975 4351 2231 4418 scriptum
2284 4355 2425 4413 erat,
2472 4346 2693 4414 jacebat
2739 4354 2921 4402 autem
2977 4346 3033 4402 in
3079 4347 3328 4405 interiori
3394 4362 3546 4418 parte

283 4450 355 4499 τά
388 4446 542 4509 ἐντὸς
570 4444 666 4496 τοῦ
703 4443 941 4513 μεγάλου
966 4443 1406 4513 φροντιστηρίου,
1452 4442 1592 4512 ὅπερ
1610 4443 1863 4511 ἐδείματο

1975 4439 2147 4508 magni
2184 4438 2499 4495 monasterii
2532 4440 2673 4505 quod
2711 4447 3058 4494 exstruxerat
3088 4440 3315 4495 Studius
3349 4442 3547 4495 Roma-

285 4538 592 4597 Στούδιοςό
637 4536 931 4602 Ῥωμαῖος,
966 4534 1192 4603 ἐποίησέ
1227 4551 1279 4587 τι
1312 4535 1404 4586 καὶ
1452 4534 1616 4597 αὐτὸς
1656 4535 1865 4605 ὅμοιον,

1975 4547 2099 4593 nus,
2144 4529 2274 4585 fecit
2302 4540 2356 4586 et
2392 4531 2509 4599 ipse
2543 4531 2720 4601 simile
2746 4531 3095 4601 aliqttid,etsi
3128 4536 3311 4602 specie
3346 4536 3543 4601 impar,

285 4629 335 4680 εί
371 4628 469 4680 καὶ
501 4628 578 4695 μὴ
610 4625 754 4675 πάνυ
786 4625 843 4675 ἐν
864 4622 980 4693 χρῷ
1010 4626 1146 4692 πρὸς
1172 4624 1477 4692 ἐγγύτητα⁶
1499 4620 1566 4697 ἦν
1602 4626 1710 4693 γὰρ
1736 4627 1870 4694 ἀλη-

1975 4636 2095 4674 vere
2124 4624 2268 4675 enim
2301 4620 2629 4674 inimitabile
2659 4632 2778 4674 erat
2817 4630 2974 4675 vetus
3023 4621 3193 4686 illud;
3227 4637 3325 4675 nec
3356 4624 3544 4689 aliquo

288 4717 401 4779 θῶς
435 4719 617 4769 ἐκεῖνο
642 4715 701 4769 τδ
731 4714 960 4768 παλαιὸν
991 4714 1269 4784 ἀμίμητον
1291 4730 1304 4744 ⁸
1340 4712 1402 4767 οὗ
1444 4732 1498 4768 τι
1521 4733 1621 4768 που
1660 4715 1871 4779 παίζων

286 4805 548 4875 οὐδαμῶς
576 4805 700 4860 οὐδὲ
728 4807 757 4859 ό
790 4805 945 4873 ἅγιος
980 4806 1161 4875 γέρων
1196 4809 1421 4870 ἐκεῖνος,
1485 4807 1621 4861 ἀλλὰ
1675 4808 1734 4860 ἐν
1794 4807 1872 4877 τῷ

289 4898 462 4967 χάσαι
494 4896 559 4949 τὸ
587 4895 843 4951 σύντονον
879 4898 974 4951 τοῦ
1010 4899 1396 4967 πνευματικῶς
1430 4898 1636 4960 ἀθλεῖν,
1686 4898 1871 4951 ποιού-

292 5004 456 5056 μενος
509 4987 607 5041 καὶ
655 4987 756 5057 τὴν
789 4987 972 5041 ἄδειαν
1031 4987 1212 5059 ἔργον,
1246 4990 1341 5041 καὶ
1391 4989 1491 5059 τὴν
1553 4989 1871 5042 ἀνάπαυλαν

294 5081 537 5147 σπουδήν
583 5095 725 5139 τινα,
786 5079 881 5131 xui.
938 5079 1037 5148 τὴν
1067 5079 1254 5133 ἄνεσιν
1309 5078 1525 5132 ἔντασιν
1584 5081 1664 5141 εἰς
1699 5078 1869 5145 γλυκὺ

294 5171 504 5237 ἀγαθόν
536 5186 551 5200 ο
587 5163 631 5236 ᾧ
662 5187 747 5231 τις
768 5171 1163 5240 προσανασχὼν
1198 5170 1313 5239 ἐχοι
1340 5171 1407 5223 ἂν
1434 5169 1634 5239 λέγειν,
1664 5170 1739 5233 ὡς
1761 5172 1869 5223 οὐδ’

294 5261 437 5314 οὕτω
474 5260 676 5323 κακῶς.
716 5260 825 5330 Πρὸ
852 5260 909 5313 δὲ
942 5261 1152 5315 ἐκείνου
1189 5262 1412 5330 οἴδαμεν
1458 5261 1620 5330 ἔργον
1654 5262 1871 5329 λογικὸν

295 5354 532 5420 πονηθὲν
564 5352 652 5405 ὅτε
706 5352 766 5405 τὸ
807 5352 1117 5421 Ῥωμαϊκὸν
1171 5353 1452 5423 σκῆπτρον
1494 5354 1673 5421 ὤρθου
1705 5356 1731 5405 ό
1766 5355 1871 5406 Ko-

297 5444 498 5511 μνηνὸς
544 5443 798 5510 Ἀλέξιος,
832 5443 891 5497 οῦ
920 5444 1011 5497 τοῦ
1041 5445 1201 5513 ἔργου
1236 5446 1433 5508 σκοπὸς
1465 5447 1579 5513 ἅμα
1612 5447 1705 5499 καὶ
1734 5448 1871 5498 ἀτκο-

293 5530 561 5601 τέλεσμα,
593 5533 809 5602 στίχους
834 5536 1106 5601 ἡρωῖκτιυς
1124 5534 1397 5597 ἐκθέσθαι,
1425 5536 1869 5605 κορυφουμένους

301 5620 400 5690 μὲν
426 5624 506 5683 είς
533 5622 697 5675 ποσὸν
729 5623 789 5674 τὸ
830 5623 1019 5676 δοκοῦν
1076 5628 1143 5695 τῇ
1203 5624 1324 5678 κατ’
1372 5627 1616 5689 ἐκείνους
1654 5630 1864 5699 μούσῃ·

296 5711 699 5782 ἀριθμούμενον
732 5713 784 5765 δὲ
820 5712 1050 5768 ἕκαστον
1085 5716 1407 5785 γράμμασιν
1442 5718 1598 5782 ἴσοις,
1639 5718 1711 5782 ὡς
1734 5721 1867 5791 μηδὲ

1972 4715 2129 4769 modo
2164 4715 2397 4770 irridens
2456 4724 2680 4771 sanctus
2723 4732 2913 4778 senex,
2969 4716 3063 4771 sed
3130 4726 3187 4768 ut
3240 4716 3544 4783 spiritualis

1968 4807 2377 4864 contentionem
2404 4808 2604 4862 laboris
2635 4808 2929 4872 relaxaret,
2963 4808 3207 4876 quietem
3236 4806 3365 4861 fecit
3396 4807 3546 4862 labo-

1970 4912 2109 4960 rem,
2150 4906 2205 4950 et
2228 4898 2399 4951 otium
2428 4899 2613 4951 suavis
2644 4899 2924 4965 negotium
2953 4898 3078 4950 boui
3105 4897 3229 4962 ;cui
3259 4897 3545 4954 adhaerens

1972 4989 2206 5059 quisque
2260 4988 2433 5057 possit
2458 4987 2641 5042 dicere
2673 5004 2779 5043 non
2801 4988 2875 5042 ita
2911 4989 3139 5044 malum.
3160 4992 3327 5063 Antea
3358 5000 3538 5043 autem

1970 5081 2205 5135 vidimus
2245 5079 2612 5134 methodicum
2665 5096 2805 5148 opus
2859 5088 3143 5135 exaratum
3178 5079 3399 5150 quando
3436 5078 3544 5134 Ro-

1974 5186 2193 5226 manum
2227 5181 2502 5242 sceptrum
2537 5174 2791 5240 portabat
2816 5171 3042 5227 Alexius
3081 5172 3415 5251 Comnenus.
3440 5186 3536 5223 cu-

1964 5264 2055 5331 jus
2079 5266 2261 5335 operis
2292 5280 2495 5333 scopus
2524 5274 2580 5319 et
2616 5264 2740 5320 linis
2791 5273 2911 5320 crat
2972 5252 3219 5321 heroicus
3260 5263 3535 5317 deducere

1975 5370 2187 5420 versus,
2210 5355 2530 5409 terminatos
2561 5354 2615 5409 in
2640 5355 2952 5421 quantitate
2985 5356 3133 5423 poesi
3157 5354 3374 5406 illorum
3407 5365 3539 5402 con-

1969 5445 2206 5514 gruenti,
2238 5457 2584 5501 numeratum
2613 5456 2794 5501 autem
2856 5458 3304 5513 unumquemque
3340 5441 3539 5497 litteris

1971 5537 2214 5601 paribus,
2242 5537 2312 5590 ita
2369 5546 2427 5591 ut
2488 5552 2661 5606 neque
2692 5552 2832 5591 unus
2857 5535 3094 5588 vicinum
3125 5534 3433 5594 excederet,
3457 5532 3539 5587 vel

1972 5642 2079 5681 una
2101 5628 2300 5693 littera,
2332 5638 2387 5682 et
2405 5638 2563 5682 erant
2598 5628 2792 5683 littera:
2844 5639 3037 5679 omnes
3062 5631 3433 5679 concatenatze
3464 5624 3539 5677 ita

1973 5730 2030 5775 ut
2068 5718 2355 5775 manifesta
2384 5728 2525 5774 esset
2564 5732 2750 5772 carum
2808 5715 3091 5787 aequalitas
3127 5737 3140 5782 ς
3195 5725 3249 5772 ct
3308 5715 3538 5772 latitudo
