3926 6200
408 295 509 361 ﬁll

1115 287 1539 357 EUSTATHU
1569 291 2324 355 THESSALONICENSIS
2365 293 2930 356 METROPOLITIB

3511 306 3600 370 512

402 415 624 485 quidem
653 413 921 483 poematis
949 412 1111 469 istius
1145 413 1451 469 sententias
1498 411 1769 468 referebat
1790 409 1974 466 laudis

2085 413 2137 466 ἓν
2168 413 2297 477 ἐπος
2326 413 2656 483 ὑπερπαίειν
2682 414 2743 466 τὸ
2775 413 3064 484 προσεχὲς,
3089 414 3206 470 οὖδέ
3235 416 3358 483 γοῦν
3385 418 3458 472 ἐνὶ
3485 438 3606 475 στοι-

399 509 587 575 plenas
617 507 998 576 imperatoriae.
1024 505 1127 570 Qui
1171 519 1300 560 vero
1327 504 1555 574 legendo
1583 503 1974 574 percurrebant

401 601 539 654 duos
567 615 822 655 versuum
855 598 1140 664 terminos,
1176 598 1414 653 litteram
1465 598 1661 652 litterae
1701 595 1975 662 addendo,

402 692 750 747 inveniebant
776 705 805 744 a
826 689 1033 746 dextris
1080 691 1404 758 completum
1433 689 1711 743 heroicum
1735 703 1974 752 versum,

400 791 456 836 et
487 798 514 834 a
555 782 796 836 sinistris
841 781 1093 836 similiter
1147 780 1420 844 alterum;
1462 787 1517 832 et
1561 785 1716 832 erant
1774 775 1976 831 sacrati

403 873 819 938 acrostichides,
855 881 908 926 et
935 871 1314 941 unusquisque
1340 869 1568 925 seorsim
1589 870 1657 923 ab
1682 868 1809 933 alio,
1840 867 1977 922 nihil

405 965 573 1018 fundo
606 964 872 1033 poematis
895 963 1275 1025 adhaerentes;
1326 968 1382 1013 et
1435 959 1702 1028 scriptum
1754 965 1872 1012 erat
1915 958 1970 1012 in

405 1066 686 1126 tetragono
719 1056 1011 1124 diligenter
1036 1054 1141 1108 hoc
1192 1067 1382 1123 poema
1435 1051 1701 1106 lateribus
1739 1050 1978 1105 circum-

409 1149 629 1202 ductum
659 1162 766 1200 non
795 1147 1091 1200 linearibus
1112 1145 1205 1200 sed
1225 1143 1590 1213 grammaticis
1615 1160 1630 1209 ;
1651 1151 1704 1197 et
1728 1140 1978 1197 diametri

406 1237 537 1307 ipsa:
568 1239 837 1307 insignitae
853 1244 1007 1291 erant
1030 1237 1289 1304 praeclare
1311 1235 1503 1289 litteris
1523 1234 1704 1288 rubris
1730 1234 1976 1287 :nomina

408 1329 552 1383 enim
576 1329 915 1384 venerabilia
945 1339 1187 1397 quatuor
1218 1327 1444 1395 paribus
1477 1324 1680 1378 litteris
1714 1324 1786 1377 ita
1811 1323 1981 1377 dedu-

406 1428 492 1472 cta
523 1428 582 1472 ut
614 1420 916 1484 composite
940 1422 1304 1486 rponereutur
1360 1414 1727 1470 ostendebant
1759 1413 1977 1480 singula

406 1509 657 1562 diametri
697 1509 1001 1578 principia;
1036 1517 1089 1564 et
1109 1505 1396 1576 aspicienti
1454 1506 1571 1560 haac
1623 1505 1680 1558 in
1737 1515 1974 1557 mentem

406 1597 553 1650 venit
591 1598 665 1649 nil
699 1597 1050 1666 impedivisse
1078 1597 1339 1650 artiﬁcem
1373 1592 1643 1664 tetragoni
1669 1591 1833 1661 hujus
1859 1607 1984 1658 poe-

2078 504 2209 576 χείῳ
2247 523 2261 537 ·
2299 505 2395 560 καὶ
2430 504 2638 558 ἔκειντο
2674 505 2741 559 τὰ
2778 507 3015 575 στοιχεῖα
3045 505 3216 561 πάντα
3262 509 3380 562 καθ’
3417 511 3602 580 εἱρμὸν,

2074 597 2149 660 ὡς
2181 593 2318 651 εἶναι
2349 598 2516 669 δήλην
2538 597 2640 667 τὴν
2667 600 2726 652 ἐν
2763 598 2948 662 αὐτοῖς
2978 598 3226 666 ἐξίσωσιν
3253 617 3267 631 ο
3310 602 3401 655 καὶ
3429 605 3484 656 τὺ
3522 606 3605 674 μὲν

2076 689 2272 752 πλάτος
2326 689 2425 756 τῆς
2469 691 2758 765 ἐποποιῖςες
2830 690 3042 762 ἐκείνης
3111 693 3377 762 περιεῖχεν
3425 694 3605 759 ἐννοίας

2074 781 2245 832 ὰποσε
2257 779 2556 846 μνυνούσας
2581 780 2671 832 τδν
2706 778 3110 850 αὐτοκράτορα.
3142 781 3204 831 Oi
3236 781 3290 832 δὲ
3308 779 3374 832 τὰ
3393 782 3491 832 τῶν
3512 782 3606 833 στί-

2076 888 2186 941 χων
2217 870 2309 923 δύο
2335 870 2478 938 ἄκρα
2511 857 2924 940 περιερχόμενοι
2955 871 3317 937 άναγνῶσται,
3355 871 3444 924 καὶ
3487 890 3606 924 στοι-

2077 962 2223 1030 χεῖον
2258 961 2507 1029 στοιχείῳ
2536 960 3031 1026 ἐπιστοιδάζοντες,
3058 960 3312 1030 εὕρισκον
3350 963 3410 1013 ἐκ
3442 962 3608 1027 δεξιῶν

2078 1050 2205 1112 ἔπος
2227 1048 2654 1116 ἀποτελούμενον
2680 1049 2915 1119 ἡρωϊκὸν
2937 1051 3099 1116 καὶέξ
3125 1050 3423 1119 ἀριστερῶν
3450 1052 3610 1120 ὅμοιον

2077 1142 2292 1210 ἕτερον’
2327 1140 2422 1193 καὶ
2456 1136 2599 1211 ἦσαν
2645 1141 2945 1206 ἰδιάζουσαι
2991 1143 3386 1212 άκροστιχίδες.
3433 1142 3612 1211 κυρίως

2077 1229 2248 1284 ταῦτα
2278 1231 2400 1284 καθ’
2447 1231 2619 1285 ἐαυτὰ
2671 1232 2929 1302 ἑκάτερα,
2967 1232 3120 1286 οὐδέν
3168 1251 3219 1286 τι
3268 1231 3359 1287 τοῦ
3419 1232 3611 1300 ἐδαφίου

2081 1322 2570 1392 προσαπτόμεναιο
2615 1322 2711 1374 καλ⁸
2741 1322 3118 1391 κατεγράφετο
3165 1323 3248 1383 είς
3297 1323 3612 1391 τετράγωνον

2079 1409 2308 1478 ἀκριϐὲς
2339 1412 2511 1464 ἐκεῖνο
2531 1411 2590 1463 τὸ
2622 1412 2837 1481 ποίημα
2873 1412 3134 1481 πλευραῖς
3160 1413 3535 1481 περιεχόμενον
3558 1411 3610 1464 ού

2081 1503 2430 1570 γραμμικαῖς
2456 1502 2591 1554 ἀλλὰ
2625 1505 3042 1572 γραμματικαῖς
3078 1520 3093 1536 °
3129 1503 3226 1556 καὶ
3257 1504 3311 1556 αἱ
3357 1504 3612 1571 διάμετροι

2083 1593 2217 1647 ἀλλὰ
2248 1595 2337 1646 καὶ
2365 1594 2525 1646 αὐταὶ
2553 1595 2884 1663 θαυμαστῶς
2917 1595 3276 1663 ὲσημειοῦντο
3322 1596 3613 1664 γράμμασιν

407 1688 590 1751 matis,
644 1696 696 1740 et
763 1689 1008 1756 potuisse
1067 1687 1301 1743 summis
1357 1686 1638 1741 diametris
1694 1685 1979 1738 materiam

2085 1683 2354 1751 ἐρυθροῖς.
2397 1679 2667 1750 Ὀνόματα
2712 1683 2820 1754 γὰρ
2863 1685 3035 1754 σεμνὰ
3089 1685 3329 1754 τέσσαρα
3378 1686 3614 1754 ίσογράμο

405 1777 710 1830 cancellare
740 1778 783 1831 si
839 1777 1142 1842 voluisset;
1195 1777 1371 1831 noluit
1415 1787 1639 1842 autem;
1700 1773 1795 1830 sed
1854 1789 1976 1827 cum

409 1877 791 1919 mensuras-set
821 1867 1018 1935 primo,
1051 1875 1108 1919 et
1135 1866 1289 1919 initia
1321 1865 1640 1934 reliquisset
1693 1863 1799 1918 sibi
1836 1863 1978 1917 iuvi-

407 1969 522 2010 cem
564 1956 927 2021 adversantia,
961 1955 1040 2010 ita
1071 1964 1131 2010 ut
1158 1957 1325 2008 menti
1374 1960 1729 2009 occurrerent
1771 1954 1982 2008 diame-

411 2043 477 2095 tri
501 2044 608 2097 iltas
626 2044 690 2097 ad
715 2044 1125 2112 perfectionem,
1157 2045 1425 2098 laboravit
1455 2044 1508 2098 in
1540 2044 1720 2097 medio
1743 2058 1982 2112 epopma:

409 2147 544 2195 suae,
576 2143 630 2186 et
651 2134 874 2202 ﬁguram
905 2133 1333 2188 rhomboidalem
1364 2149 1429 2188 ex
1483 2144 1720 2201 quatuor
1777 2135 1976 2189 litteris

408 2221 699 2288 descripsit
725 2238 742 2285 ;
767 2231 822 2275 et
853 2222 1072 2287 elegans
1097 2233 1214 2275 erat
1264 2223 1366 2276 hoc
1392 2237 1548 2292 opus,
1587 2232 1640 2276 et
1670 2223 1828 2277 aliter
1857 2223 1981 2293 qui-

407 2311 555 2374 dem.
591 2313 685 2366 sed
734 2320 790 2366 et
841 2313 1112 2367 scribendi
1161 2313 1385 2382 peritia;
1429 2325 1482 2366 et
1535 2315 1700 2366 latera
1742 2311 1981 2368 universi

409 2406 680 2471 tetragoni
717 2413 772 2457 et
813 2404 1210 2458 diametrorum
1242 2406 1393 2458 initia
1452 2407 1506 2459 in
1561 2406 1877 2460 nominibus
1927 2414 1980 2461 et

412 2494 676 2549 rhombus
716 2497 895 2551 rubris
953 2497 1193 2568 fulgebat
1237 2508 1427 2552 ornata
1461 2497 1699 2562 litteris;
1753 2504 1807 2549 et
1841 2495 1980 2551 resi-

409 2584 580 2640 duum
602 2589 781 2656 operis
799 2592 1078 2644 consuetis
1109 2589 1372 2658 scriptum
1403 2595 1521 2643 erat
1541 2587 1969 2651 characteribus,

409 2688 465 2733 et
495 2687 613 2734 erat
634 2696 757 2736 vere
799 2684 1084 2736 oculorum
1133 2683 1604 2738 oblectamentum
1664 2689 1721 2736 et
1776 2681 1974 2736 scitum

408 2772 609 2826 mentis
650 2785 1029 2828 ornamentum
1063 2811 1079 2828 .

2087 1789 2230 1840 ματα
2284 1774 2704 1842 κατασυρόμενα
2763 1776 2820 1827 ἐν
2879 1776 2956 1844 τῷ
3004 1775 3286 1839 εὐτάκτως
3346 1775 3612 1840 τεθεῖσθαι,

2085 1865 2422 1932 παρέφαινον
2452 1867 2626 1934 ἀρχὰς
2653 1868 2944 1937 διαμέτρου
2973 1868 3250 1934 ἑκατέρας
3285 1885 3299 1898 ·
3354 1870 3441 1920 καὶ
3495 1866 3616 1937 εῖχεν

2085 1954 2336 2022 ἐνθύμιον
2369 1958 2396 2008 ὁ
2415 1955 2636 2024 βλέπων
2670 1958 2834 2027 μηδέν
2863 1976 2912 2011 τι
2941 1958 3250 2011 κωλύεσθαι
3275 1959 3364 2012 τὸν
3394 1959 3616 2027 τεχνίτην

2086 2046 2182 2099 τοῦ
2217 2046 2506 2114 ποιητικοῦ
2560 2048 2907 2118 τετραγώνου
2959 2049 3199 2111 ἐκείνου,
3256 2050 3345 2101 καὶ
3402 2048 3618 2116 ᾶκραίοις

2089 2136 2405 2205 διαμέτροις
2435 2138 2621 2205 χιάσαι
2677 2139 2737 2188 τὸ
2773 2137 3003 2207 ἔμσαδον
3067 2139 3233 2209 εἰπερ
3265 2138 3484 2208 ἢθελεν·
3536 2137 3619 2188 οὐκ

2085 2227 2275 2294 ἤθελεν
2306 2228 2363 2282 δέ
2394 2229 2504 2298 ἄρα
2537 2229 2763 2293 ἐκεῖνος,
2795 2229 2933 2281 ἀλλὰ
2961 2229 3341 2299 διαμετρήσας
3385 2225 3617 2296 ἀρχικῶς.

2084 2320 2176 2372 καὶ
2202 2320 2364 2388 ἀφεὶς
2391 2320 2491 2381 τὰς
2523 2320 2701 2391 ἀρχὰς
2741 2319 3155 2389 άντιμετώπουε
3215 2317 3420 2372 κεῖσθαι
3476 2315 3620 2384 άλλη·-

2081 2409 2215 2475 λοις,
2251 2410 2326 2471 ὼς
2354 2411 2655 2463 ἐννοεῖσθαι
2685 2409 3014 2481 διαμέτρους
3046 2409 3294 2470 ἐκείνους
3321 2406 3448 2476 πρὸς
3497 2403 3621 2456 ἐντέ-

2080 2503 2252 2568 λειαν,
2297 2500 2620 2571 ἐτεχνάσατο
2657 2499 2714 2551 ἐν
2745 2498 2823 2567 τῷ
2860 2499 3176 2567 μεσαιτάτῳ
3227 2497 3328 2565 τῆς
3369 2493 3622 2552 suasoria;

2083 2592 2275 2656 αὑτοῦ,
2323 2596 2416 2644 καὶ
2473 2589 2662 2663 σχῆμά
2716 2608 2770 2643 τι
2835 2588 3148 2660 ῥομϐοειδὲς
3178 2629 3196 2653 ,
3253 2589 3316 2640 ἐκ
3370 2583 3620 2651 τεσσάρων

2082 2682 2430 2752 γραμμάτων
2460 2684 2590 2735 αὐτὸ
2614 2679 2944 2753 διαγράψας.
2985 2680 3091 2731 Καὶ
3118 2672 3194 2746 ἦν
3223 2677 3433 2730 ἀστεῖον
3473 2673 3624 2724 ἐκεῖνο

2081 2775 2143 2827 τὸ
2173 2775 2418 2843 πόνημα,
2447 2776 2542 2828 καὶ
2571 2775 2746 2838 ἄλλως
2778 2777 2898 2844 μέν,
2930 2770 3025 2828 καὶ
3084 2769 3179 2827 διὰ
3234 2767 3326 2822 τοῦ
3363 2763 3540 2829 δεξιῶς
3575 2759 3623 2811 εὶ

409 2861 540 2913 αὐτὸ
571 2863 974 2934 διαγραφῆναι·
1012 2865 1081 2917 τὰ
1115 2865 1213 2933 μὲν
1232 2865 1444 2933 πλευρὰ
1477 2863 1572 2916 τοῦ
1607 2864 1730 2916 ὅλου
1777 2863 2120 2932 τετραγώνου
2151 2866 2245 2918 καὶ
2303 2868 2358 2918 αἱ
2416 2866 2526 2920 τῶν
2587 2865 2899 2935 διαμέτρων
2953 2870 3011 2920 ἐν
3081 2867 3311 2936 ὀνόμασι
3359 2853 3622 2925 καταρχαὶν

410 2957 507 3009 καὶ
555 2958 582 3009 6
640 2955 842 3026 ῥόμϐος
888 2956 1136 3026 ὲρυθροϊς
1186 2955 1477 3023 ἐγανοῦντο
1529 2954 1958 3024 παραυγὰζοντα
2021 2957 2350 3026 γράμμασιν
2384 2973 2400 2990 ο
2432 2959 2538 3011 ὁδέ
2571 2958 2948 3022 λοιπὺςρδλκὺς
2979 2960 3008 3010 6
3078 2960 3225 3012 κατὰ
3272 2958 3331 3012 τδ
3397 2946 3622 3024 έμῆζδονο

415 3048 663 3118 συνήθως
690 3047 802 3120 εἶχε
831 3050 925 3119 τῆς
957 3051 1176 3120 γραφῆς
1201 3067 1216 3082 ο
1253 3051 1346 3101 καὶ
1371 3045 1438 3118 ἦν
1469 3049 1600 3100 αὐτὸ
1659 3048 1976 3118 πανήγυρίς
2015 3064 2072 3100 τε
2108 3049 2287 3118 ὅψεως
2319 3052 2411 3104 καὶ
2447 3052 2662 3122 σῶφρον
2691 3052 2913 3120 ἄγαλμα
2940 3052 3141 3122 ψυχῆς.

489 3142 556 3194 Ει
621 3143 792 3197 solers
812 3145 970 3198 nobis
995 3146 1146 3199 visus
1177 3152 1260 3198 est
1282 3146 1365 3197 vir
1397 3144 1522 3208 ille;
1581 3159 1681 3196 nec
1707 3143 1982 3196 solertiam

2163 3149 2271 3199 Kal.
2302 3148 2470 3216 ἐφάνη
2496 3150 2523 3199 6
2565 3147 2854 3216 ἄνθρωπος
2891 3147 3102 3208 ἐκεῖνος
3139 3147 3283 3216 ἡμῖν
3318 3145 3478 3211 δεξιός
3499 3161 3513 3175 ·
3547 3142 3622 3196 ναὶ

414 3232 681 3287 mentitus
721 3241 864 3297 erat,
895 3233 951 3288 in
986 3237 1215 3288 veritate
1235 3235 1360 3288 dico
1396 3251 1410 3300 ;
1442 3235 1592 3288 visus
1653 3241 1739 3287 est
1802 3242 1982 3287 autem

414 3339 524 3378 non
552 3339 618 3379 ex
651 3326 831 3392 seipso
862 3334 974 3379 tam
1005 3325 1291 3395 pulchrum
1323 3326 1610 3379 inchoasse
1649 3341 1811 3393 opus,
1887 3324 1984 3379 sed
2024 3334 2027 3335 '

415 3416 690 3484 accepisse
717 3416 848 3469 illud
883 3431 947 3470 ex
987 3417 1207 3485 antiqua
1236 3416 1566 3471 inventione.
1595 3421 1764 3469 Antea
1833 3415 1983 3469 cnim

413 3505 846 3560 exstabatsimile
868 3505 1115 3560 Graecum
1135 3520 1346 3575 poema,
1363 3505 1538 3573 quoad
1559 3505 1853 3560 sententias
1868 3507 1987 3572 qui-

413 3598 537 3651 dem
579 3598 801 3651 omnino
830 3596 1150 3663 diversum;
1201 3597 1502 3653 secundum
1557 3596 1700 3649 enim
1747 3598 1812 3651 ad
1866 3591 1989 3650 imi;

419 3689 701 3754 tationem,
723 3689 903 3759 regias
933 3689 1120 3744 laudes
1150 3689 1379 3744 habebat
1405 3690 1787 3760 ;archetypnm
1808 3700 1985 3743 autem

419 3780 721 3851 peregrinis
768 3782 1052 3837 constabat
1083 3782 1456 3849 substantiis;
1493 3783 1744 3852 quaedam
1803 3791 1985 3836 autem

421 3873 674 3942 fugerunt
705 3889 830 3941 me;
862 3874 993 3929 abiit
1025 3874 1168 3930 enim
1200 3875 1454 3930 volumen
1511 3874 1694 3941 aliquo
1719 3874 1859 3928 inter
1884 3873 1988 3928 La-

417 3965 600 4031 tinos;
636 3966 740 4021 heu
771 3967 905 4020 mihi
936 3967 1076 4036 quod
1100 3967 1444 4021 meminerim
1508 3977 1718 4036 quanta
1767 3981 1988 4036 perpes-

417 4069 512 4110 sus
546 4054 738 4109 fuerim
770 4066 960 4125 captus
981 4063 1034 4108 et
1070 4055 1122 4108 in
1163 4057 1477 4110 servitutem
1523 4057 1812 4110 redactust
1849 4055 1990 4112 Feli-

417 4160 533 4197 cent
565 4155 742 4199 autem
772 4160 858 4197 me
883 4145 1027 4212 quod
1062 4158 1090 4195 a
1124 4143 1230 4197 Deo
1258 4160 1385 4199 vere
1425 4143 1705 4200 Salvatore
1732 4146 1988 4202 liberatus

419 4232 659 4284 fuerim!
699 4231 970 4285 Modicum
1006 4238 1185 4285 autem
1227 4232 1568 4297 recordatus,
1622 4235 1827 4289 referre
1859 4251 1986 4305 pos-

419 4335 542 4376 sum
582 4322 854 4390 quomodo
919 4322 1202 4376 exordium
1271 4336 1440 4377 unum
1492 4323 1632 4378 male
1685 4324 1988 4380 deducebat

2086 3239 2164 3301 δέ,
2207 3239 2326 3291 οὑδέ
2366 3239 2621 3306 ἐψεύδετο
2677 3239 2775 3308 τὴν
2836 3239 3120 3308 δεξιότητα
3159 3240 3299 3310 πρὸς
3359 3236 3617 3304 ἀλήθειανσ

2089 3330 2345 3401 ἐφωράθη
2393 3331 2448 3381 δὲ
2494 3331 2554 3382 οὐ
2625 3329 2899 3399 κατάρξας
2959 3330 3122 3393 αὐτὸς
3183 3330 3278 3383 τοῦ
3313 3327 3469 3383 καλοῦ
3493 3324 3620 3378 τοῦδε

2089 3425 2420 3492 πονὴματος,
2455 3421 2590 3474 ἀλλὰ
2616 3419 2954 3489 παραλαϐὼν
2989 3421 3118 3472 αὐτὸ
3152 3421 3213 3488 ἐξ
3246 3421 3501 3490 εὑρέσεως
3533 3431 3621 3466 πα-

2087 3513 2243 3575 λαιᾶς
2279 3529 2294 3544 ο
2352 3514 2639 3582 προέκειτο
2688 3513 2795 3582 γάρ
2858 3513 3068 3566 ἐκείνου
3131 3511 3413 3582 ἐλληνικδν
3442 3506 3620 3562 τοιοῦτο

2088 3603 2318 3672 ποίημα,
2357 3604 2414 3664 ἐς
2443 3601 2503 3653 τὸ
2530 3604 2641 3655 πᾶν
2661 3600 3088 3671 ἀπαράλλακτον
3141 3601 3269 3670 δίχα
3327 3617 3386 3668 γε
3408 3598 3510 3651 τῶν
3553 3598 3626 3647 ἐν-

2087 3694 2245 3746 νοιῶν
2275 3709 2292 3726 ο
2325 3692 2384 3745 τὸ
2415 3692 2514 3760 μὲν
2545 3692 2652 3760 γὰρ
2689 3692 2824 3764 πρὸς
2868 3691 3100 3762 μίμησιν
3139 3689 3493 3758 δευτερεῦσαν
3542 3686 3622 3756 βα-

2090 3783 2280 3844 σιλέως
2305 3782 2562 3845 εὐσεϐοῦς
2596 3782 2773 3853 εἴχετο
2808 3797 2822 3813 ·
2851 3782 2913 3834 τδ
2957 3782 3014 3835 δὲ
3049 3781 3358 3850 ἀρχέτυπον
3397 3780 3623 3845 ἐξωτεριο

2086 3875 2200 3927 κῶν
2229 3872 2451 3926 ἐννοιῶν
2472 3874 2670 3941 ἧρτετο
2697 3889 2714 3906 ο
2754 3873 2844 3926 καὶ
2867 3872 2936 3925 τὰ
2969 3872 3068 3940 μὲν
3100 3872 3240 3925 ἀλλα
3278 3874 3477 3924 ἐκεινου
3505 3882 3620 3934 παρ-

2087 3965 2220 4036 ῆλθέ
2251 3961 2318 4036 με
2355 3984 2370 4000 ο
2418 3966 2591 4036 ᾤχετο
2620 3966 2727 4034 γάρ
2762 3981 2852 4033 μοι
2881 3965 2944 4016 τδ
2975 3951 3180 4032 βιϐλίον
3210 3964 3265 4026 ἐς
3299 3981 3397 4015 που
3415 3963 3502 4029 τὴν
3525 3958 3620 4010 Λα-

2088 4059 2266 4128 τίνην.
2296 4055 2459 4126 Οίμοι
2494 4058 2550 4110 δέ
2581 4057 2662 4108 ὅτι
2688 4055 3038 4124 ἀνεμνήσθην
3087 4048 3178 4107 οἷα
3213 4055 3409 4108 ἔπαθον
3440 4053 3618 4117 αἰχμα-

2090 4148 2391 4210 λωτισθεὶς,
2428 4149 2522 4201 καὶ
2551 4145 2692 4199 οὕτω
2721 4147 3006 4208 δουλωθείς
3039 4163 3054 4178 ·
3084 4144 3144 4197 εὖ
3180 4161 3270 4213 μοι
3297 4143 3372 4204 δὲ,
3403 4142 3476 4193 ὅτι
3503 4135 3620 4203 πρὸς

2093 4239 2188 4292 τοῦ
2222 4239 2587 4308 ἐλευθερωτοῦ
2635 4239 2711 4306 τῷ
2733 4238 2844 4292 ὅντι
2865 4238 3000 4291 Θεοῦ
3027 4238 3283 4306 λέλυμαι.
3313 4233 3485 4305 Βραχὺ
3505 4229 3552 4281 δέ
3576 4242 3620 4276 τι

2097 4332 2444 4401 μεμνημένος
2473 4331 2582 4400 ἔχω
2611 4332 2904 4401 ἀναφέρειν
2928 4330 3002 4392 ὡς
3048 4331 3178 4394 μίαν
3214 4330 3312 4396 μὲν
3336 4326 3500 4397 ἀρχὴν
3525 4321 3620 4372 δια·

423 4413 650 4482 Sarapis
673 4455 689 4478 ,
716 4413 976 4468 daemonis
1003 4415 1105 4468 hoc
1140 4427 1377 4481 nomen;
1417 4411 1629 4481 reliqua
1667 4423 1844 4468 autem
1881 4415 1982 4470 tria

2095 4422 2295 4488 μέτρου
2328 4421 2648 4489 παρέσυρεν
2677 4421 2704 4472 6
2745 4420 3020 4488 Σάραπις’
3052 4420 3334 4488 δαιμόνιον
3386 4416 3503 4469 αὐτὸ
3523 4412 3621 4463 δνο-

423 4504 646 4572 similia,
667 4517 720 4560 et
751 4506 866 4575 ipsa
902 4506 1096 4576 litteris
1129 4506 1316 4574 paria;
1356 4506 1642 4560 rhombum
1675 4505 1726 4558 in
1752 4509 1982 4588 quadra-

2095 4484 2322 4582 μαίΤὰς
2346 4484 2624 4573 δένλοιπάς
2651 4513 2794 4580 τρεῖς
2825 4484 2998 4579 ⁷ἕτερα
3045 4484 3212 4576 ὅμοια
3272 4506 3622 4577 ἰσογράμματα

424 4608 538 4651 tum
575 4598 852 4668 redigebat
873 4597 1006 4660 Ζεὺς
1039 4599 1092 4651 in
1123 4597 1211 4650 tali
1231 4599 1396 4668 ﬁgura
1427 4615 1444 4653 :
1476 4597 1514 4650 Ζ
1536 4597 1752 4667 quidem
1812 4607 1990 4654 stante

422 4690 476 4744 in
510 4689 686 4744 medio
720 4704 912 4744 versus
941 4689 1192 4753 seorsim,
1227 4705 1258 4741 σ
1306 4701 1490 4745 autem
1528 4689 1836 4761 subjectum
1868 4702 1990 4760 post

421 4796 643 4837 versum
669 4796 857 4847 unum,
881 4781 1037 4850 quasi
1067 4781 1169 4836 sub
1196 4782 1396 4836 vertice
1427 4781 1662 4852 positum
1686 4798 1701 4848 ;
1731 4782 1785 4836 in
1809 4783 1988 4838 medio

421 4879 604 4927 autem
635 4874 914 4927 ambarum
947 4873 1252 4929 litterarum
1305 4873 1531 4927 istarum
1596 4881 1755 4927 crant
1784 4891 1808 4925 ε
1839 4882 1892 4929 et
1927 4891 1982 4939 υ,

418 4963 477 5018 in
500 4963 680 5017 medio
706 4973 829 5032 apte
856 4964 1006 5017 verbi
1060 4966 1144 5020 vel
1181 4965 1508 5028 litterarum,
1554 4963 1627 5016 ita
1683 4973 1740 5018 ut
1797 4963 1988 5019 ﬁerent

419 5053 664 5123 subjecta
690 5056 1008 5122 coniunctio
1037 5055 1272 5110 duorum
1329 5055 1722 5125 triangulorum
1770 5055 1987 5112 rhombi

416 5161 659 5217 congrue
685 5133 986 5215 descripti;
1029 5147 1283 5217 quoniam
1311 5159 1506 5202 versus
1530 5147 1605 5200 illi
1639 5163 1748 5202 non
1771 5147 1838 5201 ad
1859 5147 1988 5202 den-

416 5239 631 5294 sitatem
663 5253 758 5307 per
794 5238 1002 5291 litteras
1046 5237 1528 5302 coacervabantur,
1583 5239 1678 5293 sed
1723 5238 1988 5294 concinne

417 5329 484 5382 ad
537 5327 979 5398 perspicuitatem
1033 5325 1466 5381 resolvebantur.
1506 5323 1572 5379 Et
1627 5326 1741 5381 haec
1767 5327 1984 5395 quidem

415 5421 527 5475 duo
559 5421 610 5475 in
639 5421 848 5490 poesim
879 5433 1032 5474 versa
1071 5433 1101 5472 a
1131 5419 1262 5475 viris
1289 5419 1488 5490 quibus
1523 5419 1690 5474 otium
1738 5420 1984 5476 studium

416 5523 552 5568 erat.

2092 4609 2186 4659 καὶ
2214 4605 2353 4660 αὐτά
2386 4621 2400 4636 ⁸
2431 4605 2524 4657 τὸν
2553 4603 2608 4656 δὲ
2649 4602 2851 4673 ῥόμϐον
2898 4602 3324 4671 ἐτετραγώνιςεν
3357 4601 3384 4650 6
3433 4596 3553 4652 Ζεὺς
3577 4592 3624 4640 ἓν

2093 4698 2267 4765 τοιᾷδε
2319 4697 2641 4767 καταγραφῇ
2786 4694 2818 4759 ζ
2959 4691 3042 4746 οἶα
3063 4692 3154 4745 τοῦ
3206 4694 3306 4762 μὲν
3349 4692 3381 4754 ζ
3405 4686 3621 4756 κειμένου

2093 4793 2256 4861 μέσον
2301 4788 2484 4857 στίχου
2532 4787 2636 4857 ἰδίᾳ
2674 4848 2698 4878 ε
2773 4815 2819 4878 Δ
2893 4843 2924 4878 υ
2963 4780 3086 4836 καθ’
3105 4775 3623 4878 ἐαυτό·τρῦδέσύπο-

2093 4815 2256 4861 μεσον
2301 4815 2484 4857 υῗιχυυ
2532 4815 2636 4857 ιυιῇ
2674 4848 2698 4884 ε
2893 4843 2924 4878 υ
2967 4815 3068 4836 θιυιν
3105 4815 3264 4833 ῦωυυν
3312 4815 3498 4832 ονυνϋν
3522 4815 3603 4824 νην

2092 4879 2254 4948 σεόλη
2265 4879 2425 4947 μένου
2501 4877 2638 4947 μετὰ
2773 4815 2819 4921 ὓ
2965 4874 3091 4936 ἔπος
3106 4874 3182 4938 ἐν,
3206 4872 3281 4937 ὡς
3298 4866 3406 4923 οἷον
3423 4863 3544 4921 κατά
3561 4879 3626 4912 τι-

2098 4989 2162 5025 να
2192 4971 2417 5024 κάθετον
2436 4985 2449 4999 ·
2493 4968 2552 5021 εν
2587 4967 2642 5020 δὲ
2787 4983 2819 5017 σ
2958 4958 3036 5030 τῷ
3060 4964 3124 5032 μέ
3135 4979 3210 5030 σῳ
3233 4960 3432 5014 τούτων
3452 4953 3626 5024 ἀμφοῖν

2098 5062 2294 5128 στ’χων
2330 5057 2750 5128 παρακειμένων
2773 5053 2866 5108 τοῦ
2905 5072 2930 5107 ε
2957 5053 3052 5108 καὶ
3082 5070 3134 5119 υ,
3162 5051 3453 5120 συμμέτρῳ
3488 5055 3624 5112 μεσο-

2090 5151 2317 5222 λαδήσει
2349 5150 2619 5220 στοιχείου
2642 5149 2675 5218 ἢ
2703 5147 3004 5216 στοιχείων,
3039 5145 3113 5207 ὡς
3146 5144 3212 5197 ἂν
3236 5143 3482 5211 γίνωνται
3509 5130 3626 5188 αὐτὰ

2091 5243 2454 5298 ὑποτείνουσα
2497 5242 2651 5310 κοινὴ
2679 5243 2792 5303 τοῖς
2814 5239 2935 5292 δυσὶ
2966 5235 3250 5310 τριγώνοις
3303 5231 3395 5286 τοῦ
3451 5223 3624 5297 ῥόμσου

2088 5336 2480 5405 διαγραφέντος
2516 5335 2659 5404 μάλα
2693 5332 2959 5402 εύκρινῶς
2992 5344 3009 5360 ⁶
3039 5327 3226 5394 ἐπειδὴ
3273 5327 3342 5377 τὰ
3386 5324 3483 5388 ἔπη
3509 5315 3625 5368 ἐκεῖ·

2090 5447 2156 5482 να
2194 5428 2254 5481 σὺ
2280 5429 2416 5498 πρὸς
2450 5427 2728 5480 πύκνωσιν
2777 5426 2890 5485 τοῖς
2939 5421 3264 5491 γράμμασιν
3311 5408 3621 5470 ἐστοιῦάζονο

2091 5533 2172 5582 το,
2213 5517 2346 5570 άλλά
2387 5515 2678 5588 εὐρύθμως
2730 5511 3030 5584 ἠραιοῦντο
3062 5510 3191 5579 πρὸς
3216 5505 3618 5588 εὖδίάρθρωτθΫῗ

415 5607 511 5662 καὶ
543 5611 764 5664 τοιαῦτα
797 5613 895 5680 μὲν
923 5611 1104 5664 ἐκεῖνα
1135 5607 1204 5670 τὰ
1235 5607 1326 5662 δύο
1359 5607 1501 5663 κατὰ
1531 5607 1818 5664 ἐποποιίαν
1847 5607 2051 5664 πλατέα
2121 5584 2479 5684 τετραμμένα
2542 5612 2693 5682 παρὰ
2729 5608 2989 5680 ἀνδράσιν
3016 5599 3096 5671 οἷς
3123 5599 3189 5675 ἦν
3236 5601 3328 5658 καὶ
3397 5599 3426 5668 ἡ
3485 5584 3626 5663 σχολὴ

419 5698 643 5769 σπουδὴ.
