3926 6200
294 264 401 333 διε,
1098 274 1180 338 IN
1218 278 1558 343 llYMNUM
1619 285 2269 363 PENTECOSTALEM
2294 304 2755 372 DAMASCENI.

3432 324 3537 387 514

375 388 436 499 :0
463 387 520 499 s‘t
575 391 1055 499 perpr'jfaf‘ﬂpf;
1110 398 1322 499 χρόνος,
1353 402 1523 475 ἔφηνε
1576 411 1671 463 καὶ
1700 411 1862 477 αὐτὸς

2041 414 2147 472 Sed
2171 420 2314 486 quod
2345 437 2628 481 mensurat
2676 444 2777 485 nos
2801 439 3038 499 tempus,
3064 433 3434 491 manifestavit
3491 452 3550 497 et

288 477 459 574 ἄνδρα
482 477 705 574 λευῒτην
759 481 931 548 δεξιὸν
965 484 1213 549 ἐξανύειν
1248 490 1471 560 λογικὰς
1493 498 1865 574 ἐγχειρήσεις,

290 563 380 633 αἷς
406 569 473 624 ἂν
499 572 748 630 ἐπιϐάλοι
775 617 789 640 ,
839 578 1165 649 Ὀλυντηνδν
1190 583 1262 650 τὸς
1280 585 1510 660 ἐπίκλην
1534 563 1592 621 rh
1613 563 1717 645 κξιὶ.
1737 563 1874 649 5:5,;

291 679 393 731 μεν
444 662 591 718 ἰστὸν
632 666 690 720 ὃν
717 667 923 734 ἐκεῖνος
982 672 1212 743 ἑξύφανε
1262 680 1559 748 μετρικῶς,
1590 684 1680 736 καὶ
1711 685 1873 740 ἐθαυ-

290 753 549 822 μάσαμεν
569 757 859 823 ἀκούοντες
883 762 983 830 μὲν
1006 764 1066 817 τὸ
1096 767 1346 839 τέχνημα
1383 772 1479 825 καὶ
1516 774 1580 825 ὲκ
1611 775 1869 844 παλαιοῦ,

286 845 443 900 οὖπω
484 846 540 901 δὲ
597 856 1090 923 περιτετυχηκότες
1149 862 1377 932 τοιούτῳ
1438 864 1598 934 μέχρι
1663 867 1757 921 καὶ
1815 872 1871 933 ἐς

285 936 453 990 αὐτόν
479 954 495 972 ο
524 935 591 1008 ἦν
630 940 687 993 δὲ
722 942 782 994 τὸ
821 944 1167 1018 ίστούργημα
1205 951 1380 1005 ἐκεῖνο
1428 957 1671 1009 τοιοῦτον
1711 973 1727 990 ·
1759 976 1872 1013 στι-

283 1031 447 1102 χιδίῳ
475 1033 676 1105 πρώτῳ
695 1037 952 1093 ὑπέκειτο
972 1042 1160 1113 ἕτερον
1185 1047 1390 1113 ὅμοιον,
1415 1052 1701 1120 στοιχείοις
1734 1072 1872 1124 γρα-

283 1128 474 1192 φικοῖς
500 1130 557 1188 ἐς
585 1131 996 1201 άπαράλειπτον
1026 1140 1145 1192 κατ’
1170 1143 1349 1195 έκεῖνο
1371 1146 1704 1215 ποσούμενον
1734 1163 1748 1178 ⁸
1777 1150 1871 1203 καὶ

282 1216 365 1285 τῷ
418 1219 661 1291 δευτέρῳ
711 1224 890 1290 τρίτον
924 1226 1240 1297 ὑπέστρωτο
1275 1234 1509 1302 ἐμφερὲς
1563 1239 1629 1291 τά
1681 1254 1746 1306 γε
1792 1242 1871 1304 εἰς

284 1310 531 1380 ἀριθμὸν
596 1315 940 1383 γραμμάτων
968 1334 981 1348 °
1013 1322 1105 1371 καὶ
1140 1320 1216 1390 τῷ
1246 1325 1417 1391 τρίτῳ
1456 1327 1736 1396 τέταρτον,
1774 1331 1869 1382 καὶ

282 1402 451 1455 τοῦτο
483 1405 775 1473 ἐχομένως,
812 1408 914 1469 ἕως
955 1404 1015 1461 οὗ
1069 1413 1277 1476 ἐκεῖνος
1330 1417 1438 1468 εἴτε
1510 1418 1703 1487 ἤθελεν
1761 1424 1871 1476 εἴτε

283 1494 526 1563 ἠδύνατο
553 1513 567 1527 ’
604 1499 701 1551 καὶ
736 1500 803 1553 τὰ
828 1502 1133 1572 γράμματα
1178 1508 1424 1576 κιονηδον
1453 1506 1564 1563 οἷον
1589 1513 1873 1581 διατεταγ-

289 1588 436 1650 μένα
466 1589 591 1640 κατ’
616 1591 927 1661 εὐκρίνειαν
965 1597 1023 1647 ἐν
1045 1597 1120 1661 τῷ
1150 1596 1381 1651 ἕκαστον
1430 1600 1615 1670 στίχον
1655 1604 1871 1672 ἑκάστῳ

286 1680 609 1733 ἐπικεῖσθαι
631 1684 1009 1752 ἀνακείμενον,
1040 1685 1115 1749 ὡς
1139 1689 1187 1740 εί
1221 1691 1315 1741 καὶ
1338 1692 1584 1762 ἀλλήλων
1618 1699 1685 1748 τὰ
1730 1701 1871 1750 στοις

284 1772 414 1839 χεῐα
443 1770 746 1841 ἐξήρτηντο
770 1791 784 1804 ·
817 1776 1116 1844 ἐφάνταζον
1140 1780 1458 1845 στυλίσκους
1487 1785 1610 1850 τοὺς
1637 1784 1739 1853 μὲν
1770 1806 1868 1841 κα-

285 1858 362 1912 τὰ
386 1860 611 1927 πλάτος,
643 1865 768 1927 τοὺς
795 1865 850 1917 δὲ
882 1872 1024 1920 κατὰ
1049 1868 1211 1938 βάθος
1237 1871 1432 1938 ὀρθοὺς
1455 1875 1723 1943 ἅπαντας,
1775 1881 1869 1934 καὶ

288 1953 795 2024 συμσιόαζομένων
829 1957 938 2011 τῶν
966 1960 1023 2012 ἐν
1055 1962 1338 2032 ἑκατέροις
1377 1967 1601 2021 ἐννοιῶν
1626 1970 1871 2039 ἀναγνω-

288 2048 500 2109 στικῶς
535 2049 927 2120 ἀκροστιχίδων
973 2053 1128 2124 δίκην
1158 2074 1173 2087 ·
1230 2059 1560 2129 ἐκληροῦντο
1602 2064 1736 2127 ἰδίας
1770 2066 1871 2134 μὲν

286 2138 508 2201 ἐννοίας
540 2141 754 2195 οἱκατὰ
782 2142 982 2209 πλάτος
1010 2145 1210 2214 δρδινοι
1243 2151 1320 2220 (Ι)
1352 2152 1448 2203 ἀπ’
1496 2157 1671 2224 ἀρχῆς
1708 2158 1871 2224 μέχρι

285 2227 387 2282 τοῦ
424 2229 740 2285 τελευταίου
774 2251 788 2264 ·
818 2235 952 2299 ιδίας
992 2236 1049 2291 δὲ
1075 2239 1336 2305 ὡσαύτως
1373 2244 1422 2296 οἱ
1459 2248 1601 2297 κατὰ
1661 2247 1822 2317 βάθος
1852 2265 1868 2284 ο

286 2322 389 2374 καὶ
422 2319 489 2391 ἦν
514 2324 574 2375 ού
607 2325 923 2398 Πηνελόπης
955 2331 1098 2388 ἱστὸς
1123 2333 1332 2398 ἐκεῖνος
1390 2336 1482 2389 καὶ
1542 2341 1869 2410 ἱστορούμε-

286 2432 384 2478 νος
414 2418 514 2469 καὶ
544 2418 902 2487 ἀναγόμενος,
938 2423 969 2492 ἥ
1010 2424 1228 2491 Ἑλένης
1262 2429 1468 2491 πέπλος
1543 2431 1871 2502 Ἑλληνικοῖς

287 2506 630 2573 ἁεθλεύμασι
689 2512 1075 2582 κατάπαστος,
1141 2519 1275 2572 ἀλλὰ
1341 2522 1585 2591 ἐμπλοκὴ
1641 2526 1869 2592 σοφίας,

286 2594 363 2662 ἧς
402 2599 567 2670 ἔργον
623 2603 787 2657 καλὸν
838 2607 936 2660 καὶ
969 2607 1030 2660 τὸ
1082 2610 1361 2681 πάρεργον
1389 2629 1404 2644 ·
1448 2614 1595 2667 ἱστοῦ
1648 2616 1702 2668 δὲ
1747 2617 1872 2670 τού-

289 2710 389 2747 του
443 2696 710 2763 στήμονες
751 2718 776 2765 ε,
793 2699 873 2761 ὲν,
904 2693 1014 2753 οἷον
1041 2703 1108 2755 τὰ
1142 2706 1281 2757 κατὰ
1317 2705 1482 2774 βάθος
1536 2710 1642 2777 ἔπη
1674 2725 1688 2740 ⁸
1740 2712 1873 2780 κρό-

292 2804 366 2855 κη
416 2787 496 2849 δὲ.
527 2790 597 2842 τὰ
632 2791 726 2844 τοῦ
745 2791 979 2857 πλάτους
1005 2810 1018 2824 ·
1070 2800 1163 2849 καὶ
1195 2797 1467 2865 λογίζεται
1501 2802 1533 2871 ἡ
1593 2803 1691 2872 μὲν
1749 2805 1872 2857 τού-

290 2896 389 2933 του
421 2882 643 2952 ποίησις
678 2883 929 2953 ὕφανσις,
960 2887 1034 2950 ὡς
1060 2885 1169 2941 οἷον
1196 2890 1252 2943 δὲ
1292 2893 1570 2959 ἀνάλυσις,
1617 2899 1650 2965 ἡ
1706 2901 1878 2966 ἀνάγ-

292 2991 481 3040 νωσις,
539 2976 633 3029 καὶ
680 2980 708 3032 ό
755 2974 960 3048 στήσας
1012 2985 1219 3037 ἐκεῖνον
1253 2988 1549 3053 προσφυῶς
1582 2989 1647 3042 ἂν
1681 2990 1871 3060 ῥηθείη

1977 505 2154 576 ipsum
2199 510 2417 566 levitam
2450 514 2725 573 hominem
2755 521 2991 587 peritum
3043 515 3358 592 perﬁciendi
3394 530 3554 585 ratio-

1975 599 2116 653 nalia
2141 598 2354 669 incepta
2383 606 2580 668 quibus
2633 609 2877 665 animum
2914 612 3249 681 intendebat,
3303 615 3553 684 Olyntte-

1975 704 2100 741 num
2133 690 2350 746 nomine
2386 708 2401 746 :
2440 705 2492 748 et
2524 696 2757 752 vidimus
2781 701 2940 754 telam
3002 717 3164 771 quam
3222 708 3448 761 metrice
3471 720 3551 762 te-

1973 780 2111 845 xuit,
2145 790 2199 835 et
2228 783 2409 838 mirati
2433 800 2624 843 sumus
2658 789 2947 847 audientes
2997 805 3170 849 artem
3228 796 3370 851 hanc
3411 800 3555 852 anti-

1975 888 2136 941 quam
2170 889 2317 941 esse,
2356 884 2413 929 et
2438 878 2680 932 nondum
2721 874 3001 953 bu'cusque
3044 887 3150 942 tale
3190 889 3317 956 quid
3347 891 3585 945 viderav

1972 979 2114 1018 mus.
2155 964 2280 1019 Erat
2304 978 2484 1022 autem
2508 977 2719 1024 textura
2749 972 2871 1027 talis
2897 988 2910 1023 :
2940 974 3127 1031 Versui
3153 979 3329 1045 primo
3363 980 3555 1048 subja-

1975 1057 2134 1111 cehat
2162 1060 2301 1113 alter
2322 1060 2540 1127 similis,
2603 1062 2888 1120 elementis
2922 1068 3194 1135 graphicis
3220 1068 3338 1125 sine
3388 1072 3557 1126 inter-

1977 1149 2241 1204 missione
2282 1153 2582 1208 secundum
2609 1155 2763 1209 illum
2791 1158 3175 1214 conformatus
3205 1178 3219 1215 ε
3262 1172 3317 1216 et
3358 1178 3556 1217 secun-

1972 1238 2042 1291 do
2078 1240 2274 1294 tertius
2306 1244 2624 1299 substratus
2659 1257 2776 1302 erat
2799 1249 2944 1315 quod
2988 1250 3295 1304 litterarum
3368 1267 3558 1306 nume-

1974 1345 2090 1383 rum
2119 1346 2342 1400 compar
2391 1341 2445 1386 et
2508 1337 2667 1388 tertio
2725 1347 2975 1405 quartus,
3045 1347 3100 1391 et
3162 1338 3242 1393 sic
3301 1338 3559 1405 deinceps

1978 1422 2339 1491 quoadusque
2378 1433 2565 1479 textus
2587 1412 2761 1479 voluit
2791 1437 2884 1481 aut
2913 1431 3088 1496 potuit
3117 1446 3131 1483 :
3162 1440 3214 1484 et
3240 1431 3433 1483 litterae
3464 1444 3557 1483 cu-

1974 1511 2173 1566 lumnze
2238 1516 2408 1568 instar
2492 1516 2755 1571 ordinatae
2812 1518 2878 1572 ad
2967 1521 3307 1587 perspicuam
3364 1522 3560 1575 distin-

1974 1598 2234 1661 ctionrm,
2267 1599 2396 1654 dum
2429 1602 2658 1669 singulis
2686 1604 2927 1660 versibus
2972 1608 3170 1674 singuli
3205 1608 3557 1675 subjacentes

1978 1700 2349 1753 versarentur,
2388 1692 2457 1745 ita
2500 1704 2557 1746 ut
2592 1693 2821 1748 invicem
2851 1698 3194 1751 colurrerent
3237 1699 3508 1752 elementa
3539 1714 3557 1765 ;

1976 1779 2336 1834 ostendebant
2368 1784 2657 1839 columnas
2686 1794 2738 1838 et
2764 1786 2816 1839 in
2843 1787 3135 1842 latitudine
3165 1798 3221 1842 et
3252 1791 3305 1842 in
3335 1791 3561 1858 profun-

1970 1869 2157 1936 ditate,
2189 1882 2366 1928 rectas
2410 1889 2623 1938 omnes,
2650 1893 2772 1930 cum
2810 1888 3319 1947 eoagmentarentur
3359 1880 3413 1933 in
3440 1881 3559 1934 siu-

1969 1960 2109 2031 gulis
2124 1966 2407 2020 sententiae
2440 1980 2681 2036 congrue
2702 1970 2769 2023 ad
2799 1970 3108 2039 legendum,
3131 1971 3557 2026 acrostichidum

1970 2048 2178 2115 instar;
2214 2054 2464 2123 proprias
2495 2058 2867 2112 sortiebantur
2909 2061 3211 2115 sententias
3259 2076 3453 2115 versus
3498 2063 3556 2115 in

1972 2142 2257 2200 latitudine
2289 2146 2552 2212 ordinati,
2581 2149 2649 2203 ab
2686 2149 2845 2203 initio
2890 2166 3064 2220 usque
3087 2152 3154 2204 ad
3192 2152 3355 2205 linem
3386 2168 3400 2215 ;
3436 2166 3561 2217 pro-

1971 2234 2121 2303 prias
2149 2235 2407 2291 similiter
2437 2240 2529 2307 qui
2562 2240 2613 2293 in
2646 2241 2938 2295 altitudine
2962 2250 3018 2297 et
3038 2253 3158 2297 erat
3227 2257 3335 2296 non
3384 2244 3559 2297 Pene-

1972 2324 2113 2393 lopis
2142 2327 2246 2381 tela
2276 2324 2409 2391 haec,
2442 2329 2512 2381 ab
2536 2329 2783 2384 historiis
2810 2334 3026 2403 cognita
3048 2344 3101 2389 et
3120 2334 3393 2387 celebrata
3422 2350 3437 2396 ;
3462 2347 3561 2387 nec

1974 2414 2188 2470 Helena:
2228 2418 2401 2472 velum
2431 2420 2753 2489 Argivorum
2795 2440 3109 2495 camporum
3143 2424 3560 2490 certaminibus,

1973 2507 2067 2561 sed
2091 2508 2372 2575 sapientiae
2400 2514 2738 2580 complexus,
2773 2516 2931 2583 cujus
2973 2516 3261 2584 pulchrum
3286 2532 3424 2586 opus
3446 2516 3561 2584 pri-

1976 2602 2209 2653 marium
2237 2612 2291 2655 et
2319 2603 2730 2664 secundarium,
2753 2607 2873 2658 tela:
2908 2617 3087 2660 autem
3111 2607 3272 2676 hujus
3325 2608 3560 2663 stamina

1974 2694 2113 2748 sicut
2142 2705 2195 2749 et
2233 2709 2442 2760 versus,
2494 2694 2547 2746 in
2617 2693 2887 2763 profundo
2909 2696 3082 2761 posita
3110 2712 3124 2761 ;
3150 2706 3322 2750 trama
3374 2705 3559 2751 autem

1977 2784 2031 2839 in
2067 2785 2374 2848 latitudine,
2405 2793 2455 2838 et
2478 2787 2782 2839 aestimatur
2819 2794 3032 2839 textura
3065 2786 3247 2852 poesis
3292 2787 3402 2851 illa,
3439 2788 3560 2853 sed,

1976 2888 2034 2932 ut
2056 2894 2271 2947 aequum
2314 2888 2416 2942 est,
2453 2878 2751 2948 explicatio
2783 2878 2864 2932 vel
2879 2880 3185 2949 eXpositio;
3219 2889 3272 2933 et
3300 2882 3390 2947 qui
3412 2894 3562 2932 con—

1975 2970 2154 3023 stituit
2185 2985 2330 3032 eam,
2364 2979 2729 3041 congruenter
2756 2956 3045 3023 diceretur
3066 2970 3229 3023 docta
3285 2971 3555 3024 tenuisse

292 3066 453 3135 λόγον
478 3067 742 3137 ἂξυφάναι
775 3072 942 3139 σοφόν
972 3089 987 3104 ·
1023 3074 1099 3136 ὡς
1126 3075 1184 3127 δὲ
1220 3076 1489 3145 δύσεργον
1522 3079 1583 3131 τὸ
1630 3056 1874 3134 τοιοῦτον

1982 3061 2144 3115 verba
2178 3056 2699 3129 quanidiﬂicilissit
2777 3062 2905 3113 talis
2966 3070 3204 3124 textura,
3269 3061 3411 3114 sciet
3464 3064 3557 3128 qui

294 3160 617 3231 ἐξύφασμα,
650 3161 923 3229 γνώσεται
957 3167 984 3219 ό
1013 3169 1407 3235 πειρασόμενος
1449 3170 1581 3222 αὐτὸ
1613 3171 1876 3241 διαχειρί-

296 3250 493 3305 σασθαι
528 3268 545 3284 ·
594 3254 759 3323 σοφὸς
792 3254 890 3323 μὲν
920 3257 1181 3323 ἐσόμενος
1213 3258 1373 3327 εἴπερ
1396 3259 1529 3311 αὐτὸ
1570 3261 1878 3328 άκριόὡαέ-

293 3363 385 3397 ται
425 3360 440 3375 ·
500 3345 565 3397 ού
618 3346 976 3416 δυνησόμενος
1040 3347 1096 3400 δὲ
1144 3348 1232 3403 διὰ
1276 3350 1462 3414 τέλους
1494 3353 1792 3417 ούδάὐτὸς
1821 3358 1879 3407 ὲν

294 3437 520 3498 πολλοῖς
545 3434 682 3489 εἶναι
717 3436 861 3491 κατὰ
891 3439 983 3493 τὸν
1020 3440 1195 3504 οὕτως
1224 3443 1448 3496 εἰπόντα
1503 3445 1687 3511 σοφόν.
1739 3449 1878 3500 Πτέ-

297 3550 477 3602 ρυγας
500 3533 561 3598 δέ
581 3550 643 3598 γε
676 3534 769 3585 καὶ
791 3533 980 3597 ἀξίνας
1007 3534 1104 3587 καὶ
1126 3535 1209 3588 ὠά
1258 3537 1351 3590 καὶ
1415 3538 1655 3608 βωμοὺς,
1711 3542 1881 3609 ἀθύρ-

298 3642 452 3693 ματα
480 3626 575 3677 καὶ
608 3624 746 3676 αύτὰ
780 3626 1000 3694 μουσῶν
1034 3629 1363 3697 σεμνότερον
1395 3630 1452 3682 δὲ
1489 3633 1650 3697 φάναι
1708 3633 1881 3699 ἀγάλ-

300 3732 473 3784 ματα,
500 3714 791 3784 Θεόκριτος
822 3717 1234 3787 παραδεικνύτω
1255 3721 1348 3772 καὶ
1380 3722 1432 3774 ετ
1456 3739 1540 3784 τις
1578 3724 1737 3786 ἄλλος
1770 3740 1881 3776 τοι·

300 3811 433 3862 οὗτο
458 3808 779 3876 ὲκφαίνεται
813 3824 828 3839 ο
860 3810 921 3862 οὐ
950 3811 1260 3870 σπουδαίοις
1291 3814 1496 3876 ἐκεῖνος
1536 3814 1740 3882 λογίοις
1786 3817 1880 3868 ὲκο

297 3898 480 3961 διδοὺς
543 3899 734 3952 ἑαυτὸν
787 3902 926 3953 κατᾶ
969 3902 1098 3963 τοὺς
1157 3902 1511 3972 ἀδιακρίτους
1559 3905 1878 3971 ἐξεταστὰς,

299 3991 442 4043 ἀλλὰ
495 3992 632 4056 πρὸς
686 3992 745 4042 ού
804 3991 1015 4059 φαύλην
1071 3994 1306 4063 σπουδὴν
1336 3996 1751 4064 ἁστεῖζόμενος.
1792 3999 1881 4051 Ἐν

302 4078 387 4143 οἷς
415 4082 565 4133 ἐστιν
596 4084 775 4134 εἰπεῖν
803 4082 877 4145 ὡς
907 4078 973 4153 ἦν
1005 4084 1187 4147 αὐτοῖς
1247 4087 1280 4154 ἡ
1330 4086 1557 4155 τοιαύτη
1617 4090 1878 4158 ὲργῳδία,

306 4174 475 4235 κόπος
505 4174 723 4235 ἄπονος,
762 4174 957 4242 μόχ¹.ὀς
982 4175 1208 4241 γλυκὺς,
1242 4177 1403 4239 πόνος
1432 4177 1753 4249 ἀνάλγητος,
1785 4180 1884 4247 εμ-

311 4281 516 4334 μουσος
538 4264 784 4333 ἀσχολία,
817 4265 977 4327 ams;
1004 4266 1189 4335 ἡδονὴ,
1239 4268 1409 4336 ἀργία
1441 4267 1680 4335 ἐλλόγως
1712 4272 1879 4339 ἔργα·

308 4356 459 4424 md},
485 4353 642 4421 θῆξις
668 4355 848 4425 ψυχῆς
877 4358 954 4418 εἰς
978 4356 1235 4425 ὀξύτητα,
1264 4357 1490 4426 ἐθισμὸς
1551 4360 1881 4429 καινοτέρων

310 4446 585 4509 ἐπινοιῶν,
620 4445 943 4515 καινοτομία
970 4447 1131 4514 λόγου
1167 4450 1457 4519 ἐπαινετὴ,
1499 4450 1722 4517 μέθοδος
1787 4451 1881 4503 τοῦ

314 4537 389 4608 μὴ
424 4537 630 4606 βαίνειν
665 4538 784 4589 κατ’
819 4538 941 4607 ῐχνη
987 4538 1219 4604 πολλῶν,
1276 4540 1303 4591 ὂ
1358 4540 1420 4607 δὴ
1480 4540 1827 4609 Καλλίμαχος
1858 4541 1887 4591 ὁ

312 4631 478 4699 σοφδς
500 4629 882 4697 ἐπετήδευσεν,
920 4628 1107 4697 ἔφοδος
1171 4630 1502 4701 ὲφευρετικὴ
1564 4632 1887 4701 καινοτέρας

314 4721 611 4791 ποιήσεως,
647 4721 853 4785 ἔνδοξος
885 4722 1145 4790 ἀποφυγὴ
1192 4722 1623 4792 ταυτογραφίας,
1659 4723 1891 4792 εὐφυΐας

315 4811 566 4877 ἔνδειξις,
589 4810 851 4878 ἐπίδειξις
878 4812 1140 4883 εὐπορίας
1163 4816 1377 4882 νοερᾶς,
1426 4806 1737 4880 φιλόκαινος
1795 4817 1892 4869 καλ⁸

315 4903 599 4970 φιλότιμος
642 4903 1019 4972 μεταχείρισις
1068 4902 1251 4970 λόγου,
1296 4904 1672 4975 ἐξηλλαγμένη
1730 4898 1892 4977 στολὴ

318 4995 534 5063 σοφίας,
575 4995 782 5062 ἀγαθὸν
816 4994 1128 5061 ἀλλόκοτον,
1166 4996 1398 5049 πλούτου
1427 4996 1615 5064 νοερού
1671 4998 1892 5067 προχεί-

322 5103 489 5156 ρισις,
530 5086 772 5156 ἔμφασις
795 5087 1079 5157 δυνάμεως
1104 5089 1364 5158 ψυχικῆς,
1395 5088 1658 5157 ἔκφανσις
1707 5088 1893 5159 ἰσχύος

320 5177 623 5247 γραφικῆς.
1038 5202 1043 5205 ·

400 5268 543 5322 Ἀλλ’
572 5270 709 5339 ὅπερ
748 5270 943 5325 ἀνόπιν
966 5270 1125 5339 λόγου
1156 5268 1462 5338 φθάσαντες
1489 5271 1892 5340 ὲσκεπτόμεθα,

321 5360 480 5428 εἴπερ
512 5360 697 5413 πολλοί
719 5378 865 5426 τινες
893 5365 985 5415 καὶ
1021 5363 1130 5416 τῶν
1156 5364 1213 5415 ἐν
1243 5365 1374 5435 ἡμῖν
1422 5365 1770 5434 παλαιτέρων
1802 5364 1897 5417 καὶ⁵

322 5455 427 5505 τῶν
455 5453 786 5524 προσφάτων
819 5455 911 5507 καὶ
936 5457 1064 5524 περὶ
1094 5454 1269 5524 μέτρα
1314 5457 1670 5525 ὲπονήσαντο,
1720 5455 1751 5524 ἢ
1809 5454 1897 5509 διὰ

327 5543 611 5613 ῥᾳστώνην
637 5544 907 5617 ἔμφρονα,
938 5547 970 5618 ἢ
996 5547 1131 5617 πρὸς
1160 5548 1317 5619 χάριν
1345 5548 1656 5615 ὁποιανοῦν,
1690 5547 1782 5600 καὶ
1801 5547 1897 5614 γέι

399 5728 479 5799 (ι)
516 5727 592 5781 lta
620 5727 742 5781 cod.

1984 3151 2141 3205 talem
2179 3151 2463 3205 instituere
2519 3151 2775 3213 teutabit,
2833 3153 3009 3206 solers
3061 3151 3301 3205 futurum
3349 3151 3394 3205 si
3438 3166 3557 3204 eam

1982 3252 2104 3313 apte
2162 3243 2449 3313 perfecerit
2480 3260 2495 3311 ;
2537 3260 2644 3298 non
2677 3245 2875 3313 poterit
2907 3256 3087 3299 autem
3115 3259 3286 3314 usque
3312 3245 3365 3298 in
3396 3244 3557 3297 linem

1981 3337 2170 3405 etipse
2196 3338 2247 3388 in
2277 3337 2463 3392 multis
2517 3352 2636 3392 esse
2689 3337 2834 3391 sicut
2879 3337 3173 3406 prmtlicttts
3235 3338 3558 3406 ingeniosus

1982 3429 2082 3483 vir.
2112 3430 2240 3485 Alas
2271 3440 2474 3494 autem,
2500 3441 2553 3484 et
2581 3445 2803 3486 secures
2829 3438 2882 3483 et
2919 3444 3043 3490 ova,
3069 3440 3122 3483 et
3155 3429 3371 3493 altaria,
3402 3430 3556 3498 signa

1981 3531 2035 3575 et
2064 3538 2339 3577 musarum
2406 3531 2726 3576 ornamenta
2771 3535 2826 3576 ut
2869 3521 3166 3581 decentius
3228 3532 3551 3590 appareant,

1983 3613 2314 3668 Theocritus
2344 3614 2521 3674 canat,
2544 3614 2626 3668 vel
2661 3614 2707 3668 si
2762 3614 2886 3681 quis
2938 3614 3082 3667 alius
3132 3613 3407 3680 reperitur
3456 3612 3542 3664 iu-

1984 3705 2215 3773 comptis
2235 3707 2375 3758 dans
2409 3704 2646 3772 seipsum
2681 3714 2869 3756 auctor
2908 3704 3215 3767 sententiis,
3246 3703 3398 3771 juxta
3461 3702 3550 3756 in-

1984 3797 2173 3848 doeios
2198 3794 2551 3862 inquisitores
2573 3810 2588 3859 ;
2610 3795 2702 3848 sed
2736 3795 2918 3862 potius
2945 3794 3305 3849 urbanitatem
3329 3793 3558 3862 diligen-

1985 3886 2194 3939 tissime
2224 3894 2487 3939 sectatur.
2523 3886 2596 3939 De
2658 3886 2858 3951 quibus
2876 3886 3168 3940 dicendum
3213 3894 3298 3940 est
3325 3887 3431 3940 tale
3458 3903 3546 3938 ar-

1983 3976 2149 4031 duum
2182 3977 2464 4046 cpusipsis
2505 3975 2670 4031 fuisse
2695 3977 2932 4031 laborem
2961 3978 3173 4031 facilem
3198 4019 3211 4039 ,
3249 3979 3553 4032 molestiam

1983 4072 2218 4134 dulcem,
2261 4072 2631 4140 fatigationem
2688 4070 2877 4125 dolore
2935 4084 3233 4137 carentem,
3293 4074 3559 4126 concinna

1984 4182 2142 4231 cura,
2185 4164 2565 4220 immaterialis
2594 4166 2866 4231 voluptas,
2925 4169 3097 4218 otium
3160 4165 3436 4235 sapienter
3482 4167 3563 4218 la-

1985 4258 2251 4321 borans,i
2289 4257 2471 4327 ngenii
2528 4258 2797 4311 acuminis
2819 4258 3020 4321 cultus,
3090 4272 3353 4310 novarum
3415 4258 3565 4324 cogi-

1987 4353 2254 4403 tationum
2290 4348 2631 4403 consuetudo
2656 4386 2671 4411 ,
2702 4348 2992 4402 laudabilis
3049 4348 3198 4402 verbi
3256 4349 3562 4412 innovatiu,

1993 4442 2187 4496 modus
2214 4456 2323 4493 non
2359 4440 2621 4507 sequendi
2655 4439 2797 4493 viam
2830 4440 3158 4504 multorum;
3190 4438 3563 4494 Cailimacltns

1994 4532 2352 4603 pliiloSOplius
2412 4530 2672 4596 instituit,
2728 4530 2814 4583 via
2860 4523 3148 4584 inventrix
3243 4530 3566 4584 recentioris

1998 4635 2239 4690 poeseos,
2272 4618 2563 4679 laudabilis
2601 4617 2725 4687 fuga
2766 4619 3202 4689 tautograpltias,
3241 4619 3440 4690 ingenii
3477 4633 3567 4673 os-

2000 4710 2194 4776 tensio,
2233 4708 2602 4763 manifestatis
2641 4708 2824 4763 uberis
2854 4710 3045 4774 animi,
3078 4723 3215 4763 nova
3280 4717 3334 4764 et
3403 4722 3569 4778 gene-

1998 4815 2121 4854 rosa
2159 4798 2308 4853 verbi
2339 4797 2613 4863 tractatio,
2678 4798 2993 4852 divitiarum
3062 4799 3423 4869 spiritualium
3481 4814 3572 4853 ac-

1999 4891 2249 4960 quisitio,
2273 4891 2478 4961 vigoris
2511 4889 2714 4960 ingenii
2755 4900 3160 4961 argumentum,
3188 4894 3270 4946 vis
3298 4892 3569 4961 graphicae

1998 4982 2281 5039 exliibitio.

2077 5264 2181 5320 Sed
2215 5263 2358 5333 quod
2394 5269 2553 5317 antea
2586 5258 3076 5316 considerabamus
3099 5268 3279 5314 utrum
3315 5257 3471 5311 multi
3504 5269 3570 5309 ex

2002 5356 2405 5427 antiquioribus
2429 5362 2483 5409 et
2506 5370 2576 5408 ex
2602 5352 2913 5408 recentibus
2949 5351 3101 5421 poesi
3136 5362 3353 5418 operam
3389 5346 3571 5400 dedis-

2000 5458 2142 5513 sent,
2174 5446 2253 5501 vel
2282 5453 2503 5515 propter
2536 5444 2760 5499 inditain
2819 5442 3158 5505 facilitatem,
3215 5437 3295 5489 vel
3354 5449 3573 5505 propter

2001 5553 2221 5594 causam
2254 5536 2709 5606 qualemcunque,
2734 5541 2788 5587 et
2815 5530 2919 5586 hoc
2967 5527 3171 5583 accidit
3219 5526 3421 5581 volenti
3472 5526 3573 5582 Da-
