3926 6200
262 297 366 362 517

1073 299 1160 363 IN
1198 301 1539 364 mnuum
1575 281 2221 370 Psurecos'mmu
2267 310 2718 378 DAMASCENI.

3394 319 3501 386 518

255 414 427 485 λιτιιίᾳ
457 413 846 485 κομπάζειν,ἢ
879 415 1298 485 στωμύλλεσθαι
1351 419 1768 488 πανηγυρικῶς.
1797 417 1828 490 ἢ

1941 423 2209 492 proferre,
2245 432 2300 478 et
2322 426 2431 480 alia
2462 428 2664 483 similia
2689 428 2950 496 eﬂ‘utire;
2999 431 3147 487 aliud
3199 444 3381 492 autem
3443 456 3507 496 re

259 503 643 576 στρογγύὶλειν
671 506 1052 574 προφωνήσεις
1093 506 1185 559 καὶ
1231 506 1444 570 λαλιὰς,
1493 509 1587 562 καὶ
1642 509 1834 577 γενεθ-

1938 515 2121 570 divina
2151 516 2303 586 loqui
2336 516 2607 573 duntaxat
2645 529 2930 587 accurate,
2967 528 3024 577 et
3059 538 3332 581 mensurae
3370 531 3506 584 sub-

257 595 546 662 λιαλογείν,
580 598 676 648 καὶ
700 593 928 653 τοιαῦτά
957 611 1082 650 τινα
1133 596 1521 666 μετέρχεσθαι.
1578 599 1743 651 Ἀλλο
1769 599 1828 652 δὲ

1941 620 2057 662 esse
2074 618 2129 662 et
2163 609 2321 663 metri
2357 609 2560 678 regulis
2589 611 2738 666 velut
2783 611 3088 682 magistro;
3135 615 3189 670 in
3230 617 3324 671 tali
3359 621 3508 673 enim

255 689 319 741 τδ
347 686 620 753 θεολογεῖν
649 685 974 755 καταμόνας
1012 686 1268 756 ιμμελῶς
1317 689 1414 742 καὶ
1461 690 1645 760 μέτρῳ
1702 690 1832 744 ιπε-

259 781 382 833 σθαι
408 780 503 831 καὶ
539 780 653 840 τοῖς
676 777 770 830 τοῦ
817 777 1020 846 μέτρου
1074 778 1174 830 ὅσα
1233 779 1328 831 καί
1390 795 1498 833 τινι
1534 783 1820 852 νομοθέτῃ.

256 864 333 920 Ἥ
364 869 472 937 γὰρ
515 867 580 919 ἂν
619 868 670 919 εἰ
703 866 848 919 οὕτω
873 876 1138 920 οιεκειντο
1173 867 1534 938 καταθέμενοι
1582 871 1679 934 τὰς
1723 871 1832 938 ψή-

270 977 428 1027 φους,
466 959 560 1011 καὶ
589 959 992 1027 συναγαγόντες
1030 958 1186 1020 ὅλους
1213 960 1463 1023 ἑαυτοὺς,
1489 963 1705 1028 ὲξίλουν
1741 965 1832 1016 τὸν

259 1049 497 1113 εὐθέτως
523 1051 812 1121 γράψαντα
856 1052 1000 1117 κατὰ
1055 1051 1117 1103 τὸ
1159 1051 1516 1121 ὑποκείμενον
1558 1060 1827 1124 χορηγεῖ·

261 1147 348 1194 καὶ
385 1143 614 1212 ὕστερον
646 1144 800 1197 εῐπου
829 1145 920 1197 καὶ
945 1145 1388 1213 παραφθέγξεταί
1411 1165 1459 1199 τι
1491 1149 1631 1199 κατὰ
1663 1149 1836 1215 ἀνάγ-

1938 711 2066 753 casu
2115 700 2185 767 si,
2247 703 2548 756 sententias
2611 704 3031 772 deposuissent,
3103 709 3353 763 conversi
3404 711 3506 778 ipsi

1934 804 2058 844 eum
2115 792 2402 858 diligerent
2466 794 2557 863 qui
2616 803 2761 848 recte
2816 797 3130 865 scripsisset
3162 797 3316 864 juxta
3377 816 3507 868 pro-

1937 883 2175 950 positum
2232 893 2666 953 argumentum:
2733 886 2859 939 licet
2905 890 3237 958 quandoque
3299 890 3511 959 aliquid

1940 971 2239 1040 neglexerit
2267 972 2502 1042 scriptor
2535 989 2602 1028 ex
2641 976 2997 1040 necessitate;
3033 978 3075 1032 si
3109 987 3292 1032 autem
3333 981 3510 1035 rectis

1938 1061 2190 1116 videntur
2229 1065 2468 1132 gaudere
2497 1066 2679 1120 verbis
2713 1068 2808 1135 qui
2852 1070 3379 1137 prepositamgcanit
3418 1084 3512 1126 so-

1939 1153 2297 1221 lemnitatem,
2359 1157 2523 1210 liceat
2577 1157 2655 1211 illi
2714 1158 2896 1214 facere
2957 1161 3313 1230 negligentius
3364 1162 3508 1229 quod

260 1252 364 1302 κην
394 1236 426 1287 ό
454 1235 728 1301 ἀγωνιῶν.
769 1237 830 1288 Et
867 1236 924 1289 δὲ
954 1239 1046 1288 καὶ
1076 1238 1352 1300 συνθέτοις
1377 1242 1624 1306 φανεῖται
1649 1240 1830 1304 λέξεσι

1941 1245 2227 1313 iudicavit,
2259 1247 2416 1313 quasi
2451 1248 2680 1315 quodam
2719 1251 2882 1304 modo
2934 1251 2990 1304 in
3029 1253 3130 1306 hoc
3202 1260 3352 1316 nato,
3412 1267 3513 1306 nec

259 1325 469 1394 χαίρων
505 1327 654 1379 όνῦν
703 1329 779 1390 είς
828 1331 926 1396 τὴν
982 1330 1358 1397 προκειμένην
1413 1329 1614 1398 ἑορτὴν
1675 1337 1831 1399 μελο-

264 1417 460 1482 ποιῶν,
500 1420 888 1487 συγχωρείσθω
925 1422 1095 1472 ποιεῖν
1120 1418 1496 1487 ἀφειδέστερον
1539 1421 1676 1489 ὅπερ
1729 1422 1830 1472 €11:-

1939 1352 2036 1404 ρει-
2072 1345 2448 1406 contemptum
2481 1341 2686 1408 agenti,
2717 1343 2811 1397 sed
2848 1343 2920 1398 ob
2945 1344 3195 1412 placitam
3255 1343 3305 1398 ei
3360 1358 3515 1398 reve-

1941 1425 2192 1480 reutiam.

260 1511 480 1580 ἔκρινεν
507 1527 522 1542 ο
572 1512 648 1573 ὡς
711 1506 800 1565 οἷα
845 1512 1045 1581 τρόπον
1096 1511 1216 1565 τινὰ
1261 1513 1340 1573 εις
1369 1511 1528 1565 τοῦτο
1590 1513 1872 1583 πεφυκὼς,
1919 1516 2042 1572 οὔτε
2094 1520 2232 1589 πρὸς
2260 1517 2447 1588 ψόγον,
2512 1521 2607 1573 καὶ
2649 1523 2788 1592 πρὸς
2841 1527 3181 1596 ἀρέσκουσαν
3250 1529 3308 1582 δὲ
3361 1530 3513 1602 αὐτῷ

261 1612 592 1678 σεμνότητα.

338 1709 682 1778 Ἀρκούντων
707 1707 772 1777 δὴ
787 1707 1105 1762 καὶτούτων
1123 1708 1202 1770 είς
1229 1709 1478 1776 ινδεχομέ
1489 1727 1626 1778 μνην
1647 1709 1831 1776 σκέψιν

2011 1702 2116 1759 Sed
2149 1705 2262 1760 haec
2298 1705 2567 1760 sufﬁciant
2595 1709 2658 1761 ad
2691 1722 2996 1779 susceptam
3016 1713 3456 1770 dissertationem
3487 1735 3504 1785 ;

261 1802 521 1870 Θεωρίας,
571 1799 927 1853 ὲπελευστὲον
970 1801 1064 1854 καὶ
1085 1800 1182 1870 τὴν
1205 1801 1356 1869 παρὰ
1385 1803 1496 1862 τοῖς
1546 1803 1834 1869 νεωτέροις

263 1891 591 1960 μελῳδικοῖς
625 1891 938 1961 εὑρημένην
998 1893 1380 1961 ἡμισευμένην
1436 1892 1786 1961 ἀκροστιχίδα
1816 1907 1832 1923 ο

258 1983 642 2051 ήμισευμὲνην
666 1983 722 2035 δὲ
748 1983 917 2052 αὐτὴν
946 1976 1122 2046 εἷπον,
1151 1982 1226 2044 ώς
1252 1984 1326 2050 μὴ
1355 1982 1499 2035 κατὰ
1544 1983 1670 2043 τοὺς
1735 1983 1837 2050 ἁρ-

265 2071 455 2140 χαίους
485 2071 588 2141 ἰδίᾳ
619 2074 676 2138 ἐξ
704 2073 1008 2142 ἀριστερῶν
1031 2072 1126 2125 καὶ
1160 2072 1266 2141 ίδίᾳ
1297 2072 1528 2136 δεξιόθεν
1556 2075 1752 2141 συνείρ·
1776 2089 1836 2123 υ-

263 2180 370 2216 σαν
429 2164 628 2233 μέτρον
684 2165 748 2216 ὲκ
800 2157 902 2232 τῆς
943 2162 1052 2216 τῶν
1109 2164 1258 2214 ἐπῶν
1315 2163 1454 2215 ὅλων
1489 2163 1836 2230 ἑκατέρωθεν

258 2254 596 2323 άκρότητος,
640 2255 750 2307 τῶν
807 2255 992 2323 ἄκρων
1043 2257 1324 2324 στοιχείων
1386 2254 1838 2322 ἐπιστοιϐιζομέ-

261 2362 374 2399 νων
412 2345 670 2416 ἀλλήλοις
695 2345 934 2415 ἀρχῆθεν
968 2347 1132 2416 μέχρι
1167 2344 1353 2406 τέλους
1384 2360 1399 2375 ⁸
1422 2344 1556 2397 ἀλλὰ
1584 2348 1644 2396 τὸ
1663 2345 1836 2414 ἥμισυ

260 2440 368 2506 τῆς
399 2436 638 2506 σπουδῆς
659 2439 875 2506 ἐκείνης
931 2437 1224 2502 ἀνύουσαν,
1287 2437 1420 2505 ὅπερ
1471 2438 1586 2488 ἐστὶ
1631 2436 1729 2502 τὴν
1781 2439 1838 2489 ὲν

259 2532 461 2596 μόναις
483 2529 601 2588 ταῖς
625 2528 855 2580 ἑκάστου
880 2527 988 2579 τῶν
1027 2527 1230 2596 στίχων
1270 2526 1326 2592 ἐξ
1373 2526 1684 2595 ἀριστερῶν
1729 2543 1834 2578 κα-

255 2621 500 2688 ταρχαῖς
529 2633 546 2649 ·
617 2616 680 2670 οὗ
732 2616 870 2686 πρὸς
918 2616 1157 2684 ἔμφασιν
1183 2617 1452 2687 ’ἀμυδρὰν
1507 2616 1601 2668 καὶ
1635 2615 1836 2686 ἥκιστα

256 2709 510 2778 δυσχερῆ
536 2708 883 2776 ἐπινενόηται
912 2709 1028 2770 τοῖς
1067 2706 1277 2760 πλείοσι
1313 2707 1570 2776 μελῳδοῖς
1603 2707 1635 2774 ἠ
1672 2706 1836 2775 μέχρι

257 2801 355 2855 καὶ
397 2799 493 2853 νῦν
518 2800 932 2870 συντηρουμινη
959 2799 1122 2859 ἐνίοις
1154 2799 1637 2870 παρασημείωσις,
1668 2797 1834 2867 μόνης

255 2894 357 2963 τῆς
407 2892 520 2946 τῶν
574 2893 890 2963 τροπαρίων
931 2875 1202 2960 ἐνάρξεως
1235 2906 1250 2922 °
1296 2889 1372 2946 ὧν
1422 2891 1639 2959 ἑκάστῳ
1671 2907 1838 2961 προσ-

259 2986 426 3038 ιοῦσα
468 2987 504 3055 ἡ
532 2984 727 3056 πρώτη
762 2988 828 3055 τῇ
855 2983 1103 3056 δευτέρᾳ,
1165 2986 1259 3038 καὶ
1291 2985 1431 3054 αὕτη
1465 2988 1531 3055 τῇ
1581 2992 1712 3052 μετ’
1739 2983 1836 3037 αὖ·

1939 1796 2262 1848 veniendum
2295 1811 2443 1850 nunc
2483 1799 2548 1851 ad
2573 1799 2844 1853 inventam
2867 1817 2896 1854 a
2924 1806 3318 1859 recentioribus
3339 1809 3510 1874 poetis

1937 1885 2278 1940 dimidiatam
2342 1891 2818 1944 arrestichitlcm:
2877 1894 3217 1949 dimidiatam
3281 1898 3391 1950 disi
3445 1916 3510 1954 eo

1935 1979 2118 2045 quod,
2186 1988 2377 2034 eoritra
2435 1983 2742 2049 prisCorum
2799 1997 2980 2046 usum,
3036 2001 3142 2040 non
3193 1992 3420 2043 srorsim
3477 2007 3507 2046 a

1937 2068 2181 2124 sinistris
2216 2080 2274 2125 et
2307 2074 2538 2126 seorsim
2572 2091 2600 2127 a
2636 2073 2846 2130 dextris
2887 2079 3235 2145 compleatur
3275 2093 3506 2136 metrum

1936 2171 2002 2212 ex
2034 2160 2205 2214 initiis
2234 2177 2490 2217 versuum
2521 2166 2792 2233 amnium,
2837 2174 3068 2225 summis
3114 2171 3397 2228 elementis
3426 2175 3511 2229 in-

1935 2250 2106 2303 vicem
2142 2251 2540 2308 cohaerentibus
2571 2257 2639 2310 ab
2673 2257 2826 2312 initio
2857 2274 3029 2329 usque
3071 2263 3136 2315 ad
3171 2263 3329 2317 linem
3357 2299 3378 2328 ,
3413 2267 3506 2319 sed

1940 2340 2249 2406 perﬁciatur
2284 2343 2578 2398 dimidium
2611 2348 2804 2416 operis
2839 2351 3020 2417 hujus,
3076 2357 3314 2423 sumptis
3364 2357 3512 2411 οιτῡιί-

1935 2438 2020 2484 cet
2069 2431 2238 2484 initiis
2279 2434 2621 2490 solummodo
2662 2438 3001 2508 singulorum
3031 2459 3284 2497 versuum
3322 2462 3350 2497 a
3374 2447 3510 2506 sini-

1935 2521 2062 2573 stris
2097 2521 2398 2588 positorum
2435 2541 2449 2590 ;
2486 2525 2629 2580 umle
2658 2541 2754 2596 per
2787 2529 3136 2585 imitationem
3161 2544 3424 2587 remotam
3453 2545 3509 2587 et

1938 2610 2160 2664 minime
2191 2612 2460 2667 diliicilem
2492 2619 2802 2684 excogitata
2832 2631 2914 2673 est
2950 2636 2978 2674 a
3015 2624 3286 2690 plerisque
3329 2626 3506 2693 poetis

1936 2713 1996 2750 ea
2029 2714 2150 2766 quae
2182 2701 2462 2772 hucusque
2493 2720 2521 2757 a
2554 2706 2799 2774 pluribus
2838 2709 3164 2764 observatur
3224 2717 3506 2769 annotatio

1937 2786 2076 2842 initii
2109 2790 2286 2844 solum
2317 2796 2691 2862 stropharum,
2759 2814 2986 2867 quarum
3019 2803 3253 2870 singulis
3305 2805 3506 2874 adjun-

1935 2891 2080 2936 ctutu
2115 2883 2352 2952 primum
2385 2888 2648 2949 secundo,
2689 2897 2744 2943 et
2795 2889 2927 2942 illud
2989 2894 3261 2961 sequenti.
3323 2904 3378 2950 ei.
3424 2897 3507 2951 sic

1941 2974 2144 3042 reliqua
2177 2974 2456 3042 deinceps,
2489 2994 2654 3032 unum
2680 2979 2972 3036 elformaut
3019 2985 3283 3046 iambum,
3313 3001 3343 3040 a
3389 2988 3506 3056 pri-

255 3082 381 3147 τὴν,
417 3051 514 3132 καλ
566 3051 622 3130 αἱ
654 3051 844 3130 λοιπαὶ
875 3051 1025 3137 ταῖς*
1053 3051 1274 3144 ἐφεξῆς,
1325 3051 1685 3128 ἀποτελῶσιν
1741 3076 1831 3128 ἒνοι

1945 3079 2030 3118 ma
2063 3065 2248 3121 littera
2281 3067 2334 3120 in
2368 3067 2541 3138 prima
2577 3073 2803 3141 strophe
2836 3088 3007 3142 usque
3037 3074 3102 3128 ad
3138 3051 3510 3132 ultimam-ab-

257 3169 468 3238 ἴαμϐον
495 3169 588 3221 τὸν
603 3170 667 3221 ὲκ
698 3166 792 3220 τοῦ
830 3168 1246 3237 προκαθημένου
1286 3166 1614 3235 γράμματος
1648 3168 1706 3218 ἐν
1760 3165 1838 3236 τῷ

255 3261 476 3332 πρώτῳ
506 3260 792 3331 τροπαρίῳ
831 3260 994 3329 μέχρι
1024 3259 1120 3311 καὶ
1147 3258 1243 3311 τοῦ
1290 3260 1601 3313 τελευταίου
1651 3260 1837 3326 ἀπαρ-

250 3353 554 3421 τιζόμενον
587 3367 604 3382 ο
637 3352 686 3403 εί
718 3355 812 3403 καὶ
841 3349 936 3402 νῦν
970 3349 1327 3419 παρεώραται
1386 3350 1481 3400 καὶ
1530 3350 1662 3401 αὐτὸ
1719 3353 1835 3413 τοῖς

253 3443 571 3514 μαλθακοῖς
602 3443 733 3513 ἡμῖν
754 3441 848 3494 καὶ
869 3441 1090 3504 άπόνοις
1116 3456 1128 3469 °
1156 3443 1205 3492 ol
1244 3443 1336 3492 καὶ
1362 3439 1462 3508 τὴν
1512 3439 1834 3510 ψαλμῳδίαν

249 3541 357 3606 τῆς
400 3537 461 3588 ἑν
490 3537 604 3596 τοῖς
637 3535 802 3603 ἱεροῖς
827 3533 1017 3584 κανόσι
1046 3531 1303 3600 δευτέρας
1325 3530 1493 3600 ᾠδῆς,
1542 3531 1606 3582 τό
1652 3547 1714 3599 γε
1751 3532 1833 3595 είς

254 3632 414 3701 ἡμᾶς
450 3623 589 3699 ἧκον
617 3626 803 3678 τέλεον
854 3621 1314 3694 παρεστείλαμεν,
1360 3621 1457 3674 καὶ
1515 3619 1661 3673 οὕτω
1709 3620 1835 3682 τοὺς

253 3723 504 3784 κανόνας
545 3717 930 3788 ἐννεαείρμους
979 3715 1159 3780 ὄντας,
1210 3712 1605 3783 ἑζημιώσαμεν
1654 3710 1833 3782 είρμῷ

252 3815 334 3869 ἑνὶ
356 3811 623 3875 ἕκαστον,
655 3807 731 3870 εἰς
763 3807 964 3860 ὀκτάδα
991 3805 1090 3874 τὴν
1127 3803 1348 3857 ἐννεάδα
1387 3801 1791 3863 κολοδώσαντες
1815 3814 1830 3832 ο

251 3904 349 3956 καὶ
388 3901 616 3968 κλέμμα
639 3899 797 3951 τοῦτο
830 3895 1188 3965 ὲξευρηκότες
1218 3893 1318 3948 οὐκ
1363 3893 1429 3947 ἂν
1487 3887 1646 3961 οἶμαι
1680 3891 1832 3957 λογι-

255 3994 496 4061 σόμενον
524 3990 606 4051 είς
635 3985 937 4048 ἐπαινετῶς
959 3985 1106 4054 ἱερόν
1133 3997 1151 4015 ⁶
1190 3986 1240 4038 εί
1268 3983 1361 4037 καὶ
1413 3983 1442 4036 ό
1503 3981 1744 4048 ἀοίδιμος
1776 3980 1834 4035 ἐν

255 4084 451 4152 σοφοῖς
485 4079 761 4153 Θεόδωρος
789 4079 818 4130 ὁ
848 4077 1160 4147 Πρόδρομος
1183 4074 1472 4140 αἰτιολογεῖ
1495 4071 1707 4141 σεμνῶς
1732 4073 1832 4124 αὐ-

254 4176 335 4238 τὸ,
358 4170 601 4233 κανόνας
639 4170 819 4240 ἱεροὺς
866 4167 1300 4237 ἐξηγησάμενος.
1344 4163 1614 4232 Ἐχόντων
1649 4162 1715 4232 δὴ
1738 4161 1834 4214 καὶ

253 4268 468 4318 τούτων
515 4262 708 4326 οὕτως,
757 4261 880 4313 ἐπεὶ
942 4261 969 4312 ό
1011 4253 1486 4326 ἐξηγηθησόμενος
1534 4251 1832 4322 μελῳδικὸς

1942 3161 2182 3216 solutum
2219 3179 2234 3213 :
2271 3163 2396 3215 licet
2425 3177 2572 3216 nunc
2594 3165 2898 3233 negligatur
2931 3175 2984 3220 et
3011 3167 3112 3230 hoc
3163 3186 3191 3222 a
3227 3170 3387 3224 nobis
3412 3186 3506 3226 ve-

1940 3252 2202 3307 cordibus
2231 3263 2287 3306 et
2319 3255 2552 3322 ignavis,
2575 3255 2669 3321 qui
2703 3257 3062 3323 psalmodiam
3100 3261 3325 3314 secundi
3365 3262 3508 3315 inter

1940 3362 2124 3402 sacros
2172 3361 2410 3402 canones
2445 3346 2655 3417 hymni,
2694 3363 2856 3416 quem
2890 3365 3063 3418 usque
3119 3352 3186 3405 ad
3236 3368 3338 3409 nos
3375 3362 3510 3410 artas

1945 3439 2218 3504 integrum
2245 3440 2485 3494 servavit
2531 3448 2590 3495 et
2615 3442 2875 3496 similiter
2903 3456 3140 3499 canones
3189 3461 3258 3500 ex
3311 3462 3506 3501 novem

1936 3530 2181 3584 seriebus
2204 3539 2537 3594 constantes,
2557 3533 2702 3586 serie
2733 3549 2836 3586 una
2865 3536 3108 3604 singulos
3152 3536 3508 3604 privavimus,

1933 3617 1988 3672 iu
2016 3629 2265 3672 octavum
2299 3620 2588 3674 nouarium
2621 3620 3016 3688 decertantes;
3047 3633 3102 3677 et
3130 3623 3332 3680 furtqu
3367 3626 3506 3682 illud

1933 3708 2080 3776 quod
2112 3709 2422 3763 invenimus
2451 3724 2558 3763 non
2594 3710 2832 3764 arbitror
2855 3711 2998 3766 inter
3027 3727 3116 3766 res
3146 3729 3270 3769 vere
3315 3731 3504 3772 sacras

1934 3799 2306 3866 deputandum
2358 3813 2483 3853 esse
2513 3816 2529 3853 :
2565 3800 2690 3853 licet
2709 3801 2932 3857 illustris
2960 3802 3102 3856 inter
3121 3805 3308 3859 doctos
3328 3806 3506 3861 Theo-

1938 3886 2108 3942 dorus
2128 3886 2464 3942 Prodromus
2494 3887 2660 3956 hujus
2688 3903 2911 3942 causam
2961 3891 3152 3945 reddat
3194 3895 3286 3961 qui
3339 3908 3507 3948 cano.

1942 3993 2039 4033 nes
2071 3991 2258 4034 sacros
2297 3977 2687 4046 interpretatus
2741 3987 2850 4034 est.
2883 3976 3066 4034 Rebus
3110 3979 3277 4050 igitur
3326 3982 3400 4038 ita
3442 3999 3507 4038 se

1942 4069 2268 4124 habentibus
2315 4071 2576 4138 quoniam
2630 4069 3040 4138 interpretando
3087 4073 3349 4128 melodico
3408 4091 3500 4128 ra-

1942 4161 2069 4214 noni
2103 4159 2254 4228 prteit
2283 4157 2618 4226 respondens
2641 4160 2996 4228 sequentibus
3014 4162 3353 4227 acrosticbis,
3375 4174 3502 4220 ante

1938 4264 2202 4304 cauonem
2234 4247 2672 4318 considerandus
2705 4249 2819 4318 ipse
2855 4251 3020 4304 venit.

257 4358 449 4410 uvam,
489 4357 603 4425 ἔχει
633 4352 842 4422 συνήθη
880 4354 994 4415 τοῖς
1053 4349 1278 4418 ὕστερον
1345 4343 1722 4416 ἀκροστιχίδα,
1779 4342 2142 4397 ιπισκεπτὲον
2215 4341 2324 4412 πρὸ
2393 4340 2490 4395 τοῦ
2537 4341 2763 4404 κανόνος
2812 4341 2978 4411 αὐτὴν
3015 4342 3367 4416 διακειμένην
3413 4345 3505 4400 οὗ·

252 4469 394 4516 τως.

833 4537 904 4591 Ἦ
935 4536 1184 4604 ἀκροστι
1188 4553 1223 4602 χ
1231 4533 1307 4598 ι’ς.

253 4635 547 4707 Θειογενὲς
579 4635 745 4701 Λόγε,
779 4629 1004 4698 Πνεῦμα
1033 4627 1386 4697 παράκλητον
1404 4623 1564 4677 πάλιν
1603 4623 1766 4676 ἄλλον

337 4819 442 4872 ἐκ
471 4813 695 4884 γενέτου
728 4812 945 4864 κόλπων
970 4802 1114 4879 ἦκας
1163 4803 1514 4873 ἐπιχθονίοιςο

259 4904 364 4963 Οἷα
398 4909 573 4976 πυρὸς
621 4903 920 4973 γλώσσῃσι,
949 4901 1114 4968 φέρον
1145 4896 1397 4965 θεότητος
1429 4895 1594 4949 ἁΰλου

330 5081 496 5150 Σῆμα
522 5079 652 5146 τεῆς
681 5075 888 5146 φύτλης
917 5075 1012 5129 καὶ
1049 5071 1208 5143 χάριν
1238 5069 1585 5139 ὕμνοπόλοις.

333 5172 556 5226 Τούτων
593 5169 650 5221 δὲ
703 5167 812 5220 τῶν
855 5164 1140 5234 τεσσάρων
1169 5161 1316 5215 ἐπῶν
1350 5161 1412 5214 τὸ
1463 5160 1560 5229 μὲν
1613 5160 1830 5230 πρῶτον

259 5266 361 5318 καὶ
404 5265 595 5335 τρίτον
627 5259 784 5330 ἡρῷά
821 5260 964 5311 εἰσιν
993 5271 1008 5285 ο
1046 5255 1262 5322 ἐλεγεῖα
1285 5253 1422 5305 δὲτὸ
1457 5251 1706 5319 δεύτερον
1731 5252 1829 5303 καὶ

262 5355 327 5405 τὸ
355 5353 621 5420 τέταρτον
649 5363 665 5379 ο
692 5347 932 5400 ποταπὸν
963 5345 1021 5398 δὲ
1050 5343 1111 5396 τὸ
1147 5343 1345 5411 ἡρῷον,
1374 5341 1468 5393 καὶ
1493 5336 1604 5393 οἷον
1631 5341 1690 5392 τὸ
1715 5340 1830 5392 ἐλεε-

263 5441 785 5510 γεϊον,ἀνα).εκτιον
816 5441 880 5491 ἐκ
908 5437 1018 5489 τῶν
1047 5434 1350 5503 ἐξηγητῶν.
1398 5431 1458 5487 Ὀ
1483 5431 1540 5483 δι
1582 5429 1704 5491 νοῦς
1733 5433 1834 5484 αὑ-

258 5535 372 5586 τῶν
400 5531 639 5594 τοιοῦτος
661 5543 680 5561 ⁸
718 5525 818 5581 (⁷ο
848 5530 911 5580 ὲκ
943 5525 1080 5579 Θεοῦ
1112 5525 1322 5594 Πατρδς
1356 5523 1638 5592 γεννηθεὶς
1665 5522 1831 5591 Λόγε,

259 5622 516 5691 ἔπεμψας
544 5622 676 5690 ἡμῖν
707 5621 822 5680 τοῖς
867 5616 1219 5688 ιπιχθονίοις,
1250 5615 1346 5667 καὶ
1386 5613 1476 5666 διὰ
1515 5613 1675 5666 τοῦτο
1733 5628 1832 5665 τα·

263 5719 492 5779 πεινοίς,
529 5715 604 5776 ώς
635 5715 692 5766 ὲν
722 5710 996 5782 γλώσσαις
1028 5709 1220 5780 πυρδς,
1263 5705 1444 5769 καθὼς
1476 5705 1572 5760 καὶ
1594 5706 1623 5758 ό
1657 5703 1834 5760 κανὼν

2560 4522 2903 4576 Acroatichis.

1937 4617 1984 4672 0
2014 4617 2304 4686 Deigeuum
2332 4612 2595 4679 Verbum,
2621 4613 2886 4684 Spiritum
2933 4614 3253 4670 advocatum
3315 4630 3506 4672 rursus

3098 4705 3289 4778 [alium

2012 4800 2091 4854 Ex
2126 4799 2392 4870 genitoris
2430 4798 2646 4853 sinibus
2674 4799 2871 4852 misisti
2907 4799 3258 4854 terrestribus

1949 4895 2005 4948 lu
2060 4895 2235 4962 ignea
2266 4891 2464 4961 lingua:
2496 4890 2678 4960 specie
2713 4889 2973 4944 ferentem
3005 4889 3232 4944 Deitatis
3266 4893 3508 4947 materia:

3093 4979 3354 5051 [expertis

2015 5072 2246 5140 Signum
2280 5082 2386 5126 ture
2418 5070 2809 5142 generationis,
2833 5079 2885 5124 et
2913 5069 3143 5140 gratiam
3171 5070 3504 5124 cantoribus.

2012 5163 2216 5219 Horum
2241 5172 2480 5233 quatuor
2507 5178 2762 5218 versuum
2789 5162 3002 5232 primus
3031 5171 3086 5216 et
3141 5163 3336 5216 tertius
3409 5162 3498 5212 he-

1935 5256 2067 5307 roici
2092 5261 2239 5319 sunt,
2269 5252 2493 5320 elegiaci
2519 5267 2645 5305 vero
2673 5249 2948 5305 secundus
2967 5261 3019 5305 et
3044 5259 3292 5320 quartus.
3317 5247 3502 5313 Qualis

1933 5355 2116 5400 autem
2154 5344 2425 5406 heroicus,
2483 5351 2538 5397 et
2590 5342 2764 5410 qualis
2824 5343 3120 5411 elegiacus,
3183 5338 3500 5396 discendum

1934 5455 1965 5492 a
1997 5434 2559 5500 commentatoribus;
2590 5449 2779 5488 eorum
2808 5441 2989 5488 autem
3030 5447 3225 5486 sensus
3269 5432 3355 5484 hic
3377 5439 3501 5483 est:

1935 5528 1980 5584 Ο
2017 5528 2249 5583 Verbum
2280 5541 2348 5581 ex
2375 5528 2479 5580 Deo
2507 5524 2668 5580 Patre
2694 5525 2960 5591 genitum,
3021 5520 3222 5573 misisti
3256 5519 3413 5575 nobis
3450 5520 3502 5574 in

1938 5625 2082 5667 terra
2111 5612 2430 5681 degentibus
2464 5622 2517 5667 et
2551 5621 2774 5684 propter
2817 5610 2916 5662 hoc
2940 5607 3181 5667 miseris,
3242 5607 3398 5675 quasi
3446 5609 3500 5660 in

1936 5705 2110 5775 igneis
2141 5705 2363 5775 linguis,
2402 5705 2541 5761 sicut
2600 5703 2817 5759 docebit
2840 5715 3049 5765 canon,
3075 5697 3339 5768 Spiritum
3372 5713 3505 5773 σοι.
