4034 6206
391 283 492 346 folii

1089 278 1472 342 EUSTA'I‘HI
1482 277 1510 337 Ι
1544 274 2290 340 THESSALONICENSIS
2309 276 2867 338 METROPOLITE

3519 280 3629 344 520

375 397 568 451 solstm
583 410 668 448 em
701 407 894 449 rursus
916 391 1171 457 alterum,
1191 391 1494 447 secundum
1515 389 1772 445 videlicet
1793 387 1945 442 illum

2054 386 2266 452 διδάξει,
2309 385 2534 454 Πνεῦμα
2597 375 2947 458 παράκλητον
3007 388 3171 441 πάλιν
3217 391 3400 456 ἄλλον,
3455 394 3631 463 ἦγουν

374 491 664 552 postquam
695 493 750 535 tu
781 482 836 534 in
876 478 1076 534 caelum
1149 477 1488 543 ascendisti;
1543 484 1605 530 ut
1650 481 1944 544 postquam

373 574 688 629 consolator
713 573 859 627 venit
895 585 1060 638 super
1103 583 1206 624 nos
1237 567 1413 622 Filius
1450 577 1599 630 tuus,
1637 563 1951 620 consolator

373 663 572 718 iterum
600 663 809 716 veniret
836 677 866 714 e
893 662 1018 716 sinu
1050 659 1256 722 Patris,
1280 661 1484 714 missus
1525 656 1767 726 Spiritus
1824 670 1950 710 san-

374 762 518 816 ctus,
550 751 781 806 aﬂerens
804 750 1178 806 laudatoribus
1202 758 1404 804 sanctae
1429 748 1713 802 Trinitatis
1735 747 1948 816 signum

376 842 751 896 immaterialis
768 850 871 895 tua:
890 840 1212 903 divinitatis,
1230 840 1280 893 id
1300 848 1382 893 est
1400 847 1605 892 natura
1622 851 1687 890 ac
1701 837 1950 890 nativita-

375 935 445 989 tis
477 944 604 995 ture,
635 945 684 988 et
720 933 1079 1003 psallcnlibus
1108 933 1334 1000 gratiam
1360 946 1455 996 pro
1476 931 1709 1000 hymnis.
1729 928 1951 983 Interim

374 1026 596 1080 verbum
615 1025 896 1095 Deigenum
920 1023 1065 1092 quod
1087 1024 1154 1077 ab
1179 1023 1330 1077 initio
1349 1023 1570 1083 dicitur,
1591 1021 1824 1074 ostendit
1839 1021 1952 1073 vio-

373 1116 579 1170 lentum
603 1131 872 1169 mensura
897 1114 947 1167 in
967 1111 1302 1166 carminibus
1326 1110 1790 1180 impedimentum;
1812 1109 1952 1160 unde

374 1205 623 1274 θειογενῆ
647 1205 779 1260 dicit
808 1201 1068 1265 Verbum,
1103 1217 1225 1254 cuni
1264 1199 1595 1268 impossibile
1627 1200 1719 1258 sit.
1746 1207 1805 1252 ut
1841 1212 1949 1250 non

374 1295 688 1365 proferatur
708 1311 832 1348 cum
870 1294 1226 1362 diphthongo,
1270 1293 1362 1358 sed
1403 1307 1524 1345 cum
1545 1291 1657 1344 sola
1685 1289 1863 1342 littera
1902 1305 1949 1351 ε,

375 1390 622 1457 θεογενῆ.
657 1386 1001 1440 Manifestum
1027 1384 1171 1437 enim
1193 1383 1336 1452 quod
1363 1381 1505 1436 aliud
1539 1392 1622 1436 est
1642 1381 1784 1445 θεός,
1805 1379 1951 1434 aliud

373 1480 518 1532 θεῖον
547 1495 561 1530 :
586 1476 764 1529 anima
797 1474 1002 1528 scilicet
1029 1487 1150 1540 quae
1196 1470 1334 1524 Deus
1364 1484 1468 1523 non
1495 1480 1600 1536 est,
1621 1470 1800 1523 divina
1836 1480 1951 1536 est;

373 1569 518 1623 unde
548 1575 603 1620 et
627 1565 775 1620 aliud
811 1567 882 1619 sit
914 1563 1170 1634 θεογενής
1205 1571 1258 1616 et
1287 1563 1432 1616 aliud
1465 1561 1786 1631 θειογενήςι
1845 1561 1953 1616 for-

368 1676 468 1716 san
499 1669 702 1722 autem,
732 1673 839 1711 non
866 1671 962 1726 per
993 1655 1408 1725 generationem
1447 1653 1591 1708 inter
1639 1652 1776 1707 duas
1835 1651 1938 1704 im-

2049 477 2306 548 δεύτερον
2337 476 2530 530 τοῦτον
2560 479 2657 530 νῦν
2692 479 2830 546 μετὰ
2864 479 2924 532 σὲ
2971 479 3356 550 ἀναληφθέντα
3408 485 3490 546 είς
3536 487 3634 538 οὒ-

2055 572 2218 639 ρκνόν
2255 587 2268 602 ·
2296 570 2383 624 ἵνα
2419 569 2775 640 Παρακλήτου
2841 571 2940 643 ἠδη
2987 571 3083 626 σοῦ
3116 574 3222 638 ἶτοῦ
3287 575 3420 629 Υἱοῦ
3452 595 3635 632 κατα-

2051 662 2246 725 ϐάντος
2285 663 2365 725 είς
2396 663 2568 733 ἡμᾶς,
2612 662 2969 730 παράκλητος
3000 664 3166 716 πάλιν
3193 665 3324 738 ἔλθῃ
3352 667 3633 737 δευτερὼ-

2056 771 2222 823 ματος
2247 755 2407 824 Λόγῳ
2452 756 2517 808 ὲκ
2563 754 2672 809 τῶν
2722 754 2936 808 κόλπων
2965 755 3060 808 τοῦ
3107 758 3339 826 Πατρδς,
3382 760 3445 812 rb
3491 761 3636 813 ἀπε-

2055 841 2355 910 σταλμένον
2380 841 2535 908 ἅγιον
2566 841 2792 913 Πνεῦμα
2816 857 2830 871 ⁸
2855 843 3018 913 φέρον
3059 846 3193 896 αὐτὸ
3227 850 3337 910 τοῖς
3359 848 3634 918 ὑμνηταῖς

2051 936 2151 1002 τῆς
2181 934 2340 1001 ἁγίας
2370 935 2618 1003 Τριάδος,
2650 937 2744 989 καὶ
2769 936 2998 1007 σημεῖον
3020 936 3186 989 ἁΰλου
3221 937 3474 1007 θεότητος
3499 942 3636 1007 τεῆς

2055 1025 2283 1094 φύτλης,
2311 1026 2478 1095 ἤγουν
2511 1028 2611 1095 τῆς
2645 1027 2746 1096 σῆς
2773 1027 2994 1097 φύσεως
3053 1027 3087 1096 ἢ
3135 1030 3468 1097 γεννήσεως,
3533 1035 3631 1086 καὶ

2052 1116 2166 1176 τοῖς
2192 1116 2464 1184 ὑμνηταῖς
2485 1117 2648 1186 χάριν
2681 1117 2778 1187 τὴν
2817 1117 2909 1169 ἐπὶ
2932 1121 3041 1179 τοῖς
3069 1116 3263 1189 ὕμνοις
3292 1134 3305 1148 ⁸
3332 1120 3389 1170 ὲν
3413 1120 3631 1180 τούτοις

2051 1205 2106 1258 δὲ
2133 1206 2191 1257 τὸ
2223 1205 2320 1273 μὲν
2344 1206 2633 1274 θειογενὲς,
2665 1209 2729 1260 ὲκ
2761 1208 3070 1279 προθύρων,
3106 1211 3134 1264 δ
3173 1225 3334 1280 φασι,
3366 1210 3629 1278 διεκφαί-

2053 1311 2131 1346 νει
2167 1296 2266 1364 τὴν
2300 1296 2566 1365 μετρικὴν
2599 1298 2656 1350 ὲν
2683 1295 2990 1360 ἐποποιῖαις
3016 1299 3197 1368 βιαίαν
3216 1299 3532 1373 περιολκὴν,
3556 1301 3629 1353 δι’

2051 1384 2120 1455 ἢν
2146 1385 2389 1456 θειογενῆ
2422 1385 2570 1454 λέγει
2603 1387 2696 1439 τὸν
2725 1389 2921 1456 Λόγον,
2950 1391 3072 1444 δέον
3115 1392 3395 1456 ἀδυνάτως
3442 1390 3636 1446 εἰπεῖν

2055 1473 2130 1544 μὴ
2153 1476 2212 1526 ὲν
2241 1475 2540 1545 διφθόγγῳ,
2571 1476 2688 1530 ἀλλ’
2713 1479 2769 1530 ἑν
2799 1479 2948 1550 μόνῳ
2969 1481 3046 1550 τῷ
3075 1499 3101 1534 ε
3147 1486 3400 1555 στοιχείῳ
3432 1487 3628 1554 θεογειν

2053 1563 2142 1630 νῆ.
2181 1566 2455 1636 Πρόδηλον
2497 1568 2602 1636 γὰρ
2619 1569 2692 1630 ῶς
2721 1569 2850 1622 ἄλλο
2881 1571 2981 1640 μὲν
3012 1572 3167 1637 Θεὸς,
3198 1576 3328 1629 ἄλλο
3372 1578 3428 1630 δὲ
3451 1579 3621 1635 θεῖον.

2065 1656 2130 1708 ’Π
2159 1656 2290 1724 γοῦν
2315 1657 2464 1728 ψυχὴ
2489 1659 2621 1724 Θεὸς
2657 1660 2732 1732 μὴ
2759 1658 2916 1726 οὖσα,
2951 1662 3096 1716 θεῖόν
3115 1666 3266 1719 ἐστιν
3300 1683 3314 1698 ·
3350 1669 3495 1721 ῶστε
3525 1672 3624 1723 καὶ

371 1750 657 1806 mutabiles
691 1715 955 1819 personas
978 1715 1222 1801 Verbum
1251 1746 1532 1800 inventum
1592 1753 1678 1799 est
1728 1744 1940 1811 θειογεν

2054 1715 2180 1801 ἄλλο
2213 1747 2312 1816 μὲν
2332 1715 2344 1726 '
2370 1715 2428 1801 6”
2442 1715 2697 1820 θεογενίὶς
2717 1715 2931 1820 ⁸Λόγος,
2963 1715 3093 1807 ἄλλο
3293 1715 3617 1826 οεῖοἶτέἶιέξί

370 1845 484 1908 νές,
526 1841 622 1896 sed
656 1839 788 1910 quia
820 1837 1192 1893 communiter
1234 1837 1438 1891 dicitur
1470 1836 1733 1906 genitum,
1798 1851 1941 1905 quo-

371 1935 514 1987 niam
544 1946 640 2000 per
669 1932 873 1999 ipsum,
903 1928 1114 1984 scilicet
1163 1927 1410 1982 divinum
1454 1926 1713 1991 Verbum,
1767 1926 1939 1981 divini

371 2035 425 2078 et
452 2038 554 2078 nos
583 2031 636 2075 et
671 2021 781 2074 Deo
811 2019 1018 2075 similes
1039 2018 1319 2073 elﬁcimur.
1347 2017 1404 2072 Si
1431 2018 1556 2087 quis
1575 2025 1757 2072 autem
1796 2017 1941 2070 θεῖον

375 2108 796 2165 nonderivative
830 2118 1034 2162 natura:
1061 2106 1332 2175 particeps
1354 2105 1607 2174 accipiat,
1639 2105 1731 2160 sed
1765 2104 1934 2160 Deum

373 2202 552 2269 ipsum
576 2203 654 2256 sic
670 2201 937 2268 cogitans,
961 2197 1204 2251 divinum
1231 2197 1374 2250 dicat
1395 2193 1630 2249 Verbum
1651 2210 1715 2248 ex
1731 2195 1940 2259 divino,

373 2293 482 2347 Deo
504 2293 730 2354 scilicet,
755 2291 912 2346 Patre
935 2300 1138 2352 ortum,
1166 2290 1355 2344 nescio
1377 2304 1444 2342 an
1470 2287 1711 2342 inveniat
1736 2282 1828 2356 qui
1865 2286 1946 2340 fa-

371 2383 546 2438 ciliter
581 2383 683 2436 hoc
700 2381 950 2435 admittat
983 2398 996 2434 :
1028 2381 1158 2434 mihi
1187 2379 1409 2450 quidem
1461 2381 1534 2436 ita
1581 2380 1785 2435 sentire
1829 2393 1938 2432 non

373 2473 594 2541 placet;
627 2471 694 2525 de
732 2468 1015 2523 Paracleto
1058 2479 1238 2522 autem
1291 2467 1518 2522 dicenda
1549 2467 1689 2522 infra
1745 2466 1935 2522 dicen-

375 2574 484 2618 ltII‘.

450 2760 642 2815 ’Δλλον
683 2772 863 2817 autem
903 2763 988 2818 vel
1016 2762 1338 2833 simpliciter
1374 2761 1575 2816 dicitur
1605 2775 1700 2830 pro
1731 2760 1943 2827 ἕτερον,

381 2853 464 2906 vel
499 2853 566 2908 ad
593 2854 951 2922 dogmatiram
986 2854 1409 2909 euctitudinem
1459 2868 1622 2922 quam
1655 2853 1806 2906 novit
1847 2850 1946 2921 qui

381 2944 664 3013 distinguit
713 2945 877 3007 ἄλλοις
933 2955 990 3000 et
1042 2944 1300 3012 ἀλλοίας;
1349 2944 1442 2998 cui
1497 2944 1850 3012 obsequens,
1898 2953 1953 2998 et

2051 1834 2180 1896 ίσως
2209 1835 2265 1887 δὲ
2296 1836 2357 1888 οὐ
2395 1838 2544 1904 παρὰ
2577 1839 2831 1910 γέννησιν
2861 1845 2960 1910 τὴν
2987 1845 3046 1895 ὲν
3094 1843 3295 1917 [δυ]σὶν
3345 1850 3622 1917 ἀμεταϐό-

2047 1924 2183 1987 λοις,
2245 1925 2419 1994 Λόγος
2470 1927 2564 1980 νῦν
2625 1931 2823 2002 εὑρέθη
2856 1932 3154 2005 θειογενὴς,
3205 1937 3340 1991 ἀλλὰ
3374 1941 3524 2009 παρὰ
3553 1941 3620 1993 rb

2049 2018 2243 2083 κοινῶς
2269 2020 2555 2090 λεγόμενον
2585 2027 2860 2091 γενέσθαι,
2894 2029 3012 2080 ἐπεὶ
3043 2029 3291 2085 διἀὑτοῦ
3320 2034 3490 2102 ἤγουν
3517 2034 3618 2088 τοῦ

2051 2107 2194 2161 θείου
2231 2110 2404 2178 Λόγου
2429 2112 2586 2182 ἡμεῖς
2605 2114 2738 2169 θεῖοι
2769 2117 2864 2169 καὶ
2889 2117 3139 2183 θεοειδεῖς
3162 2123 3442 2190 γινόμεθα.
3469 2126 3532 2177 Et
3556 2124 3616 2177 δέ

2051 2214 2135 2261 τις
2151 2201 2212 2251 rb
2230 2199 2372 2255 θεῖον
2386 2205 2446 2254 οὐ
2467 2207 2808 2274 παραγώγως
2830 2226 2990 2277 μετου
2999 2213 3272 2266 σιαστικδν
3293 2213 3356 2266 λα
3364 2217 3614 2283 μϐἀνων,

2049 2293 2184 2347 ἀλλὰ
2199 2293 2289 2346 τὸν
2309 2295 2440 2347 Θεὸν
2460 2297 2624 2349 αὐτὸν
2652 2297 2796 2351 οὓτω
2820 2300 2976 2365 νοῶν,
3001 2301 3248 2375 θειογενῆ
3266 2304 3415 2374 λέγει
3439 2308 3531 2361 τὸν
3551 2312 3621 2365 ἐκ

2053 2387 2199 2440 θείου
2252 2389 2419 2458 ἤγουν
2450 2391 2512 2443 ἐκ
2537 2391 2672 2443 Θεοῦ
2698 2393 2906 2464 Πατρός
2937 2394 3132 2463 Λόγον,
3163 2398 3263 2450 οὐκ
3292 2399 3407 2452 ο’δα
3453 2402 3622 2470 είπερ

2057 2479 2278 2548 εὑρήσει
2307 2481 2399 2532 τὸν
2427 2481 2792 2550 ἀπραγμόνως
2821 2484 3215 2556 ἀποδεχόμενον
3263 2490 3443 2546 τοῦτο.
3482 2493 3621 2559 Ἐμὲ

2058 2572 2189 2638 γοῦν
2217 2570 2412 2624 οὔκουν
2447 2575 2668 2641 ἀρέσκει
2693 2573 2834 2628 οὕτω
2866 2576 3007 2629 νοεῖν
3037 2591 3053 2607 ο
3085 2579 3213 2650 περὶ
3236 2578 3292 2632 δὲ
3318 2580 3613 2650 Παρακλή-

2059 2680 2152 2716 του
2201 2665 2479 2739 εἰρήσεται
2504 2664 2566 2716 rb
2585 2665 2702 2717 δέον
2725 2666 2782 2716 ὲν
2807 2668 2920 2730 τοῖς
2958 2668 3109 2739 ἑξῆς.

2128 2753 2202 2804 Tb
2225 2752 2282 2804 δὲ
2317 2752 2474 2805 ἄλλον
2510 2753 2543 2822 ἢ
2587 2754 2860 2818 ἁπλοϊκῶς
2919 2757 3047 2821 ἴσως
3085 2760 3300 2830 εἴρηται
3349 2763 3470 2816 ἀντὶ
3519 2765 3624 2818 τοῦ

2056 2843 2322 2913 ἓτερον,ἢ
2362 2844 2500 2913 πρὸς
2554 2846 2840 2914 ἀκρίϐειαν
2884 2848 3245 2919 δογματικὴν,
3299 2852 3370 2923 ἢν
3417 2849 3557 2907 οἶδεν
3593 2857 3625 2907 ὁ

2058 2934 2502 3004 ἀκριϐωσὰμενος
2542 2935 2601 2988 rb
2621 2937 2807 3002 ἄλλας,
2839 2937 2955 2990 ἀλλ’
2987 2940 3088 2993 οὒκ
3121 2941 3334 3007 ἀλλοίας
3361 2961 3374 2973 ·
3402 2939 3556 3013 ᾧπερ
3592 2946 3625 2997 ὁ

373 3036 529 3103 quasi
573 3036 624 3087 in
661 3037 782 3088 luce
803 3035 1230 3100 ambulans,non
1264 3033 1491 3088 dixisset
1516 3034 1790 3088 diversum
1819 3035 1948 3089 tuis-

2054 3025 2362 3080 ἀκολουθῶν
2395 3027 2484 3078 καὶ
2517 3026 2590 3090 ὡς
2629 3029 2686 3079 ὲν
2730 3028 2870 3095 φωτὶ
2912 3029 3054 3083 οὕτω
3109 3035 3449 3102 περιπατῶν,
3517 3037 3626 3090 οὐκ

379 3138 500 3177 sum
538 3124 707 3178 fuisse
733 3126 1095 3189 Paracletum,
1120 3125 1217 3179 sed
1243 3125 1494 3186 alterum,
1511 3123 1666 3191 juxta
1703 3139 1940 3193 praesen-

374 3222 486 3270 tem
513 3216 844 3284 scripturam
869 3231 884 3281 ;
917 3215 1162 3284 genitum
1184 3226 1368 3270 autem
1403 3217 1470 3269 de
1501 3229 1611 3284 quo
1633 3215 1722 3269 hic
1749 3214 1951 3269 dicitur

373 3317 430 3364 et
465 3309 764 3377 genitorem
795 3317 850 3362 et
880 3317 1118 3362 satorem
1151 3317 1206 3363 et
1245 3307 1496 3372 Patrem,
1555 3306 1738 3361 divina
1783 3322 1949 3377 syno-

377 3412 539 3466 nyma
565 3398 724 3452 simul
758 3398 1140 3451 venerabunda
1164 3397 1373 3467 colligit
1396 3415 1410 3462 ;
1444 3397 1783 3468 φυτοσπόρος
1803 3397 1949 3449 enim

379 3487 724 3542 communior
749 3496 830 3542 est
868 3505 882 3541 :
924 3488 1070 3557 quod
1122 3496 1304 3543 autem
1333 3504 1399 3543 ex
1430 3491 1552 3544 sinu
1599 3487 1777 3543 Patris
1818 3490 1951 3542 niis.

379 3594 476 3635 sus
524 3580 691 3634 fuerit
758 3581 996 3650 Spiritus
1052 3589 1300 3647 sanctus,
1384 3579 1727 3635 manifestius
1794 3580 1955 3634 docet

378 3687 582 3736 canon,
611 3674 662 3726 in
687 3687 796 3742 quo
820 3673 1122 3727 invenietur
1145 3687 1364 3728 rursum
1390 3687 1489 3726 vox
1509 3672 1811 3742 γλώσσῃσι,
1833 3686 1955 3742 poe-

383 3764 489 3818 tica
519 3763 704 3817 lonum
746 3762 1018 3830 dialecto;
1048 3772 1107 3815 ut
1142 3773 1298 3832 poeta
1332 3763 1497 3826 enim,
1528 3762 1830 3815 molestiam
1857 3777 1954 3830 pa-

382 3857 517 3910 titur
536 3871 602 3911 co
626 3855 768 3922 quod
802 3861 988 3906 utatur
1023 3853 1199 3907 verbis
1237 3853 1441 3923 quibus
1481 3853 1684 3922 gaudet
1736 3853 1950 3921 poesis;

381 3948 661 4003 indicium’
680 3955 862 3999 autem
896 3950 1105 3998 natura:
1132 3941 1253 3996 Filii
1287 3943 1392 3997 fert
1424 3942 1668 4012 Spiritus
1723 3952 1954 3996 sanctus

385 4055 494 4094 non
535 4054 724 4103 unum,
749 4037 1048 4091 secundum
1078 4036 1291 4089 unicam
1323 4035 1718 4090 acrostichidis
1751 4035 1956 4089 dictio-

389 4118 540 4194 nem,
574 4130 669 4184 sed
702 4130 877 4193 varia,
932 4130 1076 4182 sicut
1121 4129 1402 4180 veritatem
1445 4127 1637 4191 decet;
1673 4127 1953 4180 veritatem

383 4220 530 4273 enim
559 4218 697 4272 dixit
727 4217 983 4285 magister
1027 4217 1272 4269 veritatis
1309 4214 1570 4283 Verbum,
1622 4216 1953 4286 promittens

386 4325 446 4366 se
508 4311 807 4363 missurum
863 4306 1128 4376 Spiritqu
1184 4315 1433 4361 sanctum
1489 4309 1758 4372 veritatis,
1810 4323 1951 4360 amo-

389 4417 501 4454 rein
535 4415 698 4469 quem
729 4399 936 4468 primus
963 4397 1154 4452 habuit
1183 4398 1234 4450 iu
1266 4396 1566 4466 discipulos
1617 4412 1777 4460 suos,
1813 4414 1950 4466 aluos

2055 3115 2121 3169 ἂν
2147 3117 2290 3169 είποι
2330 3117 2645 3187 πεμφθῆναι
2677 3118 2887 3172 ἀλλοῖον
2926 3121 3300 3192 παράκλητον,
3354 3125 3490 3178 ἀλλὰ
3524 3125 3626 3180 ἄλ-

2050 3209 2141 3259 λον
2195 3208 2338 3262 κατὰ
2369 3208 2465 3278 τὴν
2490 3209 2724 3263 ἐνταῦθα
2746 3213 2967 3282 γραφήν
2999 3229 3014 3244 ο
3063 3215 3289 3285 γενέτην
3323 3216 3382 3268 δὲ
3403 3217 3491 3270 τὸν
3537 3219 3627 3268 tvo

2049 3300 2223 3354 ταῦθα
2252 3301 2485 3371 ρηθέντα
2518 3302 2612 3354 καὶ
2629 3305 2889 3370 γενέτορα
2925 3306 3020 3357 καί¹
3048 3306 3298 3374 φύσαντα
3351 3310 3449 3362 καὶ
3513 3325 3626 3364 πα-

2049 3395 2182 3463 τέρα
2205 3395 2238 3463 ἡ
2261 3394 2379 3446 θεία
2411 3394 2728 3463 συνωνυμία
2753 3399 2830 3457 εἰς
2866 3395 2924 3448 ἒν
2953 3389 3076 3462 ἄγει
3109 3400 3343 3467 σεμνῶς.
3381 3399 3438 3452 ’0
3494 3402 3628 3467 μὲν-

2049 3499 2132 3535 τοι
2159 3485 2503 3553 φυτοσπόρος
2538 3485 2864 3554 κοινότερος,
2899 3486 2961 3538 rb
3009 3487 3068 3540 δὲ
3108 3470 3191 3540 ἔχ’
3232 3490 3450 3542 κόλπων
3509 3493 3626 3544 [Ια-

2051 3576 2179 3645 τρὸς
2209 3576 2526 3646 πεμφθῆναι
2557 3575 2617 3628 τὸ
2648 3577 2802 3645 ἅγιον
2830 3575 3075 3648 Πνεῦμα,
3123 3581 3151 3632 ὁ
3188 3582 3368 3634 κανὼν
3414 3581 3627 3648 διδάξει

2053 3669 2476 3737 ἐμφανέστερον,
2501 3671 2556 3719 ὲν
2587 3662 2630 3735 ᾧ
2661 3669 3017 3739 εὑρεθήσεται
3052 3670 3215 3725 πάλιν
3241 3673 3493 3741 κείμενον
3525 3674 3626 3725 καὶ

2053 3760 2111 3810 rb
2136 3758 2414 3828 γλώσσῃσι
2449 3760 2746 3830 ποιητικῶς
2776 3759 2971 3813 Ἰώνων
3015 3761 3304 3832 διαλέκτῳ.
3358 3758 3460 3815 Οἷα
3507 3765 3625 3832 γὰρ

2054 3850 2330 3914 ἐποποιὸς,
2363 3851 2604 3920 ὀχλεῖται
2634 3854 2730 3905 καὶ
2759 3851 2938 3918 λέξεσι
2974 3853 3211 3923 χρῆσθαι
3253 3855 3442 3915 ὁποίας
3503 3851 3622 3907 οἶδε

2055 3938 2283 4009 φιλεῖνή
2334 3943 2549 4009 ποίησις
2577 3956 2591 3971 ο
2627 3943 2850 4012 σημεῖον
2885 3943 2942 3995 δὲ
2996 3944 3152 4011 φέρει
3188 3943 3288 4014 τῆς
3340 3943 3434 3996 τοῦ
3486 3944 3626 3996 Υἱοῦ

2057 4029 2262 4098 φύτλης
2290 4030 2350 4082 τὸ
2381 4029 2536 4097 ἅγιον
2566 4031 2807 4100 Πνεῦμα,
2841 4032 2939 4100 οὐχ
2971 4031 3028 4083 ἒν
3067 4033 3210 4086 κατὰ
3274 4032 3373 4103 τὴν
3431 4033 3627 4101 ἑνικὴν

2057 4121 2344 4189 προφορὰν
2375 4121 2474 4190 τῆς
2504 4122 2900 4192 ἀκροστιχίδος.
2931 4123 3071 4176 ἀλλὰ
3103 4123 3359 4193 διάφορα,
3383 4121 3495 4176 οἷον
3522 4125 3629 4190 τὴν

2059 4212 2338 4278 ἀλήθειιν.
2381 4211 2678 4281 Ἦλήθευσε
2715 4213 2822 4282 γὰρ
2851 4215 2878 4266 ό
2912 4214 3012 4284 τῆς
3073 4215 3333 4284 ἀληθείας
3383 4218 3625 4284 χορηγὸς

2061 4305 2234 4371 Λόγος
2268 4305 2635 4374 ὑποσχόμενος
2667 4306 2879 4375 πέμψαι
2934 4307 2996 4360 rb
3017 4309 3115 4376 τῆς
3148 4306 3404 4375 ἀληθείας
3464 4309 3630 4374 ᾰγιον

2064 4397 2305 4465 Πνεῦμα,
2337 4397 2429 4466 τὴν
2461 4398 2645 4464 φιλίαν
2677 4401 2741 4467 ῆν
2772 4398 2980 4466 ἔφθασε
3023 4401 3168 4468 σχεῖν
3209 4399 3304 4451 ἐπὶ
3343 4403 3453 4460 τοῖς
3512 4417 3624 4468 ματ

387 4491 576 4546 (ΙὶΙειὶι
642 4499 696 4544 et
776 4487 1015 4556 Spiritus
1073 4495 1319 4550 sanctus,
1403 4488 1576 4556 quiet
1630 4485 1820 4541 docuit
1859 4503 1948 4543 eos

2061 4491 2275 4560 θηταῖς,
2315 4489 2405 4553 οὓς
2436 4493 2527 4543 καὶ
2559 4490 2620 4542 rb
2657 4491 2810 4557 ἆγιον
2868 4491 3091 4560 Πνεῦμα
3151 4493 3498 4559 συνεφίλησε,
3560 4494 3628 4544 rb

387 4593 447 4638 ut
471 4583 707 4652 Spiritus
764 4579 1068 4649 sapientiae,
1106 4579 1266 4649 cujus
1321 4579 1487 4632 etiam
1541 4577 1801 4632 iudicium
1853 4578 1948 4632 fuit

2059 4584 2153 4634 καί
2189 4582 2414 4651 σοφίσαν
2443 4581 2682 4644 ἐκείνους
2711 4582 2784 4644 ὠς
2821 4583 3044 4651 Πνεῦμα
3091 4583 3301 4650 σοφίας.
3346 4583 3467 4635 Ἐτι
3520 4599 3627 4650 ση-

385 4672 918 4730 eonsubstautialitas
940 4671 1116 4725 Patris
1137 4684 1190 4725 et
1212 4671 1469 4741 Spiritus,
1496 4680 1550 4726 et
1575 4671 1796 4726 luminis
1820 4687 1948 4742 par-

2063 4674 2213 4740 μεῖον
2241 4665 2302 4724 οὗ
2337 4671 2532 4739 ἔφανεν
2569 4673 2660 4724 καὶ
2685 4673 2744 4724 rb
2773 4672 3018 4741 συμφυὲς
3079 4674 3256 4743 Πατρὶ
3304 4674 3399 4725 καὶ
3457 4673 3630 4725 [Ινεὺ-

390 4765 628 4834 ticipatio
661 4774 715 4819 et
740 4763 1068 4827 sanctitatis,
1127 4769 1182 4816 et
1249 4763 1552 4826 cltaritatis,
1589 4777 1754 4832 quam
1817 4763 1948 4818 inde

2062 4781 2215 4832 ματι,
2243 4763 2300 4815 τὸ
2337 4765 2796 4832 συμφωτιστικὸν,
2851 4766 2911 4816 τὸ
2935 4764 3379 4834 συναγιαστικδν,
3429 4766 3491 4816 rb
3521 4766 3628 4834 τῆς

387 4857 610 4910 veniens
640 4856 819 4910 attulit
850 4853 1088 4924 Spiritus
1109 4862 1358 4918 sanctus,
1385 4853 1527 4907 sicut
1553 4861 1683 4906 tunc
1707 4862 1759 4906 et
1781 4853 1948 4906 disci-

2058 4857 2277 4924 χὰριτος
2315 4857 2808 4924 συμμεταδοτικὸν,
2837 4857 2905 4926 ἣν
2936 4857 3144 4910 ἐκεῖθεν
3181 4858 3305 4926 ἥκει
3367 4859 3528 4925 φέρον
3563 4860 3630 4908 rb

387 4949 624 5016 pulis,et
653 4964 775 5000 mox
801 4947 1168 5002 initiatoribus
1205 4945 1549 5015 populorum,
1604 4944 1678 4997 ita
1702 4953 1756 4998 et
1803 4959 1952 4998 nunc

387 5039 547 5092 nobis
568 5039 943 5108 spiritualibus
975 5039 1367 5101 laudatoribus,
1407 5037 1457 5091 id
1484 5045 1566 5092 est
1617 5037 1764 5090 circa
1798 5036 1954 5105 hym-

386 5145 486 5184 nos
522 5131 842 5199 occupatis;
875 5130 1019 5200 quod
1049 5131 1248 5184 bonum
1277 5131 1410 5182 etin
1441 5143 1634 5181 omnes
1651 5125 1953 5182 ell‘unditur

387 5221 482 5274 Dei
522 5219 857 5284 laudatores,
889 5220 1087 5288 quibus
1115 5229 1272 5289 poeta
1323 5219 1611 5272 couuuode
1641 5232 1702 5272 se
1741 5217 1948 5270 immis-

384 5313 497 5367 cuit
529 5326 627 5383 pro
653 5310 1063 5381 participatione
1093 5311 1400 5365 charitatis.
1439 5309 1733 5364 Videndqu
1765 5316 1947 5361 autem

386 5411 568 5457 utrum
609 5404 710 5459 hoc
739 5405 826 5472 qui
868 5404 964 5474 fert
1004 5404 1231 5472 formam
1265 5401 1678 5471 incorruptibilis
1737 5401 1949 5454 deitalis

385 5495 557 5562 possit
591 5504 646 5549 et
701 5496 866 5549 verbo
917 5495 1324 5550 accommodari
1398 5509 1495 5562 per
1566 5492 1952 5546 rectitudinem

385 5586 701 5640 masculina:
768 5585 1322 5648 communicationis,
1377 5595 1438 5640 ut
1503 5584 1716 5638 dicatur
1781 5580 1952 5635 Filius

385 5674 515 5730 dare
548 5677 703 5731 nobis
733 5693 829 5747 per
857 5678 1119 5748 Spiritum
1153 5685 1405 5734 sanctum
1457 5674 1686 5731 formant
1743 5684 1950 5729 naturae

385 5779 519 5821 sua.

2059 4950 2216 5015 ἅγιον
2248 4947 2469 5016 Πνεῦμα
2499 4946 2688 5016 ῶσπερ
2709 4947 2828 4998 τότε
2860 4947 2970 5008 τοῖς
2995 4946 3089 4998 καὶ
3118 4946 3370 5014 μύσταις,
3409 4950 3502 4996 κτὶ
3525 4947 3627 4996 αὺ-

2053 5041 2181 5094 τίκα
2212 5040 2576 5110 μυστηπόλοις
2599 5039 2708 5091 τῶν
2729 5039 2918 5101 ἐθνῶν,
2941 5036 3085 5091 οὕτω
3113 5039 3206 5090 καί
3236 5037 3332 5102 νῦν
3352 5041 3483 5107 ἡμῖν
3512 5041 3629 5099 τοῖς

2053 5133 2440 5199 πνευματικοῖς
2469 5129 2823 5199 ὁμνοπόλοις,
2852 5130 2880 5182 ὃ
2929 5131 3076 5181 ἐστιν
3127 5128 3632 5198 ἀναστρεφομένοις

2051 5225 2180 5292 περὶ
2208 5220 2407 5288 ὕμνους
2435 5237 2449 5250 '
2471 5222 2628 5273 τοῦτο
2649 5220 2705 5271 δὲ
2728 5220 2788 5272 rb
2811 5219 3012 5286 ἀγαθὸν
3039 5221 3134 5272 καὶ
3159 5221 3240 5282 είς
3273 5221 3480 5279 πάντας
3510 5219 3632 5270 δια-

2054 5312 2226 5364 6αίνει
2252 5313 2375 5374 τοὺς
2407 5310 2501 5362 τοῦ
2525 5311 2658 5363 Θεοῦ
2687 5312 2931 5381 ὑμνητάς
2952 5326 2967 5340 ⁸
3002 5309 3083 5373 οἷς
3113 5310 3405 5380 ὁρμελῳδδις
3438 5308 3633 5372 δεξιῶς

2059 5401 2251 5454 ἑαυτὸν
2288 5399 2397 5452 ίδοὺ
2429 5399 2850 5469 συμπαρέμιξεν
2897 5401 2989 5453 ἐπὶ
3026 5397 3355 5467 συμμεθέξει
3397 5399 3491 5465 τῆς
3535 5400 3635 5464 χὰ-

2059 5492 2546 5560 ριτος”σκοπητέον
2571 5490 2627 5542 δὲ
2671 5492 2828 5558 εῐπερ
2873 5490 2931 5542 τὸ
2958 5489 3121 5558 φέρον
3180 5487 3429 5556 θεότητος
3460 5485 3636 5539 “seu

2060 5583 2232 5652 σῆμα,
2261 5582 2550 5655 δυνήσεται
2584 5581 2680 5634 καὶ
2695 5581 2774 5649 τῷ
2801 5581 2944 5650 λόγῳ
2966 5581 3346 5650 προσαρμόσαι
3379 5581 3517 5629 κατά
3541 5578 3636 5629 εὑ-

2055 5674 2204 5726 θείαν
2217 5673 2441 5741 ἄρσενος
2471 5673 2727 5741 μετοχῆς,
2753 5673 2842 5724 ῖνα
2869 5671 3096 5740 λέγηται
3123 5676 3150 5722 ό
3179 5669 3305 5732 Υἱὸς
3351 5670 3505 5735 ἄγειν
3543 5668 3637 5724 δια

2067 5765 2159 5818 τοῦ
2198 5766 2354 5834 ἁγίου
2379 5765 2694 5836 Πνεύματος
2718 5766 2849 5834 ἡμῖν
2882 5765 3032 5832 σῆμα
3054 5764 3149 5834 τῆς
3176 5759 3369 5816 ἑαυτοῦ
3389 5760 3636 5829 φύσεως.
