4034 6206
274 394 371 457 521

1096 385 1179 446 ΙΝ
1226 384 1567 449 HYMNUM
1599 384 2260 448 PENTECOSTALEM
2299 384 2757 449 DAMASCENI.

3424 388 3528 449 5:22

342 511 467 564 Ὀτι
497 508 553 560 δὲ
585 506 759 577 φύτλη
782 504 843 557 ού
871 506 1033 575 μόνον
1064 506 1097 574 ή
1131 521 1314 573 φυσις,
1341 504 1417 568 ὡς
1457 505 1677 575 εἴρηται
1704 504 1846 558 κατὰ
1877 510 1898 566 ι

2020 502 2176 571 Quod
2203 510 2384 558 autem
2409 501 2585 572 φύτλη
2604 518 2709 559 non
2744 499 2917 559 solum
2948 510 3162 565 natura,
3216 509 3275 556 ut
3320 501 3528 563 dictum

272 605 365 658 τὸν
420 601 721 669 ἐξηγητὴν,
755 598 891 651 ἀλλὰ
945 599 1041 652 καὶ
1076 599 1111 669 ὴ
1151 597 1425 668 γέννησις,
1464 598 1701 667 φανερόν
1735 599 1854 650 ἐστι

1978 600 2041 648 est
2068 592 2369 649 secundum
2394 592 2767 662 interpretem,
2793 593 2889 648 sed
2917 603 2971 648 et
2995 594 3149 663 origo
3173 594 3265 658 sit,
3299 594 3531 651 evidens
3634 615 3640 621 ·

273 696 470 758 κοινῶς
498 709 509 721 ·
538 696 634 745 καὶ
664 692 781 743 ἔστι
813 688 1097 761 προσφυὴς
1144 692 1177 762 η
1202 690 1428 761 τοιαύτη
1472 690 1723 760 σημασία
1761 691 1855 743 ἐπὶ

1978 693 2076 752 ξει;
2105 687 2162 741 et
2195 685 2462 740 naturalis
2491 695 2575 740 est
2609 686 2723 741 hare
2756 686 3081 757 signiﬁcatio
3108 687 3174 742 de
3205 686 3343 741 Filio
3372 687 3533 757 quasi

271 788 368 842 τοῦ
392 786 526 839 Υίοῦ
556 784 634 845 ὠς
687 781 978 851 γεννητοῦ,
1011 782 1079 836 δι’
1122 780 1185 837 οῦ
1220 783 1281 835 τὸ
1333 778 1558 851 Πνεῦμα
1586 781 1649 835 τὸ
1698 782 1857 849 ἅγιον

274 880 412 949 ἡμῖν
441 874 720 944 ἐπιφοιτᾷ.
753 872 923 941 Δῆλον
946 871 1003 923 δὲ
1028 871 1103 933 ὡς
1131 872 1196 924 ὲκ
1216 874 1317 940 τῆς
1344 870 1601 939 τοιαύτης
1624 869 1853 940 φύτλης,

275 970 373 1025 καὶ
400 970 428 1021 ὁ
460 968 550 1021 διὰ
577 965 672 1019 τοῦ
701 983 732 1018 υ
762 963 1013 1034 διχρόνου
1047 963 1465 1034 προφερόμενος
1513 962 1857 1029 ὲξιιηερικῶς

280 1061 559 1128 παρῆκται
590 1054 935 1125 φυτάλιμοςο
982 1052 1269 1121 γινόμενος
1310 1050 1411 1121 μὲν
1456 1050 1551 1103 καὶ
1598 1049 1751 1119 παρὰ
1797 1051 1859 1102 τὺ

278 1150 420 1219 ,ρυτὰ
444 1148 703 1202 ἅλλεσθαι
735 1148 932 1210 ποιεῐν,
960 1145 1198 1213 μάλιστα
1231 1142 1290 1196 δὲ
1316 1142 1467 1211 παρὰ
1496 1142 1597 1213 τὴν
1626 1140 1856 1211 φύτλην,

278 1244 367 1295 ἶνα
404 1236 439 1316 ᾗ
476 1239 536 1303 ἐξ
579 1237 752 1307 αὐτῆς
798 1238 1123 1306 φυτλάμιος,
1160 1236 1254 1289 καὶ
1306 1233 1594 1303 μεταθέσει
1638 1233 1861 1302 φυταλι-

280 1349 382 1405 μος
403 1347 419 1362 ·
469 1331 544 1394 ὡς
591 1325 682 1383 οἶά
704 1347 788 1393 τις
842 1331 1027 1400 πατὴρ
1058 1330 1151 1383 κα)⁵
1190 1327 1364 1391 οὕτως
1397 1326 1572 1390 αἴτιος
1597 1327 1691 1380 τοῦ
1728 1325 1854 1394 φύε-

281 1424 429 1491 σθαι,
457 1424 492 1493 ἦ
519 1440 608 1487 τις
647 1422 827 1476 ἔννοια
872 1422 967 1475 καὶ⁵
1011 1423 1105 1475 τὸν
1149 1419 1493 1491 φυτοσπόρον
1548 1418 1855 1488 ὠνόμασεν.

281 1517 470 1579 Οῦτως
531 1516 589 1568 δὲ
629 1518 725 1569 καὶ
772 1515 870 1586 τῆς
924 1513 1305 1584 ἀκροστιχίδος
1366 1511 1857 1581 διεσκευασμένης,

281 1611 402 1681 ὥρα
440 1608 635 1680 μέχρις
663 1603 766 1664 ὧδε
815 1607 1156 1677 καταστῆναι
1208 1607 1276 1659 τὰ
1307 1607 1414 1674 πρὸ
1459 1605 1555 1659 τοῦ
1610 1603 1857 1669 κανόνος,

284 1704 373 1756 ινα
397 1701 651 1754 ἐντεῦθεν
682 1702 764 1762 είς
795 1700 1000 1752 ἐκεῖνον
1031 1698 1301 1767 μεταϐαίη
1346 1699 1375 1749 ό
1403 1697 1560 1765 λόγος
1590 1697 1720 1766 ἡμῖν
1756 1711 1861 1749 πα-

1958 778 2182 847 genito.
2232 788 2329 847 per
2377 792 2538 847 quem
2593 779 2751 834 nobis
2791 778 3031 848 Spiritus
3089 791 3313 835 sanctus
3363 780 3533 836 venit.

1962 868 2195 924 Evidens
2220 876 2302 923 est
2338 878 2519 923 autem
2550 868 2711 938 {quod
2764 884 2829 924 ex
2882 870 2987 925 ista
3041 884 3171 925 voce
3232 871 3406 940 φύτλη
3437 872 3535 927 de-

1961 963 2184 1016 ductum
2234 968 2318 1016 est
2364 961 2588 1015 verbum
2641 960 2945 1031 φυτάλιμος
3004 962 3271 1031 prolatum
3326 964 3535 1033 vulgari

1962 1053 2123 1109 modo
2156 1069 2249 1124 per
2279 1068 2504 1125 anceps;
2548 1054 2848 1109 derivatum
2881 1070 2945 1110 ex
2988 1058 3168 1112 radice
3202 1073 3322 1128 quas
3364 1057 3537 1127 signi-

1964 1145 2109 1209 ticat,
2130 1144 2309 1201 facere
2339 1156 2397 1200 ut
2432 1157 2683 1202 crescant
2712 1146 2933 1216 plantze,
2967 1148 3201 1202 maxime
3247 1164 3275 1201 a
3336 1149 3533 1218 φύτλη,

1963 1238 2035 1291 ita
2077 1244 2135 1291 ιιι
2184 1238 2309 1293 inde
2354 1238 2439 1291 ﬁat
2478 1239 2784 1308 φυτλάμιος
2844 1249 2897 1295 et
2937 1255 3061 1295 cum
3111 1242 3538 1309 trauspositioue

1964 1328 2304 1399 φυτάλμιοςς
2348 1333 2505 1400 quasi
2560 1333 2682 1401 quis
2713 1340 2866 1401 pater
2895 1334 2987 1397 sit,
3013 1343 3064 1387 et
3090 1334 3170 1389 sic
3198 1349 3367 1388 causa
3418 1349 3538 1389 cre-

1963 1423 2171 1485 scendi,
2213 1422 2353 1476 unde
2385 1424 2535 1477 venit
2565 1438 2762 1478 nomen
2814 1426 3175 1495 φυτοσπόρος.
3217 1426 3417 1481 Verum
3457 1426 3540 1479 sic

1965 1513 2229 1570 adornata
2273 1516 2661 1581 acrostichide,
2714 1526 2925 1584 tempus
2971 1527 3049 1571 est
3104 1526 3162 1569 ut
3209 1518 3295 1572 hic
3339 1510 3541 1572 sistant

1964 1622 2085 1678 qua:
2116 1617 2358 1678 praeeunt
2388 1607 2609 1679 hymno,
2657 1618 2715 1663 ut
2745 1609 2952 1664 exinde
3000 1610 3053 1664 in
3083 1624 3204 1663 eum
3236 1609 3419 1665 veniat
3440 1626 3540 1665 no-

1965 1698 2051 1753 bis
2075 1712 2277 1765 sermo,
2294 1701 2389 1768 qui
2409 1699 2720 1755 notavimus
2745 1699 3399 1771 mendosumquandoque
3419 1715 3541 1756 esse

285 1791 772 1863 ρασημῃναμένοις
806 1790 881 1853 ὡς
915 1788 1255 1859 πλημμελῶς
1286 1787 1506 1856 ἐνιαχοῦ
1539 1786 1568 1837 ὁ
1621 1785 1859 1847 τοιοῦτος

1978 1792 2228 1862 hymnum
2272 1796 2436 1858 hunc,
2470 1809 2536 1847 ex
2576 1793 2921 1863 antiquorum
2957 1794 3114 1863 culpa
3162 1794 3539 1858 librariorum,

283 1886 401 1954 ἔχει
438 1882 643 1949 κανὼν,
668 1883 835 1936 διὰτὸ
854 1882 959 1937 τῶν
991 1881 1343 1951 ἀντιγράφων
1369 1884 1429 1933 ὲκ
1474 1878 1690 1948 μακροῦ
1732 1877 1865 1947 ἐφάο

1978 1893 2026 1939 ιιι
2060 1900 2121 1939 ex
2154 1885 2508 1954 sequentibus
2536 1887 2764 1954 patebit.

289 1992 521 2048 μαρτον,
548 1975 623 2038 ὡς
653 1975 713 2027 ὲν
744 1976 855 2037 τοῖς
881 1973 1011 2042 ἑξῆς
1044 1976 1325 2042 φανεῖται.

462 2060 473 2069 κ
658 2065 872 2135 Ειρμὸς
901 2065 1011 2133 τῆς
1040 2064 1207 2132 ᾠδῆς
1236 2063 1494 2134 πρώτης·

376 2160 549 2231 Ἀρχὴ
600 2161 699 2229 τῆς
757 2157 852 2210 τοῦ
910 2157 1208 2227 εἰρημένου
1258 2155 1481 2215 κανόνος
1531 2153 1865 2223 ἐξηγήσεως,

288 2255 425 2324 ῆχου
458 2251 558 2322 μὲν
578 2250 731 2312 ὄντος
753 2248 1013 2318 τετάρτου
1038 2246 1134 2301 τοῦ
1160 2246 1303 2299 κατὰ
1324 2246 1449 2308 τοὺς
1480 2243 1713 2315 ᾠδικοὺς
1740 2258 1870 2311 μους

293 2344 601 2398 σικωτάτου
655 2342 752 2395 καὶ
800 2339 1111 2411 χοροποιοῦ,
1169 2337 1574 2408 μεμελισμόνου
1626 2336 1684 2388 δὲ
1735 2332 1870 2403 πρὸς

292 2438 521 2508 είρμούς
574 2436 703 2495 τοὺς
737 2431 1247 2500 ὑποτεταγμένους·
1281 2428 1362 2492 οἷς
1397 2428 1599 2500 δηλαδὴ
1644 2424 1872 2480 ἀκολού-

294 2530 400 2591 θως
441 2530 537 2581 καὶ
570 2528 639 2580 τὰ.
673 2524 764 2594 ὑφ’
801 2524 1019 2592 ἑκάστῳ
1054 2522 1399 2590 συνείρονται
1427 2519 1726 2589 τροπάρια.

403 2623 449 2676 1.
479 2620 619 2688 Θείῳ
647 2616 941 2685 καλυφθε“ις
969 2616 996 2667 ὁ
1033 2612 1450 2684 βραδύγλωσσος
1472 2612 1657 2680 γνόφῳ

486 2709 883 2781 Ἐῤῥητόρευσε
906 2708 997 2759 τὸν
1026 2704 1331 2777 θεόγραφον
1369 2704 1555 2771 νόμον.

494 2806 635 2859 Ἶλὺν
663 2805 771 2873 γὰρ
802 2800 1365 2869 δκτινάξας·δμματος
1393 2798 1540 2860 νόου,

494 2900 631 2971 Ὁρᾷ
650 2899 740 2951 τὸν
763 2897 919 2962 ὄντα,
948 2896 1044 2948 καὶ
1073 2895 1289 2968 μυεῖται
1324 2892 1638 2961 Ηνεύματος

483 2990 693 3043 Γνῶσιν
720 2988 998 3060 γεραίρων
1024 2982 1230 3046 ἐνθέοις
1252 2984 1362 3047 τοῖς
1402 2980 1665 3052 ᾄσμασιν.

922 3075 1263 3147 Ἐρμηνεία.

380 3186 452 3233 α’.
482 3174 824 3236 Κανονικῶς,
855 3171 929 3235 ὡς
953 3170 1128 3222 εἰπεῖν
1154 3165 1485 3239 μεθοδεύσας
1509 3165 1601 3218 τὸν
1633 3163 1878 3234 παρόντα

2466 2054 2684 2111 Hirmus
2708 2058 2893 2125 prima:
2920 2057 3056 2111 ador.

2044 2147 2267 2203 Initium
2334 2148 2806 2219 interpretationis
2900 2150 3142 2219 praedicti
3227 2148 3437 2221 hymni,
3513 2150 3545 2205 ὰ

1973 2250 2167 2311 quarto
2197 2249 2349 2304 tono,
2382 2242 2628 2295 omnium
2655 2240 3067 2311 elegantissimo
3103 2248 3156 2296 et
3197 2240 3382 2296 eboris
3411 2254 3543 2295 con-

1974 2343 2223 2400 gruente,
2268 2333 2547 2388 modulato
2579 2348 2680 2404 pro
2716 2334 3089 2389 subordiuatis
3125 2334 3317 2389 hirmis
3339 2375 3356 2401 ,
3402 2346 3547 2405 quos

1975 2425 2170 2480 deinde
2200 2435 2501 2495 sequuntur
2528 2427 2788 2482 subnexa!
2818 2425 3048 2495 singulis
3079 2426 3341 2496 strepitat.

2229 2602 2420 2657 Divina
2456 2611 2633 2659 tectus
2663 2606 3007 2676 tardiliuguis
3032 2607 3252 2669 nebula,

2157 2694 2419 2750 Elocutus
2450 2704 2536 2751 est
2570 2711 2599 2750 a
2630 2696 2742 2750 Deo
2768 2697 3027 2765 scriptam
3064 2698 3234 2768 legem
3261 2715 3276 2752 :

2159 2785 2385 2842 Materia
2413 2787 2559 2843 enim
2589 2786 2827 2857 abiecta,
2863 2789 3039 2844 oculis
3072 2790 3272 2845 mentis

2164 2874 2358 2931 Videre
2382 2890 2507 2932 eum
2538 2877 2632 2947 qui
2661 2887 2740 2931 est
2774 2878 2960 2942 discit.
2997 2878 3237 2948 Spiritus

2157 2967 2536 3039 Coguitionem
2578 2970 2810 3025 laudans
2837 2970 3039 3026 divinis
3068 2972 3341 3027 cantibus.

2573 3085 2972 3155 lnterpretatio.

2056 3174 2107 3232 ί.
2151 3176 2514 3249 Regulariter,
2548 3188 2604 3233 ut
2638 3178 2715 3233 ita
2762 3179 2961 3244 dicam,
2997 3189 3279 3235 tractatam
3317 3196 3557 3251 prasenc

300 3272 492 3345 εἱρμὸν
524 3269 624 3339 τῆς
646 3266 868 3337 πρώτης
899 3260 1042 3333 ᾠδῆς
1068 3262 1097 3313 ό
1128 3237 1291 3328 σοφός
1321 3257 1556 3329 ποιητὴς
1601 3256 1877 3325 Ἰωάννης,

1988 3280 2093 3326 tem
2130 3237 2295 3341 primi
2330 3269 2516 3342 hymni
2562 3270 2822 3341 strophen
2854 3270 3051 3327 doctus
3099 3281 3258 3342 poeta
3292 3237 3557 3343 Joannes,

298 3368 361 3431 ὃς
387 3382 472 3427 τις
504 3363 623 3416 ποτ’
657 3359 726 3413 ἂν
764 3358 858 3411 καὶ
900 3354 985 3424 εἴη
1045 3347 1225 3416 οὗτος,
1258 3351 1317 3404 ού
1352 3352 1513 3419 μόνον
1557 3349 1623 3401 ὲκ
1654 3347 1754 3417 τῆς
1781 3347 1879 3400 τσῦ

300 3458 450 3530 ᾅδειν
478 3455 677 3520 λέξεως
703 3445 1103 3522 χαρακτηρίζει
1136 3444 1323 3509 αὑτὸν,
1359 3438 1428 3515 ἦς
1462 3441 1622 3512 χάριν
1669 3440 1879 3511 ᾠκειω.

306 3553 479 3621 μένης
509 3551 576 3618 τῇ
600 3546 794 3616 πρώτῃ
820 3542 961 3615 ᾠδῇ,
982 3538 1350 3611 παρεισῆκται
1366 3536 1425 3589 τὸ
1453 3531 1607 3607 ᾆσμα
1625 3534 1879 3602 κείμενον

304 3644 363 3695 ἐν
388 3641 489 3711 τῷ.
527 3636 835 3705 Γεραίρων
870 3631 1105 3697 ἐνθέοις
1137 3628 1265 3693 τοῖς
1301 3625 1596 3695 ᾅσμασιν,
1619 3624 1757 3679 ἀλλὰ
1785 3624 1881 3675 καὶ

302 3733 469 3787 αὐτὸν
502 3731 596 3783 τὸν
639 3728 938 3798 νομοθέτην
990 3724 1176 3794 μόνον,
1218 3720 1352 3790 ῦλην
1381 3720 1617 3771 ποιεῖται
1646 3714 1741 3769 τοῦ
1768 3716 1881 3785 sip-

305 3823 600 3898 μολογικοῦ
634 3823 854 3893 μέλους,
881 3818 1053 3881 άλλως
1086 3818 1189 3887 μὲν
1228 3831 1311 3867 τοι
1347 3814 1500 3882 παρὰ
1530 3810 1591 3863 et
1624 3808 1877 3879 σύνηθες.

303 3921 383 3975 Uti
430 3920 539 3989 γάρ
582 3933 636 3969 τι
665 3913 955 3984 ὲρυθραϊον
992 3912 1129 3973 ὅλως
1158 3906 1393 3962 ἐνταῦθα
1428 3906 1461 3975 ἢ
1496 3901 1873 3971 Αίγυπτιακδν

304 4008 652 4077 παραπλέκει
678 4004 898 4073 θαῦμαο
932 4003 1005 4056 τὰ
1035 4000 1133 4067 τῆς
1168 3998 1363 4067 ἑορτῆς
1405 3996 1463 4049 δὲ
1500 3990 1878 4065 παρεμϐαλὼν

304 4100 400 4153 τοῦ
423 4100 577 4166 ἁγίου
608 4096 924 4166 Πνεῦματος
951 4092 1310 4161 ἀτυμφανῶς,
1333 4089 1503 4157 ῆγουν
1535 4088 1627 4140 τὸν
1655 4086 1882 4155 θεόγρα-

306 4210 407 4261 ερον
458 4194 645 4261 νόμον,
677 4182 720 4257 ᾧ
756 4187 1045 4256 σύστοιχος
1107 4185 1200 4238 καὶ
1253 4182 1546 4250 σύμφωνος
1586 4179 1614 4231 ό
1652 4179 1717 4230 ὲκ
1743 4175 1882 4229 Σιὼν

340 4280 725 4351 ξελευσόμενος
764 4278 947 4347 νόμος,
996 4275 1070 4338 ὡς
1116 4276 1175 4328 ὲν
1220 4275 1334 4337 τοῖς
1382 4272 1508 4341 ἑξῆς
1560 4270 1880 4341 εἰρήσεταιο

307 4376 402 4431 καὶ
434 4376 528 4447 τὴν
563 4374 655 4429 τοῦ
685 4374 853 4437 ὅντως
877 4373 1069 4442 ὅρασιν
1098 4370 1189 4422 διὰ
1243 4363 1628 4435 πνευματικῆς
1666 4362 1882 4415 ἀποκα-

306 4467 521 4537 λύψεως
559 4469 717 4519 ὁποία
754 4465 851 4517 καὶ
906 4463 1020 4524 τοῖς
1048 4459 1229 4527 ἁγίοις
1274 4454 1602 4513 ἀποστόλοις
1635 4453 1881 4521 σήμερον

1980 3363 2233 3434 quisquis
2279 3363 2501 3428 sit,uon
2553 3363 2728 3418 solum
2775 3379 2842 3418 ex
2901 3363 3071 3419 verbo
3120 3364 3268 3436 ᾄδειν
3309 3365 3559 3436 insignit,

1980 3454 2136 3523 cujus
2163 3455 2336 3526 gratia
2367 3455 2599 3524 primam
2647 3456 2906 3525 strophen
2956 3454 3243 3523 formavit,
3278 3457 3563 3513 introduc-

1983 3554 2070 3597 tus
2096 3553 2180 3600 est
2203 3552 2398 3599 cantus
2426 3545 2512 3599 his
2540 3543 2723 3599 verbis
2752 3567 2764 3600 :
2800 3544 3031 3599 laudans
3065 3547 3261 3600 divinis
3288 3547 3559 3611 cantibus;

1981 3636 2077 3692 sed
2114 3647 2168 3691 et
2215 3638 2392 3707 ipsum
2443 3637 2814 3707 legislatorem
2858 3639 3037 3692 solum
3092 3638 3375 3692 materiam
3426 3639 3564 3696 facit

1983 3727 2178 3797 poetici
2201 3729 2408 3798 aperis,
2446 3727 2603 3784 aliter
2635 3736 2818 3783 autem
2851 3744 3014 3799 quam
3050 3728 3156 3783 fert
3187 3734 3556 3787 consuetudo.

1981 3818 2103 3875 Non
2140 3820 2285 3873 enim
2323 3819 2551 3873 omnino
2583 3820 2752 3875 maris
2787 3819 2959 3873 Rubri
3002 3820 3085 3873 vel
3118 3819 3338 3890 Egypti
3386 3821 3557 3874 mira~

1982 3913 2103 3968 cuia
2145 3911 2239 3967 hic
2278 3911 2540 3975 intexuit,
2608 3910 2707 3966 sed
2762 3909 2949 3965 furtim
2998 3910 3356 3967 introdueens
3432 3918 3557 3981 qua:

1983 4004 2127 4060 festo
2174 4003 2415 4074 Spiritus
2460 4003 2636 4058 sancti
2684 4012 3013 4073 congruunt,
3066 4002 3311 4057 divinam
3359 4014 3557 4074 nempe

1984 4096 2179 4166 legem,
2209 4096 2297 4151 cui
2345 4104 2575 4167 compar
2615 4104 2668 4151 et
2698 4108 2941 4150 consona
2971 4104 3057 4149 est
3084 4095 3169 4150 lex
3202 4108 3266 4149 ex
3296 4094 3427 4151 Sion
3451 4100 3563 4152 ori-

1986 4197 2129 4255 tura,
2163 4189 2309 4245 sicut
2346 4198 2537 4260 pOstea
2588 4187 2825 4252 dicetur,
2859 4186 3027 4242 simul
3060 4197 3114 4243 et
3165 4174 3258 4243 Dei
3292 4189 3563 4244 visionem

1984 4296 2081 4355 per
2132 4282 2521 4339 revelationem
2556 4280 2820 4352 Spiritus,
2858 4280 3037 4350 qualis
3079 4289 3133 4335 et
3179 4280 3388 4336 sanctis
3420 4292 3557 4351 apo-

1983 4377 2143 4433 stolis
2175 4374 2338 4430 hodie
2372 4374 2517 4429 facta
2546 4379 2660 4438 est,
2693 4382 2747 4427 et
2797 4368 3038 4442 Spiritus
3082 4373 3448 4443 cognitionem
3493 4386 3561 4429 ex

1988 4478 2116 4523 tunc
2148 4466 2446 4538 praebitam,
2499 4473 2559 4519 ut
2608 4478 2734 4519 mox
2787 4463 3035 4528 dicetur,
3072 4463 3296 4519 disserit
3324 4463 3393 4519 de
3441 4480 3564 4534 pro-

308 4558 621 4628 ἑπεγὲνετο,
670 4556 765 4609 καὶ
795 4555 891 4623 τὴν
918 4551 1012 4605 τοῦ
1049 4550 1365 4619 Πνεῦματος
1398 4546 1605 4616 γνῶσιν
1630 4544 1880 4637 προθτωῖ

1985 4560 2151 4631 pheta
2180 4558 2339 4629 quasi
2374 4572 2402 4609 a
2447 4556 2657 4627 Spiritu
2701 4555 2895 4611 edocm
2928 4569 3047 4626 qua:
3083 4555 3300 4611 decent.
3338 4554 3449 4610 Hoc
3483 4565 3568 4609 est

310 4652 568 4723 ρηθεῖσαν
605 4649 810 4709 ἔκτοτε,
840 4645 915 4710 ὼς
966 4641 1085 4714 μετ’
1116 4641 1273 4709 ὀλίγα
1330 4640 1567 4706 λέξεται,
1599 4635 1881 4706 φιλοσοφεῖ

311 4746 401 4795 ἐπὶ
433 4743 508 4811 τῷ
541 4740 799 4812 προςήτῃ
822 4735 917 4792 οἶα
947 4734 1394 4806 πνευμαφορήτῳ
1427 4732 1496 4785 τὰ
1522 4730 1839 4799 καθήκοντα
1862 4743 1878 4757 ·
1934 4746 1937 4747 ν

310 4832 505 4885 ἔστιδὲ
536 4830 567 4883 ὃ
597 4829 795 4899 μέλπει
825 4826 1095 4880 τοιοῦτον·
1128 4824 1391 4893 Μωῦσῆς,
1416 4820 1444 4873 ὃ
1480 4818 1678 4890 μικροῦ
1700 4817 1884 4885 λέγειν

309 4928 434 4988 δέω,
467 4924 590 4986 νοῦς
623 4925 764 4984 θεῖος
796 4922 888 4973 καὶ
922 4918 1018 4989 τὴν
1047 4918 1237 4985 σοφίαν
1276 4913 1552 4981 περιττὸς,
1580 4911 1756 4975 άλλως
1788 4908 1886 4979 μὲν

309 5032 392 5066 τοι
445 5011 885 5084 βραδύγλωσσος,
908 5010 970 5063 οὐ
1006 5008 1200 5076 νεφέλη
1246 5007 1522 5073 σιναῖτικῇ
1553 4999 1887 5060 σκεπασθεὶς

312 5106 523 5170 ἁπλῶς,
564 5106 699 5159 ἀλλὰ
741 5103 926 5172 γνόφῳ
962 5099 1264 5165 πυκὰζοντι
1314 5099 1469 5167 θείῳ,
1520 5094 1887 5167 mpm-69cm

313 5198 477 5266 νόμον
522 5199 727 5248 ἐκεῖνον
782 5195 876 5246 τὸν
916 5192 1243 5263 περίκλυτον
1286 5189 1392 5242 διὰ
1450 5188 1513 5240 τὸ
1559 5186 1888 5255 θεόγραφον,

312 5290 808 5360 ἀστραπηὸολησας
864 5283 974 5340 οἷον
1026 5286 1235 5339 suum
1271 5284 1363 5336 τὸν
1411 5282 1573 5352 μέχρι
1626 5279 1722 5332 καὶ
1761 5279 1885 5330 τότι

313 5383 692 5453 κρυπτόμενον
718 5397 731 5411 ·
851 5381 948 5432 καὶ
993 5376 1465 5452 ἄλλωςηὲκφηνας
1494 5374 1568 5435 ὡς
1599 5374 1648 5424 si
1694 5370 1789 5424 καὶ
1827 5371 1893 5422 ἐκ

312 5476 465 5528 λίθου
521 5474 799 5543 πυρίτιδος
863 5473 981 5541 φῶς
1038 5468 1201 5533 αὐτὸς
1251 5469 1470 5539 πρῶτος
1517 5465 1737 5533 ἔφηνεν,
1769 5459 1799 5512 ὃ
1830 5459 1895 5529 δὴ

313 5569 555 5637 λέγεται,
601 5567 839 5636 ἄραντον
871 5567 981 5629 τοῖς
1038 5563 1178 5638 μήτι
1235 5560 1432 5623 ἰδοῦσι,
1501 5560 1639 5628 μήτε
1692 5554 1895 5609 εἰδόσιν

318 5662 469 5716 αὐτό.
1790 5706 1799 5712 .

330 5767 336 5772 ”
387 5754 454 5825 β.
478 5757 540 5809 Ei.
559 5756 614 5810 δὲ
634 5754 845 5821 ξενίζον
861 5753 1008 5807 δοκεῖ
1025 5752 1313 5819 ἄνθρωπον
1334 5740 1893 5817 ὑπογραμματεῦσαι,

316 5850 349 5919 ἦ
367 5848 501 5912 ὅλως
516 5850 776 5919 ὁμιλῆσαι
797 5847 872 5915 τῷ
887 5845 1125 5916 ἀοράτῳ,
1146 5842 1243 5896 καὶ
1256 5840 1490 5911 ἁναιδέῳ
1504 5838 1597 5893 καὶ
1613 5835 1897 5907 ἀπροσὶτῳ

637 5952 911 6012 Paruum.
957 5950 1074 6013 Gn.
1123 5942 1445 6007 CXXXVI.

1984 4656 2167 4704 autem
2211 4647 2354 4718 quod
2393 4646 2638 4716 praecinit
2693 4663 2706 4698 :
2773 4645 2983 4716 Moyses
3031 4645 3198 4717 (quod
3244 4646 3328 4699 vix
3383 4646 3569 4700 dicere

1984 4755 2211 4797 necesse
2263 4741 2394 4809 est),
2438 4753 2593 4793 mens
2649 4738 2850 4801 divina,
2885 4748 2938 4791 et
2986 4738 3038 4792 in
3084 4738 3349 4808 sapientia
3381 4737 3567 4792 excel-

1986 4834 2124 4897 lens,
2162 4842 2420 4888 caeterum
2462 4830 2653 4900 lingua
2688 4829 2897 4893 tardus,
2930 4834 3039 4883 non
3074 4829 3267 4884 nebula
3307 4826 3570 4883 Sinaitica

1987 4928 2289 4995 cdop’ertus
2341 4923 2684 4992 simpliciter,
2748 4923 2849 4978 sed
2898 4922 3234 4976 circumfusa
3289 4924 3432 4977 nube
3485 4923 3566 4976 div
3628 4972 3631 4973 ν

1989 5017 2137 5083 vi’na,
2182 5015 2327 5069 illam
2378 5014 2740 5083 promulgavit
2807 5013 2977 5082 legem
3033 5012 3274 5069 omnium
3338 5014 3567 5085 pracla-

1996 5105 2297 5169 rissivnam,
2346 5110 2467 5171 quis
2496 5118 2525 5155 a
2562 5100 2677 5156 Deo
2698 5103 2905 5171 scripta
2938 5110 3041 5168 est,
3073 5099 3377 5171 fulguribus
3415 5102 3571 5159 incus

1991 5200 2133 5255 tiens
2184 5206 2311 5253 eam
2350 5210 2523 5266 usque
2560 5198 2629 5250 ad
2682 5196 2734 5250 id
2771 5196 3035 5266 temporis
3084 5198 3451 5269 incdgrlitam;
3486 5196 3571 5251 vel

1993 5292 2175 5355 aliter,
2218 5290 2591 5345 manifestans
2626 5289 2785 5361 quasi
2841 5304 2908 5345 ex
2959 5290 3116 5359 igneo
3154 5289 3356 5360 lapide,
3394 5289 3567 5344 lucem

1993 5396 2159 5453 quam
2210 5385 2328 5453 ipse
2376 5383 2587 5453 primus
2625 5382 2887 5447 ostendit,
2931 5388 3063 5453 qua!
3101 5382 3325 5444 dicitur.
3357 5382 3441 5436 his
3474 5379 3566 5450 qui

1995 5489 2096 5529 nec
2124 5474 2383 5529 viderunt
2422 5488 2519 5527 nec
2552 5480 2821 5529 noverunt
2845 5486 2988 5540 eaut,
3022 5470 3335 5527 invisibilis.

2068 5743 2125 5797 2.
2160 5741 2218 5798 Si
2246 5750 2426 5796 autem
2483 5738 2787 5793 inauditum
2835 5736 3086 5791 videatur
3134 5732 3417 5789 hominem
3471 5728 3571 5789 Dei

2001 5833 2238 5893 scribam
2257 5830 2532 5890 exstitisse
2552 5829 2637 5885 vcl
2653 5829 2877 5885 omnino
2896 5836 3278 5885 conversatnm
3308 5841 3428 5883 esse
3447 5838 3572 5881 cum

3156 5926 3227 5988 Π
