3926 6200
251 293 336 356 525

1030 294 1110 354 ΙΝ
1150 295 1487 356 HYMNUM
1525 294 2181 356 PENTECOSTALEM
2217 295 2664 356 DAMASCENI.

3346 284 3453 346 515

245 407 366 460 δοκεῖ
405 403 696 474 ὡρμῆσθαι
723 404 758 474 ἡ
794 404 936 470 λέξις
985 405 1046 457 ὲκ
1078 405 1185 459 τῶν
1217 408 1527 478 ουρατικῶν
1575 409 1783 477 καλυμ-

1922 409 2128 463 naxime
2183 425 2304 479 qua:
2354 409 2557 464 similia
2601 409 2680 464 sic
2735 405 2938 462 vocatis
2990 401 3224 466 nebulis,
3261 403 3463 456 retium

248 499 426 567 μάτων,
458 499 554 550 καὶ
589 498 792 567 μᾶλλον
832 497 941 550 τῶν
971 499 1110 551 κατὰ
1138 500 1238 563 τὰς
1268 502 1410 554 οὕτω
1445 503 1789 571 καλουμένας

243 585 440 652 νεφέλας
472 625 486 648 ,
536 586 735 639 ὁπόσαι
797 586 1132 655 πλεκόμεναι
1190 589 1498 656 δικτυωδῶς
1547 609 1790 646 καταπε-

242 680 505 732 τάννυνται
530 680 820 743 πετεινῶν,
849 682 944 734 καὶ
991 683 1403 753 περιειληφυῐαι
1436 685 1625 755 κύκλῳ
1650 687 1789 740 αὐτὰ

244 768 544 836 κατέχουσιν
574 770 703 834 ἔσω,
735 770 830 822 καὶ
853 769 954 822 ούκ
999 771 1226 838 ἀφιᾶσιν
1267 772 1692 826 ἐκδιδύσκεσθαι
1729 775 1792 827 τὸ

244 858 651 930 ἀμφίϐληστρον.
702 860 861 913 Οὕτω
916 861 1024 930 γάρ
1056 879 1194 926 πως,
1240 863 1670 933 κυριολεκτικῶς
1720 867 1796 917 εἰ-

243 951 366 1013 πεῖν,
401 950 630 1019 κάτοχος
665 951 743 1020 τῷ
776 950 896 1020 Θεῷ
921 951 1216 1021 γενόμενος
1243 955 1270 1004 6
1297 952 1598 1021 καλυφθεὶς
1630 954 1797 1007 Μωῦ-

245 1042 348 1111 σῆς,
374 1043 490 1104 ὅλος
533 1039 602 1112 ἦν
639 1043 880 1107 ἐκείνου,
912 1043 1006 1095 καὶ
1039 1045 1174 1113 πρὸς
1210 1045 1410 1114 ἐκείνῳ
1444 1046 1539 1098 καὶ
1567 1045 1634 1098 δι’
1656 1045 1799 1098 ὲκεί-

241 1151 320 1188 νου
359 1136 575 1205 ἐνήργει
609 1137 676 1188 τὰ
725 1136 1095 1204 κελευόμενα·
1139 1136 1385 1190 τοιούτου
1435 1137 1492 1190 δὲ
1524 1138 1796 1208 νοήματος

241 1229 457 1297 ἤρτηται
486 1228 580 1280 καὶ
608 1227 667 1279 τὸ
697 1227 1036 1296 κεκαλύςρθαι
1069 1230 1167 1297 μὲν
1191 1229 1290 1297 τὴν
1324 1228 1595 1298 Ἐρυθρὰν
1618 1229 1797 1294 ὕδατι,

244 1316 671 1386 ἁνακαλυφϋῆναι
715 1318 771 1370 δὲ
799 1317 868 1370 τὰ
897 1319 1114 1387 ἐκείνης
1148 1317 1376 1387 Θεμέλια
1415 1320 1472 1369 ὲν
1510 1320 1574 1388 τῇ
1607 1317 1799 1370 διαδά-

246 1426 319 1462 est
354 1409 445 1461 τοῦ
487 1410 724 1480 Ἰσραήλ.
769 1409 929 1462 Οὕτω
960 1411 1054 1463 καὶ
1087 1409 1280 1473 πόντος
1323 1411 1530 1475 ἐκεῖνος
1563 1410 1654 1461 τὸν
1681 1410 1791 1462 Φα-

1898 501 2070 554 iustar
2097 501 2392 570 implicata,
2427 501 2621 556 avibus
2652 499 3062 568 capanduntur,
3093 505 3147 550 et
3181 495 3233 548 in
3269 508 3464 562 gyrum
3553 492 3565 557 ξ

1898 589 2233 645 circumacta
2306 607 2401 646 eas
2449 592 2598 646 intus
2622 593 2886 654 detinent,
2916 603 3015 643 nec
3043 587 3184 641 elabi
3219 587 3406 639 sinunt
3438 599 3469 637 e

1899 680 2148 737 reticulo.
2182 681 2273 735 Sic
2305 697 2455 751 ergo,
2501 692 2558 734 ut
2595 682 2812 748 proprie
2846 680 3046 742 dicam,
3096 691 3122 728 a
3156 676 3264 729 Deo
3299 689 3470 730 occu-

1901 783 2061 844 patus
2094 783 2269 830 tectus
2302 773 2533 844 Moyses,
2561 782 2708 828 totus
2745 783 2860 825 erat
2890 773 3029 840 ejus,
3074 781 3126 824 et
3169 785 3268 839 pro
3315 782 3380 822 eo
3417 776 3474 821 et

1901 879 1996 932 per
2023 880 2146 918 eum
2168 866 2320 935 jussa
2355 865 2672 934 perﬁciebat
2697 863 2812 933 (tali
2833 862 2998 916 menti
3028 861 3184 914 aliine
3216 869 3295 914 est
3327 861 3473 928 quod

1903 970 2054 1008 mare
2103 954 2351 1009 Rubrum
2389 958 2535 1009 unda
2585 965 2902 1025 coopertum
2957 963 3056 1019 est,
3095 962 3148 1006 et
3204 950 3473 1020 profunda

1902 1044 2022 1114 ejus
2049 1044 2264 1099 detecta
2297 1055 2424 1100 sunt
2463 1045 2515 1099 in
2563 1047 2800 1101 transitu
2852 1045 3090 1098 filiorum
3151 1042 3351 1104 Israel;
3395 1042 3478 1096 sic

1901 1143 1954 1190 et
1989 1152 2138 1191 mare
2164 1137 2294 1192 illud
2325 1137 2669 1193 Pharaonem
2701 1153 2826 1192 cum
2863 1135 3160 1191 comitibus
3197 1137 3312 1190 suis
3340 1148 3475 1186 coo-

1909 1228 2149 1296 peruit),
2189 1237 2242 1283 et
2272 1231 2504 1285 revelata
2562 1231 2700 1284 facie
2741 1231 2833 1285 tali
2863 1229 3318 1298 contemplatione
3349 1227 3479 1296 pro-

1906 1318 2105 1386 spicit;
2135 1327 2186 1372 et
2213 1318 2415 1373 detecti
2467 1321 2626 1389 plane
2665 1321 2834 1386 oculi,
2878 1321 2972 1375 tali
3005 1321 3270 1374 velamine
3302 1319 3477 1383 exuti,

1905 1410 2075 1477 aperti
2107 1421 2233 1464 sunt
2265 1421 2322 1464 nt
2354 1412 2459 1468 late
2501 1415 2769 1468 viderent.

247 1505 347 1574 ραὼ
375 1504 473 1556 σὺν
499 1505 610 1565 τοῖς
633 1503 772 1572 ἀμφ’
799 1502 962 1556 αὐτὸν
993 1503 1230 1572 ἐκάλυψα
1249 1519 1262 1532 ·
1300 1505 1394 1556 καὶ
1418 1503 1479 1554 τὸ
1529 1500 2057 1570 ἀνακεκαλυμμένον
2082 1503 2137 1555 δὲ
2201 1506 2517 1573 πρόσωπον,
2577 1507 2832 1577 τοιαύτης
2900 1506 3133 1574 θεωρίας
3194 1506 3483 1558 ἐκκόπτει·

248 1597 331 1649 καὶ
374 1596 419 1646 0i
487 1592 1010 1665 ἁποκεκσλυμμένοι
1073 1592 1367 1656 δαυιτικῶς
1438 1592 1736 1662 ὀφθαλμοὶ,
1808 1592 2068 1664 τοιαύτην
2117 1596 2494 1664 κατακαλυψιν
2547 1597 2824 1660 ἐκδύντες,
2873 1599 3179 1670 ἀνεῴγασιν
3265 1597 3486 1668 βλέπειν

247 1685 428 1740 πλατύ.

307 1779 363 1836 ε’.
397 1781 543 1850 Ὅρα
572 1779 628 1832 δὲ
661 1778 737 1841 ὡς
769 1778 956 1849 γνόφῳ
982 1776 1282 1846 καλυφοεὶς
1315 1779 1342 1831 ὁ
1369 1778 1634 1847 Μωΰσης,
1662 1778 1813 1847 ὅμως

1990 1776 2043 1830 5.
2082 1775 2212 1831 Vide
2245 1793 2410 1846 porro
2442 1779 2719 1847 quomodo
2751 1779 2894 1833 nulle
2922 1788 3102 1835 tectus
3137 1781 3348 1854 Moyses
3377 1799 3482 1838 non

245 1877 333 1930 οὐκ
360 1877 660 1930 ἐσκότωται
711 1873 984 1942 ζοφωυεὶς
1031 1873 1236 1942 ὁμοίως
1286 1872 1366 1943 τῷ
1410 1873 1806 1926 καταπεπλασο

246 1971 382 2039 μένῳ
411 1967 518 2020 ἰλύῖ
543 1966 604 2018 τὸ
637 1965 868 2018 ὀπτικὸν
889 1967 987 2034 τῆς
1026 1964 1232 2035 ψυχῆς,
1257 1965 1334 2026 ὡς
1375 1967 1402 2016 ὁ
1437 1965 1674 2034 μελῳδὸς
1703 1983 1808 2036 φη-

245 2079 338 2126 σιν,
365 2059 481 2112 ἀλλ’
511 2059 593 2123 εἰς
640 2057 800 2111 τοῦτο
848 2059 940 2110 καὶ
980 2058 1144 2125 μόνον
1183 2055 1481 2125 περιεχύϐη
1528 2055 1700 2118 ἔνδον,
1733 2057 1811 2120 ὡς

241 2154 504 2222 κρυϐῆναι
551 2151 642 2204 τὸν
674 2151 881 2220 κόσμον
914 2149 1010 2203 καὶ
1057 2148 1336 2218 Θεωρῆσαι
1392 2148 1514 2200 καθ’
1569 2149 1806 2217 ἡσυχίαν

244 2246 325 2298 τὸν
353 2245 512 2309 Θεὸν,
538 2244 632 2296 καὶ
661 2241 1000 2309 ἐξαστράψαι
1029 2239 1172 2308 λόγῳ
1193 2255 1251 2290 τε
1283 2241 1378 2290 καὶ
1407 2239 1628 2308 πράξει,
1652 2239 1811 2302 ἐκδὺς

242 2341 325 2391 τὸν
354 2338 561 2405 γνόφου
597 2334 1019 2404 ἀστραπηϐόλος
1053 2333 1148 2386 καὶ
1177 2330 1598 2400 ἀπηλλαγμένος
1619 2329 1808 2393 αὑτοῦ,

243 2429 376 2484 καοᾶ
425 2431 523 2481 καὶ
555 2427 782 2494 οὐρανὸς
813 2425 1099 2494 καλύψεως
1147 2422 1246 2488 τῆς
1281 2423 1363 2492 ἐκ,
1401 2421 1600 2488 νεφῶν.
1634 2421 1814 2484 Ὄλως

242 2523 338 2594 γὰρ
373 2520 613 2591 αἴνιγμα
637 2517 704 2592 ἦν
733 2522 760 2572 ὁ
789 2521 984 2587 γνόφος
1015 2516 1108 2570 τοῦ
1139 2517 1232 2568 καὶ
1257 2515 1454 2583 σχολῆς
1480 2512 1690 2566 δεῖσθαι
1721 2513 1812 2566 τὸν

242 2617 546 2686 προφήτην,
577 2613 665 2666 ἵνα
699 2611 842 2666 οὕτω
863 2610 978 2680 γνῷ
1001 2607 1320 2670 δαυιτικῶς,
1359 2607 1456 2659 καὶ
1489 2604 1583 2658 τοῦ
1609 2606 1815 2675 ἀστρά-

241 2708 358 2776 ψειν
392 2705 606 2761 ἐκεῖθεν
661 2701 1051 2773 πνευματικῶς
1073 2717 1087 2732 ο
1115 2700 1152 2754 ἃ.
1187 2700 1252 2766 δὴ
1309 2699 1569 2767 σύστοιχα
1602 2699 1668 2768 τῇ
1720 2697 1814 2749 νῦν

238 2799 480 2870 ἀγομένη
533 2798 718 2868 ἑορτῇ,
759 2784 818 2848 ὲν
951 2795 1211 2862 φώτισμα
1258 2791 1414 2859 ἁγίου
1471 2789 1812 2860 Πνεύματος,

237 2895 326 2943 καὶ
358 2889 710 2960 φωτοχυσὶας
752 2886 888 2955 φλὸξ
911 2885 1005 2938 καὶ
1033 2884 1330 2953 ὑγρότητος
1362 2881 1689 2951 ἁγιαστικῆς
1715 2881 1815 2950 τῆς

236 2985 377 3035 κατὰ
410 2980 506 3034 τὸν
533 2982 688 3049 ἆγιον
715 2977 872 3048 Ίωὴλ
897 2976 1216 3047 χορηγείται
1239 2989 1256 3005 °
1289 2975 1354 3044 ἢν
1383 2973 1658 3044 ὑγρότητα
1691 2990 1818 3025 σκο-

237 3074 412 3126 τεινὸν
461 3072 564 3142 μὲν
619 3070 765 3140 ὕδωρ
811 3067 988 3130 ἄλλως
1041 3068 1098 3118 ὲν
1138 3062 1389 3133 νεφέλαις
1417 3067 1815 3132 πνευματικαῖς

215 3118 758 3235 νξξξᾷέηῖξδιέινξέ
785 3118 1066 3231 3290;1th
1100 3118 1401 3226 μυστηρίου
1433 3156 1462 3206 ὁ
1488 3118 1652 3210 Αᾶθιδ
1675 3173 1688 3186 ·
1719 3157 1818 3210 οὑκ
1843 3118 1889 3179 C

233 3260 298 3311 ἂν
334 3258 396 3311 δὲ
439 3257 517 3327 μὴ
551 3254 883 3309 κατελάόετο
925 3251 1020 3307 καὶ
1051 3251 1358 3317 πάμφωτον
1387 3241 1529 3299 εἶναι
1573 3247 1634 3300 τὸ
1665 3247 1816 3313 αὐτὸ,

233 3350 321 3401 διὰ.
350 3349 420 3400 τὸ
455 3348 617 3414 ἅγιον
664 3344 952 3413 βάπτισμα
981 3341 1076 3395 καὶ
1106 3338 1202 3409 τὴν
1253 3335 1427 3398 οὕτως
1479 3336 1688 3390 ἔνδυσιν
1725 3336 1818 3388 τοῦ

231 3439 494 3510 ἀληθινοῦ
518 3436 696 3504 φωτὸς
725 3434 902 3504 Ἰησοῦ
939 3432 1204 3502 Χριστοῦ.

301 3532 381 3597 ς’.
429 3532 489 3583 Ὀ
529 3529 587 3582 δὲ
620 3526 1040 3597 βραδύγλωσσος
1071 3524 1384 3576 ἀντίκειται
1412 3522 1511 3592 μὲν
1552 3520 1630 3590 τῷ
1660 3537 1822 3588 ταχυ-

231 3623 493 3690 γλώσσῳ,
526 3619 588 3671 ού
613 3621 752 3674 πάνυ
776 3617 832 3669 δὲ
855 3615 1026 3669 πλείω
1048 3613 1218 3683 ψόγον
1246 3611 1403 3674 οὗτος
1443 3611 1655 3665 ἐκείνου
1685 3611 1818 3678 ἔχει.

240 3716 299 3770 ὐ
320 3717 426 3785 μὲν
458 3717 570 3782 γὰρ
597 3709 1004 3780 βραδύγλωσσος
1030 3706 1141 3776 ἔχοι
1163 3705 1230 3760 ἂν
1255 3705 1456 3773 ἀγαθόν
1481 3722 1534 3757 τι
1567 3702 1716 3768 ποτὲ,
1742 3697 1822 3763 οἷς

232 3808 542 3879 διατρίϐων
591 3805 690 3873 τὴν
735 3803 936 3873 φράσιν
978 3801 1071 3853 κα)⁸
1113 3797 1287 3860 οὕτως
1321 3798 1471 3850 ἔστιν
1500 3796 1526 3847 ὃ
1552 3812 1612 3848 τι
1645 3793 1823 3847 ἀναδι-

234 3901 391 3956 πλῶν
425 3897 602 3968 αὐτὴν
654 3898 752 3949 καὶ
792 3889 906 3948 οἷον
956 3892 1341 3961 ἐπαναφέρων,
1377 3885 1660 3956 ὲγκαθίζει
1703 3888 1823 3948 ταῖς

233 3995 346 4047 τῶν
381 3988 671 4060 ἀκροατῶν
701 3987 899 4058 ψυχαῖς
928 3987 1005 4047 εἰς
1039 3981 1449 4053 ἀκριϐεστέραν
1481 3981 1704 4048 μνήμην
1730 3976 1826 4029 καὶ

233 4086 448 4153 γνῶσιν
493 4083 558 4136 τὸ
608 4081 923 4150 λεγόμενον,
969 4076 1136 4146 βάδην
1177 4073 1255 4142 τῷ
1285 4072 1428 4138 λόγῳ
1479 4068 1685 4141 προῖὼν
1730 4067 1824 4119 καὶ

235 4173 854 4246 παρακολουθούμενος.
908 4166 970 4220 '0
1007 4167 1066 4219 δὲ
1121 4161 1448 4246 ταχυλάλοςῖ
1484 4160 1580 4213 καὶ
1637 4157 1828 4226 φύρων

233 4245 386 4324 οὕτω
441 4268 570 4330 τοὺς
603 4265 795 4332 λόγους
830 4261 910 4323 εὶς
959 4257 1354 4326 ἀδιάρθρωτον,
1405 4245 1492 4303 οἶα
1537 4249 1828 4318 ἐπίτροχον

231 4362 500 4427 γλῶσσαν
535 4359 648 4418 τοῖς
682 4355 864 4422 λόγοις
911 4349 1112 4420 ἱφιεὶς,
1168 4346 1266 4400 καὶ
1305 4340 1827 4412 δυσπαρακολούθη-

1912 1878 2091 1922 tamen
2128 1870 2482 1936 tenebrescit,
2517 1871 2755 1940 caligine
2779 1871 3150 1928 circumfusus
3187 1879 3348 1945 quasi
3376 1876 3485 1930 illi-

1913 1961 1980 2016 tis
2012 1960 2142 2016 l'uno
2169 1962 2345 2018 oculis
2386 1964 2603 2030 mentis,
2641 1972 2698 2018 ut
2729 1967 2804 2020 ait
2834 1977 3027 2034 poeta;
3057 1968 3148 2022 sed
3186 1971 3237 2023 in
3269 1981 3483 2026 tantum

1910 2058 1964 2104 et
1987 2050 2337 2106 solummodo
2371 2053 2423 2106 in
2477 2053 2727 2108 interiori
2768 2055 2978 2112 effusus
3018 2066 3123 2122 est,
3167 2070 3224 2112 ut
3256 2061 3489 2113 abscon-

1911 2141 2135 2195 deretur
2161 2144 2420 2210 mundus,
2454 2144 2578 2198 etin
2615 2159 2748 2214 pace
2777 2148 2981 2202 videret
3011 2148 3206 2215 Deum,
3239 2160 3292 2205 et
3327 2151 3490 2206 verbo

1913 2231 2145 2302 fulgeret
2197 2243 2245 2288 et
2297 2243 2444 2301 actu,
2483 2236 2630 2291 nube
2665 2249 2867 2293 exutus
2901 2237 3115 2309 fulgura
3157 2257 3484 2306 coruscans,

1913 2333 1966 2376 et
2000 2324 2308 2392 expeditus,
2340 2325 2486 2379 sicut
2517 2327 2719 2382 coelum
2756 2328 2964 2398 absque
3005 2333 3274 2387 velamine
3309 2334 3488 2388 nebu-

1913 2413 2118 2479 larum;
2149 2417 2373 2470 omnino
2404 2419 2550 2474 enim
2589 2423 2912 2488 mysterium
2943 2432 3060 2477 erat
3090 2423 3289 2480 nebula
3320 2434 3374 2480 et
3416 2428 3490 2482 si-

1914 2507 2204 2576 gnificabat
2264 2508 2378 2563 otio
2438 2509 2682 2579 indigere
2714 2513 3052 2581 prophetam,
3104 2523 3160 2568 ut
3195 2517 3274 2570 sic
3301 2529 3490 2586 aperte

1914 2608 2285 2668 cognosceret,
2346 2609 2401 2654 et
2467 2600 2594 2656 inde
2639 2603 2998 2671 spiritualitcr
3047 2605 3488 2663 illuminnturutn

1915 2704 2068 2758 esse;
2116 2706 2235 2760 qua:
2289 2694 2540 2762 praesenti
2601 2705 2912 2764 congruunt
2978 2697 3114 2753 festo
3165 2700 3220 2754 in
3261 2717 3370 2770 quo
3422 2703 3493 2756 il-

1916 2782 2204 2840 luminatio
2255 2783 2492 2856 Spiritus
2536 2790 2711 2843 sancti
2763 2801 2818 2845 et
2860 2790 3079 2846 ﬂamma
3135 2808 3257 2847 cum
3295 2795 3495 2851 diffuso

1917 2874 2122 2931 lumine
2179 2886 2232 2932 et
2306 2881 2489 2947 pluvia
2551 2881 2929 2938 sanctificante
2985 2885 3438 2942 subministratur
3472 2932 3489 2955 ,

1912 2967 2066 3036 juxta
2110 2977 2357 3024 sanetum
2395 2969 2553 3039 Joel;
2588 2987 2748 3042 quam
2808 2975 3047 3044 pluviam
3087 2977 3244 3033 aliter
3297 2979 3364 3034 ad
3392 2997 3494 3036 un-

1921 3060 2043 3114 dam
2075 3064 2414 3118 tenebrosam
2439 3063 2491 3117 in
2526 3065 2768 3122 nubibus
2792 3067 3171 3136 Spiritualibus
3225 3073 3496 3130 intellexit

1924 3147 2125 3214 David;
2155 3165 2260 3204 non
2297 3160 2478 3206 autem
2522 3153 2878 3211 intellexisset
2911 3156 3313 3215 lucitlissimum
3371 3179 3496 3218 esse

1927 3239 2029 3294 hoc
2085 3255 2180 3309 per
2221 3250 2472 3298 sanctum
2511 3245 2800 3316 baptisma,
2828 3249 2880 3302 in
2930 3264 3038 3319 quo
3090 3252 3168 3306 sic
3200 3268 3380 3308 veram
3410 3255 3499 3310 in-

1923 3329 2140 3387 duimus
2171 3331 2369 3400 lucem,
2396 3331 2582 3390 Jesum
2624 3337 2924 3394 Christum.

1994 3517 2050 3570 6.
2087 3515 2453 3589 Tardilingut's
2503 3523 2800 3590 opponitur
2824 3524 3080 3580 celeriter
3102 3527 3366 3599 loquenti,
3398 3547 3500 3588 nec

1923 3607 2047 3676 plus
2074 3624 2238 3678 quam
2263 3611 2366 3665 iste
2391 3613 2793 3682 vituperandus
2817 3627 2921 3670 est.
2944 3615 3314 3686 Tardiloqnus
3348 3623 3498 3676 enim

1925 3699 2027 3754 hoc
2076 3701 2204 3754 boni
2254 3703 2418 3756 habet
2455 3706 2600 3771 quod
2656 3706 2894 3772 phrasim
2925 3708 3264 3775 protrahens
3313 3721 3368 3765 et
3415 3713 3498 3767 sic

1925 3791 2283 3861 locupletatis,
2313 3804 2364 3847 et
2389 3796 2546 3863 quasi
2577 3805 2853 3864 repetens,
2906 3799 3248 3854 audientium
3300 3803 3499 3860 animis

1928 3885 1982 3936 in
2039 3883 2460 3955 diligentissima
2501 3887 2764 3942 memoria
2822 3897 2878 3942 et
2943 3892 3259 3960 cegnitione
3306 3895 3499 3950 inserit

1926 3978 2094 4045 dicta,
2131 3978 2259 4032 dum
2319 3992 2573 4034 sermone
2634 3983 2718 4035 vir
2757 3982 3091 4050 pedetentim
3152 3985 3398 4054 graditur
3444 4003 3499 4044 et

1927 4068 2258 4134 comitatur;
2305 4070 2399 4139 qui
2436 4078 2618 4125 autem
2683 4071 2939 4126 celeriter
2979 4073 3223 4142 loquitur
3264 4083 3317 4131 et
3353 4077 3500 4134 dicta

1927 4158 2009 4213 sic
2055 4160 2442 4215 inarticulatim
2484 4161 2700 4228 miscet,
2761 4162 2985 4217 citatam
3028 4163 3270 4234 linguam
3320 4169 3500 4224 verbis

1929 4251 2234 4321 impellens,
2262 4262 2422 4324 captu
2463 4253 2698 4308 dillieilis
2721 4263 2827 4319 est,
2869 4263 2923 4309 et
2955 4256 3143 4311 acrius
3175 4259 3229 4312 in
3268 4258 3502 4316 dicendo

1929 4358 2158 4400 cur-rens
2209 4354 2271 4400 ut
2331 4356 2549 4402 torrens
2597 4348 2650 4401 in
2712 4363 2956 4420 praeceps
3003 4361 3214 4422 raptus,
3248 4354 3358 4409 cito
3398 4371 3502 4410 au-

228 4472 322 4515 τος
348 4453 633 4522 ὲντρέχων
655 4442 740 4510 οἷς
761 4445 911 4512 λέγει
937 4439 1267 4512 γοργότερον
1291 4437 1366 4498 ὡς
1396 4436 1444 4488 el
1468 4433 1562 4487 καὶ
1589 4432 1813 4504 ῥεύματι

1931 4437 2144 4492 dientes
2173 4438 2491 4507 praeveniet,
2524 4439 2704 4492 inutili
2733 4438 2878 4494 facto
2902 4442 3155 4511 strepitu,
3182 4453 3235 4498 et
3259 4457 3499 4513 pectore,

227 4545 380 4596 κατὰ
440 4539 688 4613 πρανοῦς
723 4538 943 4607 ρχἑετο,
997 4534 1143 4604 τάχα
1192 4531 1258 4584 ἂν
1294 4527 1649 4598 παραδράμοι
1694 4524 1823 4586 τοὺς

227 4634 664 4705 ἀκροωμένους,
701 4632 832 4682 κενὰ
874 4626 1151 4697 ψοφήσας,
1189 4621 1286 4675 καὶ
1323 4618 1667 4688 πνευμόνων,
1699 4615 1729 4667 ὃ
1760 4614 1824 4684 δὴ

224 4729 468 4796 λέγεται
502 4724 671 4775 πόνον
703 4719 892 4773 παθών
917 4725 929 4736 ⁹
957 4716 1176 4776 ὁποίους
1211 4710 1441 4774 πολλοὺς
1471 4709 1696 4778 οἴδαμεν
1732 4722 1827 4758 πε-

227 4818 579 4890 πειραμένοι
619 4809 1039 4876 ὡκυγλώσσους,
1071 4806 1238 4876 χύδην
1263 4805 1388 4866 τοὺς
1430 4802 1620 4869 λόγους
1669 4799 1828 4867 ὲκφὲ-

227 4926 446 4978 ροντας
477 4923 493 4938 ο
551 4904 654 4974 ἐμὲ
707 4901 836 4972 γοῦν
887 4900 1204 4962 διδάσκαλος
1257 4896 1412 4966 λάχοι
1460 4894 1680 4962 πλήρης
1726 4893 1827 4960 τὴν

225 5001 507 5068 γλῶσσαν
532 4997 675 5050 κατά
707 4999 794 5049 τὸν
822 4992 1083 5060 Μωῦσῆν.
1108 4991 1202 5044 καὶ
1237 4988 1312 5059 μὴ
1338 4987 1670 5055 πτερόεντας
1693 4997 1830 5052 προ-

227 5096 438 5163 φέρων
485 5091 704 5156 λόγους,
734 5087 829 5138 καὶ
872 5084 1018 5138 οὕτω
1075 5083 1486 5148 κενόγλωσσος·
1519 5076 1571 5128 εἰ
1621 5073 1722 5163 μέν
1748 5091 1830 5127 τοι

1933 4535 1992 4581 ιιι
2020 4528 2196 4595 aiunt,
2222 4527 2450 4592 dolens;
2489 4540 2547 4582 ut
2575 4529 2758 4598 plures
2783 4532 3034 4587 novimus
3059 4533 3502 4603 breviloquentes

1932 4619 2025 4688 qui
2053 4619 2283 4674 confuse
2305 4620 2466 4674 verba
2498 4620 2818 4689 proferunt;
2855 4622 2989 4676 mihi
3019 4632 3200 4678 autem
3243 4627 3503 4695 magister

1933 4712 2194 4766 obveniat
2231 4712 2414 4782 lingua
2451 4712 2734 4782 perfectus
2785 4716 2930 4769 sicut
2963 4714 3196 4784 Moyses,
3251 4732 3360 4770 non
3409 4721 3502 4787 qui

1934 4805 2108 4857 alatas
2157 4802 2402 4872 proferat
2467 4819 2653 4869 voces,
2709 4815 2763 4860 et
2794 4806 2873 4861 sic
2906 4806 3090 4860 inania
3125 4807 3414 4877 loquatur;
3457 4811 3503 4866 si

1935 4903 2114 4948 autem
2153 4896 2428 4964 pernicem
2458 4896 2584 4951 talis
2607 4897 3246 4967 locupletcturlinguam,
3285 4902 3502 4957 beatum

1938 4986 2088 5041 illum
2116 4987 2259 5051 dico,
2309 4988 2454 5042 sicut
2484 4997 2538 5041 et
2581 4989 2851 5042 calamum
2907 4990 3101 5044 scribae
3143 4992 3324 5046 divina
3362 4995 3506 5048 velo-

1939 5077 2075 5131 citer
2109 5077 2424 5132 scribentis.

222 5159 507 5252 γλιῦσσαν
537 5184 566 5233 ὁ
587 5179 826 5241 τοιοῦτος
856 5175 1078 5231 πλουτεί
1104 5173 1491 5242 ὲντρέχουσαν,
1520 5165 1595 5228 ὡς
1623 5159 1828 5226 οἷα,καὶ
1867 5167 2113 5235 κάλαμον
2143 5168 2522 5239 γραμματέως
2553 5167 2863 5239 ὀξυγράφου
2931 5170 3000 5223 τὰ
3029 5172 3145 5224 Οεῖα
3213 5173 3502 5243 μακαρίζω

217 5281 434 5334 αὐτόν.
623 5335 628 5340 ,

302 5378 382 5442 ς’.
433 5369 702 5426 Ἐνταῦθα
759 5368 818 5421 δὲ
880 5362 1235 5436 σημειωτέον,
1291 5363 1365 5424 ὡς
1413 5362 1464 5413 ει
1516 5361 1628 5422 καὶ,
1681 5356 1826 5412 καθά

221 5468 539 5539 ἱστορήθη,
563 5462 624 5526 ἐξ
641 5458 984 5519 ἑπικαύσεως
1018 5455 1220 5525 ἐπῆλθε
1250 5453 1328 5523 τῷ
1362 5452 1582 5523 μεγάλῳ
1615 5451 1822 5519 Μωῦσῇ

219 5563 292 5614 τ’)
322 5557 789 5633 βραδύγλωσσον,
835 5550 949 5606 ἀλλ’
989 5551 1088 5621 οὐχ
1135 5547 1278 5602 οὓτω
1329 5547 1422 5599 καὶ
1468 5545 1532 5597 τὸ
1567 5544 1823 5613 δύσηχον,

219 5653 380 5720 ὅπερ
415 5652 448 5703 ὁ
480 5646 788 5716 ἀγιώτατος
839 5641 1067 5713 ποιητὴς
1121 5639 1347 5708 Κοσμᾶς
1403 5635 1646 5703 δπιλέγει
1677 5634 1824 5703 αὐτῷ

223 5744 284 5795 ὲν
316 5736 434 5813 ἑῷ,
467 5739 549 5805 τῷ
575 5733 1038 5804 βραδυγλώσσῳ
1069 5729 1452 5798 καὶδ,δυσήχῳ
1485 5725 1704 5783 Μωσεί
1734 5725 1825 5796 Τῷ

2007 5356 2058 5410 7.
2103 5353 2408 5410 Notandum
2440 5351 2526 5406 hic
2558 5353 2702 5421 quod
2741 5351 2809 5415 si,
2857 5362 2916 5405 ut
2967 5364 3246 5406 narratum
3297 5361 3398 5420 est,
3433 5369 3503 5408 ex

1933 5447 2220 5502 adustione
2248 5444 2510 5500 acciderit
2539 5443 2707 5513 Moysi
2733 5443 3183 5512 tardiloqnentia,
3209 5459 3316 5496 non
3345 5459 3501 5514 teque

1932 5541 2181 5608 ingratus
2217 5538 2367 5592 vocis
2401 5552 2570 5590 sonus
2609 5551 2774 5605 quiem
2833 5535 2935 5604 ipsi
2975 5534 3227 5588 attribuit
3256 5539 3496 5592 sanctis-

1931 5631 2106 5686 simus
2130 5631 2355 5686 Cosmas
2382 5638 2536 5698 poeta
2568 5629 2755 5682 dicens
2797 5641 2812 5685 ι
2853 5623 3175 5696 Tardiloquo
3213 5638 3260 5682 et
3287 5629 3503 5687 dissono

1931 5722 2134 5791 Moysi;
2179 5721 2232 5777 in
2287 5737 2381 5779 ore
2428 5720 2568 5780 enim
2610 5719 2854 5775 restricta
2894 5717 3097 5786 lingua,
3134 5735 3326 5778 eorum
3384 5732 3500 5778 tan~
