4034 6206
398 347 494 410 5⁸11

1105 341 1524 408 EUSTATHH
1566 346 1859 408 THESSA
1869 345 1989 410 LO?

2093 347 2328 409 lENSIS
2369 345 2935 408 ΜΕἹἫΟΡΟΙᾸΤᾹΞ

3550 343 3662 406 532

395 463 593 533 nifcua
625 462 832 518 locutus
863 471 957 526 est,
992 472 1154 532 prout
1181 454 1392 518 fa'cmnt
1414 463 1704 534 diligenter
1731 474 1785 518 et
1805 478 1962 534 gene-

2093 465 2447 532 όητόρευσεν
2471 464 2568 518 οὐκ
2601 463 2660 529 ἐξ
2709 466 2957 535 ἀνάγκης
2977 462 3322 532 λαμϐάνεται
3364 459 3485 513 ἀντὶ⁵
3537 459 3658 526 τοῦ,

399 557 511 610 rosl
565 565 836 622 oratores,
882 556 1063 625 qualis
1091 556 1304 610 exstitit
1339 554 1552 628 Moyses
1586 573 1694 611 non
1727 572 1758 611 a
1791 557 1976 626 seipso

399 649 652 716 loquens,
691 663 791 702 nec
823 647 1045 717 propria
1086 647 1389 716 proferens,
1423 648 1516 702 sed
1551 648 1821 703 divinitus
1852 663 1976 717 quae

396 740 488 794 Dei
523 748 720 804 erant;
752 741 897 794 unde
929 739 1276 795 invincibilcs
1301 750 1428 794 sunt
1473 750 1526 794 et.
1562 741 1665 810 ipsi
1707 756 1736 794 a
1771 739 1975 810 Spiritu

393 841 590 886 sancto
620 831 786 885 afﬂati
819 843 1068 887 oratores
1105 833 1220 903 qui,
1261 842 1319 886 ut
1349 843 1538 902 postea
1576 842 1736 888 canet
1788 843 1972 901 poeta,

393 922 661 977 illitterati
713 939 836 979 cum
893 935 1102 986 essent,
1156 925 1472 978 Graecorum
1519 924 1974 993 philosOphorum

395 1031 493 1071 ora
535 1017 876 1084 clauserunt,
917 1032 1024 1070 non
1063 1016 1222 1070 aliter
1269 1029 1432 1086 quam
1483 1015 1687 1080 verbo;
1743 1023 1797 1069 et
1833 1012 1973 1068 tales

393 1120 517 1160 esse
543 1104 637 1159 Dei
672 1106 1063 1174 praedicatores
1085 1105 1309 1159 omnino
1340 1105 1655 1174 oportebat.

2079 557 2328 625 διάτορον
2366 556 2936 627 ὲκαλλιρῤημόνησεν,
2971 555 3108 609 ἀλλὰ
3132 553 3324 623 δηλοῦν
3352 550 3530 605 ὲθέλει
3563 550 3665 602 καὶ

2080 649 2162 714 τὸ,
2209 648 2472 701 σπουδαῖα
2503 649 2598 700 καὶ
2633 647 3017 718 ἁναντίρῤητα
3053 645 3283 714 ἑλάλησε
3336 643 3498 709 κατὰ,
3535 643 3667 704 τοὺς

2081 742 2178 794 καὶ
2212 741 2544 807 ἐναγωνίους
2575 743 2672 796 καὶ
2711 739 2996 808 γενναίους
3049 739 3305 806 ῥήτορας,
3352 736 3537 794 ὁποῖος
3568 732 3669 784 πέ-

2085 849 2220 906 φηνε
2255 835 2348 886 καὶ
2375 835 2402 886 ό
2438 834 2702 902 Μωῦσῆς,
2737 832 2836 884 οὐκ
2873 829 2968 898 ἀφ’
2994 828 3191 882 ἑαυτοῦ
3217 827 3418 892 λαλῶν,
3449 825 3571 878 οῦδὲ
3597 825 3668 877 τὰ

2083 925 2301 991 ἑαυτοῦ,
2335 925 2520 978 θεόθεν
2550 926 2606 978 δὲ
2656 924 2727 977 τὰ
2753 925 2847 977 τοῦ
2881 923 3018 976 Θεοῦ
3045 938 3059 952 ⁸
3095 921 3163 974 δι’
3204 912 3267 973 οῦ
3300 917 3671 986 ἀκαταμάχη-

2080 1033 2164 1069 τοι
2198 1018 2289 1070 καὶ
2321 1017 2370 1070 οἱ
2399 1018 2540 1070 κατὰ
2587 1017 2650 1069 τὸ
2681 1016 2840 1086 ἅγιον
2871 1015 3095 1084 Πνεῦμα
3127 1015 3375 1084 ῥήτορες,
3424 1010 3474 1063 οἳ
3500 1009 3577 1070 ὡς
3608 1009 3668 1060 ὲν

2079 1107 2194 1169 τοῖς
2249 1107 2374 1175 ἑξῆς
2409 1107 2600 1177 μέλψει
2649 1106 2677 1158 ὁ
2737 1107 2994 1177 μελῳδὸς,
3051 1101 3440 1173 ἀγράμματοιῖ
3481 1098 3664 1167 ὄντες,

393 1196 522 1259 τοὺς
551 1197 946 1265 τῶνἙλλήνων
973 1197 1238 1264 σοφιστὰς
1258 1197 1638 1266 ἐπεστόμιζον,
1666 1196 1765 1249 οὐκ
1792 1195 1966 1260 ἄλλως
2005 1196 2144 1251 ἀλλὰ
2173 1197 2316 1269 λόγῳ
2338 1215 2352 1230 ⁸
2385 1201 2478 1253 καὶ
2524 1200 2695 1270 ἐχρῆν
2729 1198 2950 1260 πάντως
2985 1195 3262 1257 τοιούτους
3326 1188 3468 1246 εἶναι
3534 1189 3670 1252 τοὺς

374 1289 788 1360 σθεορῤήτορας.

467 1381 556 1435 ll.
599 1383 790 1435 Divina
832 1392 1012 1435 autem
1064 1381 1150 1434 lea:
1205 1396 1370 1450 quam
1426 1381 1572 1438 Deus
1630 1383 1749 1452 ipse
1797 1382 1970 1450 digito

395 1470 639 1539 scripsit,
673 1485 770 1538 per
803 1485 966 1537 quam
1000 1468 1489 1540 dmmonespellit.
1523 1479 1577 1526 et
1602 1487 1774 1525 onera
1803 1471 1972 1525 volvit

394 1576 519 1632 quae
545 1577 703 1617 neruo
735 1561 873 1615 feret
925 1575 1194 1628 unquam,
1217 1571 1272 1616 et
1302 1563 1596 1618 innumera
1628 1563 1734 1617 alia
1760 1564 1977 1635 peragit

395 1655 702 1721 miracula;
735 1654 1100 1724 {excogitaret
1148 1664 1330 1710 autem
1377 1655 1467 1711 lric
1522 1655 1707 1711 forsan
1769 1658 1973 1728 aliquis

396 1748 568 1815 quod,
605 1747 753 1802 inter
779 1757 998 1812 cretera,
1037 1747 1179 1801 alius
1206 1747 1279 1802 sit
1330 1748 1467 1818 legis
1520 1747 1703 1815 dator,
1749 1759 1804 1804 et
1835 1751 1976 1804 alius

399 1839 724 1908 legislator;
753 1838 848 1892 sed
879 1839 1042 1892 ambo
1073 1838 1128 1891 in
1159 1838 1330 1892 Deum
1362 1840 1617 1894 recidunt
1643 1857 1657 1904 ;
1687 1841 1804 1910 ipse
1826 1841 1972 1894 enim

399 1929 577 2000 legem
615 1931 708 1984 dat
736 1930 1124 2001 praecipiendo,
1169 1939 1222 1984 et
1255 1931 1362 1986 fert
1395 1932 1643 1988 scribens
1680 1933 1732 1986 in
1781 1948 1977 2000 corpo-

2155 1387 2246 1434 ια’.
2278 1380 2614 1448 Beda-papae
2641 1378 2698 1430 δὲ
2725 1379 2928 1447 νόμος,
2981 1376 3040 1429 ὃν
3082 1375 3216 1437 Θεὸς
3262 1373 3423 1435 αὐτὸς
3452 1371 3665 1441 ἔγραψε

2083 1475 2355 1545 δακτύλῳ,
2389 1473 2458 1526 δι’
2487 1467 2549 1524 οὗ
2581 1473 2678 1526 καὶ
2719 1471 2972 1540 δαιμόνια
3015 1468 3266 1523 ἐκϐάλλει
3315 1467 3410 1520 καὶ
3458 1464 3662 1533 φορτία

2090 1571 2384 1641 μετακινεῖ,
2425 1569 2572 1636 ἅπερ
2601 1566 2701 1618 οὐκ
2743 1564 2810 1617 ἂν
2868 1564 3026 1633 φέροι
3071 1579 3178 1624 τις,
3239 1560 3332 1612 καὶ
3375 1559 3539 1612 λοιπὰ
3601 1555 3663 1610 δὶ

2090 1655 2263 1724 μυρία
2288 1654 2499 1708 ὲκτελεῖ
2525 1653 2810 1720 τεράστια.
2842 1651 3145 1720 Πορίσηται
3177 1648 3225 1701 δ’
3249 1648 3318 1702 ἄν
3339 1665 3425 1710 τις
3473 1644 3666 1700 ἐντεῦ-

2085 1748 2195 1809 θεν,
2228 1748 2274 1800 εί
2304 1746 2399 1800 καὶ
2433 1747 2520 1798 ἐπ’
2549 1746 2724 1800 ἄλλων
2753 1743 3046 1813 διαφόρους
3077 1743 3217 1794 εἶναι
3249 1742 3400 1794 δοκεῖ
3427 1741 3572 1793 κατά
3606 1755 3663 1791 τι

2083 1840 2175 1892 τόν
2206 1857 2264 1894 τε
2309 1839 2607 1907 νομοδότην
2641 1837 2735 1890 τόν
2767 1853 2824 1889 τε
2875 1834 3201 1904 νομοθέτην,
3234 1833 3350 1887 ἀλλ’
3382 1833 3477 1884 ἐπὶ
3521 1829 3663 1882 Θεοῦ

2085 1931 2407 2002 συμϐαίνειν
2437 1930 2746 2000 ἀμφότερα.
2786 1927 2846 1981 ⁸0
2872 1926 2982 1997 γὰρ
3005 1926 3165 1989 αὐτὸς
3195 1926 3290 1979 καὶ
3319 1922 3671 1992 νόμονῖδίδωο

400 2023 584 2088 ribus;
621 2021 760 2075 idem
787 2022 958 2090 legem
987 2031 1040 2076 et
1067 2021 1240 2090 dedit,
1269 2031 1322 2077 et
1347 2023 1504 2088 tulit;
1542 2022 1829 2078 manifeste
1881 2039 1978 2077 au-

2093 2041 2171 2076 τιν
2203 2024 2645 2092 ἐπιτελλόμενος,
2682 2023 2778 2074 καὶ
2810 2021 2990 2089 τίθησι
3023 2019 3255 2086 γράφων
3282 2017 3341 2068 ὲν
3371 2014 3624 2084 σώμασιν
3645 2027 3667 2047 ο

403 2121 511 2168 tem
541 2127 569 2165 a
600 2111 710 2165 Deo
740 2112 947 2180 scripta
986 2111 1210 2166 inventa
1241 2121 1325 2167 est
1357 2112 1440 2167 lex
1470 2128 1566 2182 per
1595 2113 1816 2183 Moysen
1842 2112 1980 2167 divi-

407 2203 560 2258 nitus
596 2201 856 2256 lsraelitis
910 2202 1097 2268 missa,
1142 2203 1210 2256 ad
1243 2205 1742 2272 supereminentem
1793 2202 1986 2257 distin-

411 2296 651 2350 ctionem
684 2305 1006 2349 camerarum
1038 2296 1220 2366 legum
1251 2295 1513 2364 physicas,
1554 2295 1825 2364 gentium,
1857 2303 1911 2349 et
1937 2295 1980 2350 si

412 2402 536 2457 quae
575 2387 678 2441 alia
717 2386 865 2457 justa
899 2387 1260 2458 distinguitur
1288 2387 1514 2440 omnino
1565 2387 1634 2440 ab
1684 2387 1771 2440 illa
1820 2387 1980 2456 lege;

409 2481 791 2550 incomposita:
831 2481 977 2534 enim
1006 2489 1060 2535 et
1082 2481 1397 2548 incongrua:
1428 2479 1593 2547 leges,
1622 2489 1675 2534 et
1710 2479 1983 2543 crudeles,

408 2573 601 2641 quales
626 2580 785 2626 erant
807 2571 1101 2642 Cyclopum
1135 2579 1190 2623 et
1220 2569 1627 2639 Lzestrygouum
1679 2569 1845 2639 leges,
1877 2585 1984 2624 non

409 2670 543 2717 sunt
574 2663 664 2716 hic
709 2663 936 2716 omnino
985 2664 1501 2728 commemorandze,
1540 2661 1762 2731 quando
1805 2675 1988 2716 sermo

409 2763 496 2809 est
552 2754 620 2809 de
667 2754 782 2824 lege
843 2769 872 2807 a
917 2754 1025 2808 Deo
1069 2753 1172 2807 rite
1205 2753 1444 2821 scripta;
1498 2753 1642 2808 sicut
1689 2768 1790 2807 nec
1843 2753 1988 2822 leges

413 2859 608 2898 eorum
640 2844 731 2912 qui
760 2845 986 2898 statutis
1031 2850 1309 2913 reguntur
1344 2845 1603 2912 propriis,
1654 2844 1737 2897 vel
1791 2844 1987 2898 mulie-

412 2948 562 2999 rum,
616 2933 700 2988 vel
735 2933 1067 2998 tabularum,
1110 2933 1193 2987 vel
1222 2947 1538 3003 puerorum,
1573 2942 1626 2987 et
1667 2934 1720 2988 si
1769 2935 1860 3004 qui
1892 2933 1988 2988 alii

414 3025 554 3080 tales
590 3035 755 3090 sunt;
810 3039 908 3080 nec
943 3025 1046 3092 ipsi
1093 3024 1238 3079 enim
1289 3026 1361 3078 ob
1413 3024 1679 3079 vilitatem
1719 3026 1985 3080 memoria

416 3118 566 3187 digni
599 3126 747 3172 sunt.
777 3115 834 3171 Si
860 3125 1040 3171 autem
1065 3117 1248 3171 omnis
1277 3117 1357 3171 lex
1389 3117 1608 3182 politica
1635 3116 1730 3172 Dei
1759 3117 1989 3181 donum,

417 3218 475 3266 et
513 3210 844 3280 sapientium
870 3209 1157 3264 hominum
1187 3210 1431 3264 inventio
1461 3225 1585 3265 esse
1622 3210 1987 3280 dignoscitur,

418 3302 551 3358 talis
600 3310 748 3356 certe
788 3301 929 3356 bona
957 3310 1060 3367 est,
1098 3309 1150 3356 et
1195 3316 1326 3356 vere
1373 3301 1645 3356 accioitur
1684 3311 1743 3355 ut
1799 3317 1828 3356 a
1881 3303 1990 3356 Deo

421 3393 548 3447 data
589 3403 644 3448 et
681 3393 807 3447 lata.

498 3663 589 3718 12.
618 3662 809 3718 Limus
839 3670 1021 3716 autem
1057 3661 1203 3731 quod
1242 3663 1315 3717 sit
1343 3677 1566 3718 caenosa
1614 3662 1914 3718 humiditas
1942 3674 1994 3719 et

419 3771 522 3828 per
550 3758 655 3812 hoc
679 3756 749 3811 ad
774 3755 1093 3811 illinendum
1119 3764 1273 3826 apta,
1301 3764 1357 3810 et
1383 3757 1531 3810 aliud
1564 3771 1729 3826 quam
1765 3757 1996 3811 materia

421 3849 782 3921 simpliciter,
835 3851 946 3919 jam
1002 3848 1339 3905 declaratum
1389 3857 1471 3904 est
1520 3849 1747 3919 pulchre
1798 3864 1997 3918 reprze-

423 3949 652 3998 sentans
674 3957 738 3997 ex
773 3941 1093 4008 conjectura
1124 3941 1390 3996 naturalis
1432 3941 1578 3995 inter
1610 3941 1779 4010 legem
1827 3939 1998 3995 colla-

421 4033 595 4089 tionis
623 4041 679 4088 et
703 4047 928 4088 carnem
963 4033 1023 4087 in.
1043 4033 1201 4087 nobis
1234 4048 1299 4087 ex
1346 4033 1476 4086 limo
1509 4032 1773 4096 conditis,
1819 4032 1998 4088 ideam

422 4134 482 4180 et
532 4125 842 4188 notionem;
895 4123 1038 4177 unde
1103 4123 1462 4178 obtenebrata
1541 4133 1729 4180 nostra
1775 4124 1998 4178 mentali

2082 2116 2110 2167 ὁ
2149 2113 2310 2176 αὕτδς
2341 2113 2448 2182 ἄρα
2486 2113 2580 2164 καὶ
2608 2111 2908 2179 νομοδοτεῖ.
2944 2109 3116 2177 Δῆλον
3148 2107 3204 2159 δὲ
3235 2107 3319 2159 ὅτι
3353 2105 3668 2174 θεόγραφος

2083 2206 2278 2278 εὑρέθη
2304 2207 2468 2274 νόμος
2514 2206 2541 2257 ὁ
2569 2205 2657 2258 διὰ
2685 2203 2967 2265 Μωῦσέως
3011 2199 3198 2254 θεόθεν
3237 2201 3352 2261 τοῖς
3391 2197 3669 2266 Ἰσραηλί-

2084 2316 2203 2361 ταις
2234 2298 2506 2368 πεμφθεὶς
2551 2298 2687 2368 πρὸς
2733 2297 3080 2368 ὑπέρσεμνον
3126 2291 3414 2362 διαστολὴν
3459 2291 3671 2360 ἑτέρων

2085 2397 2286 2464 νόμων,
2314 2393 2408 2446 τοῦ
2451 2391 2705 2459 φυσικοῦ,
2744 2390 2840 2442 τοῦ
2892 2385 3130 2447 ὲθνικοῦ,
3166 2385 3261 2438 καὶ
3297 2383 3350 2436 εῐ
3376 2401 3461 2446 τις
3509 2383 3674 2448 ἄξιος

2087 2484 2580 2542 ἀντιδιαστέλλεται
2627 2483 2764 2544 ὅλως
2807 2481 2956 2549 νόμῳ
3002 2477 3253 2548 τοιούτῳ.
3288 2476 3351 2529 Ol
3401 2475 3510 2544 γὰρ
3540 2474 3676 2527 ἀλό-

2087 2599 2262 2649 γιστοι
2288 2579 2382 2632 καὶ
2415 2578 2685 2646 ἀπρεπεῖς
2712 2574 2888 2641 νόμοι,
2914 2571 2995 2624 ἔτι
3028 2571 3084 2622 δὲ
3132 2570 3229 2621 καλ⁸
3259 2568 3309 2620 oi
3346 2565 3670 2636 θηριώδεις,

2089 2673 2262 2725 ὁποῖοι
2291 2669 2386 2722 καὶ
2413 2667 2464 2720 οἱ
2497 2665 2850 2723 κυκλώτιειοι,
2881 2662 2972 2714 καῖ
2998 2660 3046 2712 oi
3066 2658 3206 2712 κατᾶ
3232 2659 3673 2724 Λαιστρυγόνας,

2091 2763 2213 2816 οὐδὲ
2254 2757 2647 2832 μνημονευτέοι
2669 2759 2806 2818 ὅλως
2837 2753 3093 2817 ἐνταῦθα,
3131 2750 3262 2802 ἔνθα
3291 2751 3320 2802 ὁ
3348 2749 3508 2814 λόγος
3532 2749 3674 2816 περὶ

2092 2856 2259 2921 νόμου
2295 2851 2529 2912 εὐθέτως
2553 2847 2802 2919 γραπτοῦ
2828 2844 2905 2912 τῷ
2944 2844 3062 2912 Θεῷ
3085 2859 3101 2874 ⁸
3141 2842 3284 2896 καθᾶ
3319 2840 3442 2893 οὐδὲ
3471 2841 3523 2893 ol
3557 2839 3678 2892 τῶν

2091 2945 2431 3013 αὐτονόμων,
2467 2941 2644 3003 ἄλλως
2697 2940 2754 2992 δὲ
2802 2937 2923 3012 οὐδὲ
2966 2938 3015 2988 oi
3066 2935 3174 2987 τῶν
3220 2932 3673 3001 γυναικονόμων,

2091 3039 2185 3093 καὶ
2227 3036 2336 3091 τῶν
2376 3034 2826 3105 τραπεζονόμων,
2878 3031 2973 3084 καὶ
3006 3029 3117 3082 τῶν
3163 3027 3527 3094 παιδονόμων,
3571 3027 3678 3079 καὶ

2091 3131 2146 3184 οἵ
2171 3147 2317 3193 τινες
2345 3125 2494 3182 ἄλλοι
2519 3125 2775 3180 τοιοῦτοι.
2827 3121 2950 3176 Οὐδ’
2984 3121 3138 3174 αὐτοὶ
3173 3119 3283 3188 γὰρ
3315 3118 3371 3170 ὲν
3393 3119 3508 3180 τοῖς
3537 3117 3676 3187 ἄρτι

2097 3224 2319 3293 μνήμης
2362 3219 2599 3284 ἐπάξιοι,
2633 3216 2724 3270 διὰ
2750 3213 2813 3268 τὸ
2859 3212 3099 3275 εὐτελές.
3129 3212 3190 3264 Et
3215 3211 3270 3264 δὲ
3309 3213 3404 3266 καὶ
3443 3212 3554 3272 πᾶς
3584 3208 3676 3262 νό-

2097 3331 2198 3383 μος
2234 3312 2512 3373 πολιτικὸς
2541 3309 2772 3379 δώρημα
2821 3305 2918 3376 μὲν
2951 3302 3110 3367 Θεοῦ,
3147 3301 3368 3371 εὕρημα
3396 3302 3452 3354 δὲ
3481 3301 3677 3368 σοφῶν

2048 3385 2063 3405 .
2095 3404 2303 3475 ἀνδρῶν
2332 3401 2762 3470 ἐγνωμάτευται,
2793 3396 2931 3451 ἀλλὰ
2967 3393 3210 3475 τοιοῦτον
3261 3391 3466 3460 ἀγαθὸν
3503 3393 3678 3459 μάλι-

2097 3470 2206 3549 στα.
2227 3497 2320 3549 καὶ
2341 3497 2546 3566 κυρίως
2564 3494 2597 3563 ἠ
2617 3487 2981 3559 διειλημμένη
3007 3487 3070 3538 ἐκ
3095 3470 3232 3538 Θεοῦ
3257 3484 3548 3553 νομοδοσία
3574 3486 3676 3536 καὶ

2094 3588 2402 3654 νομοθεσία.

2170 3683 2256 3754 ιβ’.
2302 3683 2369 3735 Ἦ
2392 3680 2449 3735 δὲ
2485 3679 2598 3741 ἰλὺς
2624 3679 2706 3731 ὅτι
2737 3673 2989 3742 πηλώδης
3017 3671 3252 3740 ὑγρότης
3286 3668 3423 3724 ἐστὶ,
3457 3665 3553 3720 καὶ
3603 3663 3676 3720 δι’

2097 3777 2228 3831 αὐτὸ
2256 3771 2630 3840 ὲμπλαστικὴ,
2661 3768 2756 3822 καὶ
2774 3766 2903 3821 ἄλλο
2925 3782 2977 3818 τι
3009 3763 3160 3831 παρὰ
3187 3763 3290 3831 τὴν
3305 3760 3493 3821 ἁπλῶς
3513 3759 3676 3828 ὕλην,

2096 3867 2396 3937 δεδήλωται
2445 3863 2580 3934 ήδη·
2636 3859 2826 3928 σαφῶς
2871 3854 3254 3926 ἑρμηνεύουσα
3304 3853 3362 3919 eg
3417 3852 3684 3915 εἰκασίας

2099 3956 2413 4028 προσφυοῦς
2459 3951 2783 4023 παραϐολῆς
2807 3950 2958 4020 νόμῳ
2984 3949 3045 4002 τὸ
3074 3949 3132 4000 έν
3160 3948 3292 4018 ἡμῖν
3322 3949 3432 4008 τοῖς
3467 3947 3530 3997 ὲκ
3563 3961 3684 4016 πη-

2097 4055 2190 4110 λοῦ
2225 4053 2486 4124 σαρκικὸν
2527 4050 2786 4120 φρόνημα
2832 4049 2928 4100 καὶ
2981 4047 3198 4115 νόημα·
3236 4045 3302 4098 δι’
3332 4044 3391 4100 οῦ
3435 4045 3686 4112 ἐπιπρο-

2101 4149 2400 4218 σθούμενον
2430 4145 2490 4200 τδ
2513 4143 2696 4214 νοερὸν
2723 4143 2855 4213 ἡμῖν
2881 4139 3071 4210 φανίον
3105 4139 3181 4202 ὡς
3213 4139 3261 4191 εί
3289 4139 3380 4192 καὶ
3412 4137 3688 4190 ὲνεπλάτ-

422 4216 654 4272 lucerna
711 4215 870 4284 quasi
931 4215 1000 4268 ab
1052 4229 1119 4269 eo
1172 4214 1426 4268 liniretur
1485 4215 1632 4268 velut
1683 4230 1746 4269 ex
1789 4215 1989 4271 limosis

2099 4255 2220 4291 τετο
2245 4236 2336 4289 ὑπ’
2375 4233 2541 4288 αὐτοῦ
2581 4227 2670 4284 οἶα
2704 4231 2796 4284 καὶ
2844 4229 3022 4295 πηλοῦ
3057 4228 3332 4282 πλατειῶν
3377 4227 3684 4289 δαυιτικῶς

423 4307 644 4364 tabellis
664 4349 679 4372 ,
707 4317 768 4361 ut
804 4315 991 4374 aperte
1020 4306 1225 4370 dicam,
1250 4306 1530 4375 susceptio
1557 4308 1766 4361 deletur
1808 4317 1863 4362 et
1884 4321 2001 4361 ma-

425 4399 715 4458 nifestatio
747 4399 975 4454 luminis
1009 4399 1066 4452 in
1096 4397 1372 4454 mentibus
1424 4398 1667 4464 nostris;
1700 4414 1800 4453 nec
1847 4399 2002 4468 prius

429 4493 770 4566 permittitur
804 4492 1126 4547 illuminans
1155 4505 1276 4546 esse
1303 4500 1358 4545 et
1387 4489 1618 4545 lucifera
1641 4491 1867 4546 lucerna
1888 4492 2004 4545 haec

2103 4331 2297 4391 εἰπεῖν,
2344 4328 2574 4396 ἀφαντοί
2604 4325 2704 4396 τὴν
2755 4323 2850 4377 τοῦ
2902 4325 3044 4377 κατὰ
3075 4321 3303 4390 Πνεῦμα
3367 4319 3545 4388 φωτὸς
3577 4319 3686 4369 καὶ

2103 4419 2350 4490 εἰσδοχὴν
2396 4418 2486 4471 καὶ
2526 4417 2833 4487 ἕκφανσιν·
2884 4415 2980 4468 καὶ
3023 4413 3084 4467 οὗ
3135 4412 3400 4483 πρότερον
3451 4411 3688 4476 ἀφίεται

2107 4509 2381 4580 φεραυγὲς
2437 4506 2577 4560 εἶναι
2631 4506 2728 4560 καὶ
2784 4505 3073 4574 φωσφόρον
3105 4501 3564 4573 ὲμπυρευόμενον
3612 4499 3686 4551 ὲκ

425 4606 456 4644 a
489 4589 651 4644 Patre
677 4586 948 4641 luminum
993 4599 1246 4651 accensa,
1285 4598 1446 4652 quam
1500 4585 1671 4651 primo
1723 4597 1989 4638 cmnosarr

2107 4601 2200 4655 τοῦ
2228 4601 2336 4654 τῶν
2371 4598 2562 4670 φώτων
2597 4597 2832 4668 Πατρός,
2864 4597 2912 4649 εί
2950 4594 3024 4664 μὴ
3052 4593 3319 4662 πρότερον
3349 4590 3446 4659 τὴν
3477 4587 3690 4656 ίλυώδη

427 4679 852 4736 absterserimus
891 4676 1210 4731 interiorem
1267 4674 1740 4739 mansiunculam;
1777 4675 1989 4742 quando

2107 4689 2482 4759 ἁπαλείψομεν
2513 4687 2881 4757 μεσολάϐησιν
2903 4701 2920 4716 ⁸
2946 4685 3034 4738 ὅτε
3067 4686 3161 4738 καὶ
3187 4683 3320 4752 όρᾷν
3347 4683 3516 4752 ἤγουν
3535 4682 3690 4732 νοεῖν

423 4783 484 4828 et
539 4771 727 4826 videre
769 4770 858 4825 vel
921 4768 1164 4838 cogitare
1212 4767 1518 4836 poterimus
1578 4765 2002 4821 illuminatorem

426 4864 619 4930 Deum,
652 4864 884 4918 cadente
939 4862 1157 4916 madido
1205 4873 1386 4925 coeno,
1431 4868 1485 4912 et
1543 4861 1753 4912 munita
1811 4867 2003 4914 contra

428 4957 820 5026 impedimenta
846 4955 1090 5010 immissa
1117 4953 1270 5018 luce;
1299 4961 1358 5006 ut
1391 4951 1588 5007 exinde
1612 4953 1766 5008 locus
1797 4952 1890 5018 qui
1919 4962 2004 5005 est

427 5051 487 5105 in
524 5050 706 5104 anima
761 5057 946 5103 nostra
1001 5047 1341 5113 illuminans,
1382 5053 1437 5100 et
1490 5045 1728 5114 excipiat
1774 5045 2002 5098 hilarem

429 5144 610 5198 lucem
638 5155 670 5195 a
702 5140 833 5206 Deo,
864 5147 918 5195 et
965 5141 1201 5207 emittat,
1232 5138 1368 5194 adeo
1388 5147 1444 5192 ut
1472 5137 1752 5206 quomodo
1777 5138 2000 5208 quidam

429 5235 525 5302 ait,
565 5249 690 5288 eum
732 5233 1046 5288 certissime
1097 5243 1286 5288 cernat
1331 5232 1424 5300 qui
1482 5239 1566 5286 est
1604 5231 1745 5284 ultra
1783 5244 2002 5285 omnem

431 5328 720 5385 visionem.

499 5422 588 5476 15.
626 5419 869 5474 Verbum
902 5422 1168 5472 excutiens
1200 5415 1578 5470 fortitudinem
1634 5415 1999 5481 demonstrat,

433 5523 481 5569 et
524 5513 764 5568 nobilem
800 5512 1117 5565 facilitatem
1150 5509 1219 5563 ob
1246 5510 1624 5563 liberationem
1658 5523 1685 5560 a
1717 5507 1896 5572 malo;
1926 5507 2007 5562 sic

435 5607 566 5659 salvi
596 5606 852 5660 lsraelitm
894 5605 1022 5658 facti
1056 5611 1185 5655 sunt
1215 5602 1473 5672 proiectis
1501 5600 1771 5672 [Egyptiis
1805 5600 1858 5654 in
1891 5616 2006 5655 ma-

437 5711 524 5761 re;
579 5697 661 5750 sic
721 5697 924 5750 Paulus
987 5697 1330 5750 mordentem
1380 5694 1624 5763 viperam
1685 5693 1925 5747 excussit
1975 5707 2004 5746 a

439 5803 619 5845 manu.
657 5787 930 5844 Usitatum
965 5799 1147 5844 autem
1180 5789 1284 5845 hoc
1312 5790 1563 5858 verbum,
1601 5798 1652 5844 et
1692 5787 1745 5843 in
1779 5787 2005 5858 psalmis

2108 4781 2450 4854 δυνησόμεθα
2507 4781 2598 4834 τὸν
2663 4778 2975 4848 φωτοδότην
3027 4775 3182 4836 Θεὸν.
3234 4776 3334 4844 τῆς
3388 4771 3691 4840 πλαδώσης

2111 4877 2255 4940 ἰλύος
2285 4875 2382 4929 καὶ
2410 4873 2813 4942 ἐπιπιπτούσης
2835 4871 2928 4925 καὶ
2951 4868 3314 4938 στεγανοῦσης
3347 4866 3486 4936 πρὸς
3506 4863 3692 4917 κωλύ-

2113 4985 2220 5039 μην
2253 4967 2431 5036 φωτὸς
2464 4965 2910 5036 ἀπενηνεγμένης
2931 4979 2946 4993 ⁸
2981 4965 3056 5024 ob;
3087 4959 3344 5015 ἐντεῦθεν
3373 4958 3434 5011 τὸ
3464 4958 3522 5010 ὲν
3547 4957 3692 5026 ἡμῖν

2109 5056 2446 5126 φωταγωγὲς
2477 5055 2679 5126 χωρίον
2713 5055 2774 5107 τὸ
2804 5053 2948 5106 κατὰ
2974 5051 3176 5122 ψυχὴν,
3210 5051 3304 5104 καὶ
3340 5047 3691 5117 εἰσδέχεσθαι

2109 5151 2228 5219 φώς
2264 5149 2448 5219 ἱλαρὸν
2498 5146 2704 5210 θεόθεν,
2743 5144 2838 5198 καὶ
2887 5143 3268 5213 προπέμπειν,
3321 5141 3396 5204 ὡς
3419 5139 3692 5204 ὀξύτατα,

2109 5242 2251 5295 κατὰ
2283 5241 2372 5293 τὸν
2418 5237 2562 5292 οὕτω
2609 5237 2874 5308 φάμενον,
2922 5234 3282 5306 έκδέριιεσθαι
3333 5233 3425 5285 τὸν
3461 5229 3695 5302 ἀπάσης

2110 5333 2237 5396 θέας
2269 5333 2552 5386 ἐπέκεινα.

2191 5432 2278 5494 ιγ’.
2313 5426 2387 5477 Τδ
2433 5425 2489 5477 δὲ
2521 5421 2843 5489 ἐκτινάξας
2871 5422 3226 5493 γενναιότητα
3273 5420 3534 5489 ἐμφαίνει
3586 5417 3694 5472 καὶ

2115 5515 2311 5586 εὐγενῆ
2341 5513 2624 5587 ῥᾳστώνην
2653 5512 2710 5578 ἐξ
2740 5513 3060 5580 ἀπαλλαγῆς
3091 5511 3265 5566 κακοῦ
3287 5526 3302 5542 ⁸
3335 5509 3512 5573 οὕτως
3537 5510 3701 5574 ἐξὰν-
3744 5535 3748 5538 -

2113 5625 2226 5670 τεις
2259 5605 2591 5676 Ἰσραηλῖται
2637 5603 2748 5655 τῶν
2798 5601 3115 5671 Αξγυπτίων
3165 5601 3414 5668 ἐγένοντο
3471 5599 3700 5651 ἐκτινα-

2118 5698 2356 5767 χθέντων
2385 5697 2466 5758 εἰς
2519 5693 2793 5748 θάλασσαν
2813 5711 2828 5727 ⁸
2861 5692 3005 5746 οὕτω
3033 5691 3247 5757 Παῦλος
3274 5692 3376 5762 τὴν
3419 5689 3693 5744 ἔνδακοῦ-

2117 5804 2215 5842 σαν
2243 5786 2457 5858 ἔχιδναν
2489 5785 2776 5852 ἐκτινάξας
2811 5786 3008 5856 ἀπάγει
3035 5785 3136 5857 τῆς
3159 5786 3340 5857 χειρός
3361 5801 3376 5818 ⁸
3411 5784 3698 5856 χρήσιμον
