3926 6200
424 235 528 292 {:39

1128 240 1554 307 EUSTATHII
1593 240 2360 307 THESSALONICENSIS
2413 243 2985 307 METROPOLITJ!

3547 239 3665 306 540

419 356 599 404 autem
622 348 799 407 oritur
823 352 1018 407 σ’πτδν
1057 363 1111 409 et
1151 356 1449 427 σεϐάσμον,
1493 360 1636 413 sicut
1673 366 1726 412 et
1760 359 1981 429 σεμνόν.

2107 361 2241 429 ταρὰ
2264 336 2333 428 .γε
2367 362 2480 424 τοῐς
2514 356 2987 423 παλαιτάτοιςιεοῦ
3016 358 3081 428 δὴ
3130 358 3314 413 σέϐειν
3334 357 3669 427 ιξὼρμηται

417 441 545 497 Ideo
571 441 622 497 ei
676 445 767 514 qui
840 445 980 516 apud
1020 446 1298 504 Romanos
1338 450 1635 505 vocabatur
1664 448 1806 506 Deus
1855 465 1982 506 suc-

419 533 619 589 cedens
644 535 836 604 Filius,
863 537 1069 593 veritus
1091 553 1157 593 ne
1175 543 1465 597 orbaretur
1491 543 1593 599 boc
1620 544 1777 599 titulo
1803 543 1856 599 in
1880 545 1987 599 eis-

417 627 539 681 dem
573 629 821 683 terminis
849 630 1114 695 adhibito.
1139 633 1295 687 aliter
1315 634 1467 688 illum
1500 634 1983 701 adulansinduxit,

421 730 712 789 augustum
770 722 1011 790 seipsum
1060 726 1476 794 coguominans,
1511 735 1572 781 ut
1620 742 1728 782 una
1759 742 1989 782 venera-

418 812 546 865 bilis
572 812 691 867 idea
732 812 1095 883 divinissima,
1149 818 1306 886 quasi
1357 818 1740 874 vestimentum
1786 818 1984 887 duplex

419 912 629 971 Optata,
678 905 775 961 Dei
819 907 1032 961 scilicet
1074 909 1335 978 cogitatio
1375 917 1429 963 et
1457 910 1707 980 augusti,
1753 918 1806 965 et
1836 910 1984 965 Patri

419 999 737 1052 conveniret
768 999 991 1062 viventi,
1011 1007 1065 1054 et
1094 1017 1213 1055 cum
1233 1000 1372 1057 Filio
1394 1005 1685 1059 exsisteret
1738 1019 1832 1074 per
1871 1017 1989 1058 om-

419 1107 543 1145 nem
574 1093 765 1158 vitam,
789 1095 858 1147 ob
890 1094 1027 1149 ideae
1057 1095 1414 1165 dignitatem;
1445 1098 1540 1166 qui
1568 1097 1714 1152 enim
1747 1097 1801 1151 in
1838 1096 1986 1152 veri-

423 1193 533 1238 tate
612 1195 874 1254 angustus
925 1196 1029 1251 est,
1089 1188 1232 1244 Deus
1275 1198 1381 1255 εει,
1441 1190 1702 1260 quoniam
1746 1188 1889 1245 Deos
1931 1188 1986 1245 iu

419 1275 653 1330 veritate
709 1288 998 1347 angustus.
1033 1277 1134 1334 Per
1169 1280 1319 1336 hunc
1348 1280 1534 1351 itaque
1563 1280 1783 1335 titulum
1822 1294 1989 1335 orna-

423 1368 623 1421 mentis
650 1370 895 1437 gaudens
920 1370 1257 1441 dignissimis
1281 1373 1371 1442 qui
1397 1373 1986 1445 internsanctos‘reges,

423 1460 689 1529 apostolis
721 1476 850 1529 par,
884 1471 966 1516 est
1006 1478 1132 1517 vere
1194 1463 1389 1520 ﬁrmus
1414 1464 1835 1528 Constantinus,
1869 1465 1990 1520 lon-

420 1568 548 1622 gum
582 1552 684 1608 sibi
732 1554 962 1609 honoris
1003 1555 1223 1610 titulum
1257 1556 1560 1614 sttribuere
1612 1559 1813 1622 noluit,
1847 1557 1991 1614 sicut

2087 452 2184 506 καὶ
2212 450 2272 504 τὸ
2303 451 2502 506 σεπτὸν
2528 453 2624 506 καὶ
2645 450 2707 504 τὺ
2756 452 3078 517 σεϐάσμιον,
3108 451 3255 504 καθὰ
3302 451 3397 503 καὶ
3429 450 3490 501 τὸ
3520 463 3672 516 στρ.-

2087 542 2198 597 νόνο
2226 541 2309 596 διὸ
2361 542 2456 596 καὶ
2490 542 2582 596 τόν
2606 544 2666 597 ιν
2717 542 3013 612 Ῥωμαίοις
3061 540 3427 613 ἐπικληθέντα
3448 539 3588 593 Θεὸν
3636 539 3672 591 ό

2087 633 2471 705 διαδεξάμενος
2493 636 2618 697 Υίδς
2656 636 2897 698 ὀκνήσας
2942 634 3320 704 ἀποστερῆσαι
3374 632 3468 686 τοῦ
3516 633 3675 685 κατὰ

2087 727 2186 798 τὴν
2223 730 2476 802 τοιαύτην
2507 729 2652 795 λέξιν
2697 729 2976 791 ἐπιθέτου,
3003 729 3179 791 ἄλλως
3201 726 3363 781 αὐτὸν
3393 724 3678 779 κολακεύ-

2090 836 2191 881 σας
2219 819 2559 888 ὑπηγάγετο,
2586 818 2850 873 σεϐαστόν
2904 818 3098 873 ἑαυτὸν
3151 817 3519 885 ιπονομάσας,
3570 816 3677 867 ἵνα

2092 913 2189 983 μία
2218 912 2389 979 σεμνὴ
2421 910 2597 964 ἔννοια
2627 909 2885 978 Θειοτάτη
2912 909 3171 976 ἑκατέρα,
3214 908 3289 969 ὡς
3317 899 3406 959 οἷα
3460 904 3560 958 καὶ
3586 905 3679 958 δι-

2090 1007 2230 1075 πλόη
2276 1005 2436 1074 στολὴ
2470 1006 2890 1074 ἐφαρμόττουσα
2924 1005 2958 1073 ἡ
2988 1001 3084 1056 τοῦ
3139 1003 3309 1068 Θεός.
3343 1001 3437 1054 καὶ
3468 1001 3506 1068 ἠ
3560 997 3676 1052 τοῦ

2089 1100 2411 1163 σεϐαστός.
2458 1097 2731 1166 συνόιάγοι
2763 1098 2858 1151 καὶ
2883 1097 2961 1166 τῷ
2990 1096 3168 1163 [largi
3215 1096 3398 1161 ζῶντι,
3435 1096 3534 1148 καὶ
3580 1091 3678 1161 τῷ

2090 1190 2206 1258 Υἱῷ
2248 1189 2305 1243 δὲ
2341 1190 2692 1259 συμϐιοτεύοι
2726 1188 2858 1260 παρ’
2896 1191 3025 1259 ὅλην
3050 1188 3194 1257 ζωὴν
3214 1188 3306 1241 διὰ
3332 1189 3394 1242 τὸ
3438 1190 3544 1257 τῆς
3576 1189 3683 1238 ὲν-

2091 1281 2239 1343 νοίας
2267 1279 2503 1346 ἀξίωμα.
2533 1282 2598 1335 Εί
2637 1282 2747 1351 γάρ
2781 1298 2866 1344 τις
2890 1280 3027 1348 πρός
3063 1280 3329 1349 ἀλήθειαν
3374 1277 3678 1339 σεϐαστός.

2092 1373 2189 1427 καὶ
2213 1371 2347 1435 Θεός
2372 1372 2542 1438 ἐστιν,
2569 1371 2692 1425 ἐπεὶ
2744 1372 2842 1426 καὶ
2884 1372 2913 1425 ὁ
2953 1372 3087 1435 Θεὸς
3117 1372 3378 1433 σεϐαστός
3419 1370 3496 1437 τῷ
3524 1370 3681 1424 ὅντε·

2091 1463 2288 1534 ἐκείνῳ
2316 1463 2375 1517 δὶ
2421 1462 2501 1534 τῷ
2535 1462 2722 1533 σεπτῷ
2766 1463 3103 1533 σεμνώματα
3151 1463 3343 1548 χαρεὶς
3384 1462 3682 1526 ἀξιώτατα

2090 1556 2189 1613 καὶ
2215 1558 2241 1610 ό
2262 1558 2318 1610 ὲν
2343 1555 2656 1626 βασιλεῦσιν
2687 1556 2865 1625 ἁγίοις
2892 1557 3245 1622 ίσαπόστολος
3273 1559 3303 1611 ό
3327 1555 3685 1627 φερωνῦμως

421 1652 477 1697 et
528 1654 823 1715 sequentes
878 1647 1190 1717 principes;
1243 1648 1341 1703 sed
1394 1648 1504 1704 hoc
1536 1650 1709 1705 solum
1758 1650 1990 1721 Augusti

2107 1647 2367 1717 εὐσταθὴς
2402 1648 2830 1712 Κωνσταντῖνος,
2889 1650 3225 1719 σχοινοτενὲς
3274 1650 3373 1716 μέν
3415 1666 3501 1702 τοι
3532 1665 3684 1716 σεμν-

421 1750 723 1805 cognomen
769 1752 1050 1794 assumere
1096 1739 1319 1809 dignum
1355 1750 1640 1811 reputans,
1675 1745 1756 1797 sic
1795 1743 1992 1797 inscri-

425 1829 589 1885 bebat
639 1830 921 1898 epistolam
975 1845 1130 1887 suam
1197 1849 1211 1885 :
1264 1830 1656 1887 Constantinus
1696 1834 1994 1901 Augustus,

427 1922 681 1976 salutem.
708 1921 762 1975 Si
789 1930 969 1977 autem
997 1923 1410 1993 multiplicatum
1437 1933 1522 1977 est
1549 1939 1690 1979 nunc
1708 1924 1995 1994 pulchrum

429 2015 533 2070 hoc
560 2030 778 2083 nomen,
822 2016 953 2071 deos
1001 2031 1148 2080 esse,
1209 2031 1414 2086 eosque
1446 2017 1660 2086 plures,
1708 2016 1838 2085 quid
1880 2032 1997 2070 ma-

433 2108 544 2163 lum
570 2125 690 2165 esse
720 2110 859 2164 lilios
878 2108 1089 2189 Excelsi
1115 2125 1327 2175 omnes,
1354 2125 1418 2164 ac
1446 2109 1676 2179 proinde
1694 2109 2002 2179 augustos?

2097 1740 2377 1809 νολόγημα
2408 1739 2587 1809 ἐαυτῷ
2621 1740 2948 1810 ἐπιγράφειν
2976 1739 3197 1807 ὤκνησε
3224 1740 3367 1794 κατὰ,
3390 1743 3525 1801 τοὺς
3553 1735 3688 1801 μετ’

2099 1834 2263 1889 αὐτὸν
2294 1833 2606 1904 περιττούς.
2627 1832 2897 1888 Σεϐαστὴν
2918 1833 2975 1887 δὲ
2997 1832 3159 1888 τοῦτο
3186 1833 3279 1886 καὶ
3312 1835 3471 1898 μόνον
3511 1832 3684 1898 ἠξίου

2102 1924 2535 1997 προσονομάζειν
2563 1927 2778 1990 ἑαυτὸν,
2809 1925 3150 1995 προγράφων
3179 1925 3288 1978 τῶν
3308 1924 3526 1978 οίκείων
3550 1924 3689 1975 ἑπι-

2104 2020 2309 2077 ato).th
2335 2021 2514 2074 ἐκεῖνο
2540 2020 2607 2089 δὴ
2633 2020 2729 2073 καὶ
2779 2019 2939 2089 μόνον
2959 2050 3027 2060 -
3060 2019 3469 2080 Κωνσταντίνος
3509 2016 3691 2069 σεσα-

2104 2113 2228 2175 στδς
2257 2112 2334 2182 τῷ
2358 2113 2493 2165 δεῖνι
2517 2112 2752 2181 χαίρειν.
2780 2141 2853 2155 -—
2882 2111 2941 2162 El
2974 2110 3032 2163 δὲ
3067 2110 3163 2164 νῦν
3208 2108 3589 2178 πεπλήθυντσι
3620 2107 3687 2160 τὺ

431 2202 596 2260 καλὸν
617 2204 787 2270 ὄνομα
816 2201 995 2268 τοῦτο,
1027 2202 1113 2264 τίς
1167 2203 1361 2272 φθόνος
1404 2202 1560 2267 θεοὺς
1606 2201 1751 2261 εἷναι
1820 2206 1914 2260 καὶ
1956 2205 2038 2260 ἔτι
2088 2205 2379 2275 πλείονας,
2413 2208 2507 2262 καὶ
2554 2207 2709 2272 υἱοὺς
2749 2206 3005 2276 Ὑψίστου
3049 2204 3279 2269 πάντας,
3327 2203 3423 2257 καὶ
3475 2202 3689 2257 αὐτίκα

430 2296 726 2361 σεϐαστούς
749 2314 764 2365 ;

499 2397 589 2452 21.
619 2398 763 2452 Dixit
786 2414 939 2469 ergo,
972 2400 1164 2471 inquit,
1183 2403 1552 2457 venerandum
1577 2414 1641 2456 os
1674 2398 1888 2454 Domini
1937 2412 2000 2451 ac

438 2488 493 2539 ι’.
519 2491 596 2546 rbi
625 2491 1146 2562 incarnati,quando
1168 2495 1312 2549 inter
1335 2511 1437 2551 nos
1454 2503 1792 2559 versaretur;
1809 2494 2000 2549 dicens

429 2586 577 2636 cn'm
608 2585 865 2651 propheta
890 2598 952 2640 os
976 2584 1183 2640 Domini
1214 2587 1329 2641 haec
1353 2588 1593 2641 locutum
1618 2603 1761 2649 esse.
1784 2601 2001 2656 semper

432 2671 612 2724 innuit
644 2687 706 2727 os
747 2671 861 2727 Dei.
894 2674 982 2729 Ait
1011 2689 1178 2744 ergo:
1210 2674 1256 2731 0
1282 2675 1463 2732 dilecti
1490 2676 1766 2744 discipuli,
1801 2676 2000 2730 divisio

432 2763 600 2817 vostri
637 2779 745 2820 non
805 2766 914 2830 ﬁet.
975 2768 1027 2822 id
1077 2777 1162 2824 cst
1218 2786 1326 2824 non
1379 2769 1683 2839 relinquam
1733 2785 1853 2832 vos,
1891 2785 1999 2824 non

430 2857 719 2926 elongabo,
770 2875 877 2912 non
923 2862 1115 2930 procul
1151 2874 1208 2916 et
1252 2872 1541 2930 separatus
1581 2877 1612 2915 a
1664 2862 1821 2916 vobis
1862 2877 1997 2926 ero;

431 2949 707 3014 quomodo
735 2958 916 3003 autem
945 2951 1056 3005 haec
1080 2951 1387 3021 perﬁciam,
1419 2953 1511 3021 qui
1547 2968 1671 3008 mox
1727 2953 2005 3009 tollendus

434 3053 559 3092 sum
604 3053 635 3093 a
672 3039 870 3095 vobis?
901 3040 1213 3097 Secundum
1252 3043 1493 3113 speciem
1552 3045 1773 3113 quidem
1807 3059 2001 3112 corpo-

435 3144 586 3184 ream
642 3144 745 3184 non
782 3132 1015 3201 amplius
1079 3134 1454 3189 conversabor
1490 3134 1771 3190 vobiscum
1801 3153 1817 3202 ;
1851 3136 2001 3191 brevi

435 3221 491 3275 in
516 3223 685 3276 altum
734 3224 1128 3290 conscendens,
1180 3234 1237 3281 et
1284 3234 1493 3281 aeterno
1528 3226 1676 3282 Patri
1725 3228 1999 3295 assidens,

438 3329 546 3368 ron
578 3315 806 3370 cessabo
833 3331 955 3372 esse
998 3317 1202 3388 ubique
1249 3318 1535 3375 vobiscum
1564 3338 1579 3385 ;
1634 3321 1728 3375 sed
1759 3319 2000 3390 Spiritus

439 3407 544 3462 mei
563 3408 792 3475 gratiam
814 3410 969 3464 vobis
990 3410 1500 3467 inmarcescibilem
1524 3411 1820 3477 effundam,
1839 3426 2001 3480 quam

437 3501 640 3570 cupitis
668 3515 858 3557 omnes
886 3503 1065 3559 lucere
1090 3503 1285 3571 vobis;
1320 3520 1429 3561 non
1469 3505 1613 3575 quod
1643 3520 1745 3576 ego
1775 3506 1868 3574 qui
1913 3505 2003 3560 lux

436 3595 559 3647 v.~ni
596 3593 652 3647 in
683 3596 948 3649 mundum
981 3595 1412 3666 exstinguendos
1433 3596 1562 3661 sim,
1592 3598 1814 3667 quando
1844 3596 2006 3651 tollar

436 3699 465 3737 a
492 3685 785 3749 vobis,nec
814 3688 1049 3758 amplius
1079 3688 1292 3743 luceam
1315 3690 1514 3756 vobis;
1546 3690 1640 3745 sed
1663 3704 1786 3744 cum
1814 3700 2005 3745 sancto

438 3775 645 3844 Spiritu
680 3789 735 3834 et
780 3793 880 3850 ego
928 3780 1246 3836 illuminabo
1300 3797 1569 3851 generans
1621 3797 1741 3850 vos,
1775 3783 1918 3839 sicut
1951 3792 2006 3837 et

435 3867 635 3938 Pater;
690 3877 744 3927 et
806 3872 1075 3941 promissa
1133 3872 1335 3942 fulgida
1391 3873 1719 3929 illuminatio
1777 3888 1886 3929 non
1947 3874 2002 3928 in

436 3971 620 4017 mente
647 3964 845 4029 solum,
870 3971 924 4018 et
950 3964 1251 4020 secundum
1288 3965 1661 4034 operationem
1690 3975 2003 4021 secuturam

437 4068 502 4108 ex
554 4053 706 4108 vobis
743 4055 797 4107 in
835 4055 1040 4110 ultimis
1077 4057 1413 4122 temporibus
1466 4057 1806 4125 concipietur
1830 4095 1846 4120 ,
1909 4056 2005 4112 sed

439 4147 633 4200 statim
663 4155 974 4215 opportuno
1003 4156 1266 4215 tempore,
1303 4149 1471 4214 clare,
1508 4149 1813 4215 evidenter,
1853 4163 2005 4203 com-

440 4240 698 4305 tuuniter,
729 4246 785 4295 et
813 4246 872 4292 ut
900 4239 971 4293 ita
998 4239 1178 4294 dicam
1212 4239 1594 4297 universaliter
1620 4250 2005 4312 coguoscetur,

439 4347 549 4387 non
591 4344 774 4386 coram
808 4330 1027 4386 duobus
1056 4331 1292 4387 testibus
1319 4332 1406 4386 vel
1442 4333 1642 4398 tribus,
1668 4334 1752 4388 vel
1777 4332 2007 4403 quibus-

438 4428 563 4480 dam
594 4424 721 4480 aliis
750 4438 908 4494 Auos
950 4423 1106 4479 facile
1143 4426 1451 4480 numerabit
1478 4424 1623 4493 quis,
1662 4425 1757 4480 sed
1813 4438 2004 4480 coram

438 4518 789 4575 multitudine
817 4531 1009 4587 magna
1040 4516 1212 4571 oculis
1246 4527 1547 4585 spectante,
1587 4527 1640 4570 et
1702 4518 1783 4572 sic
1826 4515 2009 4570 admi-

2177 2396 2270 2450 21.
2304 2393 2448 2458 Ἔφη
2485 2393 2683 2455 τοίνυν,
2733 2390 2891 2460 φησι.
2939 2390 2998 2443 τὸ
3051 2390 3361 2444 πάνσεπτον
3410 2389 3687 2455 κυριακὸν

2111 2488 2288 2557 στόμα
2337 2484 2431 2537 τοῦ
2456 2482 2807 2551 θεανθρὼπου
2839 2483 3036 2547 Λόγου,
3088 2484 3218 2535 ὃταν
3249 2484 3377 2550 περὶ
3398 2482 3547 2550 ἡμᾶς
3594 2482 3684 2534 ἔτι

2108 2580 2437 2651 ἐστρέφετο·
2476 2580 2504 2630 ὁ
2547 2577 2659 2648 γὰρ
2690 2577 2862 2629 εἰπὼν
2918 2578 3229 2645 προφήτης,
3274 2575 3357 2627 ὅτι
3391 2574 3464 2627 Τὸ
3497 2576 3681 2641 στόμα

2108 2671 2316 2741 Κυρίου
2349 2670 2577 2740 ἐλάλησε
2609 2669 2805 2732 ταῦτα,
2838 2668 3393 2738 μυστηριάζειᾶ).λως
3410 2667 3473 2719 τὸ
3501 2667 3685 2733 στόμα

2107 2765 2201 2818 τοῦ
2231 2765 2391 2818 Θεοῦ.
2421 2764 2564 2833 Ἔφη
2599 2756 2692 2816 οὖν
2721 2761 2826 2827 ἔτι,
2856 2755 2926 2812 Ὦ
2947 2759 3089 2829 φίλοι
3114 2758 3374 2828 μαθηταὶ,
3404 2757 3688 2827 νόσφισμα

2106 2858 2237 2927 ὑμῖν
2265 2858 2326 2911 οὐ
2358 2858 2680 2928 γενήσεται·
2708 2853 2974 2915 τοὺτέστι,
2996 2853 3111 2907 υῦκ
3143 2853 3339 2920 ἀφήσω
3375 2851 3543 2919 ὑμᾶς,
3574 2852 3687 2905 οὐκ

2104 2952 2513 3019 ἀποστήσομαι,
2543 2950 2606 3002 οὗ
2632 2948 2790 3016 νόσφι
2829 2946 2922 2999 καὶ
2950 2947 3122 3015 χωρὶς
3151 2946 3300 3014 ἡμᾶς
3350 2945 3686 3014 γενήσομαιο

2106 3045 2224 3106 πῶς
2254 3045 2312 3098 δὲ
2339 3044 2498 3097 τοῦτο
2526 3041 2773 3107 ὲξανύσω
2796 3042 2824 3093 ό
2855 3040 3051 3110 μικρὸν
3077 3040 3203 3093 ὅσον
3226 3037 3689 3109 ἀναληφθησόμε·

2109 3152 2201 3199 νος
2236 3137 2333 3205 ἀφ’
2362 3136 2519 3204 ὑμῶν
2546 3151 2561 3201 ;
2587 3134 2727 3188 κατὰ
2746 3133 2871 3202 δψιν
2905 3132 3002 3202 μὲν
3029 3132 3131 3201 τὴν
3161 3133 3220 3184 ὲν
3252 3133 3471 3201 σώματι
3497 3130 3689 3183 οὐκέτι

2110 3226 2709 3297 σνναναστραφήσομαι
2743 3225 2892 3293 ὑμῖν
2928 3223 3124 3294 μικρὸν
3146 3222 3204 3276 δὲ
3232 3222 3359 3275 ὅσον
3388 3221 3528 3292 ὑψοῦ
3553 3222 3691 3275 ἀνα-

2105 3317 2227 3381 ϐὰς,
2264 3319 2356 3371 καὶ
2382 3318 2460 3385 τρῖ)
2496 3319 2816 3387 συναναιρχῳ
2841 3316 3019 3386 llath
3048 3315 3425 3385 συνεδριάσας,
3452 3315 3515 3366 οὐ
3543 3315 3693 3367 παύ-

2110 3427 2278 3479 σομαι
2307 3410 2382 3463 ὢν
2416 3409 2648 3463 πάντοτε
2680 3408 2798 3478 μεθ’
2821 3407 2999 3478 ὑμῶν·
3027 3407 3165 3460 ἀλλὰ
3189 3406 3286 3460 καὶ
3310 3406 3402 3459 τοῦ
3429 3404 3696 3476 Πνεῦμα-

2107 3501 2200 3564 τός
2235 3518 2337 3571 μου
2362 3503 2538 3572 ἐκχεῶ
2567 3502 2698 3571 ὑμῖν
2725 3503 2888 3572 χάριν
2915 3501 3167 3569 ἄφθονον,
3197 3502 3265 3572 ἣν
3291 3499 3509 3553 ποθεῖτε
3542 3500 3691 3552 πάν-

2106 3611 2215 3657 τως
2239 3594 2545 3664 ἐπιλάμψαι
2570 3596 2724 3664 ὑμῖν·
2759 3595 2858 3664 οὐχ
2895 3594 2978 3648 ὅτι
3006 3594 3117 3662 ἑγὼ
3144 3592 3261 3661 φῶς
3295 3590 3572 3661 ἐληλυθὼς
3609 3593 3695 3655 είς

2106 3685 2203 3738 τὸν
2227 3684 2434 3755 κόσμον
2457 3685 2791 3755 ἁπεσόηκὼς
2835 3686 3057 3756 ἔσομαι,
3110 3685 3201 3738 ὅτε
3239 3683 3563 3753 ἀναληφθῶ,
3596 3687 3695 3736 καὶ

2108 3777 2294 3830 οὐκέτι
2324 3777 2668 3847 καταλάμψαι
2722 3778 2890 3846 ὑμᾶς,
2944 3777 3059 3831 ἀλλ’
3120 3778 3204 3831 ὅτι
3264 3778 3359 3831 σὺν
3409 3776 3491 3846 τῷ
3542 3776 3694 3845 ἁγίῳ

2108 3854 2391 3938 Πνεόματι
2445 3871 2540 3923 καὶ
2598 3868 2710 3939 ἐγὼ
2757 3870 3131 3941 καταστραψω
3180 3867 3469 3936 ζωογονιῖΝ
3516 3868 3690 3937 ὑμᾶς,

2109 3961 2255 4016 καθὰ
2282 3964 2381 4017 καὶ
2406 3963 2434 4015 ό
2463 3961 2675 4031 Πατήρ·
2736 3963 2833 4015 καὶ
2875 3962 2909 4032 ή
2967 3961 3321 4031 ὑπεσχημένη
3371 3959 3695 4028 adsparsa-Ia.

2109 4053 2318 4123 λάμψις
2344 4052 2486 4123 αὕτη
2509 4054 2572 4107 οὗ
2606 4053 2747 4108 κατὰ
2776 4051 2903 4106 νοῦν
2935 4055 3117 4123 μόνον,
3151 4052 3248 4106 καὶ
3277 4051 3379 4122 τὴν
3409 4051 3697 4120 ἑπομένην

2113 4145 2173 4211 ἐξ
2212 4146 2367 4217 ὑμῶν
2395 4146 2455 4198 ἐν
2484 4145 2733 4215 ὑστέροις
2780 4144 2996 4216 χρόνοις
3023 4144 3308 4213 ἐνέργειαν
3339 4143 3699 4213 καταληφοή-

2116 4256 2293 4304 σεται,
2324 4238 2460 4292 ἀλλὰ
2485 4238 2581 4290 καὶ
2614 4237 2815 4290 αὐτίκα
2840 4235 2991 4306 ὥρας
3044 4235 3316 4305 ἐναργῶς,
3365 4236 3464 4289 καὶ
3517 4235 3697 4302 ἔμφα-

2109 4330 2237 4393 νῶς.
2268 4328 2362 4384 καὶ
2400 4329 2620 4393 κοινῶς,
2643 4329 2738 4381 καὶ
2763 4327 2840 4390 ὡς
2865 4329 3063 4391 είπεῖν,
3110 4327 3407 4397 πανδημεὶ,
3438 4326 3696 4397 γνωσθή-

2111 4439 2283 4476 σεταιο
2313 4420 2415 4474 οὐκ
2439 4421 2533 4473 ἐπὶ
2564 4418 2863 4491 μαρτύρων
2877 4419 2972 4472 δύο
2992 4419 3025 4490 ἢ
3053 4419 3273 4489 τριῶνῆ
3297 4436 3467 4471 τινων
3491 4418 3694 4479 ἄλλων,

2112 4514 2207 4577 οὓς
2244 4515 2374 4585 ῥᾷον
2410 4514 2676 4583 μετρήσει
2725 4528 2833 4577 τις,
2875 4511 3014 4565 ἀλλὰ
3037 4512 3195 4582 ὄχλου
3253 4510 3453 4581 μυρίον
3490 4509 3699 4576 ὀφθαλ-

437 4619 616 4679 rante,
647 4621 701 4667 et
726 4624 821 4666 ore
862 4608 1202 4664 acclamante
1245 4624 1366 4681 quae
1414 4609 1597 4664 divina
1628 4607 1790 4663 docet
1824 4606 1999 4677 ὅπερ·

2121 4607 2244 4677 μοῖς
2278 4624 2338 4661 τε
2371 4605 2683 4675 βλέποντος,
2719 4605 2815 4659 καὶ
2835 4602 2981 4658 οὕτω
3012 4603 3412 4675 θαυμάζοντος,
3441 4602 3539 4656 καὶ
3571 4602 3699 4659 στό-

439 4719 495 4765 ιιι
503 4722 583 4765 ra.

508 4884 602 4939 22.
642 4884 951 4940 Notandum
992 4880 1192 4939 deinde
1241 4882 1385 4951 quod
1435 4882 1490 4936 in
1523 4882 1608 4938 bis
1636 4900 1653 4939 :
1686 4882 1876 4937 divisio
1909 4899 2010 4937 non

441 4980 533 5050 ﬁet
556 4978 701 5033 vobis
732 4979 940 5043 amicis,
974 4976 1184 5031 amicos
1207 4984 1399 5046 postea
1438 4975 1585 5031 solos
1613 4974 1747 5031 dicit
1774 4976 2015 5033 sanctis-

440 5071 609 5127 simos
647 5068 965 5139 apostolos;
1005 5076 1261 5122 calorum
1306 5082 1496 5123 eorum
1540 5084 1731 5140 opera,
1776 5070 2015 5126 salutare

441 5160 701 5218 nuutium
744 5159 801 5213 iu
846 5172 942 5214 eos
993 5162 1164 5225 venit,
1220 5173 1320 5214 nec
1373 5162 1559 5216 venire
1613 5161 1871 5226 cessabit,
1920 5162 2012 5232 qui

440 5253 701 5311 nimirum
757 5250 1054 5321 apostolice
1102 5252 1318 5316 vident,
1381 5263 1442 5309 ut
1498 5254 1643 5309 idem
1697 5255 1902 5316 dicam,
1954 5261 2011 5308 et

440 5347 592 5418 digni
647 5345 778 5402 Deo.
822 5343 934 5400 Hoc
973 5354 1156 5400 autem
1206 5335 1430 5401 verbtfm
1478 5346 1781 5417 νοσφισμδς
1818 5345 2011 5401 stricte

439 5440 531 5495 llic
563 5449 866 5510 sumptum,
910 5438 965 5494 id
1013 5446 1098 5495 est
1141 5436 1468 5507 simpliciter
1505 5445 1561 5492 et
1616 5438 1835 5503 leniter,
1884 5437 2014 5494 licet

440 5529 602 5584 aliter
629 5538 823 5586 contra
855 5528 1165 5586 communis
1194 5528 1492 5584 locutionis
1523 5528 2012 5586 consuetudinem:

442 5619 599 5673 ntulti
627 5622 772 5676 enim
799 5636 949 5677 nunc
981 5622 1126 5678 inter
1166 5635 1266 5677 nos
1306 5618 1660 5688 νοσφίζεσθαι
1701 5620 2013 5691 intelligunt

447 5721 737 5781 usurpare,
759 5722 815 5768 et
831 5714 1051 5786 propria
1070 5712 1176 5771 sibi
1207 5712 1387 5772 facere
1406 5711 1609 5781 aliena;
1628 5722 1684 5771 et
1713 5714 2013 5780 νοσφισμὸν

2121 4719 2287 4773 μασιν
2350 4699 2757 4769 ἅνακράζοντος
2814 4699 2960 4770 ἅπερ
3010 4700 3044 4770 ἡ
3105 4699 3227 4752 θεία
3270 4697 3514 4753 διδάσκει
3560 4715 3701 4769 συγ-

2114 4794 2326 4866 γραφή.

2184 4892 2290 4958 κβν.
2316 4891 2655 4960 Σημειωτὲον
2680 4891 2737 4945 δὲ
2764 4891 2847 4945 ὅτι
2871 4892 2930 4945 ὲν
2971 4890 3070 4961 τῷ,
3104 4892 3421 4955 νόσφισμσ
3452 4886 3600 4953 ὑμῖν
3624 4884 3699 4938 οὐ

2116 4980 2439 5053 γενήσεται
2468 4984 2693 5051 φίλοις,
2722 4984 2911 5051 φίλους
2943 4982 3226 5053 προσεχῶς
3267 4980 3366 5050 μὲν
3397 4980 3456 5032 ἐν
3483 4981 3560 5047 τῷ
3592 4994 3702 5030 πα-

2120 5072 2380 5144 ρασχεδὸν
2406 5073 2600 5141 μόνους
2638 5073 2741 5145 ἔφη
2772 5079 2900 5138 τοὺς
2947 5073 3292 5142 ἁγιωτάτους
3320 5070 3661 5132 ἀποστόλους
3680 5081 3697 5098 ⁶

2117 5163 2295 5225 ἄλλως
2325 5163 2386 5216 δὲ
2420 5163 2506 5217 διὰ
2540 5163 2722 5235 μέσων
2764 5165 2992 5217 ἐκείνων
3022 5164 3057 5232 ἡ
3091 5163 3360 5232 σωτήριος
3389 5157 3701 5228 ἐπαγγελία

2118 5255 2216 5308 καὶ
2245 5257 2325 5318 είς
2345 5257 2474 5318 τοὺς
2509 5258 2632 5326 μετ’
2659 5256 2828 5310 αὐτοῦ
2857 5255 3147 5317 διαϐαίνει,
3185 5255 3281 5307 καὶ
3314 5253 3435 5306 οὐδὲ
3484 5252 3702 5305 παύσε-

2116 5363 2206 5400 ται
2235 5347 2661 5412 καταϐαίνουσα,
2700 5346 2910 5411 ζῶντας
2941 5344 3142 5415 δηλαδὴ
3182 5342 3585 5403 ἀποστολικῶς,
3618 5342 3702 5394 ei-

2121 5443 2246 5494 πεῖν
2272 5440 2328 5493 δὲ
2355 5440 2572 5505 ταύτὸν,
2609 5440 2704 5493 καὶ
2727 5438 3068 5509 θεοπρεπῶς.
3090 5437 3233 5506 Ὅρα
3275 5435 3332 5488 δὲ
3363 5435 3445 5495 τὸ,
3474 5449 3705 5499 νοσφισ-

2124 5532 2248 5600 μδς,
2295 5530 2537 5602 δριμέως
2583 5530 2818 5585 ἐνταῦθα
2873 5529 3081 5600 δεχθὶν,
3114 5528 3142 5581 ὅ
3175 5529 3322 5580 ἐστιν
3350 5523 3571 5590 ἀφελῶς
3604 5522 3705 5575 καὶ

2117 5622 2392 5691 γλυκέως.
2422 5623 2470 5674 εἰ
2520 5621 2616 5675 καὶ
2663 5621 2825 5677 ἄλλον
2876 5621 3081 5691 τρόπον
3111 5617 3395 5684 ἀσυνήθως
3429 5618 3502 5685 τῇ
3540 5613 3703 5681 κοινῇ

2120 5713 2329 5777 ὁμιλία·
2362 5714 2411 5766 oi
2440 5712 2549 5779 γὰρ
2577 5713 2761 5767 πολλοὶ
2796 5713 2854 5767 ὲν
2888 5714 2996 5776 τοῖς
3026 5710 3125 5765 νῦν
3158 5708 3282 5763 καθ’
3318 5707 3467 5773 ἡμᾶς
3509 5705 3706 5772 νοσφί-
