  <div class='ocr_page' id='page_1' title='image "/cluster/home/n/w/nwhite01/storage/ocr_20150623/136/hvd.32044054100201/278.png"; bbox 0 0 3996 6194; ppageno 0'>
   <div class='ocr_carea' id='block_1_1' title="bbox 310 287 413 350">
    <p class='ocr_par' dir='ltr' id='par_1_1' title="bbox 310 287 413 350">
     <span class='ocr_line' id='line_1_1' title="bbox 310 287 413 350; baseline 0.078 -8"><span class='ocrx_word' id='word_1_1' title='bbox 310 287 413 350; x_wconf 63' lang='grc' dir='ltr'>ΓΗ</span> 
     </span>
    </p>
   </div>
   <div class='ocr_carea' id='block_1_2' title="bbox 308 408 841 479">
    <p class='ocr_par' dir='ltr' id='par_1_2' title="bbox 308 408 841 479">
     <span class='ocr_line' id='line_1_2' title="bbox 308 408 841 479; baseline 0.008 -18"><span class='ocrx_word' id='word_1_2' title='bbox 308 408 504 473; x_wconf 82' lang='grc' dir='ltr'>ζεσθαί</span> <span class='ocrx_word' id='word_1_3' title='bbox 532 426 592 461; x_wconf 84' lang='grc' dir='ltr'><strong>τε</strong></span> <span class='ocrx_word' id='word_1_4' title='bbox 618 413 752 479; x_wconf 65' lang='grc' dir='ltr'>φασὶ</span> <span class='ocrx_word' id='word_1_5' title='bbox 781 413 841 465; x_wconf 62' lang='grc' dir='ltr'><strong>τὺ</strong></span> 
     </span>
    </p>
   </div>
   <div class='ocr_carea' id='block_1_3' title="bbox 307 502 1894 592">
    <p class='ocr_par' dir='ltr' id='par_1_3' title="bbox 307 502 1894 592">
     <span class='ocr_line' id='line_1_3' title="bbox 307 502 1894 592; baseline 0.014 -39"><span class='ocrx_word' id='word_1_6' title='bbox 307 502 379 553; x_wconf 67' lang='grc' dir='ltr'><strong>τὰ</strong></span> <span class='ocrx_word' id='word_1_7' title='bbox 405 503 690 572; x_wconf 74' lang='grc' dir='ltr'>ἀλλότρια·</span> <span class='ocrx_word' id='word_1_8' title='bbox 723 508 818 557; x_wconf 77' lang='grc' dir='ltr'>καὶ</span> <span class='ocrx_word' id='word_1_9' title='bbox 861 510 1160 576; x_wconf 67' lang='grc' dir='ltr'>νοσφισμὸν</span> <span class='ocrx_word' id='word_1_10' title='bbox 1211 511 1310 581; x_wconf 74' lang='grc' dir='ltr'>τὴν</span> <span class='ocrx_word' id='word_1_11' title='bbox 1334 515 1593 587; x_wconf 68' lang='grc' dir='ltr'>τοιαύτην</span> <span class='ocrx_word' id='word_1_12' title='bbox 1625 520 1894 592; x_wconf 79' lang='grc' dir='ltr'>ίδιοποέη-</span> 
     </span>
    </p>
   </div>
   <div class='ocr_carea' id='block_1_4' title="bbox 313 595 1896 676">
    <p class='ocr_par' dir='ltr' id='par_1_4' title="bbox 313 595 1896 676">
     <span class='ocr_line' id='line_1_4' title="bbox 313 595 1896 676; baseline 0.013 -31"><span class='ocrx_word' id='word_1_13' title='bbox 313 611 424 646; x_wconf 80' lang='grc' dir='ltr'>σιν⁶</span> <span class='ocrx_word' id='word_1_14' title='bbox 448 595 594 650; x_wconf 85' lang='grc' dir='ltr'>οὑτω</span> <span class='ocrx_word' id='word_1_15' title='bbox 636 597 870 668; x_wconf 75' lang='grc' dir='ltr'>γὰρκαὶ</span> <span class='ocrx_word' id='word_1_16' title='bbox 927 600 1277 667; x_wconf 84' lang='grc' dir='ltr'>νοσφίζεσθαί</span> <span class='ocrx_word' id='word_1_17' title='bbox 1311 622 1394 668; x_wconf 83' lang='grc' dir='ltr'><strong>τις</strong></span> <span class='ocrx_word' id='word_1_18' title='bbox 1446 608 1515 660; x_wconf 82' lang='grc' dir='ltr'>τὰ</span> <span class='ocrx_word' id='word_1_19' title='bbox 1566 610 1675 663; x_wconf 83' lang='grc' dir='ltr'><strong>τῶν</strong></span> <span class='ocrx_word' id='word_1_20' title='bbox 1726 613 1896 676; x_wconf 79' lang='grc' dir='ltr'>πέλας</span> 
     </span>
    </p>
   </div>
   <div class='ocr_carea' id='block_1_5' title="bbox 310 686 1896 775">
    <p class='ocr_par' dir='ltr' id='par_1_5' title="bbox 310 686 1896 775">
     <span class='ocr_line' id='line_1_5' title="bbox 310 686 1896 775; baseline 0.014 -38"><span class='ocrx_word' id='word_1_21' title='bbox 310 686 560 752; x_wconf 76' lang='grc' dir='ltr'>λέγεται,</span> <span class='ocrx_word' id='word_1_22' title='bbox 590 690 685 741; x_wconf 81' lang='grc' dir='ltr'>καὶ</span> <span class='ocrx_word' id='word_1_23' title='bbox 719 693 1024 759; x_wconf 78' lang='grc' dir='ltr'><strong>νοσφισμὸν</strong></span> <span class='ocrx_word' id='word_1_24' title='bbox 1046 695 1324 749; x_wconf 83' lang='grc' dir='ltr'>ποιεῖσθαι</span> <span class='ocrx_word' id='word_1_25' title='bbox 1366 698 1476 751; x_wconf 90' lang='grc' dir='ltr'><strong>τῶν</strong></span> <span class='ocrx_word' id='word_1_26' title='bbox 1507 702 1637 772; x_wconf 78' lang='grc' dir='ltr'>παρ’</span> <span class='ocrx_word' id='word_1_27' title='bbox 1689 704 1896 775; x_wconf 73' lang='grc' dir='ltr'>ἑτέροις</span> 
     </span>
    </p>
   </div>
   <div class='ocr_carea' id='block_1_6' title="bbox 312 779 1895 864">
    <p class='ocr_par' dir='ltr' id='par_1_6' title="bbox 312 779 1895 864">
     <span class='ocr_line' id='line_1_6' title="bbox 312 779 1895 864; baseline 0.012 -31"><span class='ocrx_word' id='word_1_28' title='bbox 312 779 510 833; x_wconf 70' lang='grc' dir='ltr'>όντων·</span> <span class='ocrx_word' id='word_1_29' title='bbox 543 782 637 833; x_wconf 68' lang='grc' dir='ltr'>καὶ</span> <span class='ocrx_word' id='word_1_30' title='bbox 671 780 790 835; x_wconf 77' lang='grc' dir='ltr'>ἔστι</span> <span class='ocrx_word' id='word_1_31' title='bbox 814 783 1061 839; x_wconf 83' lang='grc' dir='ltr'>τοιοῦτον</span> <span class='ocrx_word' id='word_1_32' title='bbox 1095 788 1472 856; x_wconf 76' lang='grc' dir='ltr'><strong>νοσφίζεσθαι,</strong></span> <span class='ocrx_word' id='word_1_33' title='bbox 1514 795 1575 846; x_wconf 75' lang='grc' dir='ltr'><strong>τδ</strong></span> <span class='ocrx_word' id='word_1_34' title='bbox 1618 796 1775 864; x_wconf 80' lang='grc' dir='ltr'>νόσφι</span> <span class='ocrx_word' id='word_1_35' title='bbox 1801 799 1895 852; x_wconf 71' lang='grc' dir='ltr'>καὶ</span> 
     </span>
    </p>
   </div>
   <div class='ocr_carea' id='block_1_7' title="bbox 1104 297 2769 385">
    <p class='ocr_par' dir='ltr' id='par_1_7' title="bbox 1104 297 2769 385">
     <span class='ocr_line' id='line_1_7' title="bbox 1104 297 2769 385; baseline 0.017 -29"><span class='ocrx_word' id='word_1_36' title='bbox 1104 297 1191 358; x_wconf 89' lang='grc' dir='ltr'><strong>ΙΝ</strong></span> <span class='ocrx_word' id='word_1_37' title='bbox 1232 301 1568 366; x_wconf 70' lang='grc' dir='ltr'><strong>ΒΥΜΝΠΜ</strong></span> <span class='ocrx_word' id='word_1_38' title='bbox 1612 307 2267 376; x_wconf 71' lang='lat' dir='ltr'><strong>PENTECOSTALEM</strong></span> <span class='ocrx_word' id='word_1_39' title='bbox 2313 319 2769 385; x_wconf 78' lang='lat' dir='ltr'><strong>DAMASCENL</strong></span> 
     </span>
    </p>
   </div>
   <div class='ocr_carea' id='block_1_8' title="bbox 872 417 1898 513">
    <p class='ocr_par' dir='ltr' id='par_1_8' title="bbox 872 417 1891 485">
     <span class='ocr_line' id='line_1_8' title="bbox 872 417 1891 485; baseline 0.017 -19"><span class='ocrx_word' id='word_1_40' title='bbox 872 417 1296 485; x_wconf 75' lang='grc' dir='ltr'><strong>σφετερίζεσθαι</strong></span> <span class='ocrx_word' id='word_1_41' title='bbox 1361 426 1453 476; x_wconf 67' lang='grc' dir='ltr'>καὶ</span> <span class='ocrx_word' id='word_1_42' title='bbox 1515 425 1891 483; x_wconf 77' lang='grc' dir='ltr'>ίδιοποιεῖσθαι</span> 
     </span>
    </p>
   </div>
   <div class='ocr_carea' id='block_1_9' title="bbox 2004 417 3571 513">
    <p class='ocr_par' dir='ltr' id='par_1_9' title="bbox 2004 436 3571 513">
     <span class='ocr_line' id='line_1_9' title="bbox 2004 436 3571 513; baseline 0.004 -26"><span class='ocrx_word' id='word_1_43' title='bbox 2004 436 2161 490; x_wconf 88' lang='lat' dir='ltr'><strong>talem</strong></span> <span class='ocrx_word' id='word_1_44' title='bbox 2204 437 2369 492; x_wconf 83' lang='lat' dir='ltr'><strong>alieni</strong></span> <span class='ocrx_word' id='word_1_45' title='bbox 2417 442 2833 507; x_wconf 81' lang='lat' dir='ltr'><strong>usurpationem</strong></span> <span class='ocrx_word' id='word_1_46' title='bbox 2886 439 3067 507; x_wconf 89' lang='lat' dir='ltr'><strong>boni;</strong></span> <span class='ocrx_word' id='word_1_47' title='bbox 3122 439 3202 495; x_wconf 89' lang='lat' dir='ltr'><strong>sic</strong></span> <span class='ocrx_word' id='word_1_48' title='bbox 3249 441 3394 495; x_wconf 90' lang='lat' dir='ltr'><strong>enim</strong></span> <span class='ocrx_word' id='word_1_49' title='bbox 3446 445 3571 513; x_wconf 84' lang='lat' dir='ltr'><strong>quis</strong></span> 
     </span>
    </p>
   </div>
   <div class='ocr_carea' id='block_1_10' title="bbox 3467 324 3572 387">
    <p class='ocr_par' dir='ltr' id='par_1_10' title="bbox 3467 324 3572 387">
     <span class='ocr_line' id='line_1_10' title="bbox 3467 324 3572 387; baseline 0 0"><span class='ocrx_word' id='word_1_50' title='bbox 3467 324 3572 387; x_wconf 68' lang='grc' dir='ltr'><strong>5ίέ</strong></span> 
     </span>
    </p>
   </div>
   <div class='ocr_carea' id='block_1_11' title="bbox 2000 532 3573 600">
    <p class='ocr_par' dir='ltr' id='par_1_11' title="bbox 2000 532 3573 600">
     <span class='ocr_line' id='line_1_11' title="bbox 2000 532 3573 600; baseline 0.003 -15"><span class='ocrx_word' id='word_1_51' title='bbox 2000 532 2203 585; x_wconf 87' lang='lat' dir='ltr'><strong>dicitur</strong></span> <span class='ocrx_word' id='word_1_52' title='bbox 2238 532 2591 600; x_wconf 74' lang='grc' dir='ltr'><strong>νοσφίζεσθαι</strong></span> <span class='ocrx_word' id='word_1_53' title='bbox 2631 535 2959 591; x_wconf 80' lang='lat' dir='ltr'><strong>subtrahere</strong></span> <span class='ocrx_word' id='word_1_54' title='bbox 2990 535 3294 589; x_wconf 89' lang='lat' dir='ltr'><strong>vicinorum</strong></span> <span class='ocrx_word' id='word_1_55' title='bbox 3327 537 3486 597; x_wconf 85' lang='lat' dir='ltr'><strong>bona,</strong></span> <span class='ocrx_word' id='word_1_56' title='bbox 3522 547 3573 589; x_wconf 82' lang='lat' dir='ltr'><strong>et</strong></span> 
     </span>
    </p>
   </div>
   <div class='ocr_carea' id='block_1_12' title="bbox 2002 621 3575 693">
    <p class='ocr_par' dir='ltr' id='par_1_12' title="bbox 2002 621 3575 693">
     <span class='ocr_line' id='line_1_12' title="bbox 2002 621 3575 693; baseline 0.004 -19"><span class='ocrx_word' id='word_1_57' title='bbox 2002 621 2205 675; x_wconf 87' lang='lat' dir='ltr'><strong>furtum</strong></span> <span class='ocrx_word' id='word_1_58' title='bbox 2265 623 2446 677; x_wconf 81' lang='lat' dir='ltr'><strong>facere</strong></span> <span class='ocrx_word' id='word_1_59' title='bbox 2478 638 2669 677; x_wconf 78' lang='lat' dir='ltr'><strong>eorum</strong></span> <span class='ocrx_word' id='word_1_60' title='bbox 2698 640 2819 693; x_wconf 74' lang='lat' dir='ltr'><strong>qua:</strong></span> <span class='ocrx_word' id='word_1_61' title='bbox 2851 634 3172 680; x_wconf 74' lang='lat' dir='ltr'><strong>czeterorum</strong></span> <span class='ocrx_word' id='word_1_62' title='bbox 3216 634 3379 690; x_wconf 85' lang='lat' dir='ltr'><strong>sunt;</strong></span> <span class='ocrx_word' id='word_1_63' title='bbox 3419 635 3468 679; x_wconf 91' lang='lat' dir='ltr'><strong>et</strong></span> <span class='ocrx_word' id='word_1_64' title='bbox 3498 624 3575 681; x_wconf 88' lang='lat' dir='ltr'><strong>sic</strong></span> 
     </span>
    </p>
   </div>
   <div class='ocr_carea' id='block_1_13' title="bbox 2003 712 3570 787">
    <p class='ocr_par' dir='ltr' id='par_1_13' title="bbox 2003 712 3570 787">
     <span class='ocr_line' id='line_1_13' title="bbox 2003 712 3570 787; baseline 0.003 -22"><span class='ocrx_word' id='word_1_65' title='bbox 2003 712 2353 783; x_wconf 65' lang='grc' dir='ltr'>νοσφίζεσθαι</span> <span class='ocrx_word' id='word_1_66' title='bbox 2377 715 2647 784; x_wconf 77' lang='lat' dir='ltr'><strong>signiﬁcat</strong></span> <span class='ocrx_word' id='word_1_67' title='bbox 2681 716 2883 783; x_wconf 86' lang='lat' dir='ltr'><strong>aliquid</strong></span> <span class='ocrx_word' id='word_1_68' title='bbox 2927 718 3217 785; x_wconf 61' lang='lat' dir='ltr'><strong>separare;</strong></span> <span class='ocrx_word' id='word_1_69' title='bbox 3241 726 3295 769; x_wconf 81' lang='lat' dir='ltr'><strong>et</strong></span> <span class='ocrx_word' id='word_1_70' title='bbox 3324 718 3513 787; x_wconf 80' lang='lat' dir='ltr'><strong>procul</strong></span> <span class='ocrx_word' id='word_1_71' title='bbox 3542 732 3570 769; x_wconf 90' lang='lat' dir='ltr'><strong>a</strong></span> 
     </span>
    </p>
   </div>
   <div class='ocr_carea' id='block_1_14' title="bbox 2000 800 3574 877">
    <p class='ocr_par' dir='ltr' id='par_1_14' title="bbox 2000 800 3574 877">
     <span class='ocr_line' id='line_1_14' title="bbox 2000 800 3574 877; baseline 0.003 -18"><span class='ocrx_word' id='word_1_72' title='bbox 2000 800 2319 876; x_wconf 81' lang='lat' dir='ltr'><strong>possessore</strong></span> <span class='ocrx_word' id='word_1_73' title='bbox 2356 824 2636 861; x_wconf 81' lang='lat' dir='ltr'><strong>removere</strong></span> <span class='ocrx_word' id='word_1_74' title='bbox 2671 825 2767 877; x_wconf 81' lang='lat' dir='ltr'><strong>per</strong></span> <span class='ocrx_word' id='word_1_75' title='bbox 2797 810 3217 876; x_wconf 78' lang='lat' dir='ltr'><strong>arquisitionem</strong></span> <span class='ocrx_word' id='word_1_76' title='bbox 3253 827 3356 863; x_wconf 91' lang='lat' dir='ltr'><strong>non</strong></span> <span class='ocrx_word' id='word_1_77' title='bbox 3396 810 3574 864; x_wconf 80' lang='lat' dir='ltr'><strong>lauda-</strong></span> 
     </span>
    </p>
   </div>
   <div class='ocr_carea' id='block_1_15' title="bbox 314 868 1898 971">
    <p class='ocr_par' dir='ltr' id='par_1_15' title="bbox 314 868 1897 971">
     <span class='ocr_line' id='line_1_15' title="bbox 314 868 1897 971; baseline 0.016 -54"><span class='ocrx_word' id='word_1_78' title='bbox 314 868 498 971; x_wconf 49' lang='lat' dir='ltr'><strong>xtuptc‘</strong></span> <span class='ocrx_word' id='word_1_79' title='bbox 516 868 611 921; x_wconf 89' lang='grc' dir='ltr'><strong>τοῦ</strong></span> <span class='ocrx_word' id='word_1_80' title='bbox 638 870 855 971; x_wconf 68' lang='grc' dir='ltr'>ἔχοντος</span> <span class='ocrx_word' id='word_1_81' title='bbox 882 874 1123 945; x_wconf 73' lang='grc' dir='ltr'>πρᾶγμά</span> <span class='ocrx_word' id='word_1_82' title='bbox 1154 894 1206 929; x_wconf 92' lang='grc' dir='ltr'><strong>τι</strong></span> <span class='ocrx_word' id='word_1_83' title='bbox 1241 882 1419 936; x_wconf 84' lang='grc' dir='ltr'>ποιεῖν</span> <span class='ocrx_word' id='word_1_84' title='bbox 1449 882 1536 937; x_wconf 74' lang='grc' dir='ltr'><strong>διὰ</strong></span> <span class='ocrx_word' id='word_1_85' title='bbox 1556 886 1897 956; x_wconf 79' lang='grc' dir='ltr'>ὲπικτήσεως</span> 
     </span>
    </p>
   </div>
   <div class='ocr_carea' id='block_1_16' title="bbox 2004 868 2972 971">
    <p class='ocr_par' dir='ltr' id='par_1_16' title="bbox 2004 901 2972 971">
     <span class='ocr_line' id='line_1_16' title="bbox 2004 901 2972 971; baseline -0.001 -15"><span class='ocrx_word' id='word_1_86' title='bbox 2004 903 2184 956; x_wconf 71' lang='lat' dir='ltr'><strong>hilum.</strong></span> <span class='ocrx_word' id='word_1_87' title='bbox 2217 901 2319 956; x_wconf 73' lang='lat' dir='ltr'><strong>Sed</strong></span> <span class='ocrx_word' id='word_1_88' title='bbox 2356 902 2457 955; x_wconf 85' lang='lat' dir='ltr'><strong>hoc</strong></span> <span class='ocrx_word' id='word_1_89' title='bbox 2508 902 2560 955; x_wconf 84' lang='lat' dir='ltr'><strong>in</strong></span> <span class='ocrx_word' id='word_1_90' title='bbox 2594 902 2972 971; x_wconf 82' lang='lat' dir='ltr'><strong>Sequentihus.</strong></span> 
     </span>
    </p>
   </div>
   <div class='ocr_carea' id='block_1_17' title="bbox 316 957 1871 1042">
    <p class='ocr_par' dir='ltr' id='par_1_17' title="bbox 316 957 1871 1042">
     <span class='ocr_line' id='line_1_17' title="bbox 316 957 1871 1042; baseline 0.018 -35"><span class='ocrx_word' id='word_1_91' title='bbox 316 958 422 1010; x_wconf 88' lang='grc' dir='ltr'><strong>οὑκ</strong></span> <span class='ocrx_word' id='word_1_92' title='bbox 480 957 797 1031; x_wconf 77' lang='grc' dir='ltr'>ὲπαινετῆς.</span> <span class='ocrx_word' id='word_1_93' title='bbox 879 964 1036 1019; x_wconf 80' lang='grc' dir='ltr'>Ἀλλὰ</span> <span class='ocrx_word' id='word_1_94' title='bbox 1092 967 1253 1023; x_wconf 87' lang='grc' dir='ltr'>τοῦτο</span> <span class='ocrx_word' id='word_1_95' title='bbox 1314 974 1414 1042; x_wconf 73' lang='grc' dir='ltr'>μὲν</span> <span class='ocrx_word' id='word_1_96' title='bbox 1464 976 1522 1029; x_wconf 77' lang='grc' dir='ltr'>ἐν</span> <span class='ocrx_word' id='word_1_97' title='bbox 1574 980 1685 1040; x_wconf 79' lang='grc' dir='ltr'>τοῖς</span> <span class='ocrx_word' id='word_1_98' title='bbox 1739 977 1871 1035; x_wconf 76' lang='grc' dir='ltr'>ὕστε</span> 
     </span>
    </p>
   </div>
   <div class='ocr_carea' id='block_1_18' title="bbox 319 1063 432 1116">
    <p class='ocr_par' dir='ltr' id='par_1_18' title="bbox 319 1063 432 1116">
     <span class='ocr_line' id='line_1_18' title="bbox 319 1063 432 1116; baseline 0.009 -16"><span class='ocrx_word' id='word_1_99' title='bbox 319 1063 432 1116; x_wconf 86' lang='grc' dir='ltr'>ρον.</span> 
     </span>
    </p>
   </div>
   <div class='ocr_carea' id='block_1_19' title="bbox 389 1139 1890 1230">
    <p class='ocr_par' dir='ltr' id='par_1_19' title="bbox 389 1139 1890 1230">
     <span class='ocr_line' id='line_1_19' title="bbox 389 1139 1890 1230; baseline 0.017 -38"><span class='ocrx_word' id='word_1_100' title='bbox 389 1139 501 1204; x_wconf 84' lang='grc' dir='ltr'>κγ’.</span> <span class='ocrx_word' id='word_1_101' title='bbox 544 1142 605 1195; x_wconf 87' lang='lat'><strong>&#39;0</strong></span> <span class='ocrx_word' id='word_1_102' title='bbox 624 1142 683 1196; x_wconf 63' lang='grc' dir='ltr'>δὲ</span> <span class='ocrx_word' id='word_1_103' title='bbox 708 1143 818 1197; x_wconf 83' lang='grc' dir='ltr'><strong>τῶν</strong></span> <span class='ocrx_word' id='word_1_104' title='bbox 852 1147 985 1216; x_wconf 86' lang='grc' dir='ltr'>παρ’</span> <span class='ocrx_word' id='word_1_105' title='bbox 1013 1149 1243 1221; x_wconf 83' lang='grc' dir='ltr'>Ἕλλησι</span> <span class='ocrx_word' id='word_1_106' title='bbox 1294 1158 1534 1228; x_wconf 83' lang='grc' dir='ltr'>ποιητῶν</span> <span class='ocrx_word' id='word_1_107' title='bbox 1563 1159 1890 1230; x_wconf 78' lang='grc' dir='ltr'><strong>πρώτιστος,</strong></span> 
     </span>
    </p>
   </div>
   <div class='ocr_carea' id='block_1_20' title="bbox 314 1230 1893 1309">
    <p class='ocr_par' dir='ltr' id='par_1_20' title="bbox 314 1230 1893 1309">
     <span class='ocr_line' id='line_1_20' title="bbox 314 1230 1893 1309; baseline 0.017 -27"><span class='ocrx_word' id='word_1_108' title='bbox 314 1230 377 1283; x_wconf 80' lang='grc' dir='ltr'>τὸ</span> <span class='ocrx_word' id='word_1_109' title='bbox 402 1233 760 1299; x_wconf 74' lang='grc' dir='ltr'>νοσφίζεσθαι</span> <span class='ocrx_word' id='word_1_110' title='bbox 785 1237 1003 1309; x_wconf 82' lang='grc' dir='ltr'>τίθησιν</span> <span class='ocrx_word' id='word_1_111' title='bbox 1033 1242 1128 1295; x_wconf 74' lang='grc' dir='ltr'><strong>ἐπὶ</strong></span> <span class='ocrx_word' id='word_1_112' title='bbox 1154 1244 1361 1300; x_wconf 74' lang='grc' dir='ltr'>ἔννοιαν</span> <span class='ocrx_word' id='word_1_113' title='bbox 1392 1251 1587 1306; x_wconf 80' lang='grc' dir='ltr'>ὁποίαν</span> <span class='ocrx_word' id='word_1_114' title='bbox 1607 1267 1623 1282; x_wconf 74' lang='grc' dir='ltr'><strong>ο</strong></span> <span class='ocrx_word' id='word_1_115' title='bbox 1657 1249 1765 1307; x_wconf 77' lang='grc' dir='ltr'>οἶδε</span> <span class='ocrx_word' id='word_1_116' title='bbox 1798 1255 1893 1309; x_wconf 76' lang='grc' dir='ltr'>καὶ</span> 
     </span>
    </p>
   </div>
   <div class='ocr_carea' id='block_1_21' title="bbox 319 1317 1894 1419">
    <p class='ocr_par' dir='ltr' id='par_1_21' title="bbox 319 1317 1894 1419">
     <span class='ocr_line' id='line_1_21' title="bbox 319 1317 1894 1419; baseline 0.017 -47"><span class='ocrx_word' id='word_1_117' title='bbox 319 1320 528 1419; x_wconf 32' lang='grc' dir='ltr'>δίεῌρδς</span> <span class='ocrx_word' id='word_1_118' title='bbox 584 1317 740 1419; x_wconf 74' lang='grc' dir='ltr'>οὗτος</span> <span class='ocrx_word' id='word_1_119' title='bbox 791 1328 1051 1400; x_wconf 83' lang='grc' dir='ltr'>μελῳδός,</span> <span class='ocrx_word' id='word_1_120' title='bbox 1102 1334 1476 1419; x_wconf 57' lang='grc' dir='ltr'>Νησφίζεοθαι</span> <span class='ocrx_word' id='word_1_121' title='bbox 1532 1342 1666 1414; x_wconf 85' lang='grc' dir='ltr'>γὰρ,</span> <span class='ocrx_word' id='word_1_122' title='bbox 1725 1346 1894 1415; x_wconf 81' lang='grc' dir='ltr'>φησὶν</span> 
     </span>
    </p>
   </div>
   <div class='ocr_carea' id='block_1_22' title="bbox 321 1413 1894 1511">
    <p class='ocr_par' dir='ltr' id='par_1_22' title="bbox 321 1413 1894 1511">
     <span class='ocr_line' id='line_1_22' title="bbox 321 1413 1894 1511; baseline 0.018 -47"><span class='ocrx_word' id='word_1_123' title='bbox 321 1413 556 1511; x_wconf 65' lang='grc' dir='ltr'>ἐκεῖνος.</span> <span class='ocrx_word' id='word_1_124' title='bbox 584 1417 779 1489; x_wconf 76' lang='grc' dir='ltr'>ἀνδρὸς</span> <span class='ocrx_word' id='word_1_125' title='bbox 807 1425 1043 1487; x_wconf 81' lang='grc' dir='ltr'>γυναῖκα</span> <span class='ocrx_word' id='word_1_126' title='bbox 1087 1413 1183 1479; x_wconf 62' lang='grc' dir='ltr'>καῖ</span> <span class='ocrx_word' id='word_1_127' title='bbox 1214 1426 1511 1503; x_wconf 81' lang='grc' dir='ltr'><strong>θυγατέρα,</strong></span> <span class='ocrx_word' id='word_1_128' title='bbox 1549 1436 1579 1489; x_wconf 85' lang='grc' dir='ltr'>ὅ</span> <span class='ocrx_word' id='word_1_129' title='bbox 1611 1413 1761 1490; x_wconf 66' lang='grc' dir='ltr'>εστιν</span> <span class='ocrx_word' id='word_1_130' title='bbox 1788 1413 1894 1511; x_wconf 77' lang='grc' dir='ltr'>ίδία</span> 
     </span>
    </p>
   </div>
   <div class='ocr_carea' id='block_1_23' title="bbox 319 1507 1893 1598">
    <p class='ocr_par' dir='ltr' id='par_1_23' title="bbox 319 1507 1893 1598">
     <span class='ocr_line' id='line_1_23' title="bbox 319 1507 1893 1598; baseline 0.018 -40"><span class='ocrx_word' id='word_1_131' title='bbox 319 1507 696 1598; x_wconf 71' lang='grc' dir='ltr'>καθεσθῆναιο</span> <span class='ocrx_word' id='word_1_132' title='bbox 733 1514 830 1567; x_wconf 78' lang='grc' dir='ltr'><strong>καὶ</strong></span> <span class='ocrx_word' id='word_1_133' title='bbox 897 1519 1134 1582; x_wconf 76' lang='grc' dir='ltr'>γυναῖκα</span> <span class='ocrx_word' id='word_1_134' title='bbox 1197 1525 1541 1590; x_wconf 82' lang='grc' dir='ltr'>φονεύσασαν</span> <span class='ocrx_word' id='word_1_135' title='bbox 1595 1528 1768 1598; x_wconf 74' lang='grc' dir='ltr'>ἄνδρα</span> <span class='ocrx_word' id='word_1_136' title='bbox 1800 1507 1893 1586; x_wconf 79' lang='grc' dir='ltr'>τὸν</span> 
     </span>
    </p>
   </div>
   <div class='ocr_carea' id='block_1_24' title="bbox 318 1597 1893 1682">
    <p class='ocr_par' dir='ltr' id='par_1_24' title="bbox 318 1597 1893 1682">
     <span class='ocr_line' id='line_1_24' title="bbox 318 1597 1893 1682; baseline 0.016 -31"><span class='ocrx_word' id='word_1_137' title='bbox 318 1597 525 1667; x_wconf 66' lang='grc' dir='ltr'>εαυτῆς</span> <span class='ocrx_word' id='word_1_138' title='bbox 552 1603 911 1669; x_wconf 77' lang='grc' dir='ltr'>νοσφίσασθαι</span> <span class='ocrx_word' id='word_1_139' title='bbox 942 1608 1153 1665; x_wconf 61' lang='grc' dir='ltr'>ὲκείνου</span> <span class='ocrx_word' id='word_1_140' title='bbox 1182 1613 1434 1682; x_wconf 75' lang='grc' dir='ltr'><strong>κειμένου</strong></span> <span class='ocrx_word' id='word_1_141' title='bbox 1463 1617 1559 1671; x_wconf 78' lang='grc' dir='ltr'>καὶ</span> <span class='ocrx_word' id='word_1_142' title='bbox 1583 1618 1664 1673; x_wconf 74' lang='grc' dir='ltr'>ἔτι</span> <span class='ocrx_word' id='word_1_143' title='bbox 1689 1597 1893 1675; x_wconf 63' lang='grc' dir='ltr'>ἀσπαί-</span> 
     </span>
    </p>
   </div>
   <div class='ocr_carea' id='block_1_25' title="bbox 316 1694 1892 1782">
    <p class='ocr_par' dir='ltr' id='par_1_25' title="bbox 316 1694 1892 1782">
     <span class='ocr_line' id='line_1_25' title="bbox 316 1694 1892 1782; baseline 0.017 -42"><span class='ocrx_word' id='word_1_144' title='bbox 316 1704 533 1782; x_wconf 78' lang='grc' dir='ltr'>ροντος·</span> <span class='ocrx_word' id='word_1_145' title='bbox 558 1694 793 1758; x_wconf 73' lang='grc' dir='ltr'>ἐκείναις</span> <span class='ocrx_word' id='word_1_146' title='bbox 814 1697 870 1782; x_wconf 71' lang='grc' dir='ltr'>δὲ</span> <span class='ocrx_word' id='word_1_147' title='bbox 907 1701 1028 1764; x_wconf 82' lang='grc' dir='ltr'>ταῖς</span> <span class='ocrx_word' id='word_1_148' title='bbox 1053 1703 1317 1772; x_wconf 75' lang='grc' dir='ltr'>χρήσεσιν</span> <span class='ocrx_word' id='word_1_149' title='bbox 1340 1707 1713 1781; x_wconf 70' lang='grc' dir='ltr'>ἀκολουθήσας</span> <span class='ocrx_word' id='word_1_150' title='bbox 1732 1712 1892 1782; x_wconf 82' lang='grc' dir='ltr'>ἀκρι-</span> 
     </span>
    </p>
   </div>
   <div class='ocr_carea' id='block_1_26' title="bbox 316 1768 1969 1872">
    <p class='ocr_par' dir='ltr' id='par_1_26' title="bbox 316 1768 1969 1872">
     <span class='ocr_line' id='line_1_26' title="bbox 316 1768 1969 1872; baseline 0.014 -39"><span class='ocrx_word' id='word_1_151' title='bbox 316 1780 433 1845; x_wconf 72' lang='grc' dir='ltr'>ϐῶς</span> <span class='ocrx_word' id='word_1_152' title='bbox 463 1782 492 1834; x_wconf 87' lang='grc' dir='ltr'><strong>ό</strong></span> <span class='ocrx_word' id='word_1_153' title='bbox 534 1783 755 1854; x_wconf 81' lang='grc' dir='ltr'>ίερῳδὸς</span> <span class='ocrx_word' id='word_1_154' title='bbox 783 1780 959 1854; x_wconf 73' lang='grc' dir='ltr'>οὗτος,</span> <span class='ocrx_word' id='word_1_155' title='bbox 998 1768 1300 1862; x_wconf 74' lang='grc' dir='ltr'>νοσφισμὸν</span> <span class='ocrx_word' id='word_1_156' title='bbox 1335 1794 1438 1866; x_wconf 81' lang='grc' dir='ltr'>εφη</span> <span class='ocrx_word' id='word_1_157' title='bbox 1478 1768 1895 1872; x_wconf 36' lang='grc' dir='ltr'>τὴνυάναχώρη-</span> <span class='ocrx_word' id='word_1_158' title='bbox 1924 1768 1969 1824; x_wconf 67' lang='grc' dir='ltr'><strong>Β</strong></span> 
     </span>
    </p>
   </div>
   <div class='ocr_carea' id='block_1_27' title="bbox 317 1875 1895 1964">
    <p class='ocr_par' dir='ltr' id='par_1_27' title="bbox 317 1875 1895 1964">
     <span class='ocr_line' id='line_1_27' title="bbox 317 1875 1895 1964; baseline 0.016 -38"><span class='ocrx_word' id='word_1_159' title='bbox 317 1890 429 1941; x_wconf 88' lang='grc' dir='ltr'>σιν,</span> <span class='ocrx_word' id='word_1_160' title='bbox 465 1875 494 1929; x_wconf 84' lang='grc' dir='ltr'><strong>ὃ</strong></span> <span class='ocrx_word' id='word_1_161' title='bbox 524 1878 643 1932; x_wconf 81' lang='grc' dir='ltr'>ἐστι</span> <span class='ocrx_word' id='word_1_162' title='bbox 668 1880 760 1932; x_wconf 75' lang='grc' dir='ltr'><strong>τὸν</strong></span> <span class='ocrx_word' id='word_1_163' title='bbox 798 1884 1100 1955; x_wconf 79' lang='grc' dir='ltr'>χωρισμὸν,</span> <span class='ocrx_word' id='word_1_164' title='bbox 1130 1887 1192 1940; x_wconf 82' lang='grc' dir='ltr'>τὸ</span> <span class='ocrx_word' id='word_1_165' title='bbox 1217 1887 1378 1958; x_wconf 84' lang='grc' dir='ltr'>νόσφι</span> <span class='ocrx_word' id='word_1_166' title='bbox 1406 1890 1610 1962; x_wconf 76' lang='grc' dir='ltr'>δηλαδὴ</span> <span class='ocrx_word' id='word_1_167' title='bbox 1638 1895 1895 1964; x_wconf 75' lang='grc' dir='ltr'>γενέσθαι</span> 
     </span>
    </p>
   </div>
   <div class='ocr_carea' id='block_1_28' title="bbox 314 1967 1896 2055">
    <p class='ocr_par' dir='ltr' id='par_1_28' title="bbox 314 1967 1896 2055">
     <span class='ocr_line' id='line_1_28' title="bbox 314 1967 1896 2055; baseline 0.017 -38"><span class='ocrx_word' id='word_1_168' title='bbox 314 1967 427 2020; x_wconf 84' lang='grc' dir='ltr'><strong>τῶν</strong></span> <span class='ocrx_word' id='word_1_169' title='bbox 458 1968 754 2040; x_wconf 73' lang='grc' dir='ltr'>όμιλητῶνο</span> <span class='ocrx_word' id='word_1_170' title='bbox 785 1975 844 2027; x_wconf 79' lang='grc' dir='ltr'><strong>τὸ</strong></span> <span class='ocrx_word' id='word_1_171' title='bbox 872 1976 927 2030; x_wconf 71' lang='grc' dir='ltr'><strong>δι</strong></span> <span class='ocrx_word' id='word_1_172' title='bbox 955 1978 1100 2048; x_wconf 81' lang='grc' dir='ltr'>ὑμῖν</span> <span class='ocrx_word' id='word_1_173' title='bbox 1150 1982 1404 2052; x_wconf 81' lang='grc' dir='ltr'>ἀσφαλῶς</span> <span class='ocrx_word' id='word_1_174' title='bbox 1428 1983 1542 2055; x_wconf 73' lang='grc' dir='ltr'>ἔχοι</span> <span class='ocrx_word' id='word_1_175' title='bbox 1596 1988 1662 2041; x_wconf 81' lang='grc' dir='ltr'>ἂν</span> <span class='ocrx_word' id='word_1_176' title='bbox 1687 1989 1779 2042; x_wconf 73' lang='grc' dir='ltr'>καὶ</span> <span class='ocrx_word' id='word_1_177' title='bbox 1807 1990 1896 2044; x_wconf 79' lang='grc' dir='ltr'><strong>διὰ</strong></span> 
     </span>
    </p>
   </div>
   <div class='ocr_carea' id='block_1_29' title="bbox 313 2060 1898 2144">
    <p class='ocr_par' dir='ltr' id='par_1_29' title="bbox 313 2060 1898 2144">
     <span class='ocr_line' id='line_1_29' title="bbox 313 2060 1898 2144; baseline 0.015 -33"><span class='ocrx_word' id='word_1_178' title='bbox 313 2060 472 2131; x_wconf 88' lang='grc' dir='ltr'>τοῦη</span> <span class='ocrx_word' id='word_1_179' title='bbox 527 2066 895 2136; x_wconf 81' lang='grc' dir='ltr'>γραφόμενον,</span> <span class='ocrx_word' id='word_1_180' title='bbox 953 2070 1044 2125; x_wconf 82' lang='grc' dir='ltr'>ῐνα</span> <span class='ocrx_word' id='word_1_181' title='bbox 1106 2075 1447 2144; x_wconf 85' lang='grc' dir='ltr'>συνεισάγων</span> <span class='ocrx_word' id='word_1_182' title='bbox 1503 2078 1598 2131; x_wconf 78' lang='grc' dir='ltr'>καὶ</span> <span class='ocrx_word' id='word_1_183' title='bbox 1650 2079 1898 2135; x_wconf 78' lang='grc' dir='ltr'>ἑαυτὸνό</span> 
     </span>
    </p>
   </div>
   <div class='ocr_carea' id='block_1_30' title="bbox 315 2154 1893 2239">
    <p class='ocr_par' dir='ltr' id='par_1_30' title="bbox 315 2154 1893 2239">
     <span class='ocr_line' id='line_1_30' title="bbox 315 2154 1893 2239; baseline 0.012 -33"><span class='ocrx_word' id='word_1_184' title='bbox 315 2154 536 2226; x_wconf 81' lang='grc' dir='ltr'>Σωτὴρ,</span> <span class='ocrx_word' id='word_1_185' title='bbox 565 2156 700 2229; x_wconf 79' lang='grc' dir='ltr'>λέγῃ</span> <span class='ocrx_word' id='word_1_186' title='bbox 729 2157 804 2220; x_wconf 85' lang='grc' dir='ltr'>ὠς</span> <span class='ocrx_word' id='word_1_187' title='bbox 850 2159 990 2214; x_wconf 86' lang='grc' dir='ltr'>Οὑτε</span> <span class='ocrx_word' id='word_1_188' title='bbox 1025 2162 1134 2230; x_wconf 81' lang='grc' dir='ltr'><strong>ἐγὼ</strong></span> <span class='ocrx_word' id='word_1_189' title='bbox 1183 2164 1338 2234; x_wconf 87' lang='grc' dir='ltr'>ὑμῶν</span> <span class='ocrx_word' id='word_1_190' title='bbox 1364 2167 1604 2235; x_wconf 78' lang='grc' dir='ltr'>ἐμαυτὸν</span> <span class='ocrx_word' id='word_1_191' title='bbox 1653 2170 1893 2239; x_wconf 84' lang='grc' dir='ltr'>χωρίσω,</span> 
     </span>
    </p>
   </div>
   <div class='ocr_carea' id='block_1_31' title="bbox 316 2242 1896 2326">
    <p class='ocr_par' dir='ltr' id='par_1_31' title="bbox 316 2242 1896 2326">
     <span class='ocr_line' id='line_1_31' title="bbox 316 2242 1896 2326; baseline 0.011 -32"><span class='ocrx_word' id='word_1_192' title='bbox 316 2242 444 2297; x_wconf 83' lang='grc' dir='ltr'>οὑτε</span> <span class='ocrx_word' id='word_1_193' title='bbox 478 2245 641 2314; x_wconf 82' lang='grc' dir='ltr'>ὑμεῖς</span> <span class='ocrx_word' id='word_1_194' title='bbox 674 2248 810 2316; x_wconf 74' lang='grc' dir='ltr'>ἐμοῦ</span> <span class='ocrx_word' id='word_1_195' title='bbox 872 2252 1202 2321; x_wconf 84' lang='grc' dir='ltr'>χωρίσεσθε.</span> <span class='ocrx_word' id='word_1_196' title='bbox 1261 2254 1324 2307; x_wconf 82' lang='lat' dir='ltr'><strong>Et</strong></span> <span class='ocrx_word' id='word_1_197' title='bbox 1370 2256 1478 2326; x_wconf 85' lang='grc' dir='ltr'>γὰρ</span> <span class='ocrx_word' id='word_1_198' title='bbox 1511 2257 1655 2314; x_wconf 79' lang='grc' dir='ltr'>κατὰ</span> <span class='ocrx_word' id='word_1_199' title='bbox 1703 2258 1796 2312; x_wconf 81' lang='grc' dir='ltr'><strong>τὸν</strong></span> <span class='ocrx_word' id='word_1_200' title='bbox 1818 2260 1896 2311; x_wconf 88' lang='grc' dir='ltr'>εί-</span> 
     </span>
    </p>
   </div>
   <div class='ocr_carea' id='block_1_32' title="bbox 318 2335 1895 2417">
    <p class='ocr_par' dir='ltr' id='par_1_32' title="bbox 318 2335 1895 2417">
     <span class='ocr_line' id='line_1_32' title="bbox 318 2335 1895 2417; baseline 0.01 -30"><span class='ocrx_word' id='word_1_201' title='bbox 318 2335 496 2389; x_wconf 85' lang='grc' dir='ltr'>πόντα</span> <span class='ocrx_word' id='word_1_202' title='bbox 527 2337 588 2390; x_wconf 81' lang='grc' dir='ltr'><strong>τὸ</strong></span> <span class='ocrx_word' id='word_1_203' title='bbox 619 2337 944 2409; x_wconf 81' lang='grc' dir='ltr'>διαζευγνὺν</span> <span class='ocrx_word' id='word_1_204' title='bbox 983 2343 1078 2397; x_wconf 88' lang='grc' dir='ltr'><strong>τοῦ</strong></span> <span class='ocrx_word' id='word_1_205' title='bbox 1132 2345 1520 2415; x_wconf 77' lang='grc' dir='ltr'>διεζευγμένου</span> <span class='ocrx_word' id='word_1_206' title='bbox 1565 2348 1895 2417; x_wconf 76' lang='grc' dir='ltr'>διέζευκται,</span> 
     </span>
    </p>
   </div>
   <div class='ocr_carea' id='block_1_33' title="bbox 317 2426 1897 2511">
    <p class='ocr_par' dir='ltr' id='par_1_33' title="bbox 317 2426 1897 2511">
     <span class='ocr_line' id='line_1_33' title="bbox 317 2426 1897 2511; baseline 0.01 -32"><span class='ocrx_word' id='word_1_207' title='bbox 317 2427 422 2481; x_wconf 83' lang='grc' dir='ltr'><strong>οὑκ</strong></span> <span class='ocrx_word' id='word_1_208' title='bbox 455 2426 523 2482; x_wconf 75' lang='grc' dir='ltr'>ἂν</span> <span class='ocrx_word' id='word_1_209' title='bbox 552 2430 701 2493; x_wconf 80' lang='grc' dir='ltr'>εἰκὸς</span> <span class='ocrx_word' id='word_1_210' title='bbox 730 2433 816 2500; x_wconf 81' lang='grc' dir='ltr'>εῐη</span> <span class='ocrx_word' id='word_1_211' title='bbox 848 2434 969 2487; x_wconf 77' lang='grc' dir='ltr'>οὑδὲ</span> <span class='ocrx_word' id='word_1_212' title='bbox 1001 2435 1250 2500; x_wconf 79' lang='grc' dir='ltr'>δυνατὸν,</span> <span class='ocrx_word' id='word_1_213' title='bbox 1288 2437 1422 2507; x_wconf 72' lang='grc' dir='ltr'>ῑμοῦ</span> <span class='ocrx_word' id='word_1_214' title='bbox 1471 2439 1590 2509; x_wconf 87' lang='grc' dir='ltr'>μεθ’</span> <span class='ocrx_word' id='word_1_215' title='bbox 1627 2440 1781 2511; x_wconf 88' lang='grc' dir='ltr'>ὑμῶν</span> <span class='ocrx_word' id='word_1_216' title='bbox 1805 2442 1897 2494; x_wconf 69' lang='grc' dir='ltr'>δνκ</span> 
     </span>
    </p>
   </div>
   <div class='ocr_carea' id='block_1_34' title="bbox 322 2521 1896 2599">
    <p class='ocr_par' dir='ltr' id='par_1_34' title="bbox 322 2521 1896 2599">
     <span class='ocr_line' id='line_1_34' title="bbox 322 2521 1896 2599; baseline 0.011 -27"><span class='ocrx_word' id='word_1_217' title='bbox 322 2537 438 2583; x_wconf 88' lang='grc' dir='ltr'>τος,</span> <span class='ocrx_word' id='word_1_218' title='bbox 475 2521 552 2591; x_wconf 78' lang='grc' dir='ltr'>μὴ</span> <span class='ocrx_word' id='word_1_219' title='bbox 588 2524 683 2576; x_wconf 72' lang='grc' dir='ltr'>καὶ</span> <span class='ocrx_word' id='word_1_220' title='bbox 715 2525 862 2593; x_wconf 79' lang='grc' dir='ltr'>ὑμᾶς</span> <span class='ocrx_word' id='word_1_221' title='bbox 907 2528 1027 2596; x_wconf 81' lang='grc' dir='ltr'>μετ’</span> <span class='ocrx_word' id='word_1_222' title='bbox 1069 2529 1203 2599; x_wconf 72' lang='grc' dir='ltr'>ἐμοῦ</span> <span class='ocrx_word' id='word_1_223' title='bbox 1252 2526 1417 2594; x_wconf 75' lang='grc' dir='ltr'>εἶναι,</span> <span class='ocrx_word' id='word_1_224' title='bbox 1450 2533 1543 2585; x_wconf 77' lang='grc' dir='ltr'>καὶ</span> <span class='ocrx_word' id='word_1_225' title='bbox 1592 2533 1653 2587; x_wconf 78' lang='grc' dir='ltr'><strong>τὸ</strong></span> <span class='ocrx_word' id='word_1_226' title='bbox 1683 2535 1896 2589; x_wconf 80' lang='grc' dir='ltr'>ἀνάπα-</span> 
     </span>
    </p>
   </div>
   <div class='ocr_carea' id='block_1_35' title="bbox 320 2611 1890 2696">
    <p class='ocr_par' dir='ltr' id='par_1_35' title="bbox 320 2611 1890 2696">
     <span class='ocr_line' id='line_1_35' title="bbox 320 2611 1890 2696; baseline 0.009 -31"><span class='ocrx_word' id='word_1_227' title='bbox 320 2611 423 2668; x_wconf 87' lang='grc' dir='ltr'>λιν.</span> <span class='ocrx_word' id='word_1_228' title='bbox 477 2614 664 2670; x_wconf 75' lang='grc' dir='ltr'>Αἴτιον</span> <span class='ocrx_word' id='word_1_229' title='bbox 685 2617 742 2669; x_wconf 71' lang='grc' dir='ltr'>δὲ</span> <span class='ocrx_word' id='word_1_230' title='bbox 772 2618 863 2671; x_wconf 84' lang='grc' dir='ltr'><strong>τοῦ</strong></span> <span class='ocrx_word' id='word_1_231' title='bbox 896 2620 1142 2675; x_wconf 73' lang='grc' dir='ltr'>τοιούτου</span> <span class='ocrx_word' id='word_1_232' title='bbox 1178 2622 1253 2692; x_wconf 80' lang='grc' dir='ltr'>μὴ</span> <span class='ocrx_word' id='word_1_233' title='bbox 1281 2624 1592 2694; x_wconf 79' lang='grc' dir='ltr'>νοσφισμοῦ</span> <span class='ocrx_word' id='word_1_234' title='bbox 1627 2626 1663 2696; x_wconf 80' lang='grc' dir='ltr'><strong>ἡ</strong></span> <span class='ocrx_word' id='word_1_235' title='bbox 1693 2626 1848 2694; x_wconf 89' lang='grc' dir='ltr'>φιλία</span> <span class='ocrx_word' id='word_1_236' title='bbox 1874 2642 1890 2658; x_wconf 67' lang='grc' dir='ltr'><strong>θ</strong></span> 
     </span>
    </p>
   </div>
   <div class='ocr_carea' id='block_1_36' title="bbox 322 2705 1901 2783">
    <p class='ocr_par' dir='ltr' id='par_1_36' title="bbox 322 2705 1901 2783">
     <span class='ocr_line' id='line_1_36' title="bbox 322 2705 1901 2783; baseline 0.009 -27"><span class='ocrx_word' id='word_1_237' title='bbox 322 2705 444 2758; x_wconf 73' lang='grc' dir='ltr'>ἐπεὶ</span> <span class='ocrx_word' id='word_1_238' title='bbox 501 2707 611 2777; x_wconf 82' lang='grc' dir='ltr'><strong>γὰρ</strong></span> <span class='ocrx_word' id='word_1_239' title='bbox 661 2706 922 2782; x_wconf 72' lang='grc' dir='ltr'>διἀὑτὴν</span> <span class='ocrx_word' id='word_1_240' title='bbox 955 2712 1109 2783; x_wconf 88' lang='grc' dir='ltr'>ὑμῶν</span> <span class='ocrx_word' id='word_1_241' title='bbox 1138 2730 1198 2767; x_wconf 87' lang='grc' dir='ltr'><strong>τε</strong></span> <span class='ocrx_word' id='word_1_242' title='bbox 1249 2713 1483 2779; x_wconf 73' lang='grc' dir='ltr'>ἕκαστος</span> <span class='ocrx_word' id='word_1_243' title='bbox 1540 2716 1699 2781; x_wconf 76' lang='grc' dir='ltr'>ἄλλος</span> <span class='ocrx_word' id='word_1_244' title='bbox 1753 2718 1901 2772; x_wconf 76' lang='grc' dir='ltr'>ἐστιν</span> 
     </span>
    </p>
   </div>
   <div class='ocr_carea' id='block_1_37' title="bbox 2067 1166 3572 1237">
    <p class='ocr_par' dir='ltr' id='par_1_37' title="bbox 2067 1166 3572 1237">
     <span class='ocr_line' id='line_1_37' title="bbox 2067 1166 3572 1237; baseline -0.001 -14"><span class='ocrx_word' id='word_1_245' title='bbox 2067 1169 2158 1224; x_wconf 73' lang='lat'><strong>23.</strong></span> <span class='ocrx_word' id='word_1_246' title='bbox 2200 1167 2460 1234; x_wconf 81' lang='lat' dir='ltr'><strong>Princeps</strong></span> <span class='ocrx_word' id='word_1_247' title='bbox 2492 1166 2806 1222; x_wconf 64' lang='lat' dir='ltr'><strong>Graecorum</strong></span> <span class='ocrx_word' id='word_1_248' title='bbox 2852 1178 3133 1237; x_wconf 85' lang='lat' dir='ltr'><strong>poetarum</strong></span> <span class='ocrx_word' id='word_1_249' title='bbox 3168 1167 3310 1221; x_wconf 90' lang='lat' dir='ltr'><strong>idem</strong></span> <span class='ocrx_word' id='word_1_250' title='bbox 3348 1168 3572 1222; x_wconf 89' lang='lat' dir='ltr'><strong>verbum</strong></span> 
     </span>
    </p>
   </div>
   <div class='ocr_carea' id='block_1_38' title="bbox 1998 1254 3574 1328">
    <p class='ocr_par' dir='ltr' id='par_1_38' title="bbox 1998 1254 3574 1328">
     <span class='ocr_line' id='line_1_38' title="bbox 1998 1254 3574 1328; baseline -0.002 -14"><span class='ocrx_word' id='word_1_251' title='bbox 1998 1260 2104 1314; x_wconf 85' lang='lat' dir='ltr'><strong>hac</strong></span> <span class='ocrx_word' id='word_1_252' title='bbox 2159 1269 2340 1314; x_wconf 83' lang='lat' dir='ltr'><strong>mente</strong></span> <span class='ocrx_word' id='word_1_253' title='bbox 2389 1259 2614 1328; x_wconf 82' lang='lat' dir='ltr'><strong>accipit,</strong></span> <span class='ocrx_word' id='word_1_254' title='bbox 2675 1254 2819 1312; x_wconf 82' lang='lat' dir='ltr'><strong>sicut</strong></span> <span class='ocrx_word' id='word_1_255' title='bbox 2887 1262 3039 1314; x_wconf 85' lang='lat' dir='ltr'><strong>novit</strong></span> <span class='ocrx_word' id='word_1_256' title='bbox 3100 1266 3329 1314; x_wconf 87' lang='lat' dir='ltr'><strong>sanctus</strong></span> <span class='ocrx_word' id='word_1_257' title='bbox 3387 1268 3574 1313; x_wconf 79' lang='lat' dir='ltr'><strong>noster</strong></span> 
     </span>
    </p>
   </div>
   <div class='ocr_carea' id='block_1_39' title="bbox 1996 1349 3573 1417">
    <p class='ocr_par' dir='ltr' id='par_1_39' title="bbox 1996 1349 3573 1417">
     <span class='ocr_line' id='line_1_39' title="bbox 1996 1349 3573 1417; baseline 0 -14"><span class='ocrx_word' id='word_1_258' title='bbox 1996 1357 2229 1416; x_wconf 81' lang='lat' dir='ltr'><strong>auctor;</strong></span> <span class='ocrx_word' id='word_1_259' title='bbox 2289 1349 2667 1416; x_wconf 77' lang='grc' dir='ltr'>νοσφίζεσθαι,</span> <span class='ocrx_word' id='word_1_260' title='bbox 2709 1350 2786 1404; x_wconf 86' lang='lat' dir='ltr'><strong>ait</strong></span> <span class='ocrx_word' id='word_1_261' title='bbox 2822 1350 2937 1417; x_wconf 90' lang='lat' dir='ltr'><strong>ille,</strong></span> <span class='ocrx_word' id='word_1_262' title='bbox 3001 1366 3029 1405; x_wconf 89' lang='lat' dir='ltr'><strong>a</strong></span> <span class='ocrx_word' id='word_1_263' title='bbox 3081 1352 3199 1405; x_wconf 91' lang='lat' dir='ltr'><strong>viro</strong></span> <span class='ocrx_word' id='word_1_264' title='bbox 3244 1365 3474 1405; x_wconf 80' lang='lat' dir='ltr'><strong>uxorem</strong></span> <span class='ocrx_word' id='word_1_265' title='bbox 3522 1359 3573 1405; x_wconf 92' lang='lat' dir='ltr'><strong>et</strong></span> 
     </span>
    </p>
   </div>
   <div class='ocr_carea' id='block_1_40' title="bbox 1995 1441 3583 1511">
    <p class='ocr_par' dir='ltr' id='par_1_40' title="bbox 1995 1441 3583 1511">
     <span class='ocr_line' id='line_1_40' title="bbox 1995 1441 3583 1511; baseline -0.001 -15"><span class='ocrx_word' id='word_1_266' title='bbox 1995 1441 2185 1502; x_wconf 82' lang='lat' dir='ltr'><strong>filiam.</strong></span> <span class='ocrx_word' id='word_1_267' title='bbox 2245 1441 2297 1495; x_wconf 90' lang='lat' dir='ltr'><strong>id</strong></span> <span class='ocrx_word' id='word_1_268' title='bbox 2350 1448 2434 1495; x_wconf 90' lang='lat' dir='ltr'><strong>est</strong></span> <span class='ocrx_word' id='word_1_269' title='bbox 2488 1455 2737 1495; x_wconf 77' lang='lat' dir='ltr'><strong>seorsum</strong></span> <span class='ocrx_word' id='word_1_270' title='bbox 2782 1456 2986 1510; x_wconf 90' lang='lat' dir='ltr'><strong>ponere</strong></span> <span class='ocrx_word' id='word_1_271' title='bbox 3020 1459 3035 1496; x_wconf 87' lang='lat'><strong>:</strong></span> <span class='ocrx_word' id='word_1_272' title='bbox 3070 1451 3123 1496; x_wconf 91' lang='lat' dir='ltr'><strong>et</strong></span> <span class='ocrx_word' id='word_1_273' title='bbox 3148 1441 3429 1496; x_wconf 89' lang='lat' dir='ltr'><strong>mulierem</strong></span> <span class='ocrx_word' id='word_1_274' title='bbox 3460 1456 3583 1511; x_wconf 65' lang='lat' dir='ltr'><strong>quae</strong></span> 
     </span>
    </p>
   </div>
   <div class='ocr_carea' id='block_1_41' title="bbox 1994 1531 3575 1601">
    <p class='ocr_par' dir='ltr' id='par_1_41' title="bbox 1994 1531 3575 1601">
     <span class='ocr_line' id='line_1_41' title="bbox 1994 1531 3575 1601; baseline 0.001 -16"><span class='ocrx_word' id='word_1_275' title='bbox 1994 1534 2170 1587; x_wconf 90' lang='lat' dir='ltr'><strong>virum</strong></span> <span class='ocrx_word' id='word_1_276' title='bbox 2226 1547 2383 1589; x_wconf 87' lang='lat' dir='ltr'><strong>suum</strong></span> <span class='ocrx_word' id='word_1_277' title='bbox 2430 1533 2781 1587; x_wconf 80' lang='lat' dir='ltr'><strong>interfecerat</strong></span> <span class='ocrx_word' id='word_1_278' title='bbox 2821 1531 3186 1601; x_wconf 68' lang='lat' dir='ltr'><strong>loscpiCEO’Oat,</strong></span> <span class='ocrx_word' id='word_1_279' title='bbox 3231 1531 3425 1601; x_wconf 86' lang='lat' dir='ltr'><strong>procul</strong></span> <span class='ocrx_word' id='word_1_280' title='bbox 3485 1547 3575 1587; x_wconf 85' lang='lat' dir='ltr'><strong>re-</strong></span> 
     </span>
    </p>
   </div>
   <div class='ocr_carea' id='block_1_42' title="bbox 1992 1621 3576 1693">
    <p class='ocr_par' dir='ltr' id='par_1_42' title="bbox 1992 1621 3576 1693">
     <span class='ocr_line' id='line_1_42' title="bbox 1992 1621 3576 1693; baseline -0.001 -15"><span class='ocrx_word' id='word_1_281' title='bbox 1992 1639 2213 1679; x_wconf 89' lang='lat' dir='ltr'><strong>movere</strong></span> <span class='ocrx_word' id='word_1_282' title='bbox 2237 1626 2306 1678; x_wconf 87' lang='lat' dir='ltr'><strong>ab</strong></span> <span class='ocrx_word' id='word_1_283' title='bbox 2365 1624 2460 1677; x_wconf 91' lang='lat' dir='ltr'><strong>illo</strong></span> <span class='ocrx_word' id='word_1_284' title='bbox 2488 1623 2707 1693; x_wconf 83' lang='lat' dir='ltr'><strong>jacente</strong></span> <span class='ocrx_word' id='word_1_285' title='bbox 2762 1632 2816 1679; x_wconf 90' lang='lat' dir='ltr'><strong>et</strong></span> <span class='ocrx_word' id='word_1_286' title='bbox 2871 1623 3049 1677; x_wconf 89' lang='lat' dir='ltr'><strong>adhuc</strong></span> <span class='ocrx_word' id='word_1_287' title='bbox 3084 1625 3350 1692; x_wconf 73' lang='lat' dir='ltr'><strong>spirante.</strong></span> <span class='ocrx_word' id='word_1_288' title='bbox 3395 1621 3576 1690; x_wconf 84' lang='lat' dir='ltr'><strong>Quem</strong></span> 
     </span>
    </p>
   </div>
   <div class='ocr_carea' id='block_1_43' title="bbox 1997 1706 3575 1784">
    <p class='ocr_par' dir='ltr' id='par_1_43' title="bbox 1997 1706 3575 1784">
     <span class='ocr_line' id='line_1_43' title="bbox 1997 1706 3575 1784; baseline -0.002 -14"><span class='ocrx_word' id='word_1_289' title='bbox 1997 1729 2217 1771; x_wconf 84' lang='lat' dir='ltr'><strong>sensum</strong></span> <span class='ocrx_word' id='word_1_290' title='bbox 2258 1725 2386 1783; x_wconf 87' lang='lat' dir='ltr'><strong>apte</strong></span> <span class='ocrx_word' id='word_1_291' title='bbox 2415 1729 2652 1784; x_wconf 79' lang='lat' dir='ltr'><strong>sequens</strong></span> <span class='ocrx_word' id='word_1_292' title='bbox 2685 1723 2879 1769; x_wconf 82' lang='lat' dir='ltr'><strong>auctor</strong></span> <span class='ocrx_word' id='word_1_293' title='bbox 2906 1724 3117 1777; x_wconf 89' lang='lat' dir='ltr'><strong>noster,</strong></span> <span class='ocrx_word' id='word_1_294' title='bbox 3160 1715 3461 1783; x_wconf 68' lang='grc' dir='ltr'>νοσφισμδν</span> <span class='ocrx_word' id='word_1_295' title='bbox 3502 1706 3575 1767; x_wconf 76' lang='lat' dir='ltr'><strong>ai&#39;</strong></span> 
     </span>
    </p>
   </div>
   <div class='ocr_carea' id='block_1_44' title="bbox 2003 1803 3574 1873">
    <p class='ocr_par' dir='ltr' id='par_1_44' title="bbox 2003 1803 3574 1873">
     <span class='ocr_line' id='line_1_44' title="bbox 2003 1803 3574 1873; baseline -0.003 -12"><span class='ocrx_word' id='word_1_296' title='bbox 2003 1820 2300 1869; x_wconf 81' lang='lat' dir='ltr'><strong>secessum,</strong></span> <span class='ocrx_word' id='word_1_297' title='bbox 2346 1805 2398 1859; x_wconf 87' lang='lat' dir='ltr'><strong>id</strong></span> <span class='ocrx_word' id='word_1_298' title='bbox 2430 1812 2512 1860; x_wconf 88' lang='lat' dir='ltr'><strong>est</strong></span> <span class='ocrx_word' id='word_1_299' title='bbox 2534 1803 2959 1873; x_wconf 86' lang='lat' dir='ltr'><strong>separationem.</strong></span> <span class='ocrx_word' id='word_1_300' title='bbox 2988 1804 3178 1871; x_wconf 82' lang='lat' dir='ltr'><strong>procul</strong></span> <span class='ocrx_word' id='word_1_301' title='bbox 3213 1819 3242 1859; x_wconf 90' lang='lat' dir='ltr'><strong>a</strong></span> <span class='ocrx_word' id='word_1_302' title='bbox 3277 1803 3574 1858; x_wconf 86' lang='lat' dir='ltr'><strong>contuber-</strong></span> 
     </span>
    </p>
   </div>
   <div class='ocr_carea' id='block_1_45' title="bbox 2002 1893 3581 1965">
    <p class='ocr_par' dir='ltr' id='par_1_45' title="bbox 2002 1893 3581 1965">
     <span class='ocr_line' id='line_1_45' title="bbox 2002 1893 3581 1965; baseline -0.003 -14"><span class='ocrx_word' id='word_1_303' title='bbox 2002 1895 2220 1951; x_wconf 84' lang='lat' dir='ltr'><strong>nalibus</strong></span> <span class='ocrx_word' id='word_1_304' title='bbox 2244 1896 2458 1950; x_wconf 86' lang='lat' dir='ltr'><strong>abesse.</strong></span> <span class='ocrx_word' id='word_1_305' title='bbox 2492 1893 2730 1949; x_wconf 82' lang='lat' dir='ltr'><strong>Verbum</strong></span> <span class='ocrx_word' id='word_1_306' title='bbox 2755 1904 2933 1948; x_wconf 84' lang='lat' dir='ltr'><strong>autem</strong></span> <span class='ocrx_word' id='word_1_307' title='bbox 2962 1894 3094 1963; x_wconf 79' lang='grc' dir='ltr'>ὑμῖν</span> <span class='ocrx_word' id='word_1_308' title='bbox 3126 1903 3276 1965; x_wconf 55' lang='lat' dir='ltr'><strong>recte</strong></span> <span class='ocrx_word' id='word_1_309' title='bbox 3305 1895 3581 1948; x_wconf 71' lang='lat' dir='ltr'><strong>diceretur</strong></span> 
     </span>
    </p>
   </div>
   <div class='ocr_carea' id='block_1_46' title="bbox 2004 1985 3580 2058">
    <p class='ocr_par' dir='ltr' id='par_1_46' title="bbox 2004 1985 3580 2058">
     <span class='ocr_line' id='line_1_46' title="bbox 2004 1985 3580 2058; baseline 0.001 -17"><span class='ocrx_word' id='word_1_310' title='bbox 2004 2003 2101 2058; x_wconf 88' lang='lat' dir='ltr'><strong>per</strong></span> <span class='ocrx_word' id='word_1_311' title='bbox 2127 1987 2363 2041; x_wconf 87' lang='lat' dir='ltr'><strong>litteram</strong></span> <span class='ocrx_word' id='word_1_312' title='bbox 2403 1985 2605 2055; x_wconf 79' lang='grc' dir='ltr'>(ἡμῖν),</span> <span class='ocrx_word' id='word_1_313' title='bbox 2633 1996 2691 2041; x_wconf 92' lang='lat' dir='ltr'><strong>ut</strong></span> <span class='ocrx_word' id='word_1_314' title='bbox 2731 1985 3008 2041; x_wconf 90' lang='lat' dir='ltr'><strong>inducens</strong></span> <span class='ocrx_word' id='word_1_315' title='bbox 3058 1988 3296 2055; x_wconf 89' lang='lat' dir='ltr'><strong>seipsum</strong></span> <span class='ocrx_word' id='word_1_316' title='bbox 3328 1986 3580 2042; x_wconf 84' lang='lat' dir='ltr'><strong>Salvator</strong></span> 
     </span>
    </p>
   </div>
   <div class='ocr_carea' id='block_1_47' title="bbox 2004 2076 3577 2143">
    <p class='ocr_par' dir='ltr' id='par_1_47' title="bbox 2004 2076 3577 2143">
     <span class='ocr_line' id='line_1_47' title="bbox 2004 2076 3577 2143; baseline -0.001 -10"><span class='ocrx_word' id='word_1_317' title='bbox 2004 2080 2192 2135; x_wconf 87' lang='lat' dir='ltr'><strong>dicat:</strong></span> <span class='ocrx_word' id='word_1_318' title='bbox 2228 2076 2346 2132; x_wconf 82' lang='lat' dir='ltr'><strong>Non</strong></span> <span class='ocrx_word' id='word_1_319' title='bbox 2404 2077 2676 2143; x_wconf 88' lang='lat' dir='ltr'><strong>meipsum</strong></span> <span class='ocrx_word' id='word_1_320' title='bbox 2706 2092 2736 2132; x_wconf 88' lang='lat' dir='ltr'><strong>a</strong></span> <span class='ocrx_word' id='word_1_321' title='bbox 2784 2078 2941 2133; x_wconf 82' lang='lat' dir='ltr'><strong>vobis</strong></span> <span class='ocrx_word' id='word_1_322' title='bbox 2995 2091 3247 2142; x_wconf 84' lang='lat' dir='ltr'><strong>secerno,</strong></span> <span class='ocrx_word' id='word_1_323' title='bbox 3284 2093 3382 2132; x_wconf 91' lang='lat' dir='ltr'><strong>nec</strong></span> <span class='ocrx_word' id='word_1_324' title='bbox 3422 2094 3519 2131; x_wconf 83' lang='lat' dir='ltr'><strong>vos</strong></span> <span class='ocrx_word' id='word_1_325' title='bbox 3547 2092 3577 2131; x_wconf 87' lang='lat' dir='ltr'><strong>a</strong></span> 
     </span>
    </p>
   </div>
   <div class='ocr_carea' id='block_1_48' title="bbox 2000 2168 3579 2241">
    <p class='ocr_par' dir='ltr' id='par_1_48' title="bbox 2000 2168 3579 2241">
     <span class='ocr_line' id='line_1_48' title="bbox 2000 2168 3579 2241; baseline -0.002 -16"><span class='ocrx_word' id='word_1_326' title='bbox 2000 2185 2088 2228; x_wconf 89' lang='lat' dir='ltr'><strong>me</strong></span> <span class='ocrx_word' id='word_1_327' title='bbox 2114 2170 2528 2241; x_wconf 86' lang='lat' dir='ltr'><strong>separabimini.</strong></span> <span class='ocrx_word' id='word_1_328' title='bbox 2557 2168 2613 2223; x_wconf 86' lang='lat' dir='ltr'><strong>Si</strong></span> <span class='ocrx_word' id='word_1_329' title='bbox 2651 2169 2819 2235; x_wconf 89' lang='lat' dir='ltr'><strong>enim,</strong></span> <span class='ocrx_word' id='word_1_330' title='bbox 2850 2178 2911 2224; x_wconf 92' lang='lat' dir='ltr'><strong>ut</strong></span> <span class='ocrx_word' id='word_1_331' title='bbox 2942 2171 3162 2239; x_wconf 86' lang='lat' dir='ltr'><strong>quidam</strong></span> <span class='ocrx_word' id='word_1_332' title='bbox 3209 2170 3307 2234; x_wconf 89' lang='lat' dir='ltr'><strong>ait,</strong></span> <span class='ocrx_word' id='word_1_333' title='bbox 3330 2169 3579 2224; x_wconf 80' lang='lat' dir='ltr'><strong>dividens</strong></span> 
     </span>
    </p>
   </div>
   <div class='ocr_carea' id='block_1_49' title="bbox 2000 2261 3578 2327">
    <p class='ocr_par' dir='ltr' id='par_1_49' title="bbox 2000 2261 3578 2327">
     <span class='ocr_line' id='line_1_49' title="bbox 2000 2261 3578 2327; baseline 0.001 -11"><span class='ocrx_word' id='word_1_334' title='bbox 2000 2276 2031 2316; x_wconf 89' lang='lat' dir='ltr'><strong>a</strong></span> <span class='ocrx_word' id='word_1_335' title='bbox 2065 2262 2239 2316; x_wconf 86' lang='lat' dir='ltr'><strong>diviso</strong></span> <span class='ocrx_word' id='word_1_336' title='bbox 2301 2261 2581 2327; x_wconf 79' lang='lat' dir='ltr'><strong>dividitur,</strong></span> <span class='ocrx_word' id='word_1_337' title='bbox 2623 2275 2733 2315; x_wconf 91' lang='lat' dir='ltr'><strong>non</strong></span> <span class='ocrx_word' id='word_1_338' title='bbox 2770 2261 3069 2317; x_wconf 85' lang='lat' dir='ltr'><strong>verisimile</strong></span> <span class='ocrx_word' id='word_1_339' title='bbox 3119 2268 3268 2317; x_wconf 86' lang='lat' dir='ltr'><strong>esset</strong></span> <span class='ocrx_word' id='word_1_340' title='bbox 3307 2275 3411 2316; x_wconf 90' lang='lat' dir='ltr'><strong>nec</strong></span> <span class='ocrx_word' id='word_1_341' title='bbox 3451 2275 3578 2327; x_wconf 85' lang='lat' dir='ltr'><strong>pos-</strong></span> 
     </span>
    </p>
   </div>
   <div class='ocr_carea' id='block_1_50' title="bbox 2000 2351 3580 2418">
    <p class='ocr_par' dir='ltr' id='par_1_50' title="bbox 2000 2351 3580 2418">
     <span class='ocr_line' id='line_1_50' title="bbox 2000 2351 3580 2418; baseline 0.001 -12"><span class='ocrx_word' id='word_1_342' title='bbox 2000 2351 2179 2415; x_wconf 85' lang='lat' dir='ltr'><strong>sibile.</strong></span> <span class='ocrx_word' id='word_1_343' title='bbox 2212 2366 2300 2407; x_wconf 90' lang='lat' dir='ltr'><strong>me</strong></span> <span class='ocrx_word' id='word_1_344' title='bbox 2325 2360 2583 2406; x_wconf 88' lang='lat' dir='ltr'><strong>manente</strong></span> <span class='ocrx_word' id='word_1_345' title='bbox 2612 2352 2919 2418; x_wconf 81' lang='lat' dir='ltr'><strong>vobiscum,</strong></span> <span class='ocrx_word' id='word_1_346' title='bbox 2952 2368 3050 2409; x_wconf 91' lang='lat' dir='ltr'><strong>vos</strong></span> <span class='ocrx_word' id='word_1_347' title='bbox 3079 2367 3292 2407; x_wconf 88' lang='lat' dir='ltr'><strong>mecum</strong></span> <span class='ocrx_word' id='word_1_348' title='bbox 3317 2367 3426 2407; x_wconf 91' lang='lat' dir='ltr'><strong>non</strong></span> <span class='ocrx_word' id='word_1_349' title='bbox 3458 2367 3580 2407; x_wconf 87' lang='lat' dir='ltr'><strong>esse</strong></span> 
     </span>
    </p>
   </div>
   <div class='ocr_carea' id='block_1_51' title="bbox 2005 2443 3576 2515">
    <p class='ocr_par' dir='ltr' id='par_1_51' title="bbox 2005 2443 3576 2515">
     <span class='ocr_line' id='line_1_51' title="bbox 2005 2443 3576 2515; baseline -0.001 -17"><span class='ocrx_word' id='word_1_350' title='bbox 2005 2453 2060 2498; x_wconf 88' lang='lat' dir='ltr'><strong>et</strong></span> <span class='ocrx_word' id='word_1_351' title='bbox 2090 2444 2211 2500; x_wconf 92' lang='lat' dir='ltr'><strong>vice</strong></span> <span class='ocrx_word' id='word_1_352' title='bbox 2238 2459 2419 2500; x_wconf 89' lang='lat' dir='ltr'><strong>versa.</strong></span> <span class='ocrx_word' id='word_1_353' title='bbox 2455 2443 2634 2499; x_wconf 84' lang='lat' dir='ltr'><strong>Causa</strong></span> <span class='ocrx_word' id='word_1_354' title='bbox 2657 2453 2839 2499; x_wconf 91' lang='lat' dir='ltr'><strong>autem</strong></span> <span class='ocrx_word' id='word_1_355' title='bbox 2875 2444 3043 2515; x_wconf 90' lang='lat' dir='ltr'><strong>hujus</strong></span> <span class='ocrx_word' id='word_1_356' title='bbox 3071 2444 3413 2500; x_wconf 90' lang='lat' dir='ltr'><strong>indivisionis</strong></span> <span class='ocrx_word' id='word_1_357' title='bbox 3441 2444 3576 2497; x_wconf 85' lang='lat' dir='ltr'><strong>ami-</strong></span> 
     </span>
    </p>
   </div>
   <div class='ocr_carea' id='block_1_52' title="bbox 2000 2536 3579 2606">
    <p class='ocr_par' dir='ltr' id='par_1_52' title="bbox 2000 2536 3579 2606">
     <span class='ocr_line' id='line_1_52' title="bbox 2000 2536 3579 2606; baseline -0.002 -14"><span class='ocrx_word' id='word_1_358' title='bbox 2000 2536 2163 2602; x_wconf 90' lang='lat' dir='ltr'><strong>citia;</strong></span> <span class='ocrx_word' id='word_1_359' title='bbox 2202 2536 2460 2605; x_wconf 88' lang='lat' dir='ltr'><strong>quoniam</strong></span> <span class='ocrx_word' id='word_1_360' title='bbox 2510 2536 2655 2589; x_wconf 89' lang='lat' dir='ltr'><strong>enim</strong></span> <span class='ocrx_word' id='word_1_361' title='bbox 2705 2550 2802 2606; x_wconf 91' lang='lat' dir='ltr'><strong>per</strong></span> <span class='ocrx_word' id='word_1_362' title='bbox 2856 2552 2976 2591; x_wconf 91' lang='lat' dir='ltr'><strong>eam</strong></span> <span class='ocrx_word' id='word_1_363' title='bbox 3030 2536 3409 2606; x_wconf 87' lang='lat' dir='ltr'><strong>unusquisque</strong></span> <span class='ocrx_word' id='word_1_364' title='bbox 3453 2549 3579 2589; x_wconf 81' lang='lat' dir='ltr'><strong>ves-</strong></span> 
     </span>
    </p>
   </div>
   <div class='ocr_carea' id='block_1_53' title="bbox 2007 2626 3574 2697">
    <p class='ocr_par' dir='ltr' id='par_1_53' title="bbox 2007 2626 3574 2697">
     <span class='ocr_line' id='line_1_53' title="bbox 2007 2626 3574 2697; baseline -0.003 -15"><span class='ocrx_word' id='word_1_365' title='bbox 2007 2636 2175 2692; x_wconf 85' lang='lat' dir='ltr'><strong>trum,</strong></span> <span class='ocrx_word' id='word_1_366' title='bbox 2230 2635 2285 2682; x_wconf 88' lang='lat' dir='ltr'><strong>et</strong></span> <span class='ocrx_word' id='word_1_367' title='bbox 2337 2640 2497 2681; x_wconf 85' lang='lat' dir='ltr'><strong>nemo</strong></span> <span class='ocrx_word' id='word_1_368' title='bbox 2556 2640 2584 2679; x_wconf 92' lang='lat' dir='ltr'><strong>a</strong></span> <span class='ocrx_word' id='word_1_369' title='bbox 2646 2627 2830 2697; x_wconf 90' lang='lat' dir='ltr'><strong>seipso</strong></span> <span class='ocrx_word' id='word_1_370' title='bbox 2882 2626 3147 2681; x_wconf 83' lang='lat' dir='ltr'><strong>dividitur</strong></span> <span class='ocrx_word' id='word_1_371' title='bbox 3186 2627 3399 2691; x_wconf 83' lang='lat' dir='ltr'><strong>vivens,</strong></span> <span class='ocrx_word' id='word_1_372' title='bbox 3464 2640 3574 2679; x_wconf 90' lang='lat' dir='ltr'><strong>non</strong></span> 
     </span>
    </p>
   </div>
   <div class='ocr_carea' id='block_1_54' title="bbox 2007 2715 3290 2787">
    <p class='ocr_par' dir='ltr' id='par_1_54' title="bbox 2007 2715 3290 2787">
     <span class='ocr_line' id='line_1_54' title="bbox 2007 2715 3290 2787; baseline -0.001 -16"><span class='ocrx_word' id='word_1_373' title='bbox 2007 2716 2240 2787; x_wconf 88' lang='lat' dir='ltr'><strong>proinde</strong></span> <span class='ocrx_word' id='word_1_374' title='bbox 2283 2716 2555 2785; x_wconf 82' lang='lat' dir='ltr'><strong>separatio</strong></span> <span class='ocrx_word' id='word_1_375' title='bbox 2587 2715 2744 2772; x_wconf 88' lang='lat' dir='ltr'><strong>vobis</strong></span> <span class='ocrx_word' id='word_1_376' title='bbox 2778 2719 2885 2772; x_wconf 89' lang='lat' dir='ltr'><strong>erlt</strong></span> <span class='ocrx_word' id='word_1_377' title='bbox 2917 2717 2969 2771; x_wconf 91' lang='lat' dir='ltr'><strong>in</strong></span> <span class='ocrx_word' id='word_1_378' title='bbox 3001 2725 3290 2772; x_wconf 68' lang='lat' dir='ltr'><strong>aeternum.</strong></span> 
     </span>
    </p>
   </div>
   <div class='ocr_carea' id='block_1_55' title="bbox 322 2795 3576 2880">
    <p class='ocr_par' dir='ltr' id='par_1_55' title="bbox 322 2795 3576 2880">
     <span class='ocr_line' id='line_1_55' title="bbox 322 2795 3576 2880; baseline 0.002 -28"><span class='ocrx_word' id='word_1_379' title='bbox 322 2795 454 2864; x_wconf 76' lang='grc' dir='ltr'>ἐγὼ,</span> <span class='ocrx_word' id='word_1_380' title='bbox 485 2801 580 2854; x_wconf 64' lang='grc' dir='ltr'><strong>καὶ</strong></span> <span class='ocrx_word' id='word_1_381' title='bbox 609 2800 722 2869; x_wconf 72' lang='grc' dir='ltr'><strong>ἐγὼ</strong></span> <span class='ocrx_word' id='word_1_382' title='bbox 760 2802 818 2855; x_wconf 76' lang='grc' dir='ltr'>δὲ</span> <span class='ocrx_word' id='word_1_383' title='bbox 870 2804 1009 2874; x_wconf 80' lang='grc' dir='ltr'>ὅπερ</span> <span class='ocrx_word' id='word_1_384' title='bbox 1040 2805 1201 2871; x_wconf 75' lang='grc' dir='ltr'>ἄλλος</span> <span class='ocrx_word' id='word_1_385' title='bbox 1250 2808 1278 2859; x_wconf 87' lang='grc' dir='ltr'><strong>ό</strong></span> <span class='ocrx_word' id='word_1_386' title='bbox 1306 2808 1429 2863; x_wconf 83' lang='grc' dir='ltr'>καθ’</span> <span class='ocrx_word' id='word_1_387' title='bbox 1469 2808 1564 2862; x_wconf 76' lang='grc' dir='ltr'>ἕνα</span> <span class='ocrx_word' id='word_1_388' title='bbox 1596 2809 1773 2880; x_wconf 87' lang='grc' dir='ltr'>ὑμῶν·</span> <span class='ocrx_word' id='word_1_389' title='bbox 1802 2809 1977 2865; x_wconf 64' lang='grc' dir='ltr'>οὐδεὶς</span> <span class='ocrx_word' id='word_1_390' title='bbox 2010 2808 2065 2862; x_wconf 74' lang='grc' dir='ltr'>δὲ</span> <span class='ocrx_word' id='word_1_391' title='bbox 2098 2807 2294 2862; x_wconf 70' lang='grc' dir='ltr'>ἑαυτοῦ</span> <span class='ocrx_word' id='word_1_392' title='bbox 2334 2807 2648 2878; x_wconf 73' lang='grc' dir='ltr'>νοσφίζεται</span> <span class='ocrx_word' id='word_1_393' title='bbox 2683 2806 2813 2872; x_wconf 74' lang='grc' dir='ltr'>ζῶνο</span> <span class='ocrx_word' id='word_1_394' title='bbox 2880 2809 2993 2863; x_wconf 78' lang='grc' dir='ltr'>οὐδ’</span> <span class='ocrx_word' id='word_1_395' title='bbox 3052 2809 3160 2879; x_wconf 77' lang='grc' dir='ltr'>ἄρα</span> <span class='ocrx_word' id='word_1_396' title='bbox 3226 2809 3355 2877; x_wconf 81' lang='grc' dir='ltr'>ὑμῖν</span> <span class='ocrx_word' id='word_1_397' title='bbox 3424 2808 3576 2864; x_wconf 79' lang='grc' dir='ltr'>ἔσται</span> 
     </span>
    </p>
   </div>
   <div class='ocr_carea' id='block_1_56' title="bbox 324 2894 974 2963">
    <p class='ocr_par' dir='ltr' id='par_1_56' title="bbox 324 2894 974 2963">
     <span class='ocr_line' id='line_1_56' title="bbox 324 2894 974 2963; baseline 0.015 -21"><span class='ocrx_word' id='word_1_398' title='bbox 324 2894 621 2963; x_wconf 78' lang='grc' dir='ltr'>νοσφισμὸς</span> <span class='ocrx_word' id='word_1_399' title='bbox 658 2894 726 2947; x_wconf 88' lang='grc' dir='ltr'><strong>δι’</strong></span> <span class='ocrx_word' id='word_1_400' title='bbox 758 2898 974 2960; x_wconf 85' lang='grc' dir='ltr'>αίῶνος.</span> 
     </span>
    </p>
   </div>
   <div class='ocr_carea' id='block_1_57' title="bbox 390 2984 1902 3066">
    <p class='ocr_par' dir='ltr' id='par_1_57' title="bbox 390 2984 1902 3066">
     <span class='ocr_line' id='line_1_57' title="bbox 390 2984 1902 3066; baseline 0.007 -29"><span class='ocrx_word' id='word_1_401' title='bbox 390 2985 491 3039; x_wconf 85' lang='grc' dir='ltr'>κδ’.</span> <span class='ocrx_word' id='word_1_402' title='bbox 539 2984 601 3039; x_wconf 88' lang='lat'><strong>&#39;0</strong></span> <span class='ocrx_word' id='word_1_403' title='bbox 627 2986 686 3039; x_wconf 76' lang='grc' dir='ltr'>δὲ</span> <span class='ocrx_word' id='word_1_404' title='bbox 733 2988 959 3057; x_wconf 78' lang='grc' dir='ltr'>ὕψιστος</span> <span class='ocrx_word' id='word_1_405' title='bbox 1017 2990 1206 3061; x_wconf 86' lang='grc' dir='ltr'>θρόνος</span> <span class='ocrx_word' id='word_1_406' title='bbox 1239 2991 1443 3065; x_wconf 81' lang='grc' dir='ltr'>πολλὴν</span> <span class='ocrx_word' id='word_1_407' title='bbox 1468 2994 1567 3064; x_wconf 75' lang='grc' dir='ltr'>μὶν</span> <span class='ocrx_word' id='word_1_408' title='bbox 1598 2995 1713 3065; x_wconf 68' lang='grc' dir='ltr'>ἔχει</span> <span class='ocrx_word' id='word_1_409' title='bbox 1761 3011 1902 3066; x_wconf 85' lang='grc' dir='ltr'>γρα-</span> 
     </span>
    </p>
   </div>
   <div class='ocr_carea' id='block_1_58' title="bbox 322 3078 1902 3162">
    <p class='ocr_par' dir='ltr' id='par_1_58' title="bbox 322 3078 1902 3162">
     <span class='ocr_line' id='line_1_58' title="bbox 322 3078 1902 3162; baseline 0.008 -31"><span class='ocrx_word' id='word_1_410' title='bbox 322 3078 491 3147; x_wconf 77' lang='grc' dir='ltr'>φικὴν</span> <span class='ocrx_word' id='word_1_411' title='bbox 527 3081 916 3152; x_wconf 78' lang='grc' dir='ltr'>συγκρότησιν,</span> <span class='ocrx_word' id='word_1_412' title='bbox 948 3084 1023 3147; x_wconf 81' lang='grc' dir='ltr'><strong>ὡς</strong></span> <span class='ocrx_word' id='word_1_413' title='bbox 1058 3081 1149 3139; x_wconf 76' lang='grc' dir='ltr'>οἷα</span> <span class='ocrx_word' id='word_1_414' title='bbox 1182 3086 1278 3140; x_wconf 90' lang='grc' dir='ltr'><strong>καί</strong></span> <span class='ocrx_word' id='word_1_415' title='bbox 1299 3104 1423 3141; x_wconf 87' lang='grc' dir='ltr'>τινα</span> <span class='ocrx_word' id='word_1_416' title='bbox 1450 3088 1716 3159; x_wconf 86' lang='grc' dir='ltr'>λαμπρὰν</span> <span class='ocrx_word' id='word_1_417' title='bbox 1743 3089 1902 3162; x_wconf 76' lang='grc' dir='ltr'>ἁρχι-</span> 
     </span>
    </p>
   </div>
   <div class='ocr_carea' id='block_1_59' title="bbox 2083 2990 3577 3064">
    <p class='ocr_par' dir='ltr' id='par_1_59' title="bbox 2083 2990 3577 3064">
     <span class='ocr_line' id='line_1_59' title="bbox 2083 2990 3577 3064; baseline -0.001 -15"><span class='ocrx_word' id='word_1_418' title='bbox 2083 2995 2175 3051; x_wconf 73' lang='grc'><strong>24.</strong></span> <span class='ocrx_word' id='word_1_419' title='bbox 2220 2993 2480 3049; x_wconf 74' lang='grc' dir='ltr'>Επειευε</span> <span class='ocrx_word' id='word_1_420' title='bbox 2509 3007 2636 3048; x_wconf 80' lang='lat' dir='ltr'><strong>vero</strong></span> <span class='ocrx_word' id='word_1_421' title='bbox 2667 2990 2888 3047; x_wconf 76' lang='lat' dir='ltr'><strong>thronus</strong></span> <span class='ocrx_word' id='word_1_422' title='bbox 2929 3007 3185 3064; x_wconf 79' lang='lat' dir='ltr'><strong>magnum</strong></span> <span class='ocrx_word' id='word_1_423' title='bbox 3219 2992 3380 3047; x_wconf 88' lang='lat' dir='ltr'><strong>habet</strong></span> <span class='ocrx_word' id='word_1_424' title='bbox 3410 3008 3577 3062; x_wconf 83' lang='lat' dir='ltr'><strong>appa-</strong></span> 
     </span>
    </p>
   </div>
   <div class='ocr_carea' id='block_1_60' title="bbox 2002 3084 3576 3155">
    <p class='ocr_par' dir='ltr' id='par_1_60' title="bbox 2002 3084 3576 3155">
     <span class='ocr_line' id='line_1_60' title="bbox 2002 3084 3576 3155; baseline -0.001 -15"><span class='ocrx_word' id='word_1_425' title='bbox 2002 3093 2179 3140; x_wconf 81' lang='lat' dir='ltr'><strong>ratum</strong></span> <span class='ocrx_word' id='word_1_426' title='bbox 2235 3084 2663 3155; x_wconf 88' lang='lat' dir='ltr'><strong>descriptionis,</strong></span> <span class='ocrx_word' id='word_1_427' title='bbox 2719 3085 2876 3154; x_wconf 88' lang='lat' dir='ltr'><strong>quasi</strong></span> <span class='ocrx_word' id='word_1_428' title='bbox 2920 3086 2992 3140; x_wconf 85' lang='lat' dir='ltr'><strong>sit</strong></span> <span class='ocrx_word' id='word_1_429' title='bbox 3029 3085 3272 3140; x_wconf 88' lang='lat' dir='ltr'><strong>formosa</strong></span> <span class='ocrx_word' id='word_1_430' title='bbox 3328 3084 3576 3155; x_wconf 68' lang='lat' dir='ltr'><strong>quaedam</strong></span> 
     </span>
    </p>
   </div>
   <div class='ocr_carea' id='block_1_61' title="bbox 321 3173 1898 3255">
    <p class='ocr_par' dir='ltr' id='par_1_61' title="bbox 321 3173 1896 3249">
     <span class='ocr_line' id='line_1_61' title="bbox 321 3173 1896 3249; baseline 0.007 -25"><span class='ocrx_word' id='word_1_431' title='bbox 321 3173 643 3243; x_wconf 84' lang='grc' dir='ltr'>τεκτόνησιν</span> <span class='ocrx_word' id='word_1_432' title='bbox 665 3189 681 3205; x_wconf 82' lang='grc'><em>’</em></span> <span class='ocrx_word' id='word_1_433' title='bbox 720 3175 948 3246; x_wconf 81' lang='grc' dir='ltr'>ἀρκέσει</span> <span class='ocrx_word' id='word_1_434' title='bbox 977 3176 1033 3230; x_wconf 67' lang='grc' dir='ltr'>δὲ</span> <span class='ocrx_word' id='word_1_435' title='bbox 1078 3179 1242 3248; x_wconf 91' lang='grc' dir='ltr'>μόνον</span> <span class='ocrx_word' id='word_1_436' title='bbox 1269 3180 1600 3249; x_wconf 74' lang='grc' dir='ltr'>παραδεῖξαι</span> <span class='ocrx_word' id='word_1_437' title='bbox 1626 3182 1689 3235; x_wconf 85' lang='grc' dir='ltr'>τὸ</span> <span class='ocrx_word' id='word_1_438' title='bbox 1730 3182 1896 3238; x_wconf 88' lang='grc' dir='ltr'>αὑτοῦ</span> 
     </span>
    </p>
   </div>
   <div class='ocr_carea' id='block_1_62' title="bbox 2004 3173 3579 3255">
    <p class='ocr_par' dir='ltr' id='par_1_62' title="bbox 2004 3176 3579 3247">
     <span class='ocr_line' id='line_1_62' title="bbox 2004 3176 3579 3247; baseline -0.001 -16"><span class='ocrx_word' id='word_1_439' title='bbox 2004 3176 2289 3233; x_wconf 81' lang='lat' dir='ltr'><strong>:ediﬁcatio</strong></span> <span class='ocrx_word' id='word_1_440' title='bbox 2317 3194 2334 3246; x_wconf 91' lang='lat'>;</span> <span class='ocrx_word' id='word_1_441' title='bbox 2366 3176 2600 3233; x_wconf 83' lang='lat' dir='ltr'><strong>sutliciet</strong></span> <span class='ocrx_word' id='word_1_442' title='bbox 2625 3185 2812 3232; x_wconf 89' lang='lat' dir='ltr'><strong>autem</strong></span> <span class='ocrx_word' id='word_1_443' title='bbox 2846 3176 2965 3247; x_wconf 86' lang='lat' dir='ltr'><strong>ejus</strong></span> <span class='ocrx_word' id='word_1_444' title='bbox 3005 3176 3346 3231; x_wconf 89' lang='lat' dir='ltr'><strong>altitudinem</strong></span> <span class='ocrx_word' id='word_1_445' title='bbox 3395 3185 3579 3231; x_wconf 87' lang='lat' dir='ltr'><strong>osten-</strong></span> 
     </span>
    </p>
   </div>
   <div class='ocr_carea' id='block_1_63' title="bbox 324 3264 1894 3339">
    <p class='ocr_par' dir='ltr' id='par_1_63' title="bbox 324 3264 1894 3339">
     <span class='ocr_line' id='line_1_63' title="bbox 324 3264 1894 3339; baseline 0.008 -22"><span class='ocrx_word' id='word_1_446' title='bbox 324 3264 455 3333; x_wconf 77' lang='grc' dir='ltr'>ὑψος</span> <span class='ocrx_word' id='word_1_447' title='bbox 485 3266 553 3318; x_wconf 72' lang='grc' dir='ltr'><strong>εκ</strong></span> <span class='ocrx_word' id='word_1_448' title='bbox 575 3265 694 3330; x_wconf 88' lang='grc' dir='ltr'>τοῦ,</span> <span class='ocrx_word' id='word_1_449' title='bbox 729 3267 758 3319; x_wconf 87' lang='grc' dir='ltr'><strong>ό</strong></span> <span class='ocrx_word' id='word_1_450' title='bbox 787 3270 847 3321; x_wconf 77' lang='grc' dir='ltr'>ὲν</span> <span class='ocrx_word' id='word_1_451' title='bbox 880 3268 1111 3339; x_wconf 76' lang='grc' dir='ltr'>ὑψηλοῖς</span> <span class='ocrx_word' id='word_1_452' title='bbox 1152 3271 1423 3327; x_wconf 83' lang='grc' dir='ltr'>κατοικῶν</span> <span class='ocrx_word' id='word_1_453' title='bbox 1452 3273 1637 3328; x_wconf 78' lang='grc' dir='ltr'>καὶτὰ</span> <span class='ocrx_word' id='word_1_454' title='bbox 1660 3275 1894 3330; x_wconf 80' lang='grc' dir='ltr'>ταπεινὰ</span> 
     </span>
    </p>
   </div>
   <div class='ocr_carea' id='block_1_64' title="bbox 323 3356 1898 3435">
    <p class='ocr_par' dir='ltr' id='par_1_64' title="bbox 323 3356 1898 3435">
     <span class='ocr_line' id='line_1_64' title="bbox 323 3356 1898 3435; baseline 0.007 -27"><span class='ocrx_word' id='word_1_455' title='bbox 323 3356 562 3427; x_wconf 72' lang='grc' dir='ltr'>ἐφορῶν.</span> <span class='ocrx_word' id='word_1_456' title='bbox 611 3356 703 3427; x_wconf 85' lang='grc' dir='ltr'>Τῷ</span> <span class='ocrx_word' id='word_1_457' title='bbox 758 3358 866 3430; x_wconf 81' lang='grc' dir='ltr'>γὰρ</span> <span class='ocrx_word' id='word_1_458' title='bbox 914 3357 1059 3413; x_wconf 82' lang='grc' dir='ltr'>οὑτω</span> <span class='ocrx_word' id='word_1_459' title='bbox 1109 3362 1490 3435; x_wconf 82' lang='grc' dir='ltr'>παντεπόπτῃ,</span> <span class='ocrx_word' id='word_1_460' title='bbox 1542 3363 1640 3419; x_wconf 76' lang='grc' dir='ltr'>καὶ</span> <span class='ocrx_word' id='word_1_461' title='bbox 1674 3364 1898 3435; x_wconf 76' lang='grc' dir='ltr'>ὕψιστος</span> 
     </span>
    </p>
   </div>
   <div class='ocr_carea' id='block_1_65' title="bbox 322 3448 1899 3527">
    <p class='ocr_par' dir='ltr' id='par_1_65' title="bbox 322 3448 1899 3527">
     <span class='ocr_line' id='line_1_65' title="bbox 322 3448 1899 3527; baseline 0.006 -28"><span class='ocrx_word' id='word_1_462' title='bbox 322 3448 542 3510; x_wconf 71' lang='grc' dir='ltr'>πάντως</span> <span class='ocrx_word' id='word_1_463' title='bbox 570 3448 599 3501; x_wconf 83' lang='grc' dir='ltr'><strong>ό</strong></span> <span class='ocrx_word' id='word_1_464' title='bbox 628 3449 929 3510; x_wconf 68' lang='grc' dir='ltr'>ἱποπτικὸς</span> <span class='ocrx_word' id='word_1_465' title='bbox 965 3452 1157 3521; x_wconf 78' lang='grc' dir='ltr'>θρόνος</span> <span class='ocrx_word' id='word_1_466' title='bbox 1201 3453 1413 3527; x_wconf 76' lang='grc' dir='ltr'>θρόνοςο</span> <span class='ocrx_word' id='word_1_467' title='bbox 1438 3455 1559 3509; x_wconf 72' lang='grc' dir='ltr'>είδὶ</span> <span class='ocrx_word' id='word_1_468' title='bbox 1584 3456 1680 3509; x_wconf 81' lang='grc' dir='ltr'>καὶ</span> <span class='ocrx_word' id='word_1_469' title='bbox 1709 3456 1772 3509; x_wconf 78' lang='grc' dir='ltr'>τὸ</span> <span class='ocrx_word' id='word_1_470' title='bbox 1799 3456 1899 3509; x_wconf 82' lang='grc' dir='ltr'>αὑ·-</span> 
     </span>
    </p>
   </div>
   <div class='ocr_carea' id='block_1_66' title="bbox 321 3533 1897 3614">
    <p class='ocr_par' dir='ltr' id='par_1_66' title="bbox 321 3533 1897 3614">
     <span class='ocr_line' id='line_1_66' title="bbox 321 3533 1897 3614; baseline 0.007 -23"><span class='ocrx_word' id='word_1_471' title='bbox 321 3538 414 3602; x_wconf 75' lang='grc' dir='ltr'>τρῦ</span> <span class='ocrx_word' id='word_1_472' title='bbox 435 3533 582 3593; x_wconf 75' lang='grc' dir='ltr'>εἶναι</span> <span class='ocrx_word' id='word_1_473' title='bbox 617 3540 683 3593; x_wconf 73' lang='grc' dir='ltr'><strong>τὰ</strong></span> <span class='ocrx_word' id='word_1_474' title='bbox 732 3539 918 3610; x_wconf 81' lang='grc' dir='ltr'>ὑψηλὰ</span> <span class='ocrx_word' id='word_1_475' title='bbox 971 3542 1082 3596; x_wconf 90' lang='grc' dir='ltr'><strong>τῶν</strong></span> <span class='ocrx_word' id='word_1_476' title='bbox 1132 3542 1306 3613; x_wconf 80' lang='grc' dir='ltr'>όρέων</span> <span class='ocrx_word' id='word_1_477' title='bbox 1342 3544 1545 3614; x_wconf 87' lang='grc' dir='ltr'>σεμνόν</span> <span class='ocrx_word' id='word_1_478' title='bbox 1565 3547 1730 3613; x_wconf 70' lang='grc' dir='ltr'>ξιστι,</span> <span class='ocrx_word' id='word_1_479' title='bbox 1778 3546 1897 3602; x_wconf 80' lang='grc' dir='ltr'>ἀλλ’</span> 
     </span>
    </p>
   </div>
   <div class='ocr_carea' id='block_1_67' title="bbox 323 3618 1899 3705">
    <p class='ocr_par' dir='ltr' id='par_1_67' title="bbox 323 3618 1899 3705">
     <span class='ocr_line' id='line_1_67' title="bbox 323 3618 1899 3705; baseline 0.007 -22"><span class='ocrx_word' id='word_1_480' title='bbox 323 3631 644 3701; x_wconf 82' lang='grc' dir='ltr'>ὑπέρσεμνα</span> <span class='ocrx_word' id='word_1_481' title='bbox 676 3630 745 3684; x_wconf 71' lang='grc' dir='ltr'><strong>τὰ</strong></span> <span class='ocrx_word' id='word_1_482' title='bbox 768 3618 913 3689; x_wconf 69' lang='grc' dir='ltr'>κατὰ</span> <span class='ocrx_word' id='word_1_483' title='bbox 957 3634 1049 3690; x_wconf 75' lang='grc' dir='ltr'>τὸν</span> <span class='ocrx_word' id='word_1_484' title='bbox 1083 3634 1335 3705; x_wconf 82' lang='grc' dir='ltr'>οὑρανδν,</span> <span class='ocrx_word' id='word_1_485' title='bbox 1373 3631 1436 3694; x_wconf 77' lang='grc' dir='ltr'><strong>οὑ</strong></span> <span class='ocrx_word' id='word_1_486' title='bbox 1471 3638 1528 3693; x_wconf 85' lang='grc' dir='ltr'><strong>αί</strong></span> <span class='ocrx_word' id='word_1_487' title='bbox 1556 3637 1725 3693; x_wconf 86' lang='grc' dir='ltr'>πὺλαι</span> <span class='ocrx_word' id='word_1_488' title='bbox 1754 3641 1899 3694; x_wconf 76' lang='grc' dir='ltr'>κατὰ</span> 
     </span>
    </p>
   </div>
   <div class='ocr_carea' id='block_1_68' title="bbox 322 3722 1901 3799">
    <p class='ocr_par' dir='ltr' id='par_1_68' title="bbox 322 3722 1901 3799">
     <span class='ocr_line' id='line_1_68' title="bbox 322 3722 1901 3799; baseline 0.005 -24"><span class='ocrx_word' id='word_1_489' title='bbox 322 3724 414 3775; x_wconf 73' lang='grc' dir='ltr'><strong>τὸν</strong></span> <span class='ocrx_word' id='word_1_490' title='bbox 443 3722 721 3792; x_wconf 75' lang='grc' dir='ltr'>ψάλλοντα</span> <span class='ocrx_word' id='word_1_491' title='bbox 742 3723 992 3792; x_wconf 73' lang='grc' dir='ltr'>αἴρονται</span> <span class='ocrx_word' id='word_1_492' title='bbox 1021 3726 1547 3799; x_wconf 79' lang='grc' dir='ltr'>ἀναλαμϐανομένου</span> <span class='ocrx_word' id='word_1_493' title='bbox 1587 3730 1683 3782; x_wconf 85' lang='grc' dir='ltr'><strong>τοῦ</strong></span> <span class='ocrx_word' id='word_1_494' title='bbox 1714 3731 1901 3799; x_wconf 79' lang='grc' dir='ltr'><strong>Σωτῆ-</strong></span> 
     </span>
    </p>
   </div>
   <div class='ocr_carea' id='block_1_69' title="bbox 326 3813 1895 3891">
    <p class='ocr_par' dir='ltr' id='par_1_69' title="bbox 326 3813 1895 3891">
     <span class='ocr_line' id='line_1_69' title="bbox 326 3813 1895 3891; baseline 0.006 -25"><span class='ocrx_word' id='word_1_495' title='bbox 326 3829 417 3883; x_wconf 89' lang='grc' dir='ltr'><strong>ρος</strong></span> <span class='ocrx_word' id='word_1_496' title='bbox 446 3813 709 3881; x_wconf 81' lang='grc' dir='ltr'>Χριστοῦ.</span> <span class='ocrx_word' id='word_1_497' title='bbox 727 3815 870 3885; x_wconf 88' lang='grc' dir='ltr'>Ὅρα</span> <span class='ocrx_word' id='word_1_498' title='bbox 891 3814 949 3868; x_wconf 73' lang='grc' dir='ltr'>δὶ</span> <span class='ocrx_word' id='word_1_499' title='bbox 973 3815 1212 3871; x_wconf 73' lang='grc' dir='ltr'>ἐνταῦθα</span> <span class='ocrx_word' id='word_1_500' title='bbox 1223 3818 1306 3882; x_wconf 81' lang='grc' dir='ltr'>τὸ,</span> <span class='ocrx_word' id='word_1_501' title='bbox 1325 3820 1574 3890; x_wconf 83' lang='grc' dir='ltr'>πατρῷον</span> <span class='ocrx_word' id='word_1_502' title='bbox 1603 3820 1811 3891; x_wconf 82' lang='grc' dir='ltr'><strong>θρόνον⁹</strong></span> <span class='ocrx_word' id='word_1_503' title='bbox 1833 3821 1895 3875; x_wconf 87' lang='grc' dir='ltr'><strong>οὑ</strong></span> 
     </span>
    </p>
   </div>
   <div class='ocr_carea' id='block_1_70' title="bbox 328 3898 1899 3977">
    <p class='ocr_par' dir='ltr' id='par_1_70' title="bbox 328 3898 1899 3977">
     <span class='ocr_line' id='line_1_70' title="bbox 328 3898 1899 3977; baseline 0.006 -23"><span class='ocrx_word' id='word_1_504' title='bbox 328 3902 439 3973; x_wconf 78' lang='grc' dir='ltr'>γὰρ</span> <span class='ocrx_word' id='word_1_505' title='bbox 472 3898 630 3956; x_wconf 69' lang='grc' dir='ltr'>εἶπεν</span> <span class='ocrx_word' id='word_1_506' title='bbox 664 3904 745 3968; x_wconf 85' lang='grc' dir='ltr'><strong>είς</strong></span> <span class='ocrx_word' id='word_1_507' title='bbox 776 3905 976 3960; x_wconf 83' lang='grc' dir='ltr'>οίκεῖον</span> <span class='ocrx_word' id='word_1_508' title='bbox 1003 3905 1230 3976; x_wconf 79' lang='grc' dir='ltr'>ὕψιστον</span> <span class='ocrx_word' id='word_1_509' title='bbox 1271 3907 1483 3977; x_wconf 86' lang='grc' dir='ltr'>θρόνον,</span> <span class='ocrx_word' id='word_1_510' title='bbox 1516 3910 1765 3964; x_wconf 85' lang='grc' dir='ltr'>τοὺτέστι</span> <span class='ocrx_word' id='word_1_511' title='bbox 1806 3911 1899 3964; x_wconf 79' lang='grc' dir='ltr'>τὸν</span> 
     </span>
    </p>
   </div>
   <div class='ocr_carea' id='block_1_71' title="bbox 328 3995 1900 4073">
    <p class='ocr_par' dir='ltr' id='par_1_71' title="bbox 328 3995 1900 4073">
     <span class='ocr_line' id='line_1_71' title="bbox 328 3995 1900 4073; baseline 0.005 -26"><span class='ocrx_word' id='word_1_512' title='bbox 328 3995 482 4064; x_wconf 52' lang='lat' dir='ltr'><strong>tua»,</strong></span> <span class='ocrx_word' id='word_1_513' title='bbox 515 3995 602 4049; x_wconf 78' lang='grc' dir='ltr'>ἵνα</span> <span class='ocrx_word' id='word_1_514' title='bbox 632 3997 707 4065; x_wconf 88' lang='grc' dir='ltr'>μή</span> <span class='ocrx_word' id='word_1_515' title='bbox 739 4014 824 4061; x_wconf 90' lang='grc' dir='ltr'><strong>τις</strong></span> <span class='ocrx_word' id='word_1_516' title='bbox 846 3997 1113 4068; x_wconf 80' lang='grc' dir='ltr'>διαίρεσις</span> <span class='ocrx_word' id='word_1_517' title='bbox 1145 4000 1419 4071; x_wconf 73' lang='grc' dir='ltr'>ἑμφανείη</span> <span class='ocrx_word' id='word_1_518' title='bbox 1447 4001 1615 4055; x_wconf 89' lang='grc' dir='ltr'>αὑτοῦ</span> <span class='ocrx_word' id='word_1_519' title='bbox 1640 4003 1780 4073; x_wconf 78' lang='grc' dir='ltr'>πρὸς</span> <span class='ocrx_word' id='word_1_520' title='bbox 1808 4001 1900 4056; x_wconf 76' lang='grc' dir='ltr'><strong>τὸν</strong></span> 
     </span>
    </p>
   </div>
   <div class='ocr_carea' id='block_1_72' title="bbox 329 4084 1898 4162">
    <p class='ocr_par' dir='ltr' id='par_1_72' title="bbox 329 4084 1898 4162">
     <span class='ocr_line' id='line_1_72' title="bbox 329 4084 1898 4162; baseline 0.006 -25"><span class='ocrx_word' id='word_1_521' title='bbox 329 4084 545 4155; x_wconf 80' lang='grc' dir='ltr'>Πατέρα</span> <span class='ocrx_word' id='word_1_522' title='bbox 601 4085 1034 4141; x_wconf 83' lang='grc' dir='ltr'>ὑποσκιασθείσα</span> <span class='ocrx_word' id='word_1_523' title='bbox 1092 4087 1172 4157; x_wconf 83' lang='grc' dir='ltr'><strong>τῷ</strong></span> <span class='ocrx_word' id='word_1_524' title='bbox 1229 4089 1326 4143; x_wconf 88' lang='grc' dir='ltr'><strong>τοῦ</strong></span> <span class='ocrx_word' id='word_1_525' title='bbox 1396 4090 1590 4162; x_wconf 87' lang='grc' dir='ltr'>θρόνου</span> <span class='ocrx_word' id='word_1_526' title='bbox 1650 4091 1898 4161; x_wconf 84' lang='grc' dir='ltr'>δυασμῷ.</span> 
     </span>
    </p>
   </div>
   <div class='ocr_carea' id='block_1_73' title="bbox 339 4175 1900 4255">
    <p class='ocr_par' dir='ltr' id='par_1_73' title="bbox 339 4175 1900 4255">
     <span class='ocr_line' id='line_1_73' title="bbox 339 4175 1900 4255; baseline 0.005 -25"><span class='ocrx_word' id='word_1_527' title='bbox 339 4175 630 4249; x_wconf 76' lang='grc' dir='ltr'>Ἐπέκρινε</span> <span class='ocrx_word' id='word_1_528' title='bbox 660 4177 717 4230; x_wconf 80' lang='grc' dir='ltr'>δὲ</span> <span class='ocrx_word' id='word_1_529' title='bbox 742 4178 996 4247; x_wconf 82' lang='grc' dir='ltr'>πατρῷον</span> <span class='ocrx_word' id='word_1_530' title='bbox 1019 4178 1211 4247; x_wconf 84' lang='grc' dir='ltr'>θρόνον</span> <span class='ocrx_word' id='word_1_531' title='bbox 1235 4182 1436 4247; x_wconf 77' lang='grc' dir='ltr'>εἰπεῖν,</span> <span class='ocrx_word' id='word_1_532' title='bbox 1465 4182 1552 4236; x_wconf 77' lang='grc' dir='ltr'>ἶνα</span> <span class='ocrx_word' id='word_1_533' title='bbox 1578 4182 1767 4253; x_wconf 84' lang='grc' dir='ltr'>ὥσπερ</span> <span class='ocrx_word' id='word_1_534' title='bbox 1800 4184 1900 4255; x_wconf 89' lang='grc' dir='ltr'><strong>μία</strong></span> 
     </span>
    </p>
   </div>
   <div class='ocr_carea' id='block_1_74' title="bbox 329 4267 1899 4346">
    <p class='ocr_par' dir='ltr' id='par_1_74' title="bbox 329 4267 1899 4346">
     <span class='ocr_line' id='line_1_74' title="bbox 329 4267 1899 4346; baseline 0.006 -26"><span class='ocrx_word' id='word_1_535' title='bbox 329 4267 701 4338; x_wconf 78' lang='grc' dir='ltr'>προσκύνησις</span> <span class='ocrx_word' id='word_1_536' title='bbox 729 4267 829 4338; x_wconf 84' lang='grc' dir='ltr'>τῆς</span> <span class='ocrx_word' id='word_1_537' title='bbox 857 4269 1020 4337; x_wconf 79' lang='grc' dir='ltr'>ἁγίας</span> <span class='ocrx_word' id='word_1_538' title='bbox 1043 4271 1272 4339; x_wconf 85' lang='grc' dir='ltr'>Τριὰδος</span> <span class='ocrx_word' id='word_1_539' title='bbox 1303 4276 1899 4346; x_wconf 79' lang='grc' dir='ltr'>συμπροσκυνουμένης</span> 
     </span>
    </p>
   </div>
   <div class='ocr_carea' id='block_1_75' title="bbox 331 4358 1902 4430">
    <p class='ocr_par' dir='ltr' id='par_1_75' title="bbox 331 4358 1902 4430">
     <span class='ocr_line' id='line_1_75' title="bbox 331 4358 1902 4430; baseline 0.006 -18"><span class='ocrx_word' id='word_1_540' title='bbox 331 4358 388 4412; x_wconf 71' lang='grc' dir='ltr'>ἐν</span> <span class='ocrx_word' id='word_1_541' title='bbox 416 4360 517 4429; x_wconf 83' lang='grc' dir='ltr'><strong>μιᾷ</strong></span> <span class='ocrx_word' id='word_1_542' title='bbox 542 4362 935 4429; x_wconf 83' lang='grc' dir='ltr'>προσκυνήσει,</span> <span class='ocrx_word' id='word_1_543' title='bbox 979 4360 1125 4416; x_wconf 84' lang='grc' dir='ltr'>οὑτω</span> <span class='ocrx_word' id='word_1_544' title='bbox 1172 4364 1269 4418; x_wconf 74' lang='grc' dir='ltr'>καὶ</span> <span class='ocrx_word' id='word_1_545' title='bbox 1296 4362 1469 4428; x_wconf 87' lang='grc' dir='ltr'>θῶκος</span> <span class='ocrx_word' id='word_1_546' title='bbox 1490 4361 1577 4430; x_wconf 79' lang='grc' dir='ltr'>εἷς</span> <span class='ocrx_word' id='word_1_547' title='bbox 1601 4366 1696 4420; x_wconf 81' lang='grc' dir='ltr'>καὶ</span> <span class='ocrx_word' id='word_1_548' title='bbox 1747 4384 1902 4421; x_wconf 90' lang='grc' dir='ltr'>συνε-</span> 
     </span>
    </p>
   </div>
   <div class='ocr_carea' id='block_1_76' title="bbox 330 4447 1899 4529">
    <p class='ocr_par' dir='ltr' id='par_1_76' title="bbox 330 4447 1899 4529">
     <span class='ocr_line' id='line_1_76' title="bbox 330 4447 1899 4529; baseline 0.005 -23"><span class='ocrx_word' id='word_1_549' title='bbox 330 4451 620 4522; x_wconf 77' lang='grc' dir='ltr'>δριασμόςο</span> <span class='ocrx_word' id='word_1_550' title='bbox 650 4447 726 4507; x_wconf 78' lang='grc' dir='ltr'><strong>ῶν</strong></span> <span class='ocrx_word' id='word_1_551' title='bbox 755 4456 784 4507; x_wconf 85' lang='grc' dir='ltr'><strong>ό</strong></span> <span class='ocrx_word' id='word_1_552' title='bbox 809 4454 911 4526; x_wconf 72' lang='grc' dir='ltr'>μὲν</span> <span class='ocrx_word' id='word_1_553' title='bbox 945 4452 1134 4524; x_wconf 91' lang='grc' dir='ltr'>θρόνος</span> <span class='ocrx_word' id='word_1_554' title='bbox 1172 4454 1233 4508; x_wconf 79' lang='grc' dir='ltr'>τὸ</span> <span class='ocrx_word' id='word_1_555' title='bbox 1263 4457 1321 4509; x_wconf 75' lang='grc' dir='ltr'>ὲν</span> <span class='ocrx_word' id='word_1_556' title='bbox 1360 4457 1658 4529; x_wconf 82' lang='grc' dir='ltr'>ἀγαθότητι</span> <span class='ocrx_word' id='word_1_557' title='bbox 1689 4458 1899 4529; x_wconf 85' lang='grc' dir='ltr'>βασιλι-</span> 
     </span>
    </p>
   </div>
   <div class='ocr_carea' id='block_1_77' title="bbox 1999 3266 3579 3333">
    <p class='ocr_par' dir='ltr' id='par_1_77' title="bbox 1999 3266 3579 3333">
     <span class='ocr_line' id='line_1_77' title="bbox 1999 3266 3579 3333; baseline -0.004 -9"><span class='ocrx_word' id='word_1_558' title='bbox 1999 3269 2130 3325; x_wconf 89' lang='lat' dir='ltr'><strong>dere</strong></span> <span class='ocrx_word' id='word_1_559' title='bbox 2161 3283 2228 3323; x_wconf 82' lang='lat' dir='ltr'><strong>ex</strong></span> <span class='ocrx_word' id='word_1_560' title='bbox 2262 3269 2364 3324; x_wconf 91' lang='lat' dir='ltr'><strong>hoc</strong></span> <span class='ocrx_word' id='word_1_561' title='bbox 2391 3275 2583 3324; x_wconf 81' lang='lat' dir='ltr'><strong>textu:</strong></span> <span class='ocrx_word' id='word_1_562' title='bbox 2618 3266 2723 3333; x_wconf 84' lang='lat' dir='ltr'><strong>Qui</strong></span> <span class='ocrx_word' id='word_1_563' title='bbox 2756 3269 2810 3322; x_wconf 82' lang='lat' dir='ltr'><strong>in</strong></span> <span class='ocrx_word' id='word_1_564' title='bbox 2841 3268 2969 3322; x_wconf 81' lang='lat' dir='ltr'><strong>altis</strong></span> <span class='ocrx_word' id='word_1_565' title='bbox 3002 3267 3233 3331; x_wconf 74' lang='lat' dir='ltr'><strong>habitat,</strong></span> <span class='ocrx_word' id='word_1_566' title='bbox 3283 3277 3333 3322; x_wconf 82' lang='lat' dir='ltr'><strong>et</strong></span> <span class='ocrx_word' id='word_1_567' title='bbox 3355 3266 3579 3321; x_wconf 77' lang='lat' dir='ltr'><strong>humilia</strong></span> 
     </span>
    </p>
   </div>
   <div class='ocr_carea' id='block_1_78' title="bbox 2001 3358 3580 3430">
    <p class='ocr_par' dir='ltr' id='par_1_78' title="bbox 2001 3358 3580 3430">
     <span class='ocr_line' id='line_1_78' title="bbox 2001 3358 3580 3430; baseline -0.001 -17"><span class='ocrx_word' id='word_1_568' title='bbox 2001 3360 2237 3430; x_wconf 77' lang='lat' dir='ltr'><strong>respicit.</strong></span> <span class='ocrx_word' id='word_1_569' title='bbox 2271 3360 2404 3429; x_wconf 85' lang='lat' dir='ltr'><strong>Ejus</strong></span> <span class='ocrx_word' id='word_1_570' title='bbox 2429 3360 2523 3430; x_wconf 91' lang='lat' dir='ltr'><strong>qui</strong></span> <span class='ocrx_word' id='word_1_571' title='bbox 2552 3360 2633 3415; x_wconf 91' lang='lat' dir='ltr'><strong>sic</strong></span> <span class='ocrx_word' id='word_1_572' title='bbox 2663 3359 2850 3414; x_wconf 84' lang='lat' dir='ltr'><strong>omnia</strong></span> <span class='ocrx_word' id='word_1_573' title='bbox 2881 3358 3051 3425; x_wconf 87' lang='lat' dir='ltr'><strong>videt,</strong></span> <span class='ocrx_word' id='word_1_574' title='bbox 3079 3360 3328 3415; x_wconf 78' lang='lat' dir='ltr'><strong>excelsus</strong></span> <span class='ocrx_word' id='word_1_575' title='bbox 3355 3358 3580 3413; x_wconf 90' lang='lat' dir='ltr'><strong>omnino</strong></span> 
     </span>
    </p>
   </div>
   <div class='ocr_carea' id='block_1_79' title="bbox 1999 3447 3576 3520">
    <p class='ocr_par' dir='ltr' id='par_1_79' title="bbox 1999 3447 3576 3520">
     <span class='ocr_line' id='line_1_79' title="bbox 1999 3447 3576 3520; baseline -0.001 -14"><span class='ocrx_word' id='word_1_576' title='bbox 1999 3450 2235 3507; x_wconf 80' lang='lat' dir='ltr'><strong>visibilis</strong></span> <span class='ocrx_word' id='word_1_577' title='bbox 2264 3451 2517 3507; x_wconf 82' lang='lat' dir='ltr'><strong>thronus.</strong></span> <span class='ocrx_word' id='word_1_578' title='bbox 2560 3447 2618 3505; x_wconf 92' lang='lat' dir='ltr'><strong>Si</strong></span> <span class='ocrx_word' id='word_1_579' title='bbox 2665 3457 2849 3505; x_wconf 89' lang='lat' dir='ltr'><strong>autem</strong></span> <span class='ocrx_word' id='word_1_580' title='bbox 2890 3468 3012 3520; x_wconf 66' lang='lat' dir='ltr'><strong>qure</strong></span> <span class='ocrx_word' id='word_1_581' title='bbox 3057 3452 3147 3506; x_wconf 91' lang='lat' dir='ltr'><strong>hic</strong></span> <span class='ocrx_word' id='word_1_582' title='bbox 3184 3456 3315 3507; x_wconf 89' lang='lat' dir='ltr'><strong>sunt</strong></span> <span class='ocrx_word' id='word_1_583' title='bbox 3359 3450 3576 3505; x_wconf 78' lang='lat' dir='ltr'><strong>excelsa</strong></span> 
     </span>
    </p>
   </div>
   <div class='ocr_carea' id='block_1_80' title="bbox 2001 3541 3578 3612">
    <p class='ocr_par' dir='ltr' id='par_1_80' title="bbox 2001 3541 3578 3612">
     <span class='ocr_line' id='line_1_80' title="bbox 2001 3541 3578 3612; baseline -0.001 -15"><span class='ocrx_word' id='word_1_584' title='bbox 2001 3542 2269 3597; x_wconf 87' lang='lat' dir='ltr'><strong>montium</strong></span> <span class='ocrx_word' id='word_1_585' title='bbox 2316 3550 2610 3612; x_wconf 80' lang='lat' dir='ltr'><strong>augustum</strong></span> <span class='ocrx_word' id='word_1_586' title='bbox 2649 3542 2781 3611; x_wconf 89' lang='lat' dir='ltr'><strong>quid</strong></span> <span class='ocrx_word' id='word_1_587' title='bbox 2842 3552 2991 3607; x_wconf 88' lang='lat' dir='ltr'><strong>sunt,</strong></span> <span class='ocrx_word' id='word_1_588' title='bbox 3052 3543 3225 3597; x_wconf 90' lang='lat' dir='ltr'><strong>multo</strong></span> <span class='ocrx_word' id='word_1_589' title='bbox 3263 3541 3578 3612; x_wconf 74' lang='lat' dir='ltr'><strong>augustiora</strong></span> 
     </span>
    </p>
   </div>
   <div class='ocr_carea' id='block_1_81' title="bbox 2000 3633 3577 3704">
    <p class='ocr_par' dir='ltr' id='par_1_81' title="bbox 2000 3633 3577 3704">
     <span class='ocr_line' id='line_1_81' title="bbox 2000 3633 3577 3704; baseline -0.003 -15"><span class='ocrx_word' id='word_1_590' title='bbox 2000 3649 2120 3704; x_wconf 63' lang='lat' dir='ltr'><strong>qua?</strong></span> <span class='ocrx_word' id='word_1_591' title='bbox 2148 3643 2278 3691; x_wconf 87' lang='lat' dir='ltr'><strong>sunt</strong></span> <span class='ocrx_word' id='word_1_592' title='bbox 2308 3635 2364 3688; x_wconf 93' lang='lat' dir='ltr'><strong>in</strong></span> <span class='ocrx_word' id='word_1_593' title='bbox 2408 3634 2574 3702; x_wconf 68' lang='lat' dir='ltr'><strong>caelo,</strong></span> <span class='ocrx_word' id='word_1_594' title='bbox 2608 3636 2767 3704; x_wconf 88' lang='lat' dir='ltr'><strong>cujus</strong></span> <span class='ocrx_word' id='word_1_595' title='bbox 2810 3644 3000 3704; x_wconf 62' lang='lat' dir='ltr'><strong>porta),</strong></span> <span class='ocrx_word' id='word_1_596' title='bbox 3026 3633 3179 3703; x_wconf 78' lang='lat' dir='ltr'><strong>juxta</strong></span> <span class='ocrx_word' id='word_1_597' title='bbox 3207 3634 3577 3697; x_wconf 87' lang='lat' dir='ltr'><strong>Psalmistam,</strong></span> 
     </span>
    </p>
   </div>
   <div class='ocr_carea' id='block_1_82' title="bbox 2001 3725 3576 3782">
    <p class='ocr_par' dir='ltr' id='par_1_82' title="bbox 2001 3725 3576 3782">
     <span class='ocr_line' id='line_1_82' title="bbox 2001 3725 3576 3782; baseline -0.001 -2"><span class='ocrx_word' id='word_1_598' title='bbox 2001 3728 2286 3780; x_wconf 80' lang='lat' dir='ltr'><strong>elevantur</strong></span> <span class='ocrx_word' id='word_1_599' title='bbox 2309 3729 2641 3782; x_wconf 81' lang='lat' dir='ltr'><strong>ascendente</strong></span> <span class='ocrx_word' id='word_1_600' title='bbox 2667 3726 2951 3782; x_wconf 87' lang='lat' dir='ltr'><strong>Salvatore</strong></span> <span class='ocrx_word' id='word_1_601' title='bbox 2974 3726 3220 3780; x_wconf 89' lang='lat' dir='ltr'><strong>Christo.</strong></span> <span class='ocrx_word' id='word_1_602' title='bbox 3263 3725 3399 3780; x_wconf 90' lang='lat' dir='ltr'><strong>Vide</strong></span> <span class='ocrx_word' id='word_1_603' title='bbox 3425 3738 3576 3779; x_wconf 88' lang='lat' dir='ltr'><strong>nunc</strong></span> 
     </span>
    </p>
   </div>
   <div class='ocr_carea' id='block_1_83' title="bbox 2000 3816 3572 3888">
    <p class='ocr_par' dir='ltr' id='par_1_83' title="bbox 2000 3816 3572 3888">
     <span class='ocr_line' id='line_1_83' title="bbox 2000 3816 3572 3888; baseline -0.003 -18"><span class='ocrx_word' id='word_1_604' title='bbox 2000 3827 2281 3888; x_wconf 79' lang='lat' dir='ltr'><strong>paternum</strong></span> <span class='ocrx_word' id='word_1_605' title='bbox 2314 3818 2595 3883; x_wconf 81' lang='lat' dir='ltr'><strong>thronum;</strong></span> <span class='ocrx_word' id='word_1_606' title='bbox 2637 3832 2746 3873; x_wconf 89' lang='lat' dir='ltr'><strong>non</strong></span> <span class='ocrx_word' id='word_1_607' title='bbox 2778 3818 2922 3873; x_wconf 86' lang='lat' dir='ltr'><strong>enim</strong></span> <span class='ocrx_word' id='word_1_608' title='bbox 2972 3817 3109 3870; x_wconf 79' lang='lat' dir='ltr'><strong>dixit</strong></span> <span class='ocrx_word' id='word_1_609' title='bbox 3143 3833 3157 3870; x_wconf 91' lang='lat'><strong>:</strong></span> <span class='ocrx_word' id='word_1_610' title='bbox 3193 3816 3248 3869; x_wconf 90' lang='lat' dir='ltr'><strong>in</strong></span> <span class='ocrx_word' id='word_1_611' title='bbox 3295 3816 3572 3883; x_wconf 86' lang='lat' dir='ltr'><strong>proprium</strong></span> 
     </span>
    </p>
   </div>
   <div class='ocr_carea' id='block_1_84' title="bbox 1978 3903 3577 3973">
    <p class='ocr_par' dir='ltr' id='par_1_84' title="bbox 1978 3903 3577 3973">
     <span class='ocr_line' id='line_1_84' title="bbox 1978 3903 3577 3973; baseline -0.003 -13"><span class='ocrx_word' id='word_1_612' title='bbox 1978 3904 2278 3961; x_wconf 80' lang='lat' dir='ltr'><strong>excelsum</strong></span> <span class='ocrx_word' id='word_1_613' title='bbox 2320 3907 2603 3967; x_wconf 80' lang='lat' dir='ltr'><strong>thronum,</strong></span> <span class='ocrx_word' id='word_1_614' title='bbox 2636 3904 2687 3960; x_wconf 89' lang='lat' dir='ltr'><strong>id</strong></span> <span class='ocrx_word' id='word_1_615' title='bbox 2713 3912 2798 3959; x_wconf 94' lang='lat' dir='ltr'><strong>est</strong></span> <span class='ocrx_word' id='word_1_616' title='bbox 2829 3921 3037 3969; x_wconf 88' lang='lat' dir='ltr'><strong>meum,</strong></span> <span class='ocrx_word' id='word_1_617' title='bbox 3068 3920 3138 3958; x_wconf 89' lang='lat' dir='ltr'><strong>ne</strong></span> <span class='ocrx_word' id='word_1_618' title='bbox 3169 3904 3351 3973; x_wconf 86' lang='lat' dir='ltr'><strong>aliqua</strong></span> <span class='ocrx_word' id='word_1_619' title='bbox 3377 3903 3577 3957; x_wconf 87' lang='lat' dir='ltr'><strong>divisio</strong></span> 
     </span>
    </p>
   </div>
   <div class='ocr_carea' id='block_1_85' title="bbox 2002 3993 3578 4071">
    <p class='ocr_par' dir='ltr' id='par_1_85' title="bbox 2002 3993 3578 4071">
     <span class='ocr_line' id='line_1_85' title="bbox 2002 3993 3578 4071; baseline -0.005 -17"><span class='ocrx_word' id='word_1_620' title='bbox 2002 4007 2290 4071; x_wconf 87' lang='lat' dir='ltr'><strong>appareret</strong></span> <span class='ocrx_word' id='word_1_621' title='bbox 2342 3997 2489 4053; x_wconf 87' lang='lat' dir='ltr'><strong>inter</strong></span> <span class='ocrx_word' id='word_1_622' title='bbox 2530 3996 2686 4050; x_wconf 92' lang='lat' dir='ltr'><strong>illum</strong></span> <span class='ocrx_word' id='word_1_623' title='bbox 2726 4007 2784 4052; x_wconf 93' lang='lat' dir='ltr'><strong>et</strong></span> <span class='ocrx_word' id='word_1_624' title='bbox 2839 3995 3080 4063; x_wconf 83' lang='lat' dir='ltr'><strong>Patrem,</strong></span> <span class='ocrx_word' id='word_1_625' title='bbox 3133 3994 3336 4065; x_wconf 87' lang='lat' dir='ltr'><strong>duplici</strong></span> <span class='ocrx_word' id='word_1_626' title='bbox 3385 3993 3578 4047; x_wconf 89' lang='lat' dir='ltr'><strong>adum-</strong></span> 
     </span>
    </p>
   </div>
   <div class='ocr_carea' id='block_1_86' title="bbox 2002 4087 3575 4156">
    <p class='ocr_par' dir='ltr' id='par_1_86' title="bbox 2002 4087 3575 4156">
     <span class='ocr_line' id='line_1_86' title="bbox 2002 4087 3575 4156; baseline -0.004 -12"><span class='ocrx_word' id='word_1_627' title='bbox 2002 4091 2160 4145; x_wconf 86' lang='lat' dir='ltr'><strong>brata</strong></span> <span class='ocrx_word' id='word_1_628' title='bbox 2213 4090 2437 4144; x_wconf 87' lang='lat' dir='ltr'><strong>throno.</strong></span> <span class='ocrx_word' id='word_1_629' title='bbox 2499 4087 2690 4143; x_wconf 80' lang='lat' dir='ltr'><strong>Maluit</strong></span> <span class='ocrx_word' id='word_1_630' title='bbox 2762 4090 2905 4143; x_wconf 92' lang='lat' dir='ltr'><strong>enim</strong></span> <span class='ocrx_word' id='word_1_631' title='bbox 2974 4096 3260 4156; x_wconf 89' lang='lat' dir='ltr'><strong>paternum</strong></span> <span class='ocrx_word' id='word_1_632' title='bbox 3317 4088 3575 4139; x_wconf 90' lang='lat' dir='ltr'><strong>thronum</strong></span> 
     </span>
    </p>
   </div>
   <div class='ocr_carea' id='block_1_87' title="bbox 2002 4174 3578 4242">
    <p class='ocr_par' dir='ltr' id='par_1_87' title="bbox 2002 4174 3578 4242">
     <span class='ocr_line' id='line_1_87' title="bbox 2002 4174 3578 4242; baseline -0.003 -7"><span class='ocrx_word' id='word_1_633' title='bbox 2002 4178 2206 4242; x_wconf 91' lang='lat' dir='ltr'><strong>dicere.</strong></span> <span class='ocrx_word' id='word_1_634' title='bbox 2231 4189 2291 4234; x_wconf 92' lang='lat' dir='ltr'><strong>ut</strong></span> <span class='ocrx_word' id='word_1_635' title='bbox 2325 4179 2468 4235; x_wconf 81' lang='lat' dir='ltr'><strong>sicut</strong></span> <span class='ocrx_word' id='word_1_636' title='bbox 2496 4194 2604 4232; x_wconf 91' lang='lat' dir='ltr'><strong>una</strong></span> <span class='ocrx_word' id='word_1_637' title='bbox 2628 4188 2715 4234; x_wconf 86' lang='lat' dir='ltr'><strong>est</strong></span> <span class='ocrx_word' id='word_1_638' title='bbox 2740 4177 2990 4233; x_wconf 89' lang='lat' dir='ltr'><strong>adoratio</strong></span> <span class='ocrx_word' id='word_1_639' title='bbox 3038 4184 3240 4232; x_wconf 79' lang='lat' dir='ltr'><strong>sanctae</strong></span> <span class='ocrx_word' id='word_1_640' title='bbox 3288 4174 3578 4230; x_wconf 82' lang='lat' dir='ltr'><strong>Trinitatis</strong></span> 
     </span>
    </p>
   </div>
   <div class='ocr_carea' id='block_1_88' title="bbox 2002 4266 3579 4333">
    <p class='ocr_par' dir='ltr' id='par_1_88' title="bbox 2002 4266 3579 4333">
     <span class='ocr_line' id='line_1_88' title="bbox 2002 4266 3579 4333; baseline -0.004 -7"><span class='ocrx_word' id='word_1_641' title='bbox 2002 4282 2275 4326; x_wconf 69' lang='lat' dir='ltr'><strong>veneratae</strong></span> <span class='ocrx_word' id='word_1_642' title='bbox 2308 4270 2472 4326; x_wconf 88' lang='lat' dir='ltr'><strong>simul</strong></span> <span class='ocrx_word' id='word_1_643' title='bbox 2522 4270 2576 4323; x_wconf 92' lang='lat' dir='ltr'><strong>in</strong></span> <span class='ocrx_word' id='word_1_644' title='bbox 2627 4284 2736 4324; x_wconf 87' lang='lat' dir='ltr'><strong>una</strong></span> <span class='ocrx_word' id='word_1_645' title='bbox 2772 4266 3111 4333; x_wconf 85' lang='lat' dir='ltr'><strong>adoratione,</strong></span> <span class='ocrx_word' id='word_1_646' title='bbox 3143 4268 3221 4323; x_wconf 92' lang='lat' dir='ltr'><strong>sic</strong></span> <span class='ocrx_word' id='word_1_647' title='bbox 3250 4275 3304 4322; x_wconf 90' lang='lat' dir='ltr'><strong>et</strong></span> <span class='ocrx_word' id='word_1_648' title='bbox 3336 4283 3479 4321; x_wconf 91' lang='lat' dir='ltr'><strong>unus</strong></span> <span class='ocrx_word' id='word_1_649' title='bbox 3505 4267 3579 4320; x_wconf 88' lang='lat' dir='ltr'><strong>sit</strong></span> 
     </span>
    </p>
   </div>
   <div class='ocr_carea' id='block_1_89' title="bbox 2003 4360 3580 4427">
    <p class='ocr_par' dir='ltr' id='par_1_89' title="bbox 2003 4360 3580 4427">
     <span class='ocr_line' id='line_1_89' title="bbox 2003 4360 3580 4427; baseline -0.003 -9"><span class='ocrx_word' id='word_1_650' title='bbox 2003 4363 2258 4427; x_wconf 89' lang='lat' dir='ltr'><strong>thronus,</strong></span> <span class='ocrx_word' id='word_1_651' title='bbox 2286 4378 2393 4417; x_wconf 86' lang='lat' dir='ltr'><strong>una</strong></span> <span class='ocrx_word' id='word_1_652' title='bbox 2438 4361 2640 4426; x_wconf 77' lang='lat' dir='ltr'><strong>sedes;</strong></span> <span class='ocrx_word' id='word_1_653' title='bbox 2673 4361 2959 4416; x_wconf 83' lang='lat' dir='ltr'><strong>manifeste</strong></span> <span class='ocrx_word' id='word_1_654' title='bbox 3002 4369 3183 4414; x_wconf 86' lang='lat' dir='ltr'><strong>autem</strong></span> <span class='ocrx_word' id='word_1_655' title='bbox 3216 4360 3450 4414; x_wconf 86' lang='lat' dir='ltr'><strong>thronus</strong></span> <span class='ocrx_word' id='word_1_656' title='bbox 3495 4368 3580 4415; x_wconf 76' lang='lat' dir='ltr'><strong>est</strong></span> 
     </span>
    </p>
   </div>
   <div class='ocr_carea' id='block_1_90' title="bbox 2003 4450 3581 4509">
    <p class='ocr_par' dir='ltr' id='par_1_90' title="bbox 2003 4450 3581 4509">
     <span class='ocr_line' id='line_1_90' title="bbox 2003 4450 3581 4509; baseline -0.003 0"><span class='ocrx_word' id='word_1_657' title='bbox 2003 4453 2161 4509; x_wconf 87' lang='lat' dir='ltr'><strong>sedes</strong></span> <span class='ocrx_word' id='word_1_658' title='bbox 2200 4462 2403 4509; x_wconf 69' lang='lat' dir='ltr'><strong>sancta:</strong></span> <span class='ocrx_word' id='word_1_659' title='bbox 2437 4452 2730 4507; x_wconf 87' lang='lat' dir='ltr'><strong>Trinitatis</strong></span> <span class='ocrx_word' id='word_1_660' title='bbox 2759 4452 2814 4506; x_wconf 92' lang='lat' dir='ltr'><strong>in</strong></span> <span class='ocrx_word' id='word_1_661' title='bbox 2846 4451 3134 4508; x_wconf 84' lang='lat' dir='ltr'><strong>bonitate:</strong></span> <span class='ocrx_word' id='word_1_662' title='bbox 3172 4450 3457 4506; x_wconf 86' lang='lat' dir='ltr'><strong>consessio</strong></span> <span class='ocrx_word' id='word_1_663' title='bbox 3484 4465 3581 4504; x_wconf 87' lang='lat' dir='ltr'><strong>au-</strong></span> 
     </span>
    </p>
   </div>
   <div class='ocr_carea' id='block_1_91' title="bbox 329 4540 1898 4620">
    <p class='ocr_par' dir='ltr' id='par_1_91' title="bbox 329 4546 1898 4620">
     <span class='ocr_line' id='line_1_91' title="bbox 329 4546 1898 4620; baseline 0.005 -22"><span class='ocrx_word' id='word_1_664' title='bbox 329 4546 442 4610; x_wconf 88' lang='grc' dir='ltr'><strong>κῶς</strong></span> <span class='ocrx_word' id='word_1_665' title='bbox 468 4547 684 4617; x_wconf 80' lang='grc' dir='ltr'>ἑδραῖον</span> <span class='ocrx_word' id='word_1_666' title='bbox 713 4547 812 4617; x_wconf 85' lang='grc' dir='ltr'><strong>τῆς</strong></span> <span class='ocrx_word' id='word_1_667' title='bbox 867 4546 1034 4616; x_wconf 81' lang='grc' dir='ltr'>ἁγίας</span> <span class='ocrx_word' id='word_1_668' title='bbox 1083 4547 1315 4619; x_wconf 81' lang='grc' dir='ltr'>Τριάδος</span> <span class='ocrx_word' id='word_1_669' title='bbox 1369 4549 1555 4620; x_wconf 76' lang='grc' dir='ltr'>δηλοτο</span> <span class='ocrx_word' id='word_1_670' title='bbox 1586 4553 1615 4605; x_wconf 84' lang='grc' dir='ltr'><strong>ό</strong></span> <span class='ocrx_word' id='word_1_671' title='bbox 1662 4551 1718 4605; x_wconf 79' lang='grc' dir='ltr'>δὲ</span> <span class='ocrx_word' id='word_1_672' title='bbox 1749 4570 1898 4606; x_wconf 84' lang='grc' dir='ltr'>συνε-</span> 
     </span>
    </p>
   </div>
   <div class='ocr_carea' id='block_1_92' title="bbox 2004 4540 3576 4620">
    <p class='ocr_par' dir='ltr' id='par_1_92' title="bbox 2004 4541 3576 4616">
     <span class='ocr_line' id='line_1_92' title="bbox 2004 4541 3576 4616; baseline -0.001 -18"><span class='ocrx_word' id='word_1_673' title='bbox 2004 4554 2109 4600; x_wconf 90' lang='lat' dir='ltr'><strong>tem</strong></span> <span class='ocrx_word' id='word_1_674' title='bbox 2139 4545 2441 4616; x_wconf 83' lang='lat' dir='ltr'><strong>symbolum</strong></span> <span class='ocrx_word' id='word_1_675' title='bbox 2463 4554 2549 4599; x_wconf 88' lang='lat' dir='ltr'><strong>est</strong></span> <span class='ocrx_word' id='word_1_676' title='bbox 2580 4544 2927 4599; x_wconf 88' lang='lat' dir='ltr'><strong>imlivisionis</strong></span> <span class='ocrx_word' id='word_1_677' title='bbox 2954 4543 3097 4613; x_wconf 89' lang='lat' dir='ltr'><strong>ejus.</strong></span> <span class='ocrx_word' id='word_1_678' title='bbox 3132 4541 3369 4599; x_wconf 84' lang='lat' dir='ltr'><strong>Verbum</strong></span> <span class='ocrx_word' id='word_1_679' title='bbox 3395 4552 3576 4597; x_wconf 87' lang='lat' dir='ltr'><strong>autem</strong></span> 
     </span>
    </p>
   </div>
   <div class='ocr_carea' id='block_1_93' title="bbox 323 4634 1893 4710">
    <p class='ocr_par' dir='ltr' id='par_1_93' title="bbox 323 4634 1893 4710">
     <span class='ocr_line' id='line_1_93' title="bbox 323 4634 1893 4710; baseline 0.004 -20"><span class='ocrx_word' id='word_1_680' title='bbox 323 4634 589 4707; x_wconf 77' lang='grc' dir='ltr'>δριασμδς</span> <span class='ocrx_word' id='word_1_681' title='bbox 618 4634 712 4690; x_wconf 89' lang='grc' dir='ltr'><strong>τοῦ</strong></span> <span class='ocrx_word' id='word_1_682' title='bbox 733 4635 856 4690; x_wconf 86' lang='grc' dir='ltr'>κατ’</span> <span class='ocrx_word' id='word_1_683' title='bbox 882 4636 1053 4707; x_wconf 84' lang='grc' dir='ltr'>αὑτὴν</span> <span class='ocrx_word' id='word_1_684' title='bbox 1086 4637 1392 4708; x_wconf 82' lang='grc' dir='ltr'>ἁχωρίστου</span> <span class='ocrx_word' id='word_1_685' title='bbox 1442 4641 1714 4710; x_wconf 74' lang='grc' dir='ltr'>σύμϐολόν</span> <span class='ocrx_word' id='word_1_686' title='bbox 1756 4644 1893 4696; x_wconf 68' lang='grc' dir='ltr'>ἔστι·</span> 
     </span>
    </p>
   </div>
   <div class='ocr_carea' id='block_1_94' title="bbox 324 4726 1896 4801">
    <p class='ocr_par' dir='ltr' id='par_1_94' title="bbox 324 4726 1896 4801">
     <span class='ocr_line' id='line_1_94' title="bbox 324 4726 1896 4801; baseline 0.002 -19"><span class='ocrx_word' id='word_1_687' title='bbox 324 4728 386 4782; x_wconf 87' lang='grc' dir='ltr'><strong>τδ</strong></span> <span class='ocrx_word' id='word_1_688' title='bbox 439 4726 499 4780; x_wconf 80' lang='grc' dir='ltr'>δὲ</span> <span class='ocrx_word' id='word_1_689' title='bbox 555 4726 917 4796; x_wconf 80' lang='grc' dir='ltr'>συνεδριάζων</span> <span class='ocrx_word' id='word_1_690' title='bbox 967 4730 1031 4781; x_wconf 73' lang='grc' dir='ltr'>ἐκ</span> <span class='ocrx_word' id='word_1_691' title='bbox 1077 4728 1173 4781; x_wconf 90' lang='grc' dir='ltr'><strong>τοῦ</strong></span> <span class='ocrx_word' id='word_1_692' title='bbox 1230 4729 1555 4797; x_wconf 87' lang='grc' dir='ltr'>κοινώτερον</span> <span class='ocrx_word' id='word_1_693' title='bbox 1601 4731 1896 4801; x_wconf 85' lang='grc' dir='ltr'>λεγομένου</span> 
     </span>
    </p>
   </div>
   <div class='ocr_carea' id='block_1_95' title="bbox 329 4816 1899 4891">
    <p class='ocr_par' dir='ltr' id='par_1_95' title="bbox 329 4816 1899 4891">
     <span class='ocr_line' id='line_1_95' title="bbox 329 4816 1899 4891; baseline 0.003 -20"><span class='ocrx_word' id='word_1_694' title='bbox 329 4817 609 4886; x_wconf 86' lang='grc' dir='ltr'>συνεδρίου</span> <span class='ocrx_word' id='word_1_695' title='bbox 648 4817 1069 4888; x_wconf 86' lang='grc' dir='ltr'>παρείλκυσται.</span> <span class='ocrx_word' id='word_1_696' title='bbox 1129 4816 1195 4872; x_wconf 86' lang='grc' dir='ltr'><strong>Ἦ</strong></span> <span class='ocrx_word' id='word_1_697' title='bbox 1253 4820 1362 4889; x_wconf 76' lang='grc' dir='ltr'><strong>γὰρ</strong></span> <span class='ocrx_word' id='word_1_698' title='bbox 1418 4820 1553 4890; x_wconf 72' lang='grc' dir='ltr'>ἕδρα</span> <span class='ocrx_word' id='word_1_699' title='bbox 1587 4822 1724 4891; x_wconf 83' lang='grc' dir='ltr'>ὅπερ</span> <span class='ocrx_word' id='word_1_700' title='bbox 1781 4823 1899 4876; x_wconf 75' lang='grc' dir='ltr'>ἐστὶ</span> 
     </span>
    </p>
   </div>
   <div class='ocr_carea' id='block_1_96' title="bbox 327 4909 1895 4983">
    <p class='ocr_par' dir='ltr' id='par_1_96' title="bbox 327 4909 1895 4983">
     <span class='ocr_line' id='line_1_96' title="bbox 327 4909 1895 4983; baseline 0.002 -19"><span class='ocrx_word' id='word_1_701' title='bbox 327 4910 574 4979; x_wconf 79' lang='grc' dir='ltr'>καθέδρα</span> <span class='ocrx_word' id='word_1_702' title='bbox 602 4909 960 4979; x_wconf 79' lang='grc' dir='ltr'>τρισύλλαὸον</span> <span class='ocrx_word' id='word_1_703' title='bbox 990 4909 1144 4980; x_wconf 79' lang='grc' dir='ltr'>ῥῆμα</span> <span class='ocrx_word' id='word_1_704' title='bbox 1170 4909 1408 4980; x_wconf 84' lang='grc' dir='ltr'>παράγει</span> <span class='ocrx_word' id='word_1_705' title='bbox 1445 4911 1507 4965; x_wconf 80' lang='grc' dir='ltr'>τὸ</span> <span class='ocrx_word' id='word_1_706' title='bbox 1536 4912 1723 4983; x_wconf 78' lang='grc' dir='ltr'>ἑδράζε</span> <span class='ocrx_word' id='word_1_707' title='bbox 1736 4932 1804 4977; x_wconf 89' lang='grc' dir='ltr'><strong>ιν,</strong></span> <span class='ocrx_word' id='word_1_708' title='bbox 1835 4913 1895 4967; x_wconf 87' lang='grc' dir='ltr'><strong>οὑ</strong></span> 
     </span>
    </p>
   </div>
   <div class='ocr_carea' id='block_1_97' title="bbox 333 5001 1899 5076">
    <p class='ocr_par' dir='ltr' id='par_1_97' title="bbox 333 5001 1899 5076">
     <span class='ocr_line' id='line_1_97' title="bbox 333 5001 1899 5076; baseline 0.003 -21"><span class='ocrx_word' id='word_1_709' title='bbox 333 5003 442 5071; x_wconf 81' lang='grc' dir='ltr'>μὴν</span> <span class='ocrx_word' id='word_1_710' title='bbox 477 5002 774 5073; x_wconf 80' lang='grc' dir='ltr'>ὲδριάζειν·</span> <span class='ocrx_word' id='word_1_711' title='bbox 821 5002 1113 5073; x_wconf 82' lang='grc' dir='ltr'>δικαστικὴ</span> <span class='ocrx_word' id='word_1_712' title='bbox 1146 5002 1203 5057; x_wconf 74' lang='grc' dir='ltr'>δὲ</span> <span class='ocrx_word' id='word_1_713' title='bbox 1234 5001 1385 5068; x_wconf 78' lang='grc' dir='ltr'>λέξις</span> <span class='ocrx_word' id='word_1_714' title='bbox 1412 5005 1473 5057; x_wconf 75' lang='grc' dir='ltr'><strong>τὸ</strong></span> <span class='ocrx_word' id='word_1_715' title='bbox 1522 5005 1899 5076; x_wconf 72' lang='grc' dir='ltr'>συνεδριάζειν</span> 
     </span>
    </p>
   </div>
   <div class='ocr_carea' id='block_1_98' title="bbox 328 5093 1900 5166">
    <p class='ocr_par' dir='ltr' id='par_1_98' title="bbox 328 5093 1900 5166">
     <span class='ocr_line' id='line_1_98' title="bbox 328 5093 1900 5166; baseline 0.003 -20"><span class='ocrx_word' id='word_1_716' title='bbox 328 5094 619 5162; x_wconf 77' lang='grc' dir='ltr'>πρέπουσα</span> <span class='ocrx_word' id='word_1_717' title='bbox 641 5093 758 5164; x_wconf 84' lang='grc' dir='ltr'><strong>Υίῷ</strong></span> <span class='ocrx_word' id='word_1_718' title='bbox 787 5094 867 5161; x_wconf 84' lang='grc' dir='ltr'>τῷ</span> <span class='ocrx_word' id='word_1_719' title='bbox 897 5093 993 5147; x_wconf 77' lang='grc' dir='ltr'>καὶ</span> <span class='ocrx_word' id='word_1_720' title='bbox 1022 5094 1267 5165; x_wconf 87' lang='grc' dir='ltr'>κρίνοντι</span> <span class='ocrx_word' id='word_1_721' title='bbox 1288 5096 1382 5149; x_wconf 72' lang='grc' dir='ltr'><strong>καὶ</strong></span> <span class='ocrx_word' id='word_1_722' title='bbox 1421 5098 1765 5166; x_wconf 85' lang='grc' dir='ltr'>συγκρίνοντι</span> <span class='ocrx_word' id='word_1_723' title='bbox 1786 5100 1900 5162; x_wconf 78' lang='grc' dir='ltr'>τοῖς</span> 
     </span>
    </p>
   </div>
   <div class='ocr_carea' id='block_1_99' title="bbox 333 5184 1898 5260">
    <p class='ocr_par' dir='ltr' id='par_1_99' title="bbox 333 5184 1898 5260">
     <span class='ocr_line' id='line_1_99' title="bbox 333 5184 1898 5260; baseline 0.004 -25"><span class='ocrx_word' id='word_1_724' title='bbox 333 5184 472 5250; x_wconf 79' lang='grc' dir='ltr'>[σοις</span> <span class='ocrx_word' id='word_1_725' title='bbox 498 5185 576 5255; x_wconf 78' lang='grc' dir='ltr'><strong>τῷ</strong></span> <span class='ocrx_word' id='word_1_726' title='bbox 609 5185 785 5255; x_wconf 73' lang='grc' dir='ltr'>Πατρὶ</span> <span class='ocrx_word' id='word_1_727' title='bbox 816 5185 911 5239; x_wconf 63' lang='grc' dir='ltr'><strong>καὶ⁸</strong></span> <span class='ocrx_word' id='word_1_728' title='bbox 950 5184 1027 5256; x_wconf 86' lang='grc' dir='ltr'><strong>τῷ</strong></span> <span class='ocrx_word' id='word_1_729' title='bbox 1076 5184 1379 5257; x_wconf 83' lang='grc' dir='ltr'>Πνεὺματι,</span> <span class='ocrx_word' id='word_1_730' title='bbox 1412 5186 1510 5241; x_wconf 76' lang='grc' dir='ltr'>καὶ</span> <span class='ocrx_word' id='word_1_731' title='bbox 1554 5187 1898 5260; x_wconf 77' lang='grc' dir='ltr'>ἐλευσομένῳ</span> 
     </span>
    </p>
   </div>
   <div class='ocr_carea' id='block_1_100' title="bbox 331 5275 1167 5347">
    <p class='ocr_par' dir='ltr' id='par_1_100' title="bbox 331 5275 1167 5347">
     <span class='ocr_line' id='line_1_100' title="bbox 331 5275 1167 5347; baseline 0.004 -18"><span class='ocrx_word' id='word_1_732' title='bbox 331 5278 515 5347; x_wconf 80' lang='grc' dir='ltr'>κρῖναι</span> <span class='ocrx_word' id='word_1_733' title='bbox 547 5275 758 5340; x_wconf 84' lang='grc' dir='ltr'>ζῶντας</span> <span class='ocrx_word' id='word_1_734' title='bbox 786 5277 882 5331; x_wconf 69' lang='grc' dir='ltr'>καὶ</span> <span class='ocrx_word' id='word_1_735' title='bbox 916 5275 1167 5346; x_wconf 78' lang='grc' dir='ltr'>νεκρούς.</span> 
     </span>
    </p>
   </div>
   <div class='ocr_carea' id='block_1_101' title="bbox 400 5364 1901 5441">
    <p class='ocr_par' dir='ltr' id='par_1_101' title="bbox 400 5364 1901 5441">
     <span class='ocr_line' id='line_1_101' title="bbox 400 5364 1901 5441; baseline 0.002 -19"><span class='ocrx_word' id='word_1_736' title='bbox 400 5364 496 5423; x_wconf 79' lang='grc' dir='ltr'>κε’.</span> <span class='ocrx_word' id='word_1_737' title='bbox 529 5369 601 5421; x_wconf 82' lang='grc' dir='ltr'><strong>Τὸ</strong></span> <span class='ocrx_word' id='word_1_738' title='bbox 625 5367 679 5421; x_wconf 74' lang='grc' dir='ltr'>δὲ</span> <span class='ocrx_word' id='word_1_739' title='bbox 707 5367 918 5438; x_wconf 85' lang='grc' dir='ltr'>ἐκχεῶ,</span> <span class='ocrx_word' id='word_1_740' title='bbox 944 5368 1256 5441; x_wconf 77' lang='grc' dir='ltr'>προφητικὴ</span> <span class='ocrx_word' id='word_1_741' title='bbox 1276 5368 1419 5437; x_wconf 80' lang='grc' dir='ltr'>λέξις</span> <span class='ocrx_word' id='word_1_742' title='bbox 1446 5369 1585 5436; x_wconf 76' lang='grc' dir='ltr'>ἐστὶ,</span> <span class='ocrx_word' id='word_1_743' title='bbox 1616 5370 1707 5424; x_wconf 84' lang='grc' dir='ltr'><strong>τοῦ</strong></span> <span class='ocrx_word' id='word_1_744' title='bbox 1744 5370 1901 5441; x_wconf 72' lang='grc' dir='ltr'><strong>Ἰωήλ</strong></span> 
     </span>
    </p>
   </div>
   <div class='ocr_carea' id='block_1_102' title="bbox 328 5454 1901 5532">
    <p class='ocr_par' dir='ltr' id='par_1_102' title="bbox 328 5454 1901 5532">
     <span class='ocr_line' id='line_1_102' title="bbox 328 5454 1901 5532; baseline 0.003 -22"><span class='ocrx_word' id='word_1_745' title='bbox 328 5456 594 5526; x_wconf 85' lang='grc' dir='ltr'>δηλονότι,</span> <span class='ocrx_word' id='word_1_746' title='bbox 618 5461 713 5513; x_wconf 70' lang='grc' dir='ltr'>καὶ</span> <span class='ocrx_word' id='word_1_747' title='bbox 739 5458 927 5530; x_wconf 72' lang='grc' dir='ltr'>ἔχεται</span> <span class='ocrx_word' id='word_1_748' title='bbox 964 5460 1273 5530; x_wconf 84' lang='grc' dir='ltr'>ίερωτάτων</span> <span class='ocrx_word' id='word_1_749' title='bbox 1294 5461 1538 5523; x_wconf 71' lang='grc' dir='ltr'>ἰννοιῶν,</span> <span class='ocrx_word' id='word_1_750' title='bbox 1570 5454 1645 5516; x_wconf 80' lang='grc' dir='ltr'><strong>ὧν</strong></span> <span class='ocrx_word' id='word_1_751' title='bbox 1678 5463 1776 5532; x_wconf 89' lang='grc' dir='ltr'><strong>μία</strong></span> <span class='ocrx_word' id='word_1_752' title='bbox 1808 5465 1901 5518; x_wconf 78' lang='grc' dir='ltr'>καὶ</span> 
     </span>
    </p>
   </div>
   <div class='ocr_carea' id='block_1_103' title="bbox 328 5550 1902 5622">
    <p class='ocr_par' dir='ltr' id='par_1_103' title="bbox 328 5550 1902 5622">
     <span class='ocr_line' id='line_1_103' title="bbox 328 5550 1902 5622; baseline 0.003 -17"><span class='ocrx_word' id='word_1_753' title='bbox 328 5551 363 5619; x_wconf 73' lang='grc' dir='ltr'><strong>ἡ</strong></span> <span class='ocrx_word' id='word_1_754' title='bbox 397 5551 542 5606; x_wconf 72' lang='grc' dir='ltr'>κατὰ</span> <span class='ocrx_word' id='word_1_755' title='bbox 580 5552 641 5604; x_wconf 80' lang='grc' dir='ltr'>τὸ</span> <span class='ocrx_word' id='word_1_756' title='bbox 668 5550 825 5620; x_wconf 62' lang='grc' dir='ltr'>ἅγιον</span> <span class='ocrx_word' id='word_1_757' title='bbox 859 5550 1161 5622; x_wconf 81' lang='grc' dir='ltr'>βάπτισμα,</span> <span class='ocrx_word' id='word_1_758' title='bbox 1203 5554 1283 5615; x_wconf 80' lang='grc' dir='ltr'><strong>είς</strong></span> <span class='ocrx_word' id='word_1_759' title='bbox 1325 5552 1354 5606; x_wconf 84' lang='grc' dir='ltr'><strong>δ</strong></span> <span class='ocrx_word' id='word_1_760' title='bbox 1383 5553 1731 5620; x_wconf 80' lang='grc' dir='ltr'>καταδύντες,</span> <span class='ocrx_word' id='word_1_761' title='bbox 1758 5553 1902 5609; x_wconf 80' lang='grc' dir='ltr'>οὕτω</span> 
     </span>
    </p>
   </div>
   <div class='ocr_carea' id='block_1_104' title="bbox 330 5642 1902 5716">
    <p class='ocr_par' dir='ltr' id='par_1_104' title="bbox 330 5642 1902 5716">
     <span class='ocr_line' id='line_1_104' title="bbox 330 5642 1902 5716; baseline 0.004 -25"><span class='ocrx_word' id='word_1_762' title='bbox 330 5642 423 5694; x_wconf 80' lang='grc' dir='ltr'>καὶ</span> <span class='ocrx_word' id='word_1_763' title='bbox 439 5642 876 5703; x_wconf 83' lang='grc' dir='ltr'>συναναστάντες</span> <span class='ocrx_word' id='word_1_764' title='bbox 898 5642 1170 5713; x_wconf 80' lang='grc' dir='ltr'>σωτηρίου</span> <span class='ocrx_word' id='word_1_765' title='bbox 1189 5642 1406 5713; x_wconf 78' lang='grc' dir='ltr'>ἱμάτιον</span> <span class='ocrx_word' id='word_1_766' title='bbox 1424 5644 1800 5716; x_wconf 79' lang='grc' dir='ltr'>ὴμφιέσμεθα.</span> <span class='ocrx_word' id='word_1_767' title='bbox 1820 5663 1902 5715; x_wconf 85' lang='grc' dir='ltr'><strong>χι-</strong></span> 
     </span>
    </p>
   </div>
   <div class='ocr_carea' id='block_1_105' title="bbox 326 5732 1906 5810">
    <p class='ocr_par' dir='ltr' id='par_1_105' title="bbox 326 5732 1906 5810">
     <span class='ocr_line' id='line_1_105' title="bbox 326 5732 1906 5810; baseline 0.002 -22"><span class='ocrx_word' id='word_1_768' title='bbox 326 5733 473 5790; x_wconf 84' lang='grc' dir='ltr'>τῶνα</span> <span class='ocrx_word' id='word_1_769' title='bbox 504 5732 695 5790; x_wconf 86' lang='grc' dir='ltr'>τοῦτον</span> <span class='ocrx_word' id='word_1_770' title='bbox 727 5734 989 5805; x_wconf 71' lang='grc' dir='ltr'>φωτεινόν</span> <span class='ocrx_word' id='word_1_771' title='bbox 1012 5734 1437 5808; x_wconf 75' lang='grc' dir='ltr'>περικέχυμενον</span> <span class='ocrx_word' id='word_1_772' title='bbox 1454 5737 1621 5810; x_wconf 79' lang='grc' dir='ltr'>ἡμᾶς,</span> <span class='ocrx_word' id='word_1_773' title='bbox 1643 5738 1736 5794; x_wconf 71' lang='grc' dir='ltr'><strong>καὶ</strong></span> <span class='ocrx_word' id='word_1_774' title='bbox 1753 5738 1906 5809; x_wconf 86' lang='grc' dir='ltr'>διεμ-</span> 
     </span>
    </p>
   </div>
   <div class='ocr_carea' id='block_1_106' title="bbox 2008 4635 3577 4709">
    <p class='ocr_par' dir='ltr' id='par_1_106' title="bbox 2008 4635 3577 4709">
     <span class='ocr_line' id='line_1_106' title="bbox 2008 4635 3577 4709; baseline -0.003 -18"><span class='ocrx_word' id='word_1_775' title='bbox 2008 4635 2372 4707; x_wconf 83' lang='grc' dir='ltr'>συνεδριάζων</span> <span class='ocrx_word' id='word_1_776' title='bbox 2393 4652 2458 4691; x_wconf 83' lang='lat' dir='ltr'><strong>ex</strong></span> <span class='ocrx_word' id='word_1_777' title='bbox 2488 4651 2620 4691; x_wconf 89' lang='lat' dir='ltr'><strong>voce</strong></span> <span class='ocrx_word' id='word_1_778' title='bbox 2642 4636 3007 4691; x_wconf 90' lang='lat' dir='ltr'><strong>communiter</strong></span> <span class='ocrx_word' id='word_1_779' title='bbox 3030 4636 3305 4709; x_wconf 86' lang='grc' dir='ltr'>συνέδριον</span> <span class='ocrx_word' id='word_1_780' title='bbox 3324 4635 3577 4701; x_wconf 87' lang='lat' dir='ltr'><strong>trahitur;</strong></span> 
     </span>
    </p>
   </div>
   <div class='ocr_carea' id='block_1_107' title="bbox 2006 4727 3577 4804">
    <p class='ocr_par' dir='ltr' id='par_1_107' title="bbox 2006 4727 3577 4804">
     <span class='ocr_line' id='line_1_107' title="bbox 2006 4727 3577 4804; baseline -0.003 -18"><span class='ocrx_word' id='word_1_781' title='bbox 2006 4732 2137 4804; x_wconf 74' lang='grc' dir='ltr'>ἕδρα</span> <span class='ocrx_word' id='word_1_782' title='bbox 2189 4728 2356 4793; x_wconf 75' lang='lat' dir='ltr'><strong>enim,</strong></span> <span class='ocrx_word' id='word_1_783' title='bbox 2397 4728 2448 4782; x_wconf 90' lang='lat' dir='ltr'><strong>id</strong></span> <span class='ocrx_word' id='word_1_784' title='bbox 2508 4736 2592 4783; x_wconf 89' lang='lat' dir='ltr'><strong>est</strong></span> <span class='ocrx_word' id='word_1_785' title='bbox 2645 4729 2926 4797; x_wconf 87' lang='lat' dir='ltr'><strong>cathedra,</strong></span> <span class='ocrx_word' id='word_1_786' title='bbox 2965 4728 3187 4784; x_wconf 85' lang='lat' dir='ltr'><strong>verbum</strong></span> <span class='ocrx_word' id='word_1_787' title='bbox 3236 4727 3577 4798; x_wconf 84' lang='lat' dir='ltr'><strong>trisyllabum</strong></span> 
     </span>
    </p>
   </div>
   <div class='ocr_carea' id='block_1_108' title="bbox 2008 4817 3577 4892">
    <p class='ocr_par' dir='ltr' id='par_1_108' title="bbox 2008 4817 3577 4892">
     <span class='ocr_line' id='line_1_108' title="bbox 2008 4817 3577 4892; baseline -0.002 -18"><span class='ocrx_word' id='word_1_788' title='bbox 2008 4822 2259 4892; x_wconf 91' lang='lat' dir='ltr'><strong>producit</strong></span> <span class='ocrx_word' id='word_1_789' title='bbox 2288 4817 2539 4889; x_wconf 80' lang='grc' dir='ltr'>ἐδράζειν</span> <span class='ocrx_word' id='word_1_790' title='bbox 2579 4827 2635 4873; x_wconf 80' lang='grc' dir='ltr'><strong>ιιι</strong></span> <span class='ocrx_word' id='word_1_791' title='bbox 2667 4827 2721 4872; x_wconf 90' lang='lat' dir='ltr'><strong>et</strong></span> <span class='ocrx_word' id='word_1_792' title='bbox 2754 4817 3027 4888; x_wconf 77' lang='grc' dir='ltr'>ὲδριάζειν</span> <span class='ocrx_word' id='word_1_793' title='bbox 3055 4835 3070 4884; x_wconf 92' lang='lat'><strong>;</strong></span> <span class='ocrx_word' id='word_1_794' title='bbox 3102 4817 3362 4887; x_wconf 75' lang='lat' dir='ltr'><strong>iudiciale</strong></span> <span class='ocrx_word' id='word_1_795' title='bbox 3393 4826 3577 4871; x_wconf 82' lang='lat' dir='ltr'><strong>autem</strong></span> 
     </span>
    </p>
   </div>
   <div class='ocr_carea' id='block_1_109' title="bbox 2006 4905 3578 4979">
    <p class='ocr_par' dir='ltr' id='par_1_109' title="bbox 2006 4905 3578 4979">
     <span class='ocr_line' id='line_1_109' title="bbox 2006 4905 3578 4979; baseline -0.003 -14"><span class='ocrx_word' id='word_1_796' title='bbox 2006 4915 2239 4967; x_wconf 82' lang='lat' dir='ltr'><strong>verbum</strong></span> <span class='ocrx_word' id='word_1_797' title='bbox 2268 4908 2643 4979; x_wconf 78' lang='grc' dir='ltr'>συνεδριάζειν</span> <span class='ocrx_word' id='word_1_798' title='bbox 2679 4909 2936 4962; x_wconf 90' lang='lat' dir='ltr'><strong>convenit</strong></span> <span class='ocrx_word' id='word_1_799' title='bbox 2975 4906 3113 4962; x_wconf 83' lang='lat' dir='ltr'><strong>Filio</strong></span> <span class='ocrx_word' id='word_1_800' title='bbox 3148 4908 3239 4977; x_wconf 90' lang='lat' dir='ltr'><strong>qui</strong></span> <span class='ocrx_word' id='word_1_801' title='bbox 3272 4905 3578 4975; x_wconf 87' lang='lat' dir='ltr'><strong>etjudicat,</strong></span> 
     </span>
    </p>
   </div>
   <div class='ocr_carea' id='block_1_110' title="bbox 2006 5001 3582 5073">
    <p class='ocr_par' dir='ltr' id='par_1_110' title="bbox 2006 5001 3582 5073">
     <span class='ocr_line' id='line_1_110' title="bbox 2006 5001 3582 5073; baseline -0.003 -14"><span class='ocrx_word' id='word_1_802' title='bbox 2006 5012 2064 5059; x_wconf 86' lang='lat' dir='ltr'><strong>et</strong></span> <span class='ocrx_word' id='word_1_803' title='bbox 2100 5001 2413 5073; x_wconf 78' lang='lat' dir='ltr'><strong>conjudicat</strong></span> <span class='ocrx_word' id='word_1_804' title='bbox 2470 5015 2598 5056; x_wconf 90' lang='lat' dir='ltr'><strong>cum</strong></span> <span class='ocrx_word' id='word_1_805' title='bbox 2649 5001 2952 5071; x_wconf 69' lang='lat' dir='ltr'><strong>mqualibus</strong></span> <span class='ocrx_word' id='word_1_806' title='bbox 3004 5001 3251 5070; x_wconf 87' lang='lat' dir='ltr'><strong>personis</strong></span> <span class='ocrx_word' id='word_1_807' title='bbox 3300 5002 3464 5055; x_wconf 87' lang='lat' dir='ltr'><strong>Patre</strong></span> <span class='ocrx_word' id='word_1_808' title='bbox 3525 5008 3582 5054; x_wconf 88' lang='lat' dir='ltr'><strong>et</strong></span> 
     </span>
    </p>
   </div>
   <div class='ocr_carea' id='block_1_111' title="bbox 2007 5090 3579 5163">
    <p class='ocr_par' dir='ltr' id='par_1_111' title="bbox 2007 5090 3579 5163">
     <span class='ocr_line' id='line_1_111' title="bbox 2007 5090 3579 5163; baseline -0.003 -16"><span class='ocrx_word' id='word_1_809' title='bbox 2007 5093 2214 5163; x_wconf 85' lang='lat' dir='ltr'><strong>Spiritu</strong></span> <span class='ocrx_word' id='word_1_810' title='bbox 2248 5099 2464 5161; x_wconf 88' lang='lat' dir='ltr'><strong>sancto,</strong></span> <span class='ocrx_word' id='word_1_811' title='bbox 2491 5092 2586 5162; x_wconf 90' lang='lat' dir='ltr'><strong>qui</strong></span> <span class='ocrx_word' id='word_1_812' title='bbox 2613 5100 2883 5147; x_wconf 87' lang='lat' dir='ltr'><strong>venturus</strong></span> <span class='ocrx_word' id='word_1_813' title='bbox 2920 5099 3005 5147; x_wconf 88' lang='lat' dir='ltr'><strong>est</strong></span> <span class='ocrx_word' id='word_1_814' title='bbox 3034 5090 3287 5162; x_wconf 86' lang='lat' dir='ltr'><strong>judicare</strong></span> <span class='ocrx_word' id='word_1_815' title='bbox 3328 5091 3480 5147; x_wconf 86' lang='lat' dir='ltr'><strong>vivos</strong></span> <span class='ocrx_word' id='word_1_816' title='bbox 3523 5098 3579 5146; x_wconf 86' lang='lat' dir='ltr'><strong>et</strong></span> 
     </span>
    </p>
   </div>
   <div class='ocr_carea' id='block_1_112' title="bbox 2008 5194 2279 5244">
    <p class='ocr_par' dir='ltr' id='par_1_112' title="bbox 2008 5194 2279 5244">
     <span class='ocr_line' id='line_1_112' title="bbox 2008 5194 2279 5244; baseline 0.004 -3"><span class='ocrx_word' id='word_1_817' title='bbox 2008 5194 2279 5244; x_wconf 85' lang='lat' dir='ltr'><strong>mortuos.</strong></span> 
     </span>
    </p>
   </div>
   <div class='ocr_carea' id='block_1_113' title="bbox 2074 5366 3580 5441">
    <p class='ocr_par' dir='ltr' id='par_1_113' title="bbox 2074 5366 3580 5441">
     <span class='ocr_line' id='line_1_113' title="bbox 2074 5366 3580 5441; baseline -0.005 -13"><span class='ocrx_word' id='word_1_818' title='bbox 2074 5372 2166 5428; x_wconf 74' lang='lat'><strong>25.</strong></span> <span class='ocrx_word' id='word_1_819' title='bbox 2199 5369 2433 5427; x_wconf 88' lang='lat' dir='ltr'><strong>Verbum</strong></span> <span class='ocrx_word' id='word_1_820' title='bbox 2460 5366 2656 5425; x_wconf 87' lang='lat' dir='ltr'><strong>deinde</strong></span> <span class='ocrx_word' id='word_1_821' title='bbox 2672 5371 2939 5439; x_wconf 75' lang='lat' dir='ltr'><strong>effundam</strong></span> <span class='ocrx_word' id='word_1_822' title='bbox 2968 5368 3343 5441; x_wconf 88' lang='lat' dir='ltr'><strong>propheticum</strong></span> <span class='ocrx_word' id='word_1_823' title='bbox 3374 5375 3477 5431; x_wconf 89' lang='lat' dir='ltr'><strong>est,</strong></span> <span class='ocrx_word' id='word_1_824' title='bbox 3510 5379 3580 5421; x_wconf 78' lang='lat' dir='ltr'><strong>ex</strong></span> 
     </span>
    </p>
   </div>
   <div class='ocr_carea' id='block_1_114' title="bbox 2001 5459 3582 5531">
    <p class='ocr_par' dir='ltr' id='par_1_114' title="bbox 2001 5459 3582 5531">
     <span class='ocr_line' id='line_1_114' title="bbox 2001 5459 3582 5531; baseline -0.001 -14"><span class='ocrx_word' id='word_1_825' title='bbox 2001 5463 2117 5518; x_wconf 85' lang='lat' dir='ltr'><strong>Joel</strong></span> <span class='ocrx_word' id='word_1_826' title='bbox 2144 5462 2396 5517; x_wconf 89' lang='lat' dir='ltr'><strong>videlicet</strong></span> <span class='ocrx_word' id='word_1_827' title='bbox 2451 5471 2749 5531; x_wconf 89' lang='lat' dir='ltr'><strong>sumptum,</strong></span> <span class='ocrx_word' id='word_1_828' title='bbox 2809 5470 2863 5517; x_wconf 91' lang='lat' dir='ltr'><strong>et</strong></span> <span class='ocrx_word' id='word_1_829' title='bbox 2918 5463 3159 5517; x_wconf 86' lang='lat' dir='ltr'><strong>abundat</strong></span> <span class='ocrx_word' id='word_1_830' title='bbox 3216 5459 3582 5516; x_wconf 83' lang='lat' dir='ltr'><strong>sanctissimis</strong></span> 
     </span>
    </p>
   </div>
   <div class='ocr_carea' id='block_1_115' title="bbox 2001 5550 3578 5623">
    <p class='ocr_par' dir='ltr' id='par_1_115' title="bbox 2001 5550 3578 5623">
     <span class='ocr_line' id='line_1_115' title="bbox 2001 5550 3578 5623; baseline -0.004 -12"><span class='ocrx_word' id='word_1_831' title='bbox 2001 5554 2421 5623; x_wconf 82' lang='lat' dir='ltr'><strong>cogitationibus</strong></span> <span class='ocrx_word' id='word_1_832' title='bbox 2453 5569 2471 5621; x_wconf 84' lang='lat'><strong>;</strong></span> <span class='ocrx_word' id='word_1_833' title='bbox 2499 5567 2725 5622; x_wconf 87' lang='lat' dir='ltr'><strong>quarum</strong></span> <span class='ocrx_word' id='word_1_834' title='bbox 2763 5569 2866 5607; x_wconf 79' lang='lat' dir='ltr'><strong>una</strong></span> <span class='ocrx_word' id='word_1_835' title='bbox 2908 5551 2974 5605; x_wconf 88' lang='lat' dir='ltr'><strong>ad</strong></span> <span class='ocrx_word' id='word_1_836' title='bbox 3005 5559 3250 5606; x_wconf 87' lang='lat' dir='ltr'><strong>sanctum</strong></span> <span class='ocrx_word' id='word_1_837' title='bbox 3304 5550 3578 5605; x_wconf 78' lang='lat' dir='ltr'><strong>lavacrum</strong></span> 
     </span>
    </p>
   </div>
   <div class='ocr_carea' id='block_1_116' title="bbox 2003 5644 3575 5715">
    <p class='ocr_par' dir='ltr' id='par_1_116' title="bbox 2003 5644 3575 5715">
     <span class='ocr_line' id='line_1_116' title="bbox 2003 5644 3575 5715; baseline -0.002 -15"><span class='ocrx_word' id='word_1_838' title='bbox 2003 5645 2260 5710; x_wconf 76' lang='lat' dir='ltr'><strong>refertur,</strong></span> <span class='ocrx_word' id='word_1_839' title='bbox 2296 5646 2352 5700; x_wconf 92' lang='lat' dir='ltr'><strong>in</strong></span> <span class='ocrx_word' id='word_1_840' title='bbox 2384 5644 2528 5715; x_wconf 88' lang='lat' dir='ltr'><strong>quod</strong></span> <span class='ocrx_word' id='word_1_841' title='bbox 2549 5644 2948 5699; x_wconf 85' lang='lat' dir='ltr'><strong>descendentes</strong></span> <span class='ocrx_word' id='word_1_842' title='bbox 2977 5649 3030 5696; x_wconf 91' lang='lat' dir='ltr'><strong>et</strong></span> <span class='ocrx_word' id='word_1_843' title='bbox 3057 5656 3181 5695; x_wconf 82' lang='lat' dir='ltr'><strong>mox</strong></span> <span class='ocrx_word' id='word_1_844' title='bbox 3204 5652 3575 5710; x_wconf 70' lang='lat' dir='ltr'><strong>assurgentes.</strong></span> 
     </span>
    </p>
   </div>
   <div class='ocr_carea' id='block_1_117' title="bbox 2005 5734 3580 5804">
    <p class='ocr_par' dir='ltr' id='par_1_117' title="bbox 2005 5734 3580 5804">
     <span class='ocr_line' id='line_1_117' title="bbox 2005 5734 3580 5804; baseline -0.004 -9"><span class='ocrx_word' id='word_1_845' title='bbox 2005 5737 2199 5797; x_wconf 83' lang='lat' dir='ltr'><strong>salutis</strong></span> <span class='ocrx_word' id='word_1_846' title='bbox 2226 5746 2427 5798; x_wconf 85' lang='lat' dir='ltr'><strong>vestem</strong></span> <span class='ocrx_word' id='word_1_847' title='bbox 2452 5736 2626 5795; x_wconf 89' lang='lat' dir='ltr'><strong>induti</strong></span> <span class='ocrx_word' id='word_1_848' title='bbox 2644 5751 2857 5804; x_wconf 89' lang='lat' dir='ltr'><strong>sumus,</strong></span> <span class='ocrx_word' id='word_1_849' title='bbox 2884 5734 3222 5803; x_wconf 79' lang='lat' dir='ltr'><strong>splendidam</strong></span> <span class='ocrx_word' id='word_1_850' title='bbox 3252 5736 3389 5791; x_wconf 82' lang='lat' dir='ltr'><strong>hanc</strong></span> <span class='ocrx_word' id='word_1_851' title='bbox 3439 5738 3580 5789; x_wconf 54' lang='lat' dir='ltr'><strong>tnui-</strong></span> 
     </span>
    </p>
   </div>
  </div>
