3926 6200
218 316 323 377 59

1005 316 1082 376 1N
1133 317 1473 379 nmmum
1515 295 2171 378 PENTECJSTAILEM
2213 313 2682 377 DAMASCENI.

3370 306 3481 372 550

216 430 295 489 ὡς
318 426 381 491 ἐξ
405 422 632 479 ἐκείνων
661 429 754 478 καί
783 427 891 480 τῶν
930 425 1050 481 κατ’
1080 429 1278 491 αὐτοὺς
1301 428 1395 482 δύο
1428 428 1485 481 τὸ
1515 426 1799 497 ἐλάχιστον

1925 436 1976 481 ta
2011 438 2069 482 iit
2095 442 2159 481 ex
2190 427 2271 481 his
2301 425 2771 505 propositionibus
2796 439 2916 495 qua:
2943 423 3086 479 inter
3114 437 3173 477 se
3201 422 3270 477 ad
3297 423 3482 481 minus

216 520 562 589 προτάσεων,
621 516 690 581 ἃς
750 518 781 570 ὀ
833 518 1003 584 μέσος
1057 518 1351 586 ἀπαρτίζει
1410 517 1797 587 διπλούμενος,

212 609 599 664 ἀποτελεῖσθαι
622 610 1003 681 συμπέρασμα
1028 608 1260 682 βεϐηκὸς
1281 605 1394 663 οἷον
1416 610 1511 662 καὶ
1536 609 1806 677 στάσιμον

211 704 305 757 διὰ
350 703 412 755 τὸ
465 700 773 772 ἀληθεύειν,
807 703 900 755 καὶ
933 699 1110 762 οὕτως
1138 702 1199 754 οὐ
1241 700 1351 771 μὴν
1400 699 1574 763 άλλως
1608 699 1804 770 περαί-

211 811 272 846 νε
282 793 412 846 σθαι
433 794 495 845 τὸ
524 793 617 845 διὰ
636 791 875 861 σπουδῆς
898 790 978 862 τῷ
1009 792 1263 844 πλέκοντι
1291 792 1384 844 τὸν
1404 789 1765 858 σῦλλογισμόν
1788 803 1802 821 ο

210 889 310 937 καὶ
341 884 491 937 ἐστιν
516 887 544 937 ὁ
571 885 815 947 τοιοῦτος
845 885 969 955 ὄρος
993 885 1443 955 προσφυέστατος
1465 883 1535 936 τά
1564 897 1629 950 γε
1663 880 1807 934 κατά

208 980 271 1030 τ’)
306 977 482 1041 είκὸς,
533 975 611 1046 τῷ
665 976 1059 1047 μελῳὸουμένῳ
1103 975 1337 1031 ἐνταῦθα
1391 974 1647 1047 βεϐηκότι
1672 976 1805 1045 ὅρῳ,

207 1070 289 1138 τῷ
313 1069 536 1139 Madcig
551 1067 732 1137 Ἰησοῦ
760 1068 1002 1139 Χριστῷ,
1032 1069 1109 1139 τῷ
1137 1068 1522 1139 ἀκρογωνιαίῳ
1551 1067 1807 1137 παντίμῳ

208 1161 369 1231 λίθῳ,
408 1163 489 1228 τῷ
519 1161 627 1215 τῶν
650 1159 953 1214 διεστώτων
982 1160 1083 1213 οὐκ
1120 1160 1448 1229 εὐλογίστως
1482 1151 1807 1227 λογικῶιῖὲκ

210 1252 309 1305 τοῦ
339 1251 481 1305 Θεοῦ
512 1252 837 1323 συωετικῷ.
875 1252 1099 1305 Πίπτων
1124 1254 1234 1322 γάρ
1259 1250 1422 1314 αὐτὸς
1456 1251 1622 1319 μέσος
1646 1250 1805 1320 ἡμῶν

210 1362 269 1398 τε
302 1346 417 1399 τῶν
441 1346 781 1415 ὲιραμάρτων
808 1343 1019 1398 καὶτοῦ
1047 1343 1350 1414 ὑπεραγίου
1381 1342 1592 1413 Ιιατρὸς
1617 1340 1806 1409 αὐτοῦ,

214 1438 585 1492 συναποτελετ
625 1439 763 1509 ὅπερ
816 1439 967 1491 ἐστιν
1020 1436 1170 1506 αὐτῷ
1198 1435 1288 1490 διὰ
1343 1435 1543 1488 πολλοῦ
1577 1433 1813 1488 σπουδά-

215 1548 454 1603 σματος,
503 1531 568 1582 τὸ
614 1531 883 1583 ἑνοποιείν
931 1530 1104 1599 ἡμᾶς,
1158 1528 1252 1582 καὶ
1303 1526 1577 1595 κολλήσας
1630 1526 1810 1594 ὀπίσῳ

210 1620 431 1674 ἐκείνου
462 1621 606 1673 κατὰ
653 1621 745 1672 τὸν
797 1619 953 1688 άγιον
982 1618 1149 1671 Δαϐὶδ
1205 1617 1675 1688 ἁκολουθητικῶς,
1713 1615 1811 1670 καὶ

209 1714 586 1783 παριστάνειν
618 1711 699 1771 εις
748 1713 1042 1780 πρόσωπον
1084 1708 1254 1765 αὐτοῦ
1303 1709 1379 1774 ὡς
1430 1709 1762 1764 ὀπτάνεσθαι
1790 1725 1807 1741 ⁸

1908 520 2017 573 duo
2048 529 2196 586 sunt,
2226 533 2366 589 quas
2423 519 2633 574 medius
2684 518 2970 588 duplicans
3024 516 3267 586 adaptat,
3324 518 3486 587 perii-

1908 611 2085 666 ciatur
2113 612 2394 666 conclusio
2427 611 2582 665 ﬁrma
2606 620 2660 666 et
2716 610 2927 665 stabilis
2959 609 3087 677 quia
3117 623 3243 662 vera
3273 618 3378 674 est,
3428 617 3485 662 et

1907 705 1987 762 sic
2021 707 2183 761 linem
2221 707 2453 776 accipiat
2477 706 2759 777 diligentia
2793 708 3030 762 texentis
3063 706 3483 777 syllogismum;

1907 809 1961 856 et
1994 809 2077 855 est
2103 801 2228 856 talis
2264 801 2530 855 terminus
2555 801 2791 855 maxime
2819 815 3117 871 congruus,
3168 809 3226 853 ut
3275 799 3487 854 videtur

1906 891 2127 960 quidem
2175 892 2222 946 ei
2246 893 2338 962 qui
2363 893 2580 946 canitur
2608 891 2695 947 liic
2723 891 2960 946 termino
2985 891 3246 962 perfecto,
3276 888 3487 944 Messim

1911 982 2041 1039 Jesu
2069 983 2311 1050 Christo,
2359 985 2609 1054 angulari
2632 983 2942 1038 venerando
2974 983 3136 1053 lapidi
3174 981 3268 1052 qui
3299 980 3489 1036 conci-

1909 1074 2061 1127 liavit
2088 1073 2441 1129 rationabiles
2472 1072 2726 1127 homines
2775 1087 2806 1127 a
2869 1071 2979 1126 Deo
3037 1072 3173 1125 male
3225 1071 3483 1135 divisos;

1910 1166 2112 1221 cadens
2141 1164 2288 1219 enim
2328 1163 2536 1219 medius
2567 1163 2710 1219 inter
2734 1178 2834 1219 nos
2887 1171 3201 1233 peccatores
3255 1170 3310 1217 et
3352 1177 3486 1218 san-

1910 1259 2214 1315 etissimum
2273 1246 2491 1310 Patrem
2538 1271 2721 1319 suum,
2761 1256 2973 1324 perﬁcit
3001 1254 3145 1323 quod
3204 1253 3307 1323 ipsi
3371 1268 3488 1306 ma-

1911 1349 2070 1404 ximae
2100 1361 2243 1401 cura:
2272 1353 2375 1410 est,
2407 1346 2658 1412 redigens
2691 1360 2791 1399 nos
2815 1345 2869 1397 in
2890 1360 3080 1409 unum,
3115 1353 3167 1398 et
3196 1342 3487 1411 adjunClOS

1912 1448 2035 1509 post
2064 1454 2143 1502 se,
2172 1438 2328 1505 juxta
2350 1445 2597 1490 sanctum
2638 1434 2827 1497 David,
2855 1434 3200 1487 constituens
3233 1433 3287 1485 in
3350 1444 3487 1485 corr-

1914 1542 2100 1598 Spectu
2161 1528 2279 1598 ejus
2310 1536 2367 1581 ut
2394 1527 2716 1588 videamur;
2751 1534 2807 1579 et
2850 1526 2931 1577 sic
3001 1524 3355 1578 salvationem
3390 1537 3488 1575 no-

1915 1631 2085 1675 stram
2128 1635 2237 1673 non
2270 1619 2594 1687 simpliciter
2626 1616 2912 1686 perliciens
2939 1630 3059 1669 cum
3088 1613 3251 1669 Patre
3280 1623 3334 1667 et
3364 1611 3488 1682 Spi-

1915 1715 2048 1778 ritu,
2075 1715 2183 1768 imo
2214 1713 2526 1768 necessario
2558 1712 2841 1765 nobiscum
2909 1709 3257 1778 procedens;
3294 1708 3481 1761 volen-

208 1809 306 1858 καὶ
332 1803 487 1857 οὕτω
510 1803 617 1878 την
651 1803 931 1873 σωτηρίαν
959 1803 1119 1874 ἡμῶν
1149 1803 1270 1873 οὐχὶ
1301 1802 1489 1867 ἁπλῶς
1527 1803 1807 1873 περαίνειν

1919 1806 2065 1860 tibus
2123 1806 2268 1860 enim
2326 1803 2486 1858 nobis
2543 1809 2764 1871 optatus
2828 1800 2916 1854 liic
2963 1799 3194 1853 liabetur
3252 1797 3484 1861 exitus;

209 1899 330 1968 άμα
357 1897 444 1968 τῷ
499 1899 679 1968 Πατρι
724 1898 819 1951 καὶ
864 1897 942 1968 τῷ
977 1896 1277 1965 Πνεῦματι,
1334 1895 1450 1950 ἀλλ’
1484 1895 1802 1965 ἀναγκαίως

213 1989 623 2059 συμπεραίνειν
651 2003 666 2019 ·
695 1986 1062 2041 συνθελόντων
1084 1987 1195 2057 γὰρ
1223 1986 1320 2040 καὶ
1351 1983 1534 2058 ἡμῶν,
1575 1985 1804 2057 περατοί

216 2080 477 2149 συνάγων
523 2078 768 2132 τοιοῦτον
816 2080 1003 2143 τέλος·
1056 2078 1249 2141 ἄλλους
1290 2078 1348 2130 δδ
1402 2077 1573 2143 ὀκνεῖ,
1625 2077 1701 2139 ὠς
1735 2074 1807 2128 τά

214 2173 394 2225 πολλὰ
431 2171 631 2235 σώζειν
666 2170 922 2233 ἄκοντας,
954 2170 1049 2222 καὶ
1077 2170 1134 2222 ἑν
1159 2166 1326 2239 κημῴ
1354 2171 1447 2222 καὶ
1473 2168 1675 2239 χαλινῴ
1706 2168 1806 2231 τὰς

214 2265 485 2331 σιαγόνας
514 2265 709 2331 ἄγχειν
741 2261 851 2316 τῶν
891 2262 968 2330 μὴ
1001 2260 1294 2313 ἐθελόντων
1347 2259 1589 2327 ἐγγίζειν
1628 2259 1796 2328 αὐτῷ.

210 2359 295 2410 οὗ
323 2358 441 2425 γὰρ
469 2354 618 2407 οὕτω
650 2353 842 2424 βιαστή
868 2358 1014 2407 ἐστιν
1046 2355 1079 2422 ἠ
1114 2352 1363 2422 βασιλεία
1390 2353 1499 2403 τῶν
1534 2350 1799 2421 οὐρανῶν,

206 2449 289 2512 ὡς
340 2446 677 2516 ἑλκομένους
721 2444 818 2498 καὶ
851 2443 1318 2513 τυραννουμένους
1363 2442 1500 2510 πρὸς
1551 2443 1673 2511 βιαν
1704 2444 1801 2510 τὴν

209 2539 450 2594 ἄλλοθεν
472 2537 745 2601 σώζεσθαι
771 2536 920 2607 ἡμᾶς
946 2552 962 2569 ·
994 2531 1031 2603 ἦ
1061 2538 1171 2605 γάρ
1200 2533 1267 2587 ἂν
1298 2534 1404 2603 πρὸ
1427 2532 1584 2604 ἡμῶν
1609 2535 1657 2586 οι
1690 2532 1800 2585 δαί-

212 2648 385 2703 μονες
413 2630 582 2684 τοῦτο
615 2627 821 2683 ἔπαθον
846 2629 913 2681 ἄν
937 2642 955 2659 ο
988 2628 1184 2680 οὐκοῦν
1202 2626 1438 2687 ϐικαίως
1468 2625 1529 2689 ἐξ
1557 2626 1801 2694 ἀνάγκης

211 2724 376 2788 τοὺς,
407 2722 481 2785 ὡς
520 2721 694 2787 οὕτως
730 2723 930 2787 εἰπεῖν,
958 2720 1366 2791 ὲτερογνάθους,
1400 2722 1492 2772 κα)⁹
1529 2719 1803 2788 ἀστόμους

1909 1896 2047 1950 alios
2085 1903 2269 1950 autem
2303 1894 2626 1964 plerumque
2654 1891 2831 1945 tardat
2876 1891 3087 1945 salvare
3159 1888 3380 1951 invitos,
3433 1900 3490 1945 et

1916 2002 2075 2042 canio
2143 1994 2197 2042 et
2287 1986 2443 2040 ireno
2511 1999 2700 2039 eorum
2771 1982 3024 2037 maxillas
3083 1981 3486 2051 constringere,

1910 2079 2210 2135 nolentium
2244 2078 2506 2133 accedere
2528 2076 2596 2131 ad
2630 2089 2780 2130 eum.
2812 2072 2930 2129 Non
2977 2074 3124 2130 enim
3151 2074 3226 2128 ita
3270 2074 3481 2128 violen-

1910 2182 2020 2227 tum
2051 2182 2135 2226 est
2166 2185 2393 2240 regnum
2440 2169 2730 2235 cmlorum,
2765 2177 2824 2222 ut
2861 2154 3066 2224 tractos
3125 2177 3179 2223 et
3225 2184 3321 2239 per
3371 2170 3481 2223 vim

1910 2265 2130 2321 aliunde
2168 2273 2388 2319 coactos
2418 2264 2591 2319 salvet
2619 2278 2757 2330 nos;
2792 2280 2891 2317 nec
2935 2261 3082 2319 enim
3117 2278 3213 2333 pro
3241 2264 3401 2318 nobis
3435 2264 3490 2319 id

1912 2361 2184 2412 daemones
2214 2358 2528 2426 paterentur
2563 2356 2755 2426 ;juste
2808 2356 2973 2426 igitur
3036 2372 3101 2411 ex
3154 2358 3491 2413 necessitate

1908 2466 2004 2505 eos
2037 2450 2151 2519 qui,
2186 2460 2243 2504 ut
2271 2450 2345 2503 ita
2386 2429 2588 2514 dicam,
2617 2450 2885 2505 indociles
2937 2460 3066 2504 sunt
3092 2461 3145 2504 et
3177 2448 3316 2503 dura
3366 2464 3489 2504 cer-

1911 2543 2047 2605 vice,
2107 2550 2162 2594 et
2192 2538 2331 2594 freni
2359 2541 2703 2608 impatientes
2733 2545 2831 2605 ita,
2869 2550 2929 2593 ut
2959 2540 3184 2594 omnino
3250 2540 3492 2611 dirigens

1908 2648 2005 2688 eos
2028 2633 2238 2687 frenum
2272 2633 2489 2703 penitus
2510 2634 2793 2703 abjiciant,
2819 2633 2874 2686 in
2896 2632 3150 2702 abyssum
3180 2632 3493 2702 praecipites

1912 2725 2031 2780 dari
2052 2726 2208 2779 sinit.

212 2819 322 2870 καὶ
356 2817 649 2885 δυσηνίους
683 2820 745 2867 ἐν
764 2814 844 2884 τῷ
874 2815 1054 2883 πάντη
1101 2812 1317 2875 πάντως
1363 2811 1665 2870 άποπτύειν
1714 2814 1806 2869 τὸν
1843 2816 2221 2873 ἀπευθύνοντα
2252 2818 2491 2890 χαλινὸν,
2541 2814 2735 2887 ἀφίησι
2800 2816 2944 2870 κατὰ
3006 2816 3251 2886 κρημνοῦ
3320 2818 3488 2889 φέρε-

209 2916 369 2969 σθαι.

287 3009 391 3062 λϐν.
427 3008 551 3060 Ἔτι
595 3006 724 3075 ὄρος
756 3005 975 3072 λέγεται
1008 3001 1140 3072 θείῳ
1181 3002 1369 3073 τρόπῳ
1404 3003 1501 3056 καὶ
1535 3003 1678 3072 λόγῳ
1713 3004 1809 3061 καὶ

207 3104 318 3156 ἐπὶ
371 3103 539 3170 ἱερῶν
603 3098 988 3167 ἁποφάνσεων,
1036 3098 1128 3148 καὶ
1177 3096 1337 3148 θείων
1394 3096 1801 3167 κελευσμάτων.

1985 3008 2074 3064 54.
2109 3006 2320 3061 Dicitur
2350 3020 2568 3076 quoque
2599 3004 2722 3075 ὅρος
2763 3001 2924 3056 modo
2962 3000 3150 3055 divino
3203 3008 3258 3055 et
3294 2999 3486 3056 verbm

1914 3103 1984 3157 de
2032 3101 2204 3156 sacris
2257 3098 2435 3154 effatis
2467 3108 2523 3152 et
2567 3096 2771 3151 divinis
2855 3094 3175 3148 unionibus.
3242 3094 3487 3149 Dicimus

211 3197 399 3265 Ὅρον
427 3192 562 3262 γοῦν
584 3191 679 3261 τῆς
717 3191 880 3258 ἁγίας
914 3188 1134 3241 συνόδου
1157 3188 1338 3257 φαμέν
1367 3204 1510 3253 τινα,
1546 3193 1636 3240 καὶ
1654 3190 1809 3260 βασιο

1919 3195 2045 3253 item
2083 3194 2207 3264 ὅρον
2244 3206 2414 3248 sacrae
2480 3190 2701 3269 synodi,
2746 3198 2799 3242 et
2853 3187 3167 3257 βασιλικοὺς
3224 3188 3489 3256 ὁρισμοὺς

210 3287 413 3348 λαοὺς
442 3282 708 3353 ὁρισμούς
728 3295 740 3308 ·
769 3280 797 3331 ὃ
827 3277 921 3332 καὶ
951 3279 1104 3343 αὐτὸ,
1128 3279 1365 3348 ἄγχιστα
1390 3280 1569 3331 κεῖται
1592 3280 1684 3331 τοῦ
1714 3285 1809 3336 καὶ

207 3382 378 3450 ὅρους
412 3377 631 3429 εἰπεῖν’
662 3372 957 3427 κάντεῦθεν
978 3369 1169 3440 ὥρισε,
1206 3376 1410 3440 φαμὲν,
1446 3373 1479 3441 ή
1512 3372 1644 3439 ἁγία
1679 3373 1809 3426 σύν..

211 3476 358 3536 οὸος,
418 3469 520 3521 καὶ
584 3466 787 3535 ὥρισεν
829 3467 859 3518 ὁ
921 3464 1299 3533 αὐτοκράτωρ.
1349 3463 1705 3532 Λαμϐάνουσι
1754 3466 1812 3517 δὲ

218 3562 488 3634 ἀφορμὴν
524 3560 667 3613 αὑτά
700 3558 779 3621 εἰς
814 3557 879 3609 τδ
924 3554 1099 3633 οὕτως
1146 3553 1466 3624 ὠνομάσθαι
1500 3554 1533 3623 ἢ
1564 3555 1674 3608 άπὸ
1718 3553 1811 3606 τοῦ

217 3661 364 3711 κατά
390 3657 502 3717 τάς
553 3652 716 3718 γαίας
770 3649 1064 3718 είρημένου
1098 3647 1249 3716 ὅρου.
1309 3645 1395 3708 Ὠς
1450 3649 1561 3716 γάρ
1608 3648 1813 3708 ἐκεῖνος

216 3750 572 3821 περιγράψει
598 3745 660 3796 τὸ
696 3742 805 3794 ἔδω
830 3738 1000 3794 αὐτοῦ
1029 3742 1109 3801 είς
1144 3737 1513 3807 ἀμεταϐατον,
1540 3735 1683 3789 οὓτω
1716 3737 1812 3789 καὶ

219 3846 272 3896 οι
296 3842 573 3913 ῥηθέντες
603 3835 893 3904 σεϐάσμιοι
918 3834 1036 3902 ὅροι
1057 3832 1117 3883 τὸ
1152 3829 1242 3881 ὑπ’
1273 3830 1456 3881 αὐτῶν
1493 3828 1809 3894 κελευσθὲν,

220 3936 321 3989 καὶ
352 3928 616 3984 ποιοῦσιν
669 3927 844 3977 ἔκεινο
879 3922 1112 3993 βεϐηκὸς
1162 3920 1256 3975 καὶ
1302 3920 1678 3990 ἀπαράϐατον,
1720 3922 1815 3971 καὶ

223 4020 655 4089 ἀναντίρρητον,
680 4016 772 4066 καὶ
794 4013 1006 4080 ἄμαχον
1020 4011 1115 4063 τοῦ
1139 4008 1352 4074 λοιποῦ,
1378 4013 1492 4072 καὶ,
1515 4009 1589 4071 ὼς
1616 4013 1813 4075 εἰπεῖν,

223 4112 488 4183 ἀδήριτον
516 4107 596 4183 ’.ὃ
627 4105 694 4177 δὴ
742 4107 837 4158 καὶ
867 4104 962 4156 τοῦ
1002 4108 1145 4157 κατά
1190 4105 1289 4174 τὴν
1319 4105 1427 4171 γὴν
1471 4106 1599 4171 ὅρου
1641 4106 1814 4175 ἁρετὴ

230 4172 493 4276 φαίνεται
521 4172 693 4255 εἶναι.
732 4198 797 4249 '0
817 4196 926 4266 γάρ
949 4195 1193 4265 άκριϐὡς
1225 4172 1659 4264 περιωρισμένος
1681 4172 1815 4246 nati;

227 4297 535 4370 ὁμολογίαν
591 4293 757 4354 τόπος
837 4289 1017 4341 οὐκέτ’
1072 4287 1475 4357 ἀμφιϐάλλεται
1529 4283 1625 4355 ὑφ’
1688 4289 1813 4340 ὅτου

226 4386 603 4451 haudaut"
640 4383 724 4435 διὸ
750 4380 873 4434 οὐδὲ
905 4381 1238 4449 φιλονεικίαν
1269 4377 1521 4431 ὑποκινεῖ
1548 4379 1812 4447 μάχιμον,

226 4483 427 4534 ὀπίαν
455 4477 764 4546 πάσχουσιν
793 4476 865 4540 οἱ,
900 4481 1043 4528 κατα
1071 4477 1175 4543 τὴν
1196 4477 1435 4543 ποίησιν,
1463 4473 1601 4544 ἀμφ’
1629 4474 1815 4545 οῠρεσι

1918 3285 2063 3340 istud
2091 3285 2235 3339 enim
2269 3284 2408 3338 idem
2436 3297 2606 3352 prope
2652 3291 2737 3337 cst
2789 3294 2855 3334 ac
2908 3281 3090 3335 dicere
3125 3281 3325 3349 ὅρους;
3369 3282 3492 3332 inde

1918 3375 2229 3431 deﬁnivisse
2254 3376 2491 3430 dicimus
2528 3388 2743 3429 sacram
2775 3373 3066 3443 synodum,
3101 3383 3157 3426 et
3186 3372 3493 3426 decrevisse

1919 3469 2309 3539 imperatorem
2360 3482 2374 3518 :
2429 3476 2609 3520 ortum
2648 3475 2830 3519 autem
2889 3464 3099 3517 ducunt
3139 3464 3276 3526 haec,
3334 3466 3417 3515 vet
3460 3479 3491 3514 a

1921 3563 2158 3614 termino
2208 3561 2438 3614 interra
2468 3565 2796 3628 prmnotato.
2828 3555 2981 3611 Sicut
3034 3557 3178 3609 enini
3245 3555 3333 3610 liic
3384 3560 3496 3607 cir-

1919 3652 2246 3705 cumscribit
2282 3665 2402 3717 qua:
2436 3649 2576 3702 intra
2602 3664 2661 3702 se
2687 3656 2817 3700 sunt
2851 3648 2924 3701 ita
2948 3656 3007 3699 ut
3041 3645 3346 3715 transgredi
3381 3661 3489 3699 non

1921 3744 2158 3809 possint,
2206 3742 2285 3794 sic
2318 3750 2371 3794 et
2400 3740 2661 3808 pimd'icta
2695 3739 3005 3792 veneranda
3065 3741 3280 3791 decreta
3343 3738 3491 3805 quod

1921 3838 1989 3888 ab
2023 3836 2155 3903 ipsis
2192 3835 2517 3901 imperatur,
2543 3839 2598 3883 et
2623 3829 2835 3882 faciunt
2876 3836 2938 3881 ut
2980 3828 3111 3881 illud
3151 3828 3367 3881 lirinuui
3397 3830 3492 3888 sit.

1920 3942 2022 3981 nec
2052 3930 2226 3994 possit
2261 3922 2450 3977 violari
2503 3932 2598 3977 aut
2643 3919 2951 3977 contradici
3005 3928 3099 3973 aut
3152 3920 3489 3989 impugnari,

1925 4030 2020 4075 aut
2072 4020 2209 4075 citra
2265 4019 2689 4072 controversiain
2737 4016 2864 4087 fiat;
2898 4015 3047 4084 quod
3104 4015 3322 4069 videtur
3371 4030 3494 4071 csse

1926 4114 2101 4169 virtus
2135 4112 2340 4168 decreti
2382 4114 2628 4166 interra.
2655 4109 2758 4175 Qui
2793 4109 2939 4164 enim
2984 4108 3228 4178 perfecte
3278 4107 3495 4162 delitui-

1925 4216 2072 4260 tatur
2100 4221 2197 4275 per
2249 4204 2665 4259 conventionem
2720 4204 2897 4267 locus,
2952 4202 3110 4272 cujus
3158 4194 3362 4256 domini
3417 4204 3495 4256 sit

1923 4316 2033 4354 non
2069 4300 2407 4368 ambigitur:
2440 4297 2584 4352 unde
2611 4297 2815 4350 nullam
2854 4296 3278 4361 contentionem
3315 4299 3494 4350 susci-

1924 4401 2002 4446 tat
2033 4392 2344 4455 adversam,
2372 4391 2589 4460 qualein
2619 4391 2903 4460 patiuntur
2925 4389 3040 4456 qui,
3063 4389 3220 4456 juxta
3241 4400 3488 4458 poetam,

1924 4484 2066 4540 circa
2107 4485 2307 4539 limites
2341 4488 2685 4542 concertant,
2719 4478 2774 4533 id
2803 4490 2889 4534 est
2953 4482 3021 4533 de
3081 4489 3238 4532 terrae
3298 4479 3491 4532 limiti-

223 4576 587 4645 δηριόωντες,
638 4571 811 4639 ἤγουν
869 4568 1167 4638 μαχόμενοι
1224 4570 1351 4636 περί
1398 4569 1499 4637 γῆς
1550 4571 1693 4636 ὅρων
1717 4567 1809 4637 ’,ἦ

1924 4579 2026 4631 bus
2059 4584 2326 4647 pugnant,
2356 4575 2444 4628 vel
2478 4572 2709 4627 limitem
2751 4572 2951 4641 prsidia
2982 4572 3313 4625 dividentem
3335 4573 3492 4627 inva-

226 4672 414 4719 τοινυν
438 4670 508 4717 ἐκ
533 4663 628 4715 τοῦ
652 4665 720 4714 τά
740 4663 901 4731 γήὸια
927 4662 1361 4730 περιγράφοντος
1382 4661 1509 4729 ὅρου
1536 4659 1815 4722 λαϐόντες·

227 4759 397 4830 ὅρους
423 4757 666 4824 λέγομεν
695 4760 844 4820 τοὺς,
887 4754 962 4815 ὡς
994 4754 1222 4823 ἐρρέθη,
1265 4752 1452 4818 ἁγίους
1494 4754 1587 4804 καὶ
1617 4751 1815 4818 θείους,

232 4856 268 4924 ἢ
296 4853 417 4907 άπὸ
450 4849 548 4903 τοῦ
604 4848 912 4916 φιλοσόφως
935 4843 1331 4914 διασαφοῦντος
1364 4843 1461 4913 τὴν
1496 4843 1684 4896 οὐσίαν
1722 4843 1817 4894 τοῦ

236 4941 636 5013 ὑποκειμένου,
685 4941 781 4992 καὶ
822 4938 1170 5000 διδάσκοντος
1215 4938 1387 5006 αὐτὴν
1419 4934 1818 5005 ἐναργέστατα.

245 5039 336 5103 Ὠς
364 5041 481 5107 γάρ
510 5040 540 5088 ο
572 5036 701 5104 ὅρος
730 5034 935 5092 ἐκεῖνος
967 5029 1201 5099 καθιστᾷ
1235 5032 1326 5082 τὸν
1351 5030 1474 5083 νοῦν
1512 5029 1823 5098 βεϐηκότως

233 5134 409 5203 ἧγουν
443 5128 688 5199 βεϐαίως
716 5128 796 5189 εἰς
827 5125 888 5177 τὸ
921 5124 1327 5176 καταλαϐέσθαι
1362 5122 1391 5175 ὃ
1426 5124 1473 5175 τί
1500 5123 1630 5174 ποτέ
1673 5124 1824 5173 ἐστιν

239 5230 440 5291 ἐκεῖνο,
476 5216 540 5275 οὗ
582 5224 682 5292 τὴν
721 5221 912 5273 οὐσίαν
942 5218 1238 5289 ζητοῦμεν,
1276 5215 1418 5270 οὕτω
1446 5218 1542 5268 καὶ
1574 5216 1623 5268 οἱ
1658 5215 1825 5268 σεϐά-

241 5335 393 5387 σμιοι
423 5322 543 5386 opai.
573 5311 837 5365 τυποῦσιν
866 5310 1255 5378 άποφαντικῶς
1282 5313 1360 5373 εὶς
1390 5306 1699 5376 εὔγνωστον
1727 5311 1826 5361 καὶ

239 5414 381 5481 πρὸς
445 5409 738 5480 βεϐαίωσιν
808 5406 1124 5475 ἔμπρακτον
1192 5402 1618 5471 ἀναμφίλεκτον,
1680 5404 1817 5471 ὅπερ

238 5510 510 5573 ὁριςουσι.

310 5596 407 5652 λε’.
440 5596 741 5667 Τετραχῶς
770 5589 864 5649 οὖν
891 5594 1024 5666 ἡμῖν
1066 5591 1320 5657 ἐνταῦθα,
1346 5590 1491 5644 κατὰ
1533 5589 1593 5641 τὸ
1625 5591 1682 5642 ὲν
1708 5586 1821 5650 τοῖς

245 5689 482 5759 παροῦσι
542 5690 834 5759 χρήσιμον,
881 5686 1320 5758 τεθεωρουμένου
1376 5683 1471 5736 τοῦ
1525 5682 1652 5751 ὂρου
1698 5676 1820 5731 κατ’

247 5782 662 5854 ἰπιδρομήνοτὸ
715 5782 838 5851 ὅρος
890 5787 998 5854 γάρ
1052 5781 1316 5853 οὐδετέρῳ
1367 5777 1513 5847 γένει
1570 5764 1807 5851 ἐνταῦθα

1924 4668 2077 4720 dunt.
2120 4665 2474 4719 Deﬁnitioncs
2513 4678 2798 4727 vocamus,
2861 4671 2920 4715 ut
2957 4660 3167 4715 dictum
3229 4668 3336 4725 est,
3365 4675 3496 4714 san-

1925 4771 2043 4813 ctas
2070 4767 2123 4811 et
2171 4757 2408 4818 divinas,
2460 4763 2543 4809 vet
2582 4755 2650 4808 ab
2696 4769 2762 4808 eo
2801 4753 2892 4824 qui
2929 4751 3309 4822 piiilosopliica
3356 4765 3492 4805 con-

1924 4860 2229 4906 structione
2261 4857 2446 4902 notam
2509 4847 2638 4901 fecit
2699 4845 3022 4901 substantiae
3070 4845 3390 4907 essentiam,
3438 4851 3495 4897 et

1925 4947 2072 4999 illam
2104 4942 2307 5012 Optime
2336 4942 2546 5007 didicit.
2570 4939 2725 4995 Sicut
2753 4940 2898 4993 enim
2922 4938 3169 4992 dellnitio
3188 4938 3307 4992 haec
3336 4952 3495 4993 nien-

1926 5047 2034 5092 tem
2085 5036 2311 5089 firmiter
2352 5032 2592 5088 inSiituit
2626 5034 2680 5086 in
2719 5030 3076 5100 intelligendo
3114 5030 3245 5099 quid
3273 5031 3347 5085 sit
3390 5030 3493 5084 lioc

1924 5127 2081 5194 cujus
2112 5126 2411 5180 essentiam
2445 5124 2781 5190 quaerimus;
2813 5124 2894 5177 sic
2926 5122 3237 5176 veneranda
3268 5122 3494 5176 decreta

1925 5229 2113 5288 aperte
2148 5216 2506 5270 manil‘estant
2565 5213 2712 5283 quod
2749 5214 3138 5279 interiiiinant,
3197 5214 3274 5268 ita
3311 5221 3371 5268 ut
3399 5214 3496 5268 be-

1927 5326 1993 5367 ne
2023 5312 2300 5380 cognitum
2338 5310 2430 5371 sit,
2459 5315 2511 5360 et
2542 5320 2667 5360 cum
2694 5304 2982 5390 explorata
3003 5306 3108 5360 lide
3136 5305 3362 5360 minime
3391 5308 3500 5359 du-

1927 5402 2098 5454 bium.

1999 5579 2091 5635 55.
2120 5578 2564 5647 Quadrupliciter
2584 5577 2752 5650 igitur
2790 5577 2949 5633 nobis
2997 5577 3298 5634 secundum
3351 5593 3497 5649 prte-

1928 5683 2137 5731 senteiu
2159 5689 2316 5728 usum
2356 5671 2706 5728 considerato
2736 5671 2998 5737 termino,
3019 5672 3143 5741 ὅρος
3198 5672 3342 5727 enini
3365 5686 3504 5725 ncu-

1931 5775 2014 5823 tro
2044 5781 2239 5837 genere
2277 5767 2363 5823 liic
2398 5766 2669 5822 intrusum
2716 5763 2889 5821 fuisse
2924 5780 3085 5823 nemo
3120 5767 3401 5838 cogitabit,
3439 5774 3500 5821 ut
