3926 6200
273 349 352 413 553
1021 342 1101 402 1N
1140 340 1482 403 mnuum
1515 339 2172 403 PENTECOS’I‘ALEM
2212 342 2672 407 DAMASCENI.

3392 354 3498 418 551

272 466 410 535 μίσαι
432 459 569 530 Υίῷ,
603 456 662 511 οὐ
698 455 914 529 μακρὰν
935 452 1233 527 πονήσεταί
1260 471 1369 519 τις,
1412 456 1505 508 τὸν
1532 455 1630 508 καὶ
1662 453 1820 525 ιερὼ-

1935 463 2037 509 :um
2069 457 2358 511 terminum
2394 458 2543 529 regio
2603 459 2825 531 adoptet
2860 458 3001 515 Filio
3056 458 3496 516 sacratissimum

268 572 403 610 τατον
434 553 531 607 καὶ
562 550 842 605 θειότατον
866 547 961 603 καὶ
985 544 1244 620 βασιλείῳ
1269 546 1648 614 ὲπιπρὲποντα
1678 547 1827 616 ἱερα-

267 648 499 717 τεύματισ
523 643 649 715 ὅρος
674 643 783 712 γάρ
805 637 1031 693 ἐστιτοῦ
1064 638 1277 709 [ἰατρὸς
1304 639 1332 690 ό
1354 636 1505 699 Υἱὸς,
1537 635 1633 687 καὶ
1658 633 1735 697 ὡς
1763 634 1825 685 rb

270 739 357 810 πρὸ
400 735 613 791 αἰώνων
665 733 1098 805 βεϐουλευμένον
1148 731 1246 785 καὶ
1298 729 1682 797 τετυπωμένον
1734 730 1826 781 καὶ

266 829 573 902 ὡρισμένον,
609 823 1225 896 αὐτοκωτορικὼτατον
1257 822 1351 877 καὶ
1382 817 1690 890 ἁγιώτατον
1732 818 1827 873 θέ-

265 924 395 991 λημα
416 920 578 982 αὐτὸς
603 918 710 989 πλη
718 920 923 988 ρώσαςο
946 917 1044 973 καὶ
1062 916 1519 986 πρωταπόστο).ος
1544 915 1642 985 τῆς
1663 913 1825 985 ἡμῶν

265 1011 519 1083 σωτηρίας
571 1011 883 1081 γινόμενος,
940 1011 1037 1064 καὶ
1085 1007 1341 1079 δακτύλῳ
1392 1008 1642 1080 Πατρός,
1695 1009 1824 1078 ὅρου

262 1090 401 1177 δίκην
425 1106 520 1158 καὶ
554 1090 744 1173 λόγου,
798 1103 951 1175 τόμῳ
1007 1103 1311 1173 ἐγγραφεὶς
1349 1098 1521 1169 ἀγίως
1570 1100 1828 1171 καθαρω-

262 1199 392 1268 τάτῳ
418 1195 757 1267 ¹ιταρθενικῷ,
788 1195 886 1250 καὶ
910 1194 1085 1258 οὕτως
1122 1196 1204 1258 εἰς
1225 1193 1350 1263 ὅρον
1385 1192 1529 1246 θεῖον
1561 1194 1825 1246 ἀποτελε-

241 1287 413 1356 ξσθεὶς.
472 1290 566 1342 καὶ
609 1289 724 1348 τοῖς
772 1285 1087 1356 ἀνθρώποις
1115 1283 1424 1347 ἀποδοθεὶς,
1479 1284 1573 1335 ἐπὶ
1634 1280 1826 1352 ἀγαθῷ

242 1342 495 1452 3μεγίστῳ
520 1381 614 1434 καὶ
648 1342 927 1450 βεθηκότι,
962 1342 1468 1448 καὶτάτρεκεστάτῳ
1494 1375 1632 1446 πρὸς
1656 1342 1826 1444 αὐτὴν

261 1473 557 1544 ἀκρίσειανσ
589 1472 681 1524 καὶ
707 1469 851 1523 οὕτω
890 1469 990 1541 μὲν
1027 1469 1162 1539 ἡμῖν
1213 1469 1241 1521 ὁ
1272 1465 1524 1538 βεϐηκὼς
1567 1468 1712 1536 ὄρος,
1746 1464 1826 1529 ὡς

260 1567 400 1636 ἐξῆν,
445 1564 850 1626 ἐπελευστικῶς
894 1552 1268 1632 τεθεώρηταιο
1329 1559 1827 1630 συνεπιδραμοῦσιν

261 1659 367 1728 ἅμα
402 1657 499 1710 καὶ
548 1656 640 1708 τὸν
681 1654 984 1725 μελῳδικδν
1027 1652 1428 1725 ἀτρεκέστατον
1457 1651 1615 1719 λόγον
1644 1665 1657 1680 ·
1696 1650 1827 1721 περὶ

259 1743 312 1803 οὗ
344 1749 680 1819 σαφέστερον
712 1747 858 1800 ἐστιν
886 1747 1081 1809 εἰπεῖν,
1116 1745 1212 1798 καὶ
1243 1745 1327 1798 ὅτι
1355 1744 1633 1815 σημασίας
1659 1740 1825 1813 οὔσης

258 1844 344 1899 και
369 1843 448 1915 τῷ
497 1841 640 1912 λόγῳ
670 1842 771 1911 οὐχ
820 1841 1022 1911 ἁπλῆς,
1054 1839 1193 1895 ἀλλά
1255 1841 1360 1895 ὑπὸ
1419 1839 1638 1904 δεκάδα,
1676 1838 1821 1893 καθά
1859 1824 1903 1883 B

256 1936 550 1992 ἐκτίθενται
599 1937 650 1989 ot
696 1935 939 2000 παλαιοὶ,
990 1933 1051 1987 rb
1104 1930 1329 2004 ὕψιστον
1368 1932 1426 1986 ἐν
1469 1934 1537 2002 τῇ
1603 1930 1827 2014 τοιαρτῃ

255 2026 390 2094 λέξει
439 2029 841 2100 σημαινόμενον
869 2030 896 2081 ὁ
931 2027 1023 2081 τοῦ
1057 2023 1192 2080 θεοῦ
1224 2026 1398 2093 Λόγος
1443 2024 1589 2077 ἐστὶν
1614 2025 1642 2077 ό
1686 2023 1832 2077 svo-3-

254 2137 380 2186 σιος,
426 2120 457 2174 ὁ
511 2121 617 2191 πρὸ
664 2122 847 2190 πάσης
888 2119 1088 2183 ούσίαςι
1124 2119 1370 2189 κτίστης,
1438 2120 1467 2172 ό
1517 2119 1686 2181 αῐτιος
1736 2117 1831 2171 καὶ

252 2210 414 2268 αὐτοῦ
453 2212 549 2265 τοῦ
588 2212 735 2264 κατά
783 2210 1076 2282 ἄνθρωπον
1128 2208 1294 2278 λόγου
1341 2208 1464 2271 καθ’
1523 2208 1582 2264 ὃν
1629 2210 1832 2274 ἐκεῖνος

250 2303 463 2371 λογικὸς
489 2303 819 2374 ὀνομάζεται
843 2319 856 2332 ’
935 2302 997 2355 οὐ
1063 2301 1225 2371 μόνον
1283 2300 1486 2373 δηλαδὴ
1536 2300 1631 2354 τοῦ
1696 2318 1832 2371 rrpo—

253 2395 482 2467 φορικοῦ
508 2397 605 2467 τῆς
635 2394 934 2466 ίδιαιτάτης
980 2393 1079 2447 τοῦ
1120 2392 1411 2466 ἀνθρώπου
1448 2393 1656 2465 φωνῆς,
1700 2394 1832 2448 ἀλλά

250 2491 339 2543 καὶ
380 2488 479 2543 τοῦ
506 2488 837 2555 ἐνδιαθέτου,
884 2488 981 2541 τοῦ
1014 2486 1424 2550 -εῐδοποιοῦντος
1472 2488 1565 2540 τὸν
1617 2486 1676 2538 ἐν
1719 2485 1833 2541 τοῖς

247 2579 365 2635 καθ’
389 2582 542 2651 ἡμᾶς
586 2578 878 2649 ἄνθρωπον
908 2594 922 2610 ·
955 2572 1017 2635 οὗ
1054 2577 1120 2650 δὴ
1166 2577 1326 2647 λόγου
1382 2577 1513 2631 ποτὲ
1572 2578 1671 2649 μὲν
1701 2575 1835 2646 ψεῦ-

246 2675 331 2737 δος
359 2672 798 2742 ὑπαγορεύοντος
832 2671 864 2742 ἢ
922 2672 1259 2742 ἐφαμάρτως
1290 2671 1325 2741 ἢ
1356 2670 1496 2725 κατά
1534 2688 1587 2722 τι
1645 2668 1821 2731 ἄλλως

248 2764 590 2837 παρατυχδν,
627 2764 760 2817 ποτε
806 2763 866 2817 δι
910 2764 1048 2833 πρὸς
1097 2765 1163 2833 τῇ
1209 2760 1443 2833 ἀληθείᾳ
1502 2760 1678 2826 ὄντος,
1730 2758 1835 2813 διέ-

246 2856 474 2911 σταλται
529 2857 557 2910 ὁ
588 2858 643 2910 ἐν
699 2856 841 2927 ἀρχῇ
898 2855 1070 2923 Λόγος
1101 2854 1190 2908 διὰ
1218 2852 1311 2907 τοῦ
1349 2853 1424 2924 μὴ
1453 2852 1640 2916 ἁπλῶς
1676 2854 1836 2923 ἀτρε-

244 2950 343 3018 κὴς
376 2943 545 3012 εῖναι,
574 2948 711 3001 ἀλλὰ
746 2947 1175 3018 ἀτρεκέστατος,
1204 2947 1235 3000 ὅ
1264 2947 1416 3000 ἐστιν
1444 2944 1833 3015 ἀληθέστατος,

241 3038 383 3107 ὅπερ
409 3039 461 3089 οἱ
501 3037 599 3106 μὲν
632 3036 783 3105 παρά
806 3035 871 3090 rb
893 3035 1218 3108 στερητικὸν
1241 3051 1277 3090 α
1299 3034 1397 3088 καὶ
1426 3034 1488 3088 rb
1515 3034 1714 3103 τορίξν,
1743 3033 1837 3087 καὶ

238 3129 300 3183 rb
330 3128 482 3195 ἐλεὸς
506 3124 659 3181 εἷπον
681 3125 844 3182 εἶναι’
871 3127 958 3182 ἵνα
983 3127 1068 3198 είη
1098 3127 1326 3197 ἀτρεκὲς
1353 3125 1415 3177 rb
1447 3124 1524 3195 μὴ
1552 3123 1645 3177 τοῦ
1674 3119 1834 3193 τοροῦ

237 3221 398 3287 ἑκὰς,
428 3222 602 3292 ἤγουν
637 3221 698 3275 rb
754 3220 833 3291 μὴ
878 3197 1069 3292 πόρρω
1112 3219 1208 3272 τοῦ
1269 3216 1476 3287 σαφοῦς
1506 3214 1604 3270 καὶ
1638 3213 1834 3285 τεθαῤ-
1861 3197 1907 3259 C

1926 556 1981 603 et
2009 548 2438 616 divinissimum,
2467 560 2521 605 et
2552 552 2699 621 regio
2729 561 3119 625 congruentem
3162 555 3498 610 sacerdotio.
3530 549 3543 579 ’

1926 640 2220 697 Terminus
2256 651 2338 697 est
2368 644 2513 697 enim
2545 642 2723 701 Patris
2752 644 2944 708 Filius,
2977 655 3032 702 et
3079 660 3354 719 quatenus
3376 657 3503 702 ante

1926 732 2121 786 saecula
2147 735 2371 788 volitam
2397 744 2442 787 et
2478 750 2792 803 expressam
2827 744 2882 792 et
2904 738 3348 805 determinatam,
3379 753 3502 793 om.

1928 823 2260 893 nipotentem
2298 833 2354 880 et
2385 826 2796 883 sanctissimam
2827 828 3060 898 perfecit
3088 830 3209 900 ejus
3238 829 3502 886 volunta-

1927 925 2073 980 tem;
2105 928 2153 970 et
2190 920 2401 987 primus
2462 934 2640 989 praeco
2678 930 2878 975 nostrae
2940 921 3135 977 salutis
3196 922 3394 990 factus,
3448 932 3504 980 ct

1927 1006 2098 1078 digito
2129 1006 2331 1072 Patris,
2393 1011 2621 1065 termini
2652 1011 2830 1068 instar
2893 1022 2947 1069 et
2998 1014 3177 1078 verbi,
3240 1016 3503 1071 volumini

1927 1103 2231 1173 inscriptus
2259 1107 2556 1174 purissimo
2588 1103 2850 1177 Virginis,
2893 1117 2948 1163 et
2973 1108 3058 1165 sic
3106 1109 3159 1163 in
3208 1110 3501 1164 terminum

1927 1194 2172 1249 divinum
2208 1206 2650 1263 consummatus,
2684 1206 2739 1253 et
2800 1200 3122 1256 hominibus
3183 1202 3346 1257 datus
3403 1216 3505 1273 pro

1927 1287 2073 1340 bono
2126 1287 2367 1343 maximo
2430 1295 2484 1343 et
2543 1289 2785 1358 perfecto
2822 1299 2876 1347 et
2927 1293 3252 1361 verissimo;
3310 1302 3365 1349 et
3424 1295 3506 1349 sic

1928 1376 2206 1449 perfectus
2234 1380 2499 1437 terminus
2542 1383 2896 1448 transeundo,
2954 1393 3011 1438 ut
3061 1386 3309 1452 decebat,
3354 1388 3505 1443 visus

1927 1480 2010 1527 est
2034 1470 2194 1526 nobis
2220 1473 2313 1542 qui
2349 1474 2513 1529 simul
2551 1479 2863 1531 conversati
2921 1491 3121 1531 sumus
3151 1492 3275 1534 cum
3324 1494 3507 1532 sacra-

1930 1563 2146 1619 tissimo
2173 1565 2461 1620 verissimo
2492 1564 2707 1634 Verbo;
2738 1567 2804 1622 de
2845 1583 2955 1638 quo
3003 1570 3247 1638 apertius
3311 1571 3503 1625 dicen-

1926 1654 2058 1708 dum
2083 1664 2166 1709 est
2189 1658 2335 1726 quod
2358 1656 2758 1726 signiﬁcatione
2786 1657 2881 1711 τοῦ
2906 1660 3059 1713 verba
3095 1676 3202 1716 non
3266 1662 3506 1731 simplici

1928 1746 2244 1813 exsistente,
2300 1748 2394 1803 sed
2452 1749 2747 1819 decuplici,
2804 1754 2948 1807 sicut
3012 1753 3207 1809 docent
3268 1755 3503 1825 antiqui,

1932 1839 2198 1896 altissima
2232 1839 2395 1910 hujus
2421 1842 2748 1913 signiﬁcatio
2762 1853 2849 1899 est
2875 1845 2968 1900 Dei
2991 1842 3224 1901 Verbum
3251 1847 3505 1903 subStan-

1933 1924 2081 1997 tiale,
2149 1940 2277 1988 ante
2325 1949 2543 1988 onmem
2598 1936 2969 1989 substantiam
3017 1945 3254 1999 creator,
3315 1946 3509 1993 auctor

1932 2023 2099 2095 hujus
2128 2027 2223 2095 qui
2255 2025 2308 2079 in
2347 2025 2568 2080 homine
2617 2036 2703 2082 est
2732 2027 2880 2083 verbi
2913 2027 3214 2083 secundum
3273 2031 3420 2099 quod
3453 2039 3510 2085 et

1931 2115 2278 2173 rationabilis
2307 2127 2579 2183 vocatur;
2618 2133 2726 2173 nun
2764 2119 2944 2179 solum
3007 2120 3335 2195 prolationis
3386 2139 3513 2193 pro-

1933 2208 2065 2281 priae
2098 2209 2306 2264 homini
2335 2210 2509 2277 vocis,
2537 2211 2634 2265 sed
2692 2211 2870 2267 intimi
2909 2226 3132 2278 sensus,
3164 2216 3309 2271 unde
3364 2216 3420 2272 in
3451 2231 3513 2273 se

1932 2301 2289 2357 conatituitur
2320 2301 2514 2368 homo;
2567 2317 2679 2357 non
2709 2303 2860 2358 verbi
2901 2304 3047 2374 quod
3091 2322 3333 2363 errorem
3378 2323 3511 2379 pro-

1932 2389 2043 2446 fert
2073 2392 2156 2446 vel
2187 2390 2557 2461 culpabiliter,
2589 2392 2672 2448 vel
2719 2393 2791 2450 ob
2849 2396 3088 2467 aliquam
3140 2399 3510 2456 circumstan-

1934 2484 2089 2548 tiam,
2124 2482 2422 2553 aliquando
2447 2493 2629 2541 autem
2667 2496 2864 2556 praeter
2890 2489 3177 2547 veritatem
3221 2503 3344 2559 est;
3400 2508 3510 2548 non

1934 2577 2001 2631 ad
2028 2575 2134 2631 hoc
2163 2574 2503 2646 assignatum
2554 2578 2722 2633 estin
2783 2579 3057 2650 principio
3120 2578 3384 2648 Verbum,
3444 2600 3511 2639 eo

1935 2664 2079 2736 quod
2108 2664 2179 2719 sit
2207 2679 2315 2719 non
2349 2664 2672 2734 simpliciter
2705 2681 2918 2733 verum,
2948 2669 3044 2724 sed
3085 2671 3509 2739 ἀτρέκεστατον.

1935 2752 2081 2825 quod
2120 2753 2213 2809 alii
2241 2754 2311 2809 ab
2329 2772 2362 2808 α
2390 2755 2682 2824 privativa,
2707 2764 2762 2811 et
2782 2757 2962 2828 ropbv,
2992 2767 3047 2813 et
3072 2759 3204 2823 έκάς
3236 2761 3509 2822 derivant.

1936 2846 2010 2901 ita
2042 2855 2099 2901 ut
2146 2848 2216 2902 sit
2243 2847 2474 2914 ἀτρεκὲς
2505 2847 2569 2900 rb
2605 2847 2682 2919 μὴ
2722 2848 2817 2902 τοῦ
2872 2850 3036 2921 τοροῦ
3101 2851 3259 2919 tam,
3309 2854 3363 2909 id
3401 2865 3511 2916 est.

1938 2953 2043 2993 non
2078 2936 2267 3009 procul
2303 2953 2333 2991 a
2365 2949 2519 2993 recto
2552 2948 2608 2992 et
2631 2953 2830 2995 securo
2855 2954 2954 3010 per
2970 2943 3286 3011 veritatem;
3321 2944 3412 3000 alii
3443 2946 3512 3001 ab

1936 3025 2259 3094 aprivativa
2317 3026 2608 3098 particula,
2660 3037 2715 3085 et
2737 3029 2918 3101 τρεως
2951 3033 3233 3102 quienim
3282 3035 3513 3091 veritate

1937 3117 2155 3186 gaudet,
2193 3132 2301 3172 non
2326 3119 2645 3191 solumanon
2685 3121 2964 3177 erubescit
3000 3124 3271 3194 loquendo
3321 3142 3507 3185 coram

1937 3198 2295 3278 quibuslibet,
2320 3208 2423 3267 sed
2454 3226 2554 3267 nec
2586 3213 2803 3268 metuit.

237 3313 490 3384 ρημένου
521 3298 609 3365 διὰ
634 3312 734 3385 τὴν
762 3312 1042 3382 ἀλήθειαν*
1067 3310 1118 3364 οἱ
1147 3310 1204 3363 δὲ
1231 3308 1383 3380 παρὰ
1411 3308 1472 3362 rb
1499 3324 1536 3361 α
1562 3304 1886 3379 στερητικὸν
1914 3292 2229 3373 μόριονκαὶ
2285 3303 2345 3355 rb
2399 3302 2545 3374 τρὲω
2605 3303 2668 3357 rb
2728 3302 3026 3376 φεοῦμαι.
3063 3307 3123 3362 Ὅ
3144 3308 3252 3380 γὶιρ
3280 3312 3350 3382 τῇ
3384 3308 3514 3384 ἀλη-

234 3407 362 3479 θείᾳ
391 3406 607 3477 χαίρων
668 3406 729 3457 οὐ
771 3405 931 3474 μόνον
975 3404 1075 3458 οὐκ
1106 3401 1429 3472 αἰσχύνεται
1478 3399 1656 3455 λαλῶν
1684 3397 1933 3455 ἐναντιον
1953 3388 2029 3455 ὧν
2059 3397 2126 3452 ἀν
2163 3396 2334 3465 λέγοι,
2366 3398 2485 3453 ἀλλ’
2513 3399 2635 3455 οὐδὲ
2670 3401 2945 3471 φοϐεῖται.

308 3497 417 3569 λη’.
472 3498 843 3569 Ἑνθυμητεον
873 3494 918 3549 δ’
947 3494 1185 3550 ἐνταῦθα
1214 3496 1297 3549 ὅτι
1327 3495 1472 3549 καθὰ
1514 3494 1655 3563 ὑπὲρ
1689 3494 1831 3549 ἄπα-

233 3608 339 3647 σαν
370 3590 573 3644 οὐσίαν
595 3591 630 3659 ἡ
664 3589 823 3643 οὐσία
852 3588 970 3641 ἐστὶ
1017 3585 1109 3641 τοῦ
1144 3586 1305 3652 Θεοῦ,
1338 3586 1435 3642 καὶ
1471 3587 1652 3642 πάντα
1675 3586 1733 3640 δὲ
1762 3585 1833 3640 τὰ

230 3685 362 3739 κατ’
398 3681 567 3737 αὑτὸν
611 3680 751 3753 ὑπὲρ
786 3680 1003 3734 ἅπαντα
1043 3679 1111 3732 τά
1152 3679 1450 3751 ὲγκόσμια,
1480 3677 1626 3733 οὕτω
1671 3678 1766 3733 καὶ
1798 3677 1832 3748 ἠ

228 3774 409 3831 αὺτοῦ
441 3771 679 3843 ἀλήθεια
706 3772 848 3840 ὑπὲρ
878 3769 1100 3824 ἅπασαν
1134 3769 1422 3843 ἀλήθειαν.
1477 3770 1538 3824 ’0
1587 3772 1688 3841 μὲν
1726 3771 1832 3843 γὰρ

229 3871 292 3923 ἐν
322 3870 466 3938 ἡμῖν
496 3867 655 3935 λόγος
683 3865 946 3934 ἑκάτερος
979 3865 1069 3919 ὅτε
1105 3862 1203 3917 καὶ
1252 3863 1571 3933 ἀληθεύσει,
1599 3866 1701 3919 οὐκ
1735 3864 1831 3918 αύ-

229 3962 327 4025 τδς
350 3960 621 4029 ἐποίησεν
652 3958 685 4029 ἦ
712 3962 859 4011 ποιεῖ
885 3958 946 4011 rb
973 3959 1212 4030 πρᾶγμα
1239 3957 1421 4012 ἐκεῖνο
1451 3957 1583 4029 περὶ
1611 3955 1671 4010 οὗ
1697 3957 1830 4029 ἀλη-

232 4052 417 4117 θεύει,
446 4052 588 4106 ἀλλὰ
617 4048 1064 4119 καταλαϐόμενος
1098 4050 1351 4119 ἐκφαίνει
1381 4050 1480 4120 τὴν
1507 4049 1595 4101 ἐπ’
1638 4047 1831 4119 ἐκείνῳ

229 4143 527 4217 ἀλήθειαν⁹
551 4148 583 4200 ὁ
614 4144 672 4199 δὲ
700 4143 968 4212 πανάγιος
993 4144 1167 4214 Λόγος
1196 4143 1434 4214 καὶόρος
1463 4141 1557 4196 τοῦ
1590 4141 1825 4214 Πατρδς,

225 4237 265 4307 ἡ
298 4236 695 4304 αὐτοαλήθεια,
727 4236 823 4288 καὶ
858 4236 970 4298 τοῖς
997 4234 1181 4305 ἔργοις
1210 4233 1565 4304 ἐπαληθεύει,
1599 4251 1677 4288 ων
1705 4234 1823 4287 ἔστι

228 4327 477 4401 ποιητὴς
515 4330 611 4383 καὶ
658 4325 982 4399 προϐολεύς·
1014 4324 1077 4378 οὐ
1124 4325 1473 4398 ψευσάμενος
1504 4325 1604 4397 τὴν
1647 4324 1829 4379 αὐτῶν

226 4418 590 4489 παραγωγὴν
620 4418 697 4479 ὡς
726 4411 816 4470 οἷα
843 4414 1172 4486 παραποιῶν
1202 4415 1470 4485 ἀτέχνως,
1504 4413 1621 4469 ἀλλ’
1655 4414 1715 4469 ἐν
1743 4430 1832 4467 σο-

226 4511 337 4582 φίᾳ
373 4509 802 4571 κατασκευάσας
826 4508 1076 4579 ἀρρήτῳ.
1105 4507 1196 4559 Διὸ
1220 4510 1312 4560 καὶ
1346 4507 1528 4571 καλῶς
1553 4506 1833 4577 ψάλλομεν

2006 3489 2184 3546 58.1η
2240 3500 2423 3548 mente
2458 3508 2625 3563 porro
2695 3498 3107 3557 recondendum
3176 3503 3514 3572 quod'sicut

1936 3595 2102 3653 super
2123 3597 2340 3640 omnem
2362 3588 2661 3642 essentiam
2689 3597 2775 3644 est
2797 3593 3041 3647 essentia
3086 3593 3206 3656 Dei.
3233 3603 3288 3652 et
3310 3606 3510 3656 cuncta

1933 3688 2056 3745 quae
2088 3673 2156 3729 ad
2186 3690 2311 3729 eum
2339 3677 2615 3747 pertinent
2645 3693 2813 3748 super
2841 3685 3033 3737 oumia
3061 3687 3373 3751 mundana,
3429 3692 3514 3747 sie

1935 3772 1990 3846 et
2020 3766 2222 3821 veritas
2248 3766 2369 3837 ejus
2402 3782 2569 3838 super
2590 3784 2809 3825 omnem
2846 3775 3157 3830 veritatem.
3181 3775 3338 3842 Quod
3363 3781 3509 3835 enim

1898 3897 1912 3905 .
1939 3864 2023 3913 est
2054 3857 2109 3911 in
2134 3858 2293 3914 nobis
2326 3860 2578 3927 verbum,
2613 3864 2836 3937 quando
2860 3880 3025 3919 verax
3057 3877 3159 3933 est,
3192 3883 3301 3922 non
3322 3869 3511 3939 ipsum

1939 3944 2069 4003 fecit
2116 3947 2202 4004 vel
2250 3947 2382 4004 iacit
2425 3966 2539 4005 rem
2576 3951 2722 4007 illam
2749 3952 2932 4024 dequa
2953 3968 3079 4011 vera
3098 3956 3254 4023 dicit,
3281 3960 3378 4015 sed
3420 3975 3511 4017 ac-

1938 4049 2152 4112 ceptam
2183 4041 2495 4098 manifestat
2526 4043 2595 4100 de
2640 4059 2703 4100 ea
2742 4061 2801 4102 re
2859 4046 3144 4104 veritatem
3173 4066 3190 4105 :
3219 4054 3514 4113 sanctissi.

1940 4148 2088 4187 mum
2116 4140 2298 4188 autem
2334 4130 2573 4189 Verbum
2597 4142 2653 4191 et
2685 4138 2951 4193 terminus
2982 4139 3185 4209 Patris,
3212 4142 3510 4211 ipsa~veri-

1932 4234 2037 4293 tas,
2068 4225 2231 4281 etiam
2270 4225 2324 4280 in
2358 4227 2615 4297 operibus
2642 4243 2807 4284 verax
2834 4240 3170 4302 estquorum
3198 4243 3284 4290 est
3309 4224 3507 4292 auctor

1932 4327 1988 4373 et
2016 4319 2362 4391 productor;
2421 4335 2532 4377 non
2586 4325 2853 4380 mentitur
2903 4342 3092 4382 eorum
3146 4334 3507 4386 creationem.

1930 4414 2089 4484 quasi
2116 4415 2371 4486 imperite
2397 4415 2767 4485 assimulans,
2789 4421 2888 4477 sed
2918 4420 2973 4475 in
3006 4422 3276 4491 sapientia
3325 4424 3513 4495 dispo-

1933 4519 2071 4560 nens
2133 4505 2434 4575 inell‘abili;
2481 4507 2626 4565 unde
2684 4521 2832 4565 recte
2898 4510 3182 4582 psallimus
3237 4529 3369 4569 vera
3389 4530 3514 4573 esse

223 4601 483 4672 ἀληθινά
516 4596 660 4654 εἶναι
693 4600 870 4653 πάντα
898 4600 965 4652 τὰ
1008 4598 1148 4669 ἔργα
1203 4597 1393 4662 αὐτοῦ,
1427 4601 1522 4654 καὶ
1555 4600 1736 4651 πάντα
1770 4598 1828 4651 ὲν

1936 4593 2119 4649 omnia
2141 4609 2307 4666 opera
2337 4597 2480 4666 ejus,
2507 4606 2563 4655 et
2587 4614 2712 4655 eum
2749 4612 2949 4658 cuncta
2984 4602 3041 4658 iu
3077 4603 3306 4659 veritate
3347 4603 3512 4661 fecis-

222 4694 483 4765 ἀληθείᾳ
524 4694 749 4761 ποιῆσαι
780 4690 975 4747 αὐτόν’
1016 4684 1079 4745 οὗ
1116 4691 1235 4744 κατ’
1264 4690 1429 4761 ἀλλην
1470 4689 1655 4758 ἔφοδον
1686 4690 1781 4743 καὶ⁵
1807 4690 1834 4741 ὁ

219 4785 419 4853 Λόγος
470 4783 700 4855 ἀλήθειά
724 4782 875 4836 ἐστιν
896 4825 911 4839 .
955 4783 1369 4853 ’Λσφαλέστατα
1394 4780 1524 4851 γοῦν
1552 4782 1646 4834 καὶ
1689 4779 1830 4852 ὑψη-

219 4879 455 4933 λότατα
487 4878 580 4931 rbv
606 4874 701 4931 τοῦ
738 4872 951 4948 Πατρδς
983 4875 1158 4943 Λόγον
1185 4872 1586 4944 ἀτρεκέστατον
1613 4872 1642 4925 ὁ
1671 4871 1835 4941 σοφὸς

233 4971 519 5041 Ἰωάννης
556 4968 918 5040 ἐμελῴδησεν.

306 5064 423 5117 λοι.
474 5060 742 5115 Ἐνταῦθα
771 5061 827 5115 δὲ
849 5060 1012 5129 λόγου
1039 5057 1214 5112 ἐλθὼν
1237 5061 1332 5112 καὶ
1360 5059 1611 5129 διαγνοὺς
1632 5061 1692 5114 οὒ
1718 5054 1844 5117 κατ’

221 5154 504 5225 ἔνθυμον,
523 5152 642 5206 ἀλλ’
677 5152 735 5217 ἐξ
757 5150 924 5205 αὑτοῦ
960 5150 1249 5223 ἐργου,ὃτι
1279 5148 1387 5203 τῶν
1403 5167 1547 5212 τινες
1576 5150 1610 5223 ἢ
1644 5152 1841 5206 ἁπλου-

226 5245 464 5313 στέρων
503 5243 599 5296 καὶ
622 5239 797 5305 οὕτως
830 5240 1221 5311 ἀόαθεστέρων
1248 5240 1280 5312 ἢ
1307 5241 1402 5294 καὶ
1435 5240 1615 5304 ἄλλως
1645 5260 1839 5313 πειρα-

225 5336 420 5387 τικῶν
441 5334 658 5404 ἀνδρῶν
683 5332 1007 5402 ἐπιφύονται
1041 5331 1119 5403 τῷ
1154 5333 1284 5404 περὶ
1316 5333 1420 5403 γῆν
1470 5334 1603 5404 ὅρῳ,
1635 5334 1731 5387 καὶ
1760 5334 1837 5398 ὡς

220 5422 321 5478 οἶα
360 5428 474 5496 γῆς
506 5427 828 5497 ἀναδασμὸν
875 5426 1588 5499 ἀκριϐούμενοι,ἀπάγουσι
1619 5426 1679 5479 τὸ
1713 5428 1833 5481 κατ’

221 5520 418 5590 αὐτὴν
445 5521 621 5588 δριον,
644 5520 734 5571 τοῦ
762 5519 1056 5590 βεϐηκότος
1078 5521 1230 5590 ὅρου,
1251 5519 1346 5574 καὶ
1367 5520 1526 5588 λόγου
1550 5518 1643 5571 τοῦ
1668 5520 1834 5594 ὑπερ-

219 5614 428 5664 ουσίου
465 5611 628 5675 Θεοῦ,
659 5610 735 5674 ὠς
768 5611 842 5682 μὴ
860 5611 1083 5675 ἐπάξιον
1103 5610 1163 5666 ὃν
1198 5611 1277 5682 τῷ
1306 5608 1616 5683 ύπερουσῑῳ
1643 5613 1831 5681 γήϊνόν

219 5718 279 5754 τι
307 5706 471 5775 παχὺ
506 5704 948 5775 προσαρμόττειν
974 5702 1170 5773 ὄνομα·
1207 5701 1471 5772 σφαδάζω
1496 5706 1597 5774 μὲν
1639 5704 1830 5757 ἐνθου·

225 5798 378 5852 σιῶν
398 5797 573 5857 πολλὰ
602 5795 691 5848 λα)
703 5796 833 5863 ἧσαι
856 5794 1058 5860 αὐτοῖς,
1084 5793 1376 5864 γινώσκων
1406 5795 1463 5849 δὲ
1495 5797 1559 5851 rb
1591 5798 1827 5868 πρᾶγμα

571 5892 842 5952 ιἈτηοι.
892 5890 1011 5951 Gtt.
1064 5890 1408 5954 CXXXVI.

1939 4700 2071 4754 sse;
2098 4687 2243 4743 unde
2273 4697 2327 4743 ct
2354 4704 2450 4757 per
2487 4688 2650 4744 aliam
2679 4692 3098 4763 expositionem,
3141 4694 3377 4750 Verbum
3427 4705 3513 4750 est

1941 4780 2519 4836 veritaszcertissime
2548 4782 2783 4851 prbinde
2839 4794 2896 4841 et
2947 4784 3219 4842 altissime
3274 4785 3511 4841 Verbum

1938 4867 2119 4926 Patris
2143 4871 2490 4928 verissimum
2519 4874 2724 4933 cecinit
2767 4873 3033 4933 Joannes.

2011 5046 2102 5106 '59.
2116 5048 2295 5120 Atque
2318 5047 2374 5105 in
2411 5050 2516 5108 hoc
2549 5051 2670 5108 loco
2690 5053 3062 5111 conﬁtendum
3088 5057 3247 5114 nobis
3276 5068 3361 5115 est
3404 5075 3516 5114 non

1941 5155 2040 5210 per
2066 5150 2386 5213 cogitatum,
2410 5145 2505 5199 sed
2539 5161 2605 5201 ex
2630 5147 2762 5215 ipsis
2788 5152 3070 5219 operibus,
3117 5153 3384 5224 quosdam
3431 5154 3515 5206 vel

1939 5234 2302 5305 simpliciores
2315 5238 2467 5293 etsic
2492 5238 2765 5302 rudiores.
2813 5255 2877 5297 ac
2891 5244 3245 5313 praedatorios
3269 5243 3514 5296 homines

1936 5328 2205 5382 exsistere
2233 5329 2284 5382 in
2309 5329 2508 5385 finibus
2544 5340 2722 5399 terrae,
2737 5341 2791 5388 et
2814 5336 2958 5388 velut
2985 5336 3324 5405 partitionem
3361 5345 3516 5389 terrae

1942 5420 2116 5490 probe
2150 5421 2422 5490 cognitam
2490 5423 2774 5491 habentes,
2800 5426 2891 5494 qui
2934 5426 3221 5480 terminum
3244 5425 3363 5491 ejus
3392 5441 3516 5493 pro-

1944 5515 2033 5568 cul
2056 5523 2225 5585 agunt
2245 5532 2275 5569 a
2300 5516 2543 5584 perfecto
2564 5518 2798 5571 termino
2818 5527 2872 5572 et
2892 5515 3069 5571 Verbo
3094 5518 3518 5585 supersubstan-

1947 5607 2096 5664 tialis
2151 5609 2268 5676 Dei,
2305 5611 2465 5680 quasi
2528 5611 2811 5683 indignum
2881 5609 2956 5665 sit
3005 5609 3517 5679 supersubstantiali

1942 5708 2205 5759 terrestre
2235 5702 2513 5772 quoddam
2572 5711 2627 5757 et
2687 5715 2937 5757 crassum
2960 5701 3257 5773 adjungere
3294 5716 3516 5757 nomen.

1937 5794 2206 5865 Tripudio
2240 5794 2467 5866 quidem
2492 5793 2693 5848 ardore
2725 5792 2961 5862 ﬂagrans
2987 5792 3159 5847 multa
3181 5796 3261 5847 eis
3295 5774 3517 5860 loquen-

3089 5885 3157 5949 18
