3926 6200
424 284 530 347 555

1140 286 1562 348 EUSTATIIII
1603 285 2368 348 TIIESSALONIPENSIS
2394 286 2958 348 METROPOLIT/E
3512 296 3596 355 ξω

421 398 514 462 di;
552 396 732 453 sciens
763 408 942 454 autem
976 413 1083 455 non
1131 405 1492 468 Opportunum
1554 413 1665 453 rem
1703 413 1846 463 esse,
1880 412 2000 454 ver-

2110 398 2202 452 οὑκ
2231 397 2510 469 εὔκαιρον,
2544 401 2802 470 μετρήσω
2819 401 2916 470 τὴν
2945 398 3128 454 λαλιὰν
3157 401 3230 464 είς
3260 403 3370 458 ὅσον
3389 406 3452 474 μὴ
3490 406 3600 458 πάνυ

423 489 491 544 ba
521 490 594 543 ita
631 490 942 559 ponderabo
979 497 1041 544 ut
1101 505 1280 559 neque
1333 493 1418 545 his
1484 489 1990 559 reprehendendum

425 596 513 634 me
544 583 837 650 praebeam,
872 597 1049 654 neque
1071 582 1194 637 aliis
1223 597 1392 652 penes
1423 598 1561 652 quos
1587 591 1670 636 est
1702 581 1993 652 judicium.

425 673 493 729 Et
523 683 648 729 ante
677 675 883 740 omnia,
911 674 979 728 ad
1017 675 1110 730 ira:
1164 684 1366 730 nostra:
1429 677 1696 738 levamen,
1752 690 1996 729 mensam

425 766 562 834 ipsis
587 766 936 830 instructam,
962 766 1176 838 qualem
1208 766 1519 834 hospitibus
1577 766 1842 836 praebent,
1873 781 1997 836 pro-

427 872 774 929 ponam,per
825 873 987 929 quam
1049 857 1334 920 Oblectati,
1396 866 1453 910 ut
1520 859 1778 923 arbitror,
1839 858 1998 912 mites

424 949 1088 1027 eilicientur;apponet_ur
1127 962 1309 1006 autem
1334 951 1420 1006 bis
1469 949 1687 1020 quidem
1741 950 1881 1019 ovis,
1915 952 1998 1007 his

427 1050 633 1107 autem,
676 1043 961 1113 probabile
991 1044 1134 1096 enim
1171 1051 1256 1097 est
1291 1045 1556 1112 quosdam
1590 1039 1699 1093 Deo
1752 1050 1999 1098 sacratos

428 1139 629 1201 praesto
645 1132 882 1198 futuros,
902 1131 1070 1202 piscis
1088 1131 1316 1203 λάϐραξ;
1353 1141 1407 1186 et
1437 1132 1482 1185 si
1518 1130 1810 1202 qtttdemiu
1850 1147 1997 1186 men-

431 1242 549 1279 sam
601 1226 713 1279 hate
743 1227 920 1280 aﬂ’erri
967 1227 1194 1294 eligant,
1229 1225 1300 1279 ita
1323 1234 1387 1280 ut
1413 1241 1566 1280 ovem
1607 1227 1734 1280 (lum
1795 1225 2002 1278 viveret

432 1315 694 1373 devorent
717 1331 838 1370 cum
863 1317 1085 1381 vellere,
1107 1332 1230 1371 cum
1255 1318 1411 1386 pelle,
1437 1317 1696 1371 carnibus
1710 1325 1762 1371 et
1785 1317 2000 1386 ungulis

427 1416 479 1460 et
517 1407 842 1472 visceribus,
878 1418 931 1462 et
987 1409 1190 1478 piscem
1244 1423 1365 1463 cum
1429 1408 1674 1478 squamis
1703 1415 1757 1463 et
1792 1410 2000 1478 reliquo

427 1500 677 1578 corporis
711 1499 896 1553 habitu
956 1516 969 1553 :
1025 1500 1232 1554 cavebo
1266 1500 1450 1554 statim
1507 1517 1574 1555 ne
1645 1500 2000 1572 respondeam

425 1593 526 1655 eis,
563 1577 668 1646 non
693 1601 876 1647 mente
909 1591 1224 1658 considens,
1269 1591 1367 1648 sed
1432 1592 1765 1662 admiratus,
1802 1609 1886 1649 me
1922 1593 2001 1647 vi-

427 1683 578 1737 disse
651 1682 901 1737 homines
957 1697 1224 1739 voraces.
1283 1669 1341 1737 Si
1414 1695 1594 1738 autem
1655 1685 2004 1741 confecerint

427 1774 531 1828 rite
554 1781 740 1828 etnon
776 1773 1016 1829 ferarum
1058 1788 1230 1838 more,
1279 1784 1333 1829 et
1393 1773 1656 1845 eligentes
1719 1774 1997 1844 exquisita

425 1875 479 1917 et
503 1863 822 1918 communia
885 1862 1250 1927 comederint,
1295 1864 1439 1916 sicut
1489 1873 1730 1932 oportet,
1788 1864 1998 1934 reliqua

427 1962 611 2008 autem
637 1954 778 2008 sicut
803 1960 855 2008 et
905 1963 1100 2008 caetera
1152 1953 1387 2019 inutilia,
1434 1955 1665 2023 etquasi
1723 1953 1998 2026 superflua

429 2045 754 2115 abjecerint,
785 2053 915 2100 tunc
941 2043 1250 2111 conlidens,
1286 2046 1658 2100 conversabor
1714 2061 1840 2102 cum
1895 2049 1998 2115 els,

427 2145 483 2192 et
514 2144 802 2206 postquam
849 2136 998 2205 ipsos
1059 2137 1454 2204 superaverint,
1510 2137 1782 2207 gloriabor
1811 2139 2001 2197 dicens

433 2245 516 2284 me
544 2229 826 2286 victoriam
859 2229 1137 2284 retulisse.

498 2409 588 2466 40.
627 2407 695 2463 Et
720 2407 1056 2477 exprobrans
1078 2407 1253 2476 primo
1287 2406 1702 2466 deiraudatores
1733 2425 1853 2468 esse
1905 2427 2002 2468 su-

428 2521 532 2577 pra
561 2519 726 2576 quam
762 2509 978 2570 oportet
1004 2517 1133 2572 erga
1174 2501 1373 2569 Deum,
1406 2504 1658 2560 homines
1701 2504 1768 2561 de
1806 2505 2003 2576 quibus

433 2610 672 2666 prtcsens
692 2593 824 2647 mihi
840 2607 1042 2657 sermo,
1069 2592 1388 2663 suppliciter
1409 2591 1714 2665 ell'lagitabo
1729 2603 1787 2650 ut
1807 2596 2006 2653 dentur

433 2688 563 2742 mihi
600 2687 693 2756 qui
751 2686 1012 2756 colligant
1071 2686 1292 2740 nomina
1356 2703 1452 2757 per
1509 2703 1629 2758 qua:
1689 2689 2006 2759 designatur

432 2782 593 2847 Deus,
617 2782 686 2835 ob
706 2780 942 2850 aliquam
963 2779 1082 2850 ejus
1101 2779 1394 2845 actionem,
1421 2779 1488 2834 ad
1508 2781 1758 2836 aemulam
1775 2781 2007 2852 diligen-

431 2876 580 2939 tiam,
614 2882 668 2929 et
696 2874 967 2946 propriam
991 2873 1093 2943 ipsi
1124 2873 1448 2942 veritatemf;
1479 2877 1590 2929 etsi
1618 2873 1756 2929 bene
1777 2875 2004 2930 cesserit

430 2965 605 3018 oratio
638 2979 782 3031 mea,
843 2951 1048 3032 gratias
1096 2975 1250 3032 agam
1285 2961 1364 3017 eis
1399 2963 1624 3028 multas,
1656 2978 1754 3017 nec
1779 2979 1879 3033 ego
1914 2979 2005 3019 so-

2101 490 2256 560 ψόγῳ
2276 492 2515 560 ἐμαυτὸν
2541 495 2800 562 ὑποσχεῖν
2829 493 2968 563 μήτε
2991 494 3119 564 παρ’
3135 495 3349 558 ἐκείνοις
3365 498 3483 566 μήτε
3501 495 3606 567 παρ’

2101 574 2304 643 ἄλλοις,
2322 571 2402 640 οἷς
2427 577 2544 630 ἔστι
2568 577 2860 648 διάκρισιςο
2895 580 2991 633 κοιλ⁵
3018 583 3119 651 πρό
3136 599 3194 650 γε
3219 584 3321 636 τῶν
3348 585 3495 638 ἄλλων
3517 589 3609 654 μεί-

2100 669 2275 739 λιγμα
2309 669 2464 737 χόλου
2494 669 2587 722 τοῦ
2618 672 2738 726 καθ’
2768 673 2800 740 ἡ
2811 671 2928 742 μῶν
2955 674 3223 744 τράπεζαν
3243 677 3410 738 αὐτοῖς
3430 679 3514 730 ὅσα
3538 681 3612 731 καὶ

2103 759 2484 830 παραϐαλοῦσι
2521 761 2692 827 ξένοις
2733 763 3050 834 ὲξαρτίσας,
3087 765 3424 836 ὑποθήσομαι,
3448 767 3504 821 δι’
3541 765 3612 840 ἧς,

2101 845 2278 922 οἶμαι,
2313 853 2638 924 θελξάμενοι
2671 856 3114 927 πραῦνθήσονται
3138 875 3153 891 ο
3175 858 3318 913 ἔσται
3345 861 3395 913 δὲ
3430 864 3483 914 τὸ
3507 864 3617 931 πρό-

2102 941 2265 1012 θεμα,
2297 947 2413 1008 τοῖς
2445 945 2546 1014 μὲν
2580 948 2876 1018 πρόϐατον,
2925 950 3131 1018 ἑτέροις
3156 952 3232 1018 δὲ,
3258 953 3391 1016 etab;
3421 954 3517 1022 γὰρ
3542 964 3617 1012 καὶ

2101 1034 2478 1106 Ναζιραῖκούς
2501 1055 2656 1102 τινας
2687 1045 3048 1111 παρατυχεῖν,
3085 1043 3230 1109 ἰχθὺς
3251 1043 3443 1112 λάϐραξ
3467 1045 3619 1111 ἁδρ6ς⁶
3636 1095 3647 1110 _

2102 1127 2196 1180 καὶ
2227 1129 2276 1180 εί
2309 1129 2410 1198 μὲν
2434 1129 2633 1183 ἐκεῖνοι
2657 1130 2890 1184 ἕλωνται
2923 1133 3378 1201 προσενέγκασθαι
3406 1136 3477 1198 εἰς
3511 1152 3619 1204 τρι·
3667 1203 3670 1211 1

2103 1218 2338 1287 πέξωμα
2371 1220 2450 1274 τὰ
2489 1221 2740 1286 τοιαῦτα,
2779 1224 2856 1286 ὼς
2887 1223 2949 1276 τὸ
2995 1223 3095 1294 μὲν
3145 1224 3382 1294 βόσκημα
3405 1227 3596 1278 καταθοι
3643 1234 3651 1273 ῑ

2104 1310 2370 1381 νήσασθαι
2405 1312 2581 1378 οὕτως
2612 1315 2688 1378 ὡς
2732 1316 2845 1387 ἔχει
2881 1315 3049 1384 ζωῆς,
3082 1317 3226 1386 αὐτῷ
3278 1318 3470 1386 μαλλῷ,
3501 1312 3650 1386 αὐτῷ’

2104 1399 2360 1472 δέρματι,
2391 1405 2623 1476 κέρασιν
2646 1408 2831 1472 αὐτοῖς
2858 1410 2954 1462 καὶ
2975 1408 3144 1475 ὄνυξι,
3167 1412 3255 1462 καὶ
3275 1411 3338 1479 τῇ
3363 1409 3460 1462 τῶν
3485 1411 3622 1479 ἐγκά-

2102 1510 2213 1547 των
2245 1494 2507 1564 διαθέσει,
2534 1497 2595 1550 τὸ
2620 1498 2675 1552 δὲ
2708 1498 2937 1570 ὀψάριον
2995 1499 3186 1563 αὐταῖς
3229 1500 3397 1554 λεπίσι
3449 1503 3530 1555 καὶ
3570 1504 3620 1572 τῇ

2104 1585 2265 1656 λοιπῇ
2300 1589 2442 1640 κατὰ
2479 1588 2638 1660 σῶμα
2667 1590 2902 1662 διαρτίᾳ,
2950 1592 3222 1662 στήσομαι
3245 1593 3378 1662 τάχα
3406 1591 3488 1646 τοῦ
3521 1593 3623 1645 ἅντ-

2107 1680 2281 1730 ειπείν
2329 1679 2533 1748 αὐτοῖς,
2575 1683 2675 1736 οὐκ
2715 1682 3084 1756 ἐξαπορηθεὶς
3133 1685 3363 1749 πάντως,
3407 1685 3528 1740 ἀλλὰ
3552 1704 3623 1738 τε-

2032 1743 2074 1802 B
2103 1767 2458 1840 θαμϐημένος
2495 1743 2585 1837 οἷς
2648 1743 2972 1846 ἀνθρώπους
2995 1743 3136 1830 εἶδον
3181 1743 3450 1848 ὠμηστάς.
3498 1778 3550 1830 Ei
3581 1777 3624 1830 δὲ

2104 1864 2541 1933 κατεργάσονται
2583 1869 2888 1940 φρονίμως,
2920 1872 2981 1926 οὐ
3015 1873 3125 1942 μὴν
3181 1871 3448 1942 θηριωδῶς
3491 1870 3622 1924 αὐτάο

2103 1956 2198 2009 καὶ
2229 1957 2625 2032 άπολεξάμενοι
2654 1962 2723 2016 τὰ
2766 1963 2865 2034 μὲν
2899 1963 3158 2018 πολιτικὰ
3186 1965 3276 2017 καὶ
3312 1961 3454 2016 κοινὰ
3477 1975 3614 2031 προσ-

2102 2046 2360 2113 οίσονται,
2414 2052 2556 2108 καθά
2591 2053 2718 2124 χρὴ,
2768 2056 2838 2108 τὰ
2860 2055 2917 2108 δὲ
2947 2055 3115 2110 λοιπὰ
3144 2054 3218 2118 ὡς
3242 2055 3331 2109 καὶ
3373 2053 3527 2116 ἄλλως
3547 2067 3624 2104 πε-

2107 2140 2260 2206 ριττὰ
2290 2140 2385 2194 καὶ
2410 2142 2486 2206 ὡς
2511 2145 2907 2215 περιττώματα
2951 2148 3008 2202 δὲ
3064 2146 3623 2217 ἀποπροσποιήσονταιο

2103 2231 2224 2283 τότε
2257 2232 2324 2285 ἂν
2350 2234 2704 2308 τεθαρρηκὼς
2748 2239 3092 2310 ὲμπλέξομαι
3131 2239 3329 2305 αὐτοῖς,
3370 2239 3454 2292 καὶ
3496 2252 3626 2290 κατε-

2104 2324 2315 2392 νεγκὼν
2347 2329 2571 2400 αὐχὴσω
2595 2332 2771 2386 εἰπεῖν
2790 2333 2865 2395 ὡς
2887 2334 3175 2404 νενίκηκα.

2177 2429 2254 2493 μ’.
2279 2423 2388 2476 Καὶ
2417 2422 2610 2492 πρῶτα
2656 2425 2795 2487 τέως
2834 2425 3314 2496 άποστερητικοὺς
3351 2422 3630 2490 ὲξονειδίσας

2106 2507 2243 2566 εἶναι
2280 2515 2430 2584 παρὰ
2471 2515 2531 2566 τὸ
2557 2515 2677 2571 δέον
2727 2517 2820 2570 ἐπὶ
2871 2517 2947 2587 τῷ
2996 2517 3126 2588 Θεῷ
3185 2517 3307 2580 τοὺς
3337 2513 3632 2586 ἀνθρώπους.

2107 2605 2234 2672 ’περὶ
2259 2597 2333 2656 ὧν
2359 2607 2385 2656 ὁ
2419 2605 2610 2676 παρὼν
2639 2607 2763 2676 ἐμοὶ
2792 2606 2975 2674 λόγος,
3024 2607 3335 2677 ποτνιῶμαι
3371 2621 3634 2677 προσκυνη-

2105 2695 2274 2758 τικῶς
2297 2695 2638 2767 παραδοῦναί
2667 2716 2755 2769 μοι
2784 2700 3196 2765 ἀπανθίσοντας
3235 2701 3461 2770 ὀνόματα
3489 2696 3550 2751 δι’
3576 2691 3633 2746 ὧν

2108 2790 2573 2860 χαρακτηρίζεται
2610 2793 2638 2844 6
2662 2791 2794 2854 Θεὸς
2816 2792 2902 2861 ἐφ’
2949 2793 3248 2849 ὁποιανοῦν
3279 2793 3538 2863 ἐνέργειαν
3563 2776 3660 2840 αὖ(

2108 2878 2200 2932 τοῦ
2231 2879 2370 2949 πρὸς
2399 2881 2614 2952 ἐμφερῆ
2652 2883 2964 2954 ἀκρίϐειαν,
3018 2886 3122 2942 καὶ
3162 2884 3484 2952 οἰκειοτάτην
3519 2878 3638 2946 αὒτῷ

2109 2969 2394 3041 ἀλήθειαν,
2426 2975 2523 3026 καὶ
2554 2973 2772 3038 πάντως
2827 2975 2986 3045 εῐπερ
3037 2977 3359 3048 εὐστοχήσω
3393 2974 3486 3045 τῆς
3516 2971 3639 3038 αἰτή·

430 3058 537 3124 lus,
579 3055 674 3111 sed
705 3065 758 3110 et
784 3069 977 3109 omnes
1010 3053 1328 3123 quicunque
1351 3055 1605 3108 tractatui
1637 3054 1712 3108 illi
1741 3055 2003 3110 interfue-

2112 3077 2273 3124 σεως,
2310 3062 2538 3132 ὀφλήσω
2583 3065 2745 3134 χάριν
2803 3065 2988 3130 αὐτοῖς
3019 3068 3252 3138 πολλὴν,
3291 3067 3382 3120 καὶ
3412 3066 3503 3118 οὐκ
3554 3057 3640 3127 ἐγὼ

430 3147 561 3201 rint.
586 3145 716 3211 Sed,
749 3154 1037 3214 antequam
1068 3143 1346 3199 emiserim
1373 3158 1468 3200 eos
1500 3153 1560 3199 ut
1593 3145 1852 3217 colligant
1892 3163 2014 3217 quae

424 3253 532 3309 ego
561 3239 775 3293 discere
803 3238 1003 3307 cupio,
1037 3235 1123 3290 aio
1175 3235 1280 3291 dici
1341 3234 1537 3292 Filium
1575 3237 1668 3291 Dei
1718 3237 2010 3292 terminum

433 3329 754 3398 perfectum,
799 3341 864 3380 ex
898 3325 1147 3381 terrestri
1199 3325 1395 3390 limite,
1467 3342 1572 3381 non
1634 3327 1780 3394 quod
1817 3329 2017 3384 circui-

433 3431 546 3473 tum
602 3417 858 3486 patiatur,
901 3425 954 3472 et
983 3415 1389 3487 circumagatur
1429 3418 1522 3486 qui
1560 3418 1790 3473 includit
1820 3435 2011 3489 gyrum

433 3521 608 3573 terrm,
635 3510 726 3578 qui
778 3505 1124 3578 omnipatens
1168 3517 1272 3576 est,
1314 3519 1368 3564 et
1420 3511 2011 3582 incomprehensibilis,

433 3611 486 3656 ct
521 3602 796 3666 inﬁnitus;
842 3616 941 3655 nec
973 3601 1118 3671 quod
1153 3601 1408 3656 manibus
1437 3610 1692 3673 tangatur
1720 3605 1812 3676 qui
1850 3606 2015 3660 intra-

434 3701 618 3748 ctatus
649 3699 764 3754 est;
793 3706 891 3746 nec
919 3691 1062 3760 quod
1092 3690 1306 3746 Patrem
1338 3692 1754 3750 circumscribat
1785 3705 1839 3751 et
1862 3713 2014 3752 coar-

433 3794 542 3840 rtet
580 3787 735 3855 quasi
789 3787 841 3840 in
871 3785 1126 3852 circuitu,
1170 3799 1271 3840 nec
1311 3786 1456 3841 aliud
1489 3788 1614 3855 quid
1655 3785 1820 3843 faciat
1859 3791 2014 3860 quasi

433 3879 486 3932 in
512 3879 808 3949 patientem
842 3875 1058 3933 Patrem
1087 3895 1101 3945 ;
1129 3883 1221 3933 sed
1259 3879 1397 3934 inter
1427 3880 1563 3933 tales
1589 3895 1780 3938 omnes
1837 3886 2014 3942 actio-

435 3985 531 4025 nes
563 3981 617 4024 et
650 3984 808 4025 voces
861 3970 1035 4023 electo
1097 3969 1346 4024 terrestri
1408 3971 1642 4026 termino
1673 4011 1688 4036 ,
1744 3975 2014 4030 terminus

436 4063 708 4133 perlectus
737 4062 980 4115 omnium
1020 4060 1196 4120 Patris
1228 4060 1464 4116 Verbum
1499 4064 1616 4129 ejus
1654 4072 1761 4130 est,
1810 4082 2011 4122 secun-

437 4156 565 4209 dum
617 4155 928 4224 praedictam
975 4167 1270 4219 congruam
1311 4154 1620 4222 rationem;
1670 4164 1725 4210 et
1778 4158 1881 4214 hoc
1912 4173 2011 4228 pro

441 4245 596 4298 nobis
629 4252 683 4298 et
715 4258 810 4310 per
847 4257 946 4297 nos
979 4242 1070 4310 qui
1103 4242 1310 4297 discere
1355 4258 1496 4310 opus
1559 4249 1848 4312 habemus,
1910 4261 2012 4305 nec

438 4333 596 4386 aliter
630 4331 840 4386 discere
887 4341 1203 4398 possumus,
1235 4345 1397 4401 quam
1435 4348 1529 4400 per
1565 4333 1716 4390 solas
1746 4335 1890 4392 vires
1920 4336 2008 4391 in—

2122 3155 2307 3223 p.6vo;,
2340 3154 2476 3208 ἀλλὰ
2499 3159 2592 3211 καὶ
2617 3157 2818 3220 πάντες
2844 3160 3032 3214 ὀπόσοι
3087 3164 3154 3232 τῇ
3186 3159 3404 3229 τοιαύτῃ
3441 3153 3638 3223 mpm“-

2120 3260 2202 3296 σει
2229 3245 2348 3315 μεθ’
2379 3248 2526 3315 ἡμᾶς
2578 3249 2894 3319 ἐπιτύχωσι.
2951 3251 3068 3304 Καὶ
3115 3252 3295 3306 τοίνυν
3339 3251 3460 3319 πρὶν
3494 3247 3522 3316 ἦ
3552 3247 3643 3295 ἐπι-

2119 3333 2304 3386 ϐαλεῖν
2337 3335 2534 3398 αὐτοὺς
2570 3336 2974 3402 ἀπανθίζεσθαι
3012 3339 3166 3413 ἅπερ
3195 3340 3306 3408 ἐγὼ
3347 3337 3519 3410 μαθεῖν
3549 3336 3642 3386 ἐπι·

2119 3426 2289 3491 ποθῶ,
2335 3427 2479 3494 λέγω
2541 3429 2771 3500 ῥηθῆναι
2803 3431 2898 3484 τὸν
2947 3431 3082 3496 Υίὸν
3115 3432 3212 3486 τοῦ
3245 3431 3380 3486 Θεοῦ
3419 3425 3645 3500 βεϐηκότα

2118 3517 2243 3586 ὅρον
2265 3516 2339 3580 ὡς
2372 3519 2434 3570 ὲκ
2467 3517 2561 3572 τοῦ
2593 3520 2734 3573 κατὰ
2769 3519 2873 3590 γῆν
2906 3523 3059 3594 ὅρου,
3097 3524 3198 3594 οὐχ
3229 3524 3312 3576 ὅτι
3351 3518 3644 3592 περιέλευσιν

2119 3609 2313 3681 πάσχει
2341 3610 2436 3662 καὶ
2469 3611 2932 3681 περιλαμϐάνεται
2961 3616 2989 3666 6
3013 3616 3270 3685 κατέχων
3300 3613 3390 3667 τὸν
3412 3605 3650 3681 γύροντῆε

2118 3702 2220 3772 γῆς
2267 3701 2362 3753 καὶ
2403 3701 2839 3774 άπειροδύναμος
2875 3705 2970 3759 καὶ
2987 3707 3366 3776 ἀπερίληπτος
3387 3703 3473 3755 καὶ
3489 3697 3649 3764 άπερί·

2117 3810 2379 3863 γραπτοςο
2397 3793 2597 3848 οὐδ’ὄτι
2616 3796 2773 3865 χερσὶ
2791 3795 3022 3866 ψαύεται
3056 3800 3086 3851 6
3111 3798 3347 3868 ἀναφὴς,
3369 3795 3468 3848 οὐδ’
3487 3793 3554 3844 ὅτι
3578 3803 3652 3839 πει

2119 3886 2341 3954 ριορξζει
2363 3887 2452 3938 τὸν
2475 3886 2689 3955 Πατέρα
2710 3887 2801 3940 καλ⁵
2830 3892 3164 3960 στενοχωρεῖ
3177 3889 3253 3952 ὡς
3280 3892 3338 3942 ὲν
3357 3878 3649 3955 περιγριεέῗῖν

2116 3975 2223 4028 οὐδ’
2254 3976 2379 4029 ἄλλο
2410 3994 2461 4029 τι
2503 3980 2648 4030 ποιεῖ
2669 3980 2742 4041 ὠς
2795 3979 2885 4030 ἐπὶ
2917 3981 3187 4050 πάσχοντι
3219 3981 3299 4050 τῷ
3349 3978 3525 4042 Πατρκ,
3547 3969 3654 4024 ἀλλά

2115 4063 2221 4118 τῶν
2253 4065 2509 4119 τοιούτων
2555 4067 2773 4120 πάντων
2804 4068 3206 4136 ἐνεργημάτων
3250 4069 3344 4122 καὶ
3391 4061 3653 4130 ίδιωμάτων

2113 4155 2206 4209 τοῦ
2241 4157 2425 4224 γηῖνου
2475 4158 2600 4226 ὅρου
2641 4157 3136 4230 ὑπεξαιρουμένου,
3164 4161 3293 4231 ὅρος
3319 4152 3546 4229 βεϐηκὼς
3581 4147 3655 4202 τοῦ

2114 4246 2328 4301 πάντων
2348 4247 2558 4317 Πατρὸς
2580 4249 2607 4300 6
2637 4249 2769 4319 προς
2788 4250 2992 4302 ἐκεῖνον
3018 4252 3185 4320 λόγος
3217 4251 3358 4315 ἐστὶ,
3383 4247 3514 4301 κατὰ
3528 4244 3657 4312 μόνον

2111 4339 2171 4392 τὸ
2202 4337 2275 4401 ὡς
2303 4340 2502 4411 ἐρρέθη
2525 4342 2733 4411 πρέπον
2754 4341 3066 4412 γνώρισμα·
3087 4345 3185 4396 καὶ
3208 4343 3342 4399 αὐτὸ
3367 4339 3493 4410 πρὸς
3521 4331 3657 4404 ﬁliai,

440 4421 580 4478 ditas
607 4422 791 4483 nobis,
833 4421 1122 4490 inquibus
1155 4419 1300 4477 Deus
1352 4421 1658 4478 inhabitare
1706 4425 2003 4496 diceretur,

2113 4432 2207 4482 καλ⁵
2225 4431 2293 4484 δι’
2327 4432 2476 4500 ἡμᾶς
2509 4431 2636 4494 τοὺς
2665 4431 2956 4500 δεομένους
2987 4433 3318 4502 μανθάνειν,
3346 4431 3443 4484 οὐκ
3473 4428 3658 4495 ἔχοντας

440 4529 542 4572 nec
569 4530 666 4586 per
699 4513 801 4568 hoc
867 4515 1045 4570 solum
1096 4514 1243 4583 quod
1297 4514 1390 4569 Dei
1443 4515 1732 4584 qualitates
1758 4517 1812 4572 in
1854 4519 2011 4576 nobis

438 4610 577 4666 eisin
605 4604 1099 4663 circumstantibus
1130 4607 1295 4661 rebus
1332 4608 1449 4662 sitae
1499 4617 1624 4662 sunt
1658 4615 1713 4662 et
1773 4624 1870 4679 per
1898 4627 2012 4667 me-

350 4759 355 4763 ,
439 4701 587 4755 dium
635 4715 824 4755 earum
886 4697 957 4754 sit
1002 4698 1056 4752 in
1110 4699 1269 4754 nobis
1313 4698 1472 4757 Deus.
1535 4699 1590 4755 Si
1639 4710 1824 4757 autem
1863 4713 2011 4761 recte

443 4796 742 4863 sapiamus,
777 4806 870 4862 per
898 4795 1014 4846 lucc
1051 4807 1243 4847 sumus
1293 4803 1347 4846 et
1375 4807 1473 4848 nos
1503 4793 1556 4847 iu
1587 4808 1673 4859 eo,
1717 4795 1818 4866 ipsi
1849 4797 2013 4852 attri-

442 4885 585 4951 buti;
616 4894 669 4939 et
723 4885 868 4939 velut
897 4885 1099 4940 sinceri
1160 4885 1536 4954 unguentarii,
1589 4885 1862 4942 odorifera
1899 4889 2011 4943 haec

444 4985 685 5031 aromata
741 4987 1039 5046 praeparata
1069 4976 1218 5032 velut
1248 4991 1314 5031 ex
1346 4977 1612 5032 odorante
1644 4980 1872 5034 materia
1922 4996 2015 5036 ve-

444 5065 808 5120 mrraudorum
859 5082 888 5120 a
928 5066 1084 5122 nobis
1117 5067 1399 5121 nominum
1461 5067 1745 5126 offerimus
1771 5110 1788 5137 ,
1821 5070 1895 5124 ita
1951 5082 2011 5126 ut

444 5163 702 5216 odoretur
749 5158 1011 5213 Dominus
1071 5158 1294 5214 odorem
1343 5161 1667 5226 suavitatis,
1724 5174 1777 5218 et
1835 5163 2010 5232 ipsum

443 5251 867 5322 acceptabilem,
903 5249 1019 5304 sive
1053 5264 1082 5303 e
1127 5259 1272 5304 terra
1308 5255 1590 5318 ascendat,
1637 5254 1750 5308 sive
1788 5255 2010 5312 aliunde

442 5357 670 5399 Ol'lailil‘.

513 5608 604 5662 41.
627 5607 681 5664 Si
703 5619 879 5665 autem
899 5611 1656 5675 commentatamterminum,
1679 5627 1710 5667 ο
1727 5615 2010 5685 negotiose

446 5705 498 5752 et
523 5698 800 5757 industriae
824 5702 1197 5769 tenacissime,
1219 5701 1447 5774 abjicias
1476 5719 1545 5761 eo
1577 5708 1719 5776 Quod
1779 5709 2004 5766 verbum

2113 4520 2170 4572 δὲ
2200 4519 2372 4584 ἄλλως
2402 4521 2594 4588 μαθνετν
2620 4522 2700 4575 ὅτι
2726 4522 2803 4592 μὴ
2833 4523 2922 4576 διὰ
2954 4525 3139 4592 μόνων
3167 4524 3282 4576 τῶν
3308 4521 3426 4576 καθ’
3458 4507 3658 4588 ήμᾶξοῖς

2114 4614 2345 4666 ἐνοικεῖν
2376 4614 2404 4665 6
2432 4612 2566 4676 Θεὸς
2591 4613 2804 4682 λέγοιτο
2831 4615 2898 4667 ἂν
2940 4617 3034 4667 καὶ
3067 4614 3198 4668 κατ’
3231 4614 3366 4667 αὐτὸ
3413 4609 3578 4669 τοῦτο,
3599 4604 3662 4654 ὁτι

2115 4703 2320 4776 δηλαδὴ
2347 4707 2415 4758 τὰ
2437 4705 2532 4759 τοῦ
2571 4705 2707 4758 Θεοῦ
2761 4708 3251 4777 χαρακτηριστικὰ
3297 4707 3429 4778 ἡμῖν
3457 4701 3542 4756 καὶ
3575 4695 3664 4752 τοῖς

2117 4797 2246 4866 περὶ
2272 4798 2418 4866 ἡμᾶς
2461 4797 2731 4865 ἔγκειται,
2780 4798 2873 4851 καὶ
2907 4798 2995 4852 διὰ
3028 4799 3223 4867 μέσων
3265 4796 3445 4854 αὐτῶν
3469 4794 3598 4845 ἐστιν
3622 4788 3667 4834 ἐν

2118 4887 2254 4957 ἡμῖν
2279 4888 2307 4938 6
2332 4885 2488 4950 Θεός.
2530 4888 2589 4940 El
2617 4888 2674 4940 δὲ
2711 4891 3020 4958 φρονοῦμεν
3050 4889 3218 4957 ὀρθὰ,
3256 4887 3428 4958 ἐσμὲν
3463 4882 3542 4936 διὸ.
3577 4873 3664 4926 τῶν

2118 4978 2378 5032 τοιούτων
2413 4980 2507 5031 καὶ
2553 4981 2717 5050 ἡμεῖς
2767 4981 2824 5031 ὲν
2853 4979 3023 5049 αὐτῷ,
3086 4980 3439 5051 λογιζόμενοι
3487 4969 3664 5035 ἐκείνῳ»

2121 5070 2217 5124 καὶ
2241 5070 2318 5132 ὡς
2341 5071 2422 5132 είς
2452 5069 2780 5140 καθαρείους
2815 5072 3095 5142 μυρεψοὺς
3148 5072 3333 5142 εὐώδη
3385 5065 3669 5137 θυμιάματα

2119 5160 2293 5214 ταῦτα
2323 5160 2599 5213 σκευαστὰ
2621 5161 2695 5223 ὡς
2726 5161 2786 5226 ἐξ
2826 5161 3057 5232 εὐόδμου
3101 5162 3248 5233 ὕλης
3302 5162 3410 5214 τῶν
3455 5161 3509 5211 ιν
3562 5151 3673 5220 ἡμῖν

2118 5252 2317 5323 τιμίων
2366 5253 2648 5323 ὀνομάτων
2693 5255 3163 5324 ἀναπέμπονταςο
3201 5257 3280 5319 ὡς
3317 5243 3672 5321 ὀσφραίνεσθαι

2120 5345 2213 5399 τὸν
2228 5344 2432 5413 Κύριον
2454 5345 2628 5416 ὀσμὴν
2649 5346 2900 5410 εὐωδίας.
2931 5347 3024 5400 καὶ
3038 5346 3255 5416 ταύτην
3285 5341 3672 5414 εὐπρόσδεκιονο

2121 5439 2231 5491 εἴτε
2264 5438 2435 5508 γῆθεν
2496 5439 2890 5510 ἀναδιδομένην
2947 5441 3272 5511 εὐκόσμως,
3325 5440 3437 5492 εἴτε
3480 5427 3674 5487 ἄλλοθεν

2121 5530 2358 5584 ὁθενοῦν.
2903 5551 2912 5555 ·

2184 5621 2296 5692 μα’.
2324 5623 2385 5676 El
2412 5623 2468 5678 δὲ
2504 5626 2594 5679 τὸν
2631 5626 3017 5698 διειλημμένον
3055 5626 3212 5696 ὅρον,
3292 5619 3340 5681 ὦ
3382 5613 3676 5686 πολυπρᾶγ’

2121 5730 2221 5783 μον
2267 5718 2358 5767 καὶ
2410 5717 2769 5786 γλισχρότατε
2824 5719 2924 5786 τὴν
2977 5717 3300 5790 ἀκρίϐειαν,
3358 5708 3672 5783 ἀποστρέφῃ»
