3926 6200
265 363 366 426 5-57

1057 365 1138 425 IN
1168 365 1504 457 HYMNUM
1558 365 2223 428 PENTECOSTALEM'
2256 356 2714 430 DAMASCENI.

3426 365 3526 428 δῖε

260 479 344 533 διὰ
373 481 436 532 τὸ
481 481 577 550 τῆς
619 480 816 546 λέξεως
871 479 1151 550 χθαμαλὸν
1195 482 1290 534 καὶ
1344 483 1494 550 παχὺ
1544 481 1637 534 καὶ
1671 481 1814 550 βαρὺ

1947 499 2018 551 sit
2048 498 2170 560 vile,
2201 513 2472 563 crassum,
2493 498 2717 572 pingue,
2739 506 2791 552 et
2821 510 3045 551 sensum
3079 494 3198 562 ejus
3229 500 3527 550 contendas

258 573 349 624 καὶ
376 572 438 625 τὸ
469 571 590 624 κατ’
620 571 792 642 αὐτὴν
824 573 1006 642 νόημα
1036 571 1395 640 δογματίζεις
1431 575 1508 643 μὴ
1556 572 1624 626 ἂν
1673 573 1836 626 δύνα-

259 665 384 718 σθαι
414 664 550 735 ὑψοῦ
587 665 982 736 ὲλαφρισθῆναι
1032 667 1106 728 ὡς
1157 668 1456 736 ἁρμόττειν
1503 665 1583 736 τῷ
1629 665 1839 736 ἀπαχεῖ

257 759 354 810 καὶ
385 757 589 827 ἀϐαρεῖ
630 759 728 812 καὶ⁸
783 759 1171 830 ὑπερουρανίῳ
1221 759 1341 830 Θεῷ
1365 799 1380 825 ,
1413 757 1594 825 ἒξεστί
1630 773 1713 810 σοι
1741 755 1836 809 τοῦ

258 849 448 902 λοιποῦ
480 850 810 920 ἀποστερεῖν
839 849 913 920 μὴ
945 853 1108 922 μόνον
1138 851 1229 904 τὸν
1258 851 1386 906 Υἱὸν
1415 851 1511 904 καὶ
1542 850 1720 919 Λόγον
1742 849 1837 902 τοῦ

257 942 395 996 Θεοῦ
421 943 622 1008 λέξεως
663 943 884 1012 ἀπάσης
925 945 1244 1014 ὲγκοσμίου,
1288 943 1428 999 ἀλλά
1456 945 1550 998 καὶ
1582 944 1674 998 τὸν
1704 961 1837 1014 προ-

256 1035 482 1088 αιώνιον
519 1037 757 1106 Πατέρα,
801 1037 896 1093 καὶ
930 1038 991 1090 τὸ
1049 1040 1386 1109 συνάναρχον
1414 1038 1674 1109 Πνεῦμα’
1706 1041 1837 1094 οὐκ·

253 1127 348 1178 οὖν
377 1127 730 1197 ἀποῤῥάπιζε
769 1128 840 1180 τὰ
891 1130 949 1181 ὲν
997 1133 1107 1193 τοῖς
1156 1130 1282 1184 καθ’
1319 1131 1463 1199 ἡμᾶς
1494 1130 1674 1184 πάντα
1713 1131 1832 1183 ὀνό-

255 1234 426 1287 ματα,
457 1219 533 1283 ὡς
583 1219 721 1288 μηδὲ
768 1220 825 1272 ἓν
877 1221 1057 1275 αὐτῶν
1088 1221 1329 1276 οἰκειοῦν
1361 1221 1438 1292 τῷ
1483 1223 1832 1292 ἀκατονομά-

253 1328 365 1380 στῳ
411 1311 576 1382 Θεῷ,
624 1313 720 1366 καὶ
757 1313 962 1382 μᾶλλον
1015 1315 1084 1368 τὰ
1145 1316 1203 1368 ἐν
1248 1317 1381 1384 ἡμῖν
1433 1318 1831 1382 ταπεινότατα,

249 1397 364 1459 οἷον
393 1405 486 1458 τὸν
518 1405 855 1476 δημιουργὸν
894 1405 955 1459 ὃν
1006 1409 1365 1480 χειροτέχνην
1403 1409 1628 1479 οἴδαμεν
1657 1411 1832 1480 ἑρμη-

250 1499 530 1561 νεύεσθαι,
563 1499 694 1570 περὶ
726 1493 789 1554 οὗ
819 1501 915 1552 καὶ
961 1501 1020 1552 ἐν
1069 1503 1186 1564 τοῖς
1219 1501 1363 1570 μετά
1391 1501 1564 1555 ταῦτα
1616 1502 1833 1574 εἰρήσε-

250 1606 362 1642 ταιο
391 1589 484 1642 τὸν
516 1590 768 1661 τεχνίτην
795 1591 853 1654 ὃς
888 1591 1000 1645 οὐδ’
1029 1591 1198 1655 ἀὐτὸς
1231 1592 1511 1663 ὑπεροχὴν
1545 1591 1660 1662 ἔχει
1700 1593 1832 1646 πολ·

249 1684 370 1754 λήν·
403 1684 497 1740 τὸν
548 1685 917 1758 παντουργὸν,
956 1686 1017 1740 ὃν
1046 1687 1173 1742 οὐδὲ
1219 1689 1277 1741 ὲν
1312 1687 1548 1760 εὖφήμῲ
1581 1691 1831 1760 σημασία

1944 604 2050 643 non
2081 603 2240 658 posse
2265 589 2318 642 in
2345 571 2721 655 altumlevari,
2755 590 2826 643 ita
2852 596 2910 642 ut
2928 587 3038 642 Deo
3064 600 3170 641 non
3191 599 3402 648 crasso,
3429 597 3528 638 nec
3555 571 3563 584 ’

1942 682 2091 748 gravi
2116 693 2169 735 et
2219 681 2599 751 supercoelesti
2652 690 2887 748 aptetur,
2915 679 3042 736 licet
3070 677 3167 734 tibi
3193 681 3528 746 cazteroquin

1944 794 2051 833 non
2079 780 2255 834 solum
2282 778 2477 834 Filium
2506 787 2560 832 et
2593 777 2826 833 Verbum
2857 777 2945 833 Dei
2997 776 3166 831 verbo
3195 775 3339 829 omni
3367 790 3530 828 mun—

1941 875 2082 927 dano
2138 871 2415 935 dirimere,
2444 868 2540 925 sed
2589 877 2643 924 et
2691 875 2954 922 aeternum
2988 865 3208 921 Patrem
3259 873 3311 919 et
3338 878 3526 918 correo

1940 974 2194 1034 gnantem
2245 960 2531 1030 Spiritum.
2589 958 2745 1013 Tolle
2809 955 2975 1028 igitur
3031 955 3213 1011 omnia
3245 956 3388 1010 inter
3424 967 3526 1008 nos

1941 1057 2143 1110 usitata
2188 1052 2433 1114 nomina,
2459 1050 2618 1121 quasi
2656 1063 2830 1118 neque
2860 1063 3028 1102 unum
3083 1061 3147 1102 ex
3214 1046 3336 1100 istis
3393 1059 3525 1114 pro—

1939 1145 2117 1211 prium
2150 1142 2221 1198 sit
2258 1139 2553 1196 ineﬂ‘abilis
2599 1139 2716 1203 Dei,
2757 1138 2851 1192 sed
2895 1137 3077 1206 potius
3113 1135 3299 1189 omnia
3329 1143 3517 1187 nostra

1939 1233 2185 1297 humilia,
2220 1231 2442 1288 sicutet
2468 1228 2656 1284 mundi
2683 1235 2988 1281 creatorem
3028 1240 3191 1294 quem
3227 1223 3522 1279 fabricato-

1936 1341 2050 1382 rem
2084 1325 2339 1380 novimus
2371 1321 2589 1392 exponi,
2614 1321 2679 1375 de
2711 1334 2820 1389 quo
2862 1319 2917 1372 in
2951 1316 3315 1386 sequentibus
3340 1329 3522 1371 sermo

1935 1419 2066 1482 erit;
2095 1415 2498 1481 fabricatorem,
2533 1413 2679 1483 quod
2705 1427 2881 1481 neque
2914 1411 3032 1480 ipse
3067 1425 3319 1480 magnam
3341 1409 3524 1465 excel-

1935 1507 2165 1566 lentiam
2211 1487 2445 1572 habeat;
2503 1505 2750 1561 omnium
2781 1504 3073 1567 factorem,
3125 1516 3288 1571 quem
3342 1517 3520 1571 neque

1934 1615 2177 1670 congrua
2226 1599 2627 1670 signiﬁcatione
2679 1596 2974 1666 designant
3025 1595 3119 1666 qui
3183 1595 3518 1665 principium

1933 1691 2113 1763 ipsum
2144 1700 2384 1756 vocant;
2415 1690 2596 1745 adhuc
2618 1698 2670 1744 et
2700 1697 3007 1744 creatorem
3033 1686 3180 1757 quod
3211 1693 3296 1742 est
3325 1684 3515 1740 mundi

247 1777 544 1832 τάττουσιν
575 1776 627 1831 oi
657 1777 758 1846 τὴν
790 1778 968 1848 ἀρχὴν
1003 1778 1169 1833 αὐτὸν
1213 1779 1589 1849 ὀνομάσαντες
1613 1798 1629 1814 ο
1663 1780 1746 1834 ἔτι
1772 1780 1823 1834 δὲ

1933 1794 2146 1840 creator
2171 1800 2188 1851 ;
2213 1792 2268 1838 et
2295 1784 2745 1854 gubernatorem,
2773 1780 3164 1836 mercatorium
3187 1794 3249 1834 ac
3285 1777 3518 1850 proinde

247 1870 343 1922 καὶ
370 1868 464 1924 τὸν
485 1869 718 1938 ποιητὴν
745 1870 836 1923 τὸν
867 1871 948 1933 είς
978 1873 1174 1925 ταυτὸν
1204 1871 1413 1942 ἥκοντα
1445 1872 1526 1942 τῷ
1565 1873 1823 1945 δημιουρ-

1932 1884 2332 1945 quaestuosum,
2361 1885 2423 1930 ut
2468 1876 2792 1945 plerumque
2840 1874 2987 1928 circa
3043 1889 3130 1928 res
3183 1872 3518 1944 incongruus

249 1961 353 2032 τῷ,
393 1961 612 2014 καὶτὸν
647 1962 1014 2034 κυϐερνήτην,
1041 1965 1345 2035 ὲμπορικόν
1379 1982 1443 2033 γε
1483 1964 1652 2019 αὑτὸν
1693 1966 1824 2020 ὅντα

247 2053 339 2106 καὶ
386 2052 535 2105 οὕτω
586 2052 882 2122 κερδαλέον
908 2093 923 2120 ,
957 2053 1033 2118 ὡς
1066 2054 1135 2108 τά
1174 2055 1351 2109 πολλά
1402 2058 1496 2110 καὶ
1532 2058 1619 2127 ἐφ’
1651 2052 1735 2122 οἷς
1761 2057 1822 2110 οὐ

245 2145 371 2213 χρή·
397 2143 492 2197 τὸν
521 2145 918 2214 ἀκρογωνιαϊον
953 2145 1101 2199 λίθον
1126 2147 1220 2199 τὸν
1254 2147 1393 2217 τάχα
1421 2147 1539 2201 οὐδὲ
1573 2149 1825 2218 μναῖαἷον

246 2236 304 2288 τὸ
330 2237 574 2307 τίμημα.
607 2237 671 2290 Τί
700 2235 758 2290 δέ
799 2255 890 2304 μοι
914 2236 1026 2291 τῶν
1049 2238 1311 2291 τοιούτων
1336 2239 1533 2304 λέξεων
1568 2241 1665 2294 καὶ
1697 2239 1822 2294 ὅσαι

243 2327 298 2380 δὲ
351 2326 513 2382 ἄλλαι
554 2328 678 2382 κατ’
707 2329 879 2393 αὑτὰς
922 2330 1329 2400 ἀπαξιούμεναι
1375 2332 1718 2386 οἰκειοῦσθαι
1746 2331 1824 2400 τῷ

244 2417 383 2488 Θεῷ,
417 2420 935 2492 κατεπιχειροῦνται
995 2421 1098 2476 ὑπὸ
1155 2423 1257 2492 τῆς
1314 2423 1373 2475 ὲν
1430 2425 1512 2475 σοὶ
1557 2422 1821 2492 λεκτικῆς

243 2511 571 2580 δυνάμεως;
611 2513 843 2568 Δέδοικα
873 2516 950 2586 μὴ
980 2515 1086 2587 ὸδῷ
1109 2516 1318 2587 προῖὼν
1351 2516 1452 2568 οὐκ
1493 2516 1682 2586 εὑὸδῳ,
1725 2534 1822 2586 με·

245 2605 480 2676 λετήσῃς
510 2605 806 2675 ἀφελέσθαι
840 2608 940 2679 τῆς
970 2607 1130 2677 ἁγίας
1162 2608 1416 2679 Τριάδος,
1443 2607 1538 2663 καὶ
1564 2609 1704 2663 αὐτὰ
1753 2610 1822 2664 τά

248 2694 518 2750 ἰδιαίτατα
565 2699 1066 2768 χαρακτηριστικὰ.
1117 2699 1256 2754 Οὔτε
1291 2701 1400 2769 γὰρ
1455 2701 1651 2772 Πατὴρ
1686 2701 1820 2772 κλη-

248 2786 474 2854 θήσεται
509 2789 652 2843 κατά
682 2806 744 2856 γε
793 2791 986 2860 κριτὴν
1027 2792 1120 2846 τὸν
1174 2792 1315 2846 κατὰ
1367 2793 1450 2846 σέ.
1486 2790 1677 2864 Πατὴρ
1719 2796 1820 2864 μὲν

245 2881 350 2948 γὰρ
399 2880 547 2945 ἅπας
584 2885 643 2934 ἐν
689 2885 801 2946 τοῖς
841 2883 966 2938 καθ’
999 2885 1150 2954 ἡμᾶς
1199 2885 1482 2956 ἐμπαθὴς,
1517 2887 1630 2940 εἴτε
1664 2888 1819 2959 παρά

241 2972 298 3024 τὸ
336 2972 585 3043 σπείρειν
632 2975 770 3029 κατά
804 2975 984 3046 σάρκα
1033 2973 1177 3029 οὕτω
1211 2975 1482 3040 καλεῖται,
1513 2977 1625 3030 εἴτε
1656 2977 1816 3031 ἄλλο·

243 3067 333 3118 θεν
361 3065 587 3120 ὁθενοῦν
615 3085 629 3123 τ
675 3067 770 3120 καὶ
801 3069 914 3130 υίὸς
947 3067 1005 3121 δὲ
1063 3068 1129 3121 ὲκ
1177 3069 1271 3121 τοῦ
1301 3067 1449 3122 κατὰ
1476 3070 1719 3140 φυσικὴν
1751 3072 1815 3124 οὐ

1930 1977 2204 2034 versetur;
2248 1967 2486 2036 lapidem
2540 1966 2881 2036 angularem,
2932 1979 3056 2034 quae
3083 1963 3374 2020 aestimatio
3405 1977 3516 2018 non

1928 2060 2387 2132 Satis;ponderosa
2415 2070 2494 2114 est
2520 2077 2534 2126 ;
2562 2057 2760 2128 etquid
2781 2057 2907 2112 talia
2940 2071 3365 2112 commemorem
3395 2071 3520 2126 quae

1927 2153 2110 2208 omnia
2147 2168 2256 2208 non
2275 2153 2594 2224 judicantur
2627 2149 2736 2204 Deo
2768 2164 3088 2219 congruere,
3113 2157 3167 2204 et
3191 2158 3280 2203 tua
3300 2149 3519 2204 convel—

1931 2244 2120 2298 luntur
2145 2244 2425 2314 eloquenti
2473 2240 2754 2313 potentia?
2782 2239 3013 2306 Vereor,
3039 2253 3105 2294 ne
3135 2239 3221 2294 via
3256 2239 3518 2295 incedens

1930 2338 2098 2406 invia,
2132 2339 2255 2395 illas
2290 2354 2320 2394 a
2346 2345 2538 2394 sancta
2563 2335 2839 2392 Trinitate
2882 2335 3107 2392 auferre
3144 2335 3354 2406 cogites
3397 2349 3521 2404 quae

1926 2431 2030 2502 ipsi
2055 2432 2290 2501 pr0priae
2315 2440 2444 2486 sunt
2469 2438 2656 2497 notas;
2685 2444 2790 2486 non
2822 2429 2968 2485 enim
3013 2429 3174 2485 Pater
3208 2430 3518 2492 vocabitur,

1919 2521 2330 2592 juxtajudicem
2370 2522 2450 2576 tui
2483 2522 2749 2587 similem;
2787 2519 2946 2576 Pater
2989 2527 3133 2575 enim
3159 2523 3342 2577 omnis
3365 2535 3517 2576 corn-

1925 2614 2171 2670 munium
2203 2613 2493 2669 aﬂ‘ectuum
2530 2613 2827 2682 particeps,
2849 2612 3007 2666 sivea
3028 2611 3294 2686 pariendo
3315 2626 3518 2667 secun-

1924 2707 2054 2763 dum
2101 2721 2327 2761 carnem
2356 2703 2436 2759 sic
2482 2713 2736 2768 vocatur,
2761 2691 2879 2756 sive
2898 2701 3152 2768 aliunde;
3177 2702 3289 2766 υἱὸς
3315 2709 3518 2765 autem,

1922 2813 1990 2855 ex
2021 2798 2186 2854 verbo
2217 2797 2270 2852 in
2303 2812 2363 2852 se
2386 2810 2495 2850 non
2522 2795 2930 2865 superuaturali
2955 2794 3246 2850 deducitur
3285 2791 3519 2864 φύεσθαι
3558 2826 3561 2829 -

1924 2889 2138 2961 (gigni),
2170 2889 2298 2944 vela
2312 2886 2478 2943 verbo
2495 2883 2850 2954 ὕεσθαιῙυιιει
2868 2884 3081 2951 doctos;
3096 2881 3312 2952 πνεῦμα
3334 2890 3520 2939 autent

1923 2997 1991 3036 ex
2020 2980 2190 3037 verbo
2227 2978 2511 3032 ὲπιπνέειν
2548 2975 2905 3047 (exsulllare),
2942 2985 2996 3032 et
3037 2975 3337 3046 ὲμπνέειν;
3385 2975 3520 3033 ﬂare

1922 3080 2102 3127 autem
2128 3069 2423 3142 quamdam
2477 3067 2636 3122 habet
2673 3065 3118 3123 inconstantiam.
3163 3066 3256 3123 Sic
3285 3079 3337 3123 et
3357 3081 3521 3122 omne

244 3157 352 3228 μὴν
408 3159 674 3230 ὑπερφυῆ
738 3159 1008 3214 ἀκόλουθα
1061 3159 1317 3231 φύεσθαι,
1384 3161 1562 3214 εῐτουν
1599 3161 1816 3228 ὕεσθαι,

1931 3165 2155 3221 verbum
2183 3160 2595 3217 multiformiter
2631 3173 2734 3214 nec
2758 3159 2860 3215 sub
2895 3174 3002 3213 uno
3033 3166 3240 3214 tantum
3265 3167 3517 3230 respectu

239 3253 384 3333 κατά
411 3252 542 3316 τοὺς
575 3251 799 3319 σοφούςο
837 3255 931 3307 καὶ
966 3251 1190 3322 πνεῦμα
1220 3251 1277 3305 δὲ
1307 3253 1372 3306 ἐκ
1397 3251 1494 3306 τοῦ
1531 3254 1812 3309 ὲπιπνέειν

1937 3264 2209 3318 movetur,
2224 3255 2309 3308 vel
2345 3267 2412 3306 ex
2442 3250 2673 3307 adversa
2698 3260 2852 3322 parte
2883 3259 3212 3306 removetur.

251 3349 346 3401 καὶ
391 3347 658 3414 ἐμπνέειν
708 3347 875 3415 ἡμῖν·
931 3345 994 3399 τὸ
1046 3344 1105 3396 δὲ
1165 3345 1373 3410 πνέειν,
1403 3345 1668 3400 ἀστασξαν
1690 3351 1813 3402 τινὰ
1849 3347 1983 3420 ἔχει.
2022 3346 2207 3409 Οὕτως
2258 3344 2316 3400 δὲ
2353 3345 2447 3398 καὶ
2491 3344 2691 3411 ἄλλως,
2755 3342 2948 3401 καὶτὸ
2985 3343 3094 3398 πᾶν
3151 3347 3362 3412 εἰπεῖν,
3420 3365 3518 3402 πο-

238 3442 468 3505 λυειδῶς
495 3442 593 3495 καὶ
621 3440 682 3494 ού
717 3440 859 3495 κατά
891 3456 1015 3494 τινα
1047 3440 1429 3510 μονομὲρειαν,
1467 3441 1786 3512 κινούμενον
1822 3443 1856 3514 ἢ
1892 3445 1986 3499 καὶ
2031 3441 2502 3512 ἀντικινούμενον.

309 3534 422 3605 μβν.
458 3533 522 3586 Et
545 3533 600 3586 δὲ
625 3532 770 3587 οὕτω
807 3534 1187 3604 ἐπιχειρήσεις
1217 3534 1356 3604 πρὸς
1390 3533 1634 3597 διάλεξιν
1661 3553 1817 3606 σοφι-

241 3626 454 3697 στικὴν,
491 3623 760 3688 ὲψίλωσας
798 3623 889 3676 τὸν
931 3623 1068 3679 Θεὸν
1101 3623 1341 3690 ἅπαντος
1372 3626 1468 3680 τοῦ
1517 3627 1578 3693 ἐξ
1604 3628 1819 3701 ἀνθρώ-

237 3735 354 3772 πων
390 3715 753 3786 σεμνώματος
777 3754 794 3779 ,
850 3714 946 3768 καὶ
981 3715 1200 3785 ἀφῆκας
1231 3715 1333 3786 μὲν
1364 3717 1574 3770 ἐκεῖνον
1609 3717 1819 3772 ἀνώνυ-

241 3827 361 3878 μον,
389 3809 699 3879 ἐστέρησας
725 3805 782 3859 δὲ
814 3807 914 3860 καὶ
955 3807 1107 3876 ἡμᾶς
1138 3806 1239 3877 τῆς
1270 3809 1408 3876 πρὸς
1439 3809 1650 3863 ἐκεῖνον
1699 3825 1818 3863 κοι-

233 3901 434 3964 νωνίας
467 3899 563 3954 καὶ
591 3899 918 3970 ὲγγύτητος,
943 3898 1036 3951 καὶ
1065 3896 1186 3951 οὐδὲ
1209 3899 1291 3966 τὸ,
1324 3899 1524 3968 Κύριε,
1559 3898 1812 3970 ἐλέησον,

237 3993 645 4056 καταλελοιπὼς
679 3994 810 4061 ἡμῖν
840 3993 920 4053 είς
961 3991 1406 4061 ἀνεπιχείρητον,
1441 3989 1534 4044 διὰ
1579 3990 1642 4042 τὸ
1671 3989 1819 4044 κατὰ

233 4087 321 4140 τὸν
343 4087 496 4140 ἔλεον
520 4083 844 4156 περιπαθὲς,
865 4082 958 4136 καὶ
980 4082 1155 4146 οὕτως
1179 4081 1450 4153 ἐμπαθὲς,
1485 4082 1654 4153 μόνην
1687 4082 1821 4153 ⁴ἡμῖν

233 4179 456 4249 ἀφῆκας
486 4177 585 4248 τὴν
625 4178 704 4240 εἰς
738 4176 1004 4247 οὐρανοὺς
1029 4175 1294 4229 ἀνάτασιν
1339 4173 1450 4228 τῶν
1476 4175 1702 4246 χειρῶν,
1726 4178 1823 4232 καὶ

231 4274 330 4340 τήν
360 4273 470 4324 τῶν
493 4269 790 4340 ὀφθαλμῶν
822 4269 982 4339 ἄρσιν
1008 4270 1087 4330 εἰς
1114 4269 1180 4322 τὰ
1204 4269 1330 4339 ὅρη,
1361 4267 1485 4322 ὅθεν
1520 4270 1654 4340 ἡμῖν
1699 4269 1822 4338 ἥξει

232 4363 264 4433 ἡ
297 4363 556 4434 βοήθειαο
586 4363 687 4432 ἤδη
718 4361 775 4414 δέ
797 4377 900 4414 που
926 4363 1021 4414 καὶ
1054 4361 1179 4425 τοὺς
1211 4361 1551 4432 στεναγμοὺς
1581 4362 1678 4416 καὶ
1705 4358 1818 4416 οἷον

229 4454 524 4524 ὠρυθμοὺς
551 4455 688 4523 πρὸς
729 4451 992 4523 ὁμοίωσιν
1042 4454 1303 4522 σκύμνων
1343 4453 1451 4507 τῶν
1481 4452 1818 4525 ὠρυομένων

1998 3534 2085 3590 42.
2145 3533 2204 3589 Si
2247 3545 2429 3589 autem
2461 3532 2804 3588 dialecticam
2842 3529 3214 3600 sophistarum
3267 3531 3320 3584 in
3365 3531 3515 3585 auxi-

1927 3628 2059 3683 lium
2088 3643 2274 3696 vocas,
2304 3627 2474 3683 Deum
2525 3627 2674 3683 omni
2708 3641 2814 3698 qua
2851 3628 2996 3698 apud
3027 3629 3280 3686 homines
3305 3630 3511 3686 fruitur

1927 3723 2255 3775 auctoritate
2298 3720 2519 3789 privas;
2550 3735 2711 3788 quem
2746 3719 2837 3774 ubi
2875 3721 3097 3776 nomine
3127 3723 3513 3791 spoliasti,nos

1926 3813 2137 3882 ipsosa
2198 3810 2600 3866 communitate
2651 3825 2716 3864 ac
2787 3809 3184 3878 familiaritate,
3240 3830 3360 3883 qua:
3412 3831 3515 3872 nos

1923 3903 2067 3959 inter
2102 3912 2156 3959 et
2185 3903 2354 3958 Deum
2386 3901 2695 3970 intercedit,
2721 3900 2898 3968 ejicis.
2926 3901 3068 3968 Quia
3101 3905 3245 3959 enim
3275 3922 3348 3961 ne
3375 3907 3510 3964 illud

1922 3994 2163 4066 quidem,
2199 3993 2476 4060 Miserere,
2515 3993 2678 4060 Deus,
2715 3994 2873 4052 nobis
2897 3997 3188 4067 reliquisti,
3224 4013 3331 4054 non
3405 4003 3509 4057 nisi

1925 4102 2189 4145 manuum
2253 4095 2308 4143 et
2367 4087 2654 4143 oculorum
2721 4087 2790 4143 ad
2861 4099 3077 4148 montes
3151 4094 3511 4152 elevationem

1925 4181 2228 4251 permittis,
2264 4179 2410 4236 unde
2435 4179 2596 4235 nobis
2643 4181 2909 4236 auxilium
2952 4182 3176 4249 veniet;
3219 4185 3336 4254 jam
3383 4203 3512 4246 vero

1927 4273 2094 4329 etiam
2172 4273 2393 4328 leonum
2445 4286 2619 4340 more,
2679 4273 2779 4342 qui
2836 4272 3244 4332 circumeuntes
3289 4280 3513 4350 rugiunt

1927 4373 1982 4423 et
2011 4367 2267 4424 alimenta
2289 4382 2320 4421 a
2349 4365 2460 4422 Deo
2491 4365 2806 4438 emagitant,
2827 4381 3044 4437 gemere
3075 4367 3234 4424 nobis
3272 4383 3337 4425 ac
3361 4372 3509 4442 rugi.

1926 4473 1987 4513 re
2027 4458 2235 4516 licebit.
2294 4459 2453 4516 Sicut
2507 4471 2687 4518 autem
2719 4470 2797 4529 tu,
2838 4461 3021 4530 homo,
3057 4464 3265 4518 nullum
3305 4467 3510 4520 animal

232 4549 323 4598 καὶ
377 4545 688 4612 ζητούντων
752 4544 907 4612 παρὰ
939 4542 1017 4613 τῷ
1049 4542 1168 4612 Θεῷ
1198 4543 1404 4614 βρῶσιν
1443 4545 1657 4609 ἑαυτοῖς
1678 4562 1693 4577 ⁸
1722 4546 1820 4599 καὶ

1931 4559 2209 4618 terrestre,
2237 4562 2334 4606 aut
2361 4553 2592 4620 aerium,
2640 4562 2734 4608 aut
2783 4555 3077 4622 marinum,
3111 4557 3231 4610 ovis
3262 4563 3358 4608 aut
3387 4550 3504 4624 lupi

230 4643 359 4710 μὴν,
380 4641 663 4708 ἄνθρωπε,
696 4638 839 4692 καθὰ
870 4638 936 4690 σὺ
967 4637 1128 4701 αὐτὸς
1155 4637 1306 4691 οὐδὲν
1351 4637 1503 4706 βοτὸν
1540 4641 1813 4710 χερσαῖον,

1931 4644 2126 4698 marini
2191 4646 2400 4712 instar,
2439 4646 2626 4714 oﬂ‘ers,
2673 4648 2816 4702 inter
2873 4649 2926 4704 id
2993 4647 3139 4717 quod
3167 4647 3507 4703 oﬂ‘erendum

224 4734 348 4788 οὐδὲ
415 4733 606 4803 ἀέριον
645 4731 786 4796 ζῶον
820 4772 835 4798 ,
876 4730 999 4784 οὐδὲ
1064 4729 1356 4785 θαλάττιον
1402 4731 1591 4797 ἁπλῶς
1667 4732 1811 4786 οὕτω

1931 4745 2023 4799 εει,
2050 4748 2104 4790 et
2141 4736 2194 4792 id
2229 4737 2374 4806 quod
2409 4754 2514 4792 non
2547 4738 3063 4809 est,distinguendo
3084 4748 3138 4794 et
3170 4738 3506 4809 rejiciendo;

225 4826 524 4897 προσφέρῃ
548 4826 605 4888 ὲς
635 4823 908 4894 ἀποδοχὴν
933 4824 1078 4878 καθά
1110 4823 1202 4878 διὰ
1233 4824 1331 4878 τοῦ
1375 4824 1675 4896 προϐάτου,
1716 4827 1813 4878 καὶ

1931 4826 2001 4881 sic
2028 4835 2082 4880 et
2102 4843 2220 4895 nos,
2249 4828 2553 4884 secundum
2577 4830 2802 4887 Patrum
2827 4840 3144 4886 sanctorum
3167 4831 3500 4903 exemplum,

224 4916 320 4972 τοῦ
367 4918 646 4986 λάϐρακος
696 4913 1212 4986 προῡπῃνιξάμεθα,
1251 4919 1327 4985 μὴ
1369 4912 1647 4984 ἀφορίζων
1683 4915 1809 4984 μὲν,

1931 4919 2347 4989 unumquodque
2394 4922 2702 4990 nominum,
2735 4939 2859 4993 quae
2897 4939 2995 4994 pro
3026 4924 3341 4980 humilitate
3408 4941 3508 4980 no-

226 5013 350 5064 ὅσον
390 5008 561 5063 αὑτοῦ
618 5007 781 5061 καλὸν
833 5007 916 5071 είς
972 5005 1318 5078 προσφορὰν,
1366 5005 1812 5075 ἅπεκλεγόμενος

1931 5019 2037 5064 stra
2073 5010 2183 5066 Deo
2240 5012 2534 5070 oderimus
2584 5025 2687 5071 aut
2745 5018 2930 5087 potius
2965 5017 3394 5084 sanctiﬁcamus,
3447 5026 3505 5072 et

225 5103 283 5154 δὲ
337 5103 399 5157 τδ
443 5102 519 5172 μὴ
571 5100 923 5170 ’πρόσφορον⁹
975 5099 1119 5153 οὕτω
1169 5100 1313 5153 κατά
1360 5096 1460 5168 τὴν
1495 5097 1605 5150 τῶν
1636 5098 1811 5166 ἁγίων

1931 5103 2138 5174 rejectis
2190 5103 2258 5160 iis
2296 5119 2419 5174 qua:
2445 5106 2551 5162 Deo
2576 5107 2799 5178 indigna
2844 5118 2993 5176 sunt,
3017 5109 3068 5164 ci
3102 5109 3501 5165 sacriﬁcamus.

229 5198 494 5265 ιιατέρων
529 5196 778 5280 τύπωσιν
827 5195 922 5248 καὶ
953 5195 1115 5265 ἡμεῖς
1151 5193 1237 5262 ἐφ’
1273 5192 1512 5245 ἑκάστου
1545 5191 1657 5245 τῶν
1691 5193 1997 5263 ὀνομάτων,
2032 5195 2178 5268 ἅπερ
2244 5198 2305 5265 ἐξ
2376 5200 2538 5270 ἡμῶν
2590 5199 2849 5264 λαὸόντες
2914 5201 3025 5256 τῶν
3093 5201 3500 5256 ταπεινοτάτων

228 5293 596 5360 ἀνατιθέαμεν
623 5290 701 5358 τῷ
729 5288 872 5359 Θεῷ,
925 5289 1130 5358 μᾶλλον
1174 5287 1232 5340 δὲ
1263 5286 1522 5355 ὁσιοῦμεν
1547 5285 1698 5357 αὑτῷ
1730 5288 1802 5340 τὰ
1841 5289 2076 5354 ἐκείνου,
2114 5290 2578 5365 ἐξαφαιρούμενοι
2612 5297 2711 5350 καὶ
2775 5296 2915 5368 μηδὲ
2963 5297 3047 5360 είς
3093 5294 3220 5349 νοῦν
3287 5295 3502 5363 λαμ.ῦά-

226 5405 408 5451 νοντες
446 5387 512 5439 τὸ
547 5387 820 5439 ἀνοίκειον
855 5382 933 5455 τῷ
972 5383 1113 5452 Θεῷ,
1160 5380 1340 5450 ὀρθῶς
1379 5380 1531 5452 αὺτῷ
1599 5382 2008 5462 προσφέρομεν
2061 5385 2250 5457 ὅμοιον
2319 5387 2397 5453 ὡς
2445 5389 2498 5444 εί
2547 5388 2646 5446 καὶ
2711 5391 2913 5462 ίερεῐον
2973 5389 3356 5460 ἀποδείραντες
3404 5385 3501 5439 καὶ

225 5493 304 5552 εἰς
330 5488 632 5556 καθάρειον
661 5482 1094 5547 ἀποπλύναντες,
1126 5481 1331 5549 θύομεν
1369 5479 1511 5534 κατά
1542 5479 1604 5533 τὸ
1635 5481 1808 5539 ὅσιον.

301 5582 413 5653 (ιι-ι’.
450 5582 803 5651 Δημιουργὸν
841 5577 976 5649 γοῦν
1007 5579 1216 5631 ἐκεῖνον
1251 5576 1528 5647 καλοῦμεν
1557 5576 1655 5630 καὶ
1685 5593 1809 5648 τεχ-

1985 5577 2074 5632 45.
2115 5574 2379 5648 Opiﬁcem
2414 5577 2584 5648 igitur
2623 5591 2747 5633 eum
2781 5585 2836 5633 et
2867 5573 3129 5630 artiﬁcem
3186 5581 3242 5626 et
3282 5569 3496 5626 fabrum

225 5675 375 5744 νξτην
427 5674 526 5726 καὶ
564 5671 909 5740 παντουργδν
943 5669 1041 5723 καὶ
1075 5668 1310 5739 ποιητὴν
1341 5668 1464 5721 κατ’
1494 5667 1646 5721 οὐδὲν
1677 5667 1808 5721 ἀλλο

226 5767 254 5832 ἢ
309 5767 470 5835 μόνον
522 5766 607 5817 ὅτι
655 5762 896 5832 παράγει
940 5762 1133 5832 ὥσπερ
1167 5763 1368 5814 ἐκεῖνοι
1419 5760 1697 5830 ἐπιμελῶς
1740 5761 1806 5814 τὰ

240 5861 378 5912 λατά
434 5859 576 5926 ςφᾶς
619 5857 813 5919 αὐτοὺς
867 5857 1022 5926 ἔργα,
1060 5853 1202 5907 οὕτω
1251 5856 1342 5908 καὶ
1396 5855 1578 5920 αὐτὸς,
1627 5854 1687 5906 ού
1718 5853 1809 5922 δη-

1918 5680 1972 5725 et
2000 5670 2347 5726 conditorem
2383 5673 2729 5742 appellamus
2753 5670 2823 5723 ob
2851 5669 2901 5724 id
2932 5676 3141 5721 tantum
3177 5665 3498 5736 quod,sicut

1920 5765 2018 5828 illi,
2059 5779 2227 5834 opera
2263 5779 2362 5819 sua
2396 5765 2502 5818 rite
2530 5761 2868 5832 exsequitur.
2924 5758 3000 5814 Re
3045 5774 3170 5813 vera
3203 5758 3348 5814 enim
3386 5773 3494 5810 non

1917 5859 2096 5914 solum
2127 5866 2274 5916 creat
2313 5865 2364 5914 et
2399 5871 2613 5913 summa
2666 5865 2782 5910 arte
2821 5855 3006 5912 omnia
3047 5851 3194 5924 facit,
3246 5852 3342 5910 sed
3376 5866 3496 5921 qua:
