3996 6194
336 309 434 372 561
1127 316 1211 375 ΙΝ
1254 319 1597 384 ΗΥΜΝΗΜ
1636 325 1930 388 ΡΕΝΤΕΟ

2039 333 2282 396 I'ALEM
2327 339 2730 404 DAMASCEN
2742 345 2789 404 ῐ.
3492 357 3600 422 562

237 426 240 430 ’
332 424 425 477 κον
452 421 554 490 τῆς
586 422 709 476 καθ’
741 424 889 494 ἡμᾶς
938 423 1082 483 εἶναι
1127 431 1296 502 ζωῆς,
1350 437 1444 489 καὶ
1486 441 1656 510 πνοῆς
1694 441 1916 513 ἀπάσης

332 517 499 543 ,,,,,,,
571 516 662 543 ,αι
720 517 857 543 ο,ι,,
891 519 1000 543 _.-___
1036 539 1147 543 --.μ
1182 541 1189 543 Α
1233 525 1246 543 ρ
1413 529 1426 543 ο
1521 530 1536 543 .
1565 531 1578 543 ο
1850 534 1862 543 ι

2039 456 2075 503 ει
2124 450 2446 519 spirationis
2499 458 2800 514 secundum
2840 460 3060 518 modum
3114 465 3416 524 humanum
3447 474 3602 543 origo

329 517 518 577 αἴτιον,
571 516 667 569 καὶ
719 517 857 571 Θεὸν
889 519 1000 574 τῶν
1033 525 1365 594 πνευμάτων
1404 529 1754 602 ἀναψύχοντα
1782 534 1911 596 τούς

334 611 386 628 ιη
420 609 550 628 Δηξμ
588 607 775 628 ιμςκιη
979 611 995 628 ο
1049 614 1060 628 ο
1227 617 1240 628 ι
1476 624 1488 628 -
1638 627 1643 628 ,
1858 626 1907 628 κα

2039 548 2121 604 est,
2167 543 2388 612 etquod
2417 543 2556 599 Deus
2584 557 2670 601 est
2695 549 3010 619 spirituum,
3047 554 3142 624 qui
3175 571 3271 612 eos
3303 559 3395 628 qui
3429 516 3598 617 animi

331 611 388 661 ὲν
419 609 552 676 ἡμῖν
584 607 938 676 ἐκλείποντας
972 611 1077 668 ὑπὸ
1102 617 1428 690 κακότητος,
1471 624 1824 692 ἐπανάγοντα
1853 626 1911 691 ἐξ

2039 634 2379 692 terversitate
2435 636 2488 692 in
2537 649 2761 709 peccata
2814 642 2952 713 lapsi
2994 607 3486 720 suntredinzegrat
3553 667 3610 709 et

327 699 710 770 ὁλιγοψυχίας,
741 704 836 757 καὶ
865 705 924 758 τὸ
959 708 1069 761 πᾶν
1102 709 1303 774 εἰπεῖν,
1340 712 1608 782 ζωογόνον
1647 720 1742 772 καὶ
1774 721 1910 786 ζωο-

329 793 490 844 πσιὸν
545 789 645 846 καὶ
698 794 967 867 ζωοδότην
1013 798 1420 870 ἀληθέστατονο
1485 807 1546 861 οὐ
1587 812 1751 879 μόνον
1800 817 1911 887 γάρ

328 883 476 951 φυτά
523 888 757 939 παντοῖα
805 889 1053 958 προάγον
1100 896 1362 964 συντηρεῖ
1390 896 1466 960 ὡς
1501 897 1582 968 τῷ
1614 901 1786 972 ila.th
1817 883 1911 960 καὶ

325 975 406 1045 τῷ
436 976 554 1045 Υἱῷ
611 978 1050 1050 συνδημιουργὺν
1103 986 1193 1037 καὶ
1257 989 1778 1061 συμπρονοούμενον
1817 998 1911 1050 καὶ

329 1071 713 1139 συμπεριέπον
737 1073 830 1125 κάὶ
866 1074 1162 1140 συνιστῶν,
1197 1078 1334 1133 ἀλλά
1355 1082 1452 1135 καὶ
1479 1081 1619 1148 ζῶον
1651 1085 1798 1140 ἅπαν
1832 1089 1912 1159 τῷ

328 1159 516 1214 θεόθεν
552 1163 971 1244 συνουσιωθέντι
1006 1168 1149 1222 κατὰ
1185 1169 1346 1236 φύσιν
1388 1176 1662 1246 πνεύματι
1691 1177 1908 1248 θάλπει,

326 1253 423 1303 καὶ
455 1253 534 1315 είς
575 1253 750 1325 αὔξην
781 1242 1038 1327 προάγει,
1083 1262 1178 1314 καὶ
1227 1265 1307 1326 εἰς
1341 1265 1401 1318 τὸ
1429 1242 1542 1337 ζῇν-
1563 1275 1866 1342 συγκρατεῖ
1893 1242 1908 1307 λ

2015 725 2113 795 qui
2145 726 2532 796 pusillanimos
2571 734 2928 804 consolatur;
2957 747 3015 792 ut
3053 754 3163 794 uno
3203 742 3370 797 verbo
3406 743 3604 811 dicam,

2013 819 2108 888 qui
2155 819 2338 889 reipsa
2367 821 2489 878 vita:
2517 824 2755 893 genitor,
2785 830 3038 886 conditor
3066 833 3334 903 datorque
3357 836 3600 891 exsistit.

2018 911 2139 968 Non
2171 912 2346 967 solum
2371 915 2516 970 enim
2541 916 2755 987 plantas
2777 923 2961 978 varias
2991 924 3302 993 producens
3345 943 3470 982 cum
3501 930 3611 983 Pa-

2014 1012 2100 1060 tre
2140 1019 2204 1060 ac
2235 1004 2375 1060 Filio
2396 1013 3088 1081 conservat,amplectitur,
3110 1026 3266 1071 curat
3290 1034 3305 1079 :
3334 1018 3426 1073 scd
3453 1035 3614 1073 omne

2015 1095 2276 1152 animans
2324 1097 2492 1152 halitu
2547 1099 2642 1169 qui
2697 1099 2965 1173 divinitus
3007 1104 3191 1170 datur,
3225 1106 3392 1174 fovet,
3424 1117 3608 1179 auget,

2015 1186 2302 1256 vivificat;
2336 1189 2482 1245 unde
2538 1193 2705 1247 etiam
2747 1202 2950 1251 natura
3001 1199 3144 1267 apud
3176 1200 3459 1270 antiquum
3507 1196 3610 1256 aii-

2019 1291 2182 1346 quem
2236 1278 2622 1350 philosophum
2655 1281 2894 1340 sulllatio
2925 1288 3080 1342 audit
3109 1292 3410 1345 secundum
3446 1293 3612 1363 origi-

323 1343 455 1396 ὖθεν
501 1346 595 1397 καὶ
627 1347 660 1415 ἡ
692 1345 856 1416 φύσις
891 1352 1360 1422 παρωνόμασται,
1399 1358 1541 1414 κατά
1569 1377 1692 1414 τινα
1739 1364 1905 1433 σοφδν

2039 1383 2140 1423 rem
2197 1371 2595 1438 productionis.
2633 1373 2823 1430 Sumat
2858 1379 3001 1433 enim
3034 1395 3098 1436 ac
3137 1391 3355 1451 separat
3409 1392 3464 1437 et
3499 1343 3612 1439 siit-

326 1436 585 1503 παλαιὸν,
616 1437 692 1502 ὡς
739 1434 854 1493 οἷον
903 1441 1142 1514 φύσησις
1196 1447 1340 1501 κατά
1389 1449 1450 1502 τὸ
1481 1451 1780 1521 ἀρχέγονον
1810 1455 1916 1524 τῆς

2039 1451 2200 1516 laudo
2255 1461 2521 1519 distendit
2562 1472 2619 1520 et
2651 1481 2851 1537 corpus
2877 1469 3119 1524 vividum
3141 1434 3286 1526 sicut
3319 1482 3493 1528 utrem
3531 1475 3615 1529 in-

331 1531 727 1636 uapaywyﬁe:
782 1534 934 1605 φυσᾷ
987 1535 1096 1606 γὰρ
1133 1534 1324 1610 ὥσπερ
1355 1541 1498 1614 αὐτὴ
1529 1545 1625 1598 καὶ
1660 1544 1805 1602 οὕτω
1837 1549 1916 1602 δι-

2039 1550 2298 1608 suﬂlatum
2341 1554 2661 1625 ampliﬁcat,
2712 1531 2768 1612 et
2817 1558 2964 1627 inde,
2999 1575 3123 1629 quae
3180 1577 3210 1616 a
3257 1571 3400 1617 terra
3432 1566 3610 1636 genita

331 1622 480 1693 ιστᾷ,
529 1629 626 1677 καὶ
667 1623 888 1693 ἐξογκεῖ
934 1627 1124 1699 τρόπῳ
1173 1630 1438 1702 οίδήσεως
1463 1671 1482 1700 ,
1534 1637 1630 1689 καὶ
1672 1635 1829 1702 αῦξει
1856 1638 1916 1692 τὸ

2039 1644 2246 1700 ιιυηιιιι·
2279 1656 2336 1700 et
2385 1657 2679 1716 augentur,
2715 1649 3086 1706 cohaesionum
3114 1663 3178 1708 ac
3201 1622 3610 1710 conneiribnum

329 1711 534 1776 ζωῖκδν
565 1714 747 1786 σῶμα,
787 1717 924 1772 ὡσεὶ
957 1719 1126 1776 ἀσκόν
1156 1739 1278 1777 τινα
1306 1723 1708 1794 ἐμφυσώμενον
1737 1745 1750 1761 ο
1784 1730 1915 1786 κάν-

2039 1749 2148 1790 .oco
2180 1735 2364 1802 habet,
2393 1711 2599 1810 eavlege
2632 1711 2692 1793 ut
2728 1739 2965 1809 Spiritus
2991 1751 3214 1797 sanctus
3247 1743 3411 1799 rebus
3441 1760 3609 1798 mun-

329 1806 526 1858 τεῦθεν
576 1809 675 1871 τάς
729 1812 1075 1883 προσφύσεις
1126 1791 1446 1884 διαστάσεις
1483 1791 1598 1893 ἔχει
1626 1823 1694 1876 τά
1727 1825 1790 1878 ἐκ
1817 1825 1921 1894 γῆς

2039 1827 2192 1884 clauis
2213 1829 2508 1898 adjiciatur
2562 1845 2673 1886 non
2724 1838 2936 1887 tantum
2989 1835 3295 1890 secundum
3333 1844 3609 1901 naturam,

329 1901 654 1971 γεννώμενα
702 1903 796 1959 καὶ
833 1906 1173 1976 τρεφόμενα,
1206 1909 1301 1964 καὶ
1329 1911 1608 1980 αὐξόμενα
1631 1931 1645 1944 ο
1695 1931 1918 1970 συνεπι-

2039 1919 2123 1975 sed
2170 1922 2689 1990 supranaturaliter,
2726 1932 2782 1978 et
2821 1921 3062 1994 Spiritus
3095 1925 3313 1995 quidem
3365 1937 3606 1983 sanctus

333 1995 761 2065 λαμϐανομένου
791 1999 906 2062 τοῖς
945 2000 1002 2052 ὲν
1043 2003 1236 2070 κόσμῳ
1268 2002 1361 2056 τοῦ
1402 2004 1560 2072 ἀγίου
1594 2006 1916 2077 Πνεύματος

2039 2012 2260 2069 mimam
2289 2013 2580 2070 abeuntem
2603 2015 2875 2084 captivam
2913 2015 3044 2071 facit
3077 2018 3612 2088 suprarationaliter,

335 2088 543 2152 παντὸς
571 2089 804 2159 ἀγαθοῦ,
844 2093 938 2147 καὶ
963 2093 1022 2148 οὐ
1069 2094 1232 2163 μόνον
1263 2095 1358 2150 τοῦ
1384 2099 1527 2153 κατά
1557 2099 1741 2170 φύσιν,
1775 2102 1913 2157 ἀλλά

2039 2114 2077 2161 :t
2114 2103 2370 2160 siciliam
2401 2104 2470 2160 ad
2519 2104 2752 2161 salutem
2807 2105 3036 2172 animat,
3091 2117 3146 2162 et
3197 2108 3305 2178 igni
3341 2108 3626 2178 spirituali

336 2184 428 2236 καὶ
457 2181 552 2235 τοῦ
584 2184 885 2254 ὑπερφυῶς
910 2203 925 2217 ·
960 2189 1054 2241 καὶ
1087 2188 1296 2260 ζωγρεῖ
1319 2191 1376 2245 δὲ
1413 2192 1594 2262 ψυχὴν
1636 2195 1910 2252 ἀπιοῦσαν

2039 2197 2070 2253 :i
2098 2197 2194 2269 qui
2218 2197 2402 2254 debita
2436 2205 2662 2268 prestat
2686 2198 2884 2264 cilicia,
2917 2199 3164 2271 angelico
3187 2215 3339 2256 more
3377 2201 3620 2258 incendit

339 2274 398 2327 τὺ
429 2274 587 2344 ἅγιον
642 2276 891 2346 Πνεῦμα,
945 2282 1008 2332 οὐ
1050 2282 1194 2335 κατά
1223 2282 1283 2336 τὸ
1332 2282 1560 2354 ἀέριον,
1605 2285 1726 2339 ἀλλ’
1771 2285 1914 2360 ὑπὲρ

2039 2295 2079 2345 :t
2135 2287 2204 2344 iis
2257 2287 2351 2358 qui
2397 2302 2523 2344 cum
2562 2286 2774 2358 Spiritu
2834 2289 3118 2362 navigant,
3209 2291 3618 2362 navigationem

340 2371 501 2438 λόγον
523 2389 538 2405 ο
571 2376 668 2428 καὶ
711 2371 888 2440 οὕτως
915 2375 1188 2446 ἀναψύχει
1221 2378 1444 2448 ἐκείνην
1473 2380 1556 2443 είς
1589 2381 1909 2451 σωτηρίανξ.

2019 2379 2321 2436 secundam
2365 2379 2619 2449 largitur.

341 2463 437 2516 καὶ
468 2463 604 2534 πυρὶ
639 2464 694 2517 δὲ
727 2464 947 2537 ψυχικῷ
997 2467 1242 2522 συντελεῖ
1275 2469 1596 2540 ἐνεργοῦντι
1628 2472 1698 2526 τὰ
1725 2472 2043 2543 καθήκοντα
2089 2468 2399 2537 ἐξανάπτον
2431 2472 2566 2527 αὐτὸ
2629 2473 2712 2536 εἰς
2779 2473 3062 2544 φλόγωσιν
3115 2474 3418 2547 ἀγγελικὴν
3440 2515 3457 2543 ,
3523 2480 3621 2535 καὶ

344 2563 457 2624 τοῖς
490 2564 882 2632 πνευματικῶς
914 2566 1142 2620 πλέουσι
1187 2569 1279 2623 τὸν
1325 2569 1545 2640 πρῶτον
1576 2571 1922 2642 πλησιστίοις
1960 2569 2250 2643 χαρίζεται
2279 2568 2472 2625 πλοῦν.

417 2653 528 2725 με.
566 2655 779 2712 Οὐκοῦν
828 2657 1055 2730 οὐδεμία
1102 2659 1212 2714 τῶν
1256 2661 1408 2716 κάτω
1461 2662 1557 2717 καὶ
1599 2664 1728 2733 περὶ
1779 2665 1927 2735 ἡμᾶς

342 2748 541 2812 λέξεων
578 2749 716 2826 ὑψοῦ
747 2751 885 2819 πρὸς
913 2751 1054 2806 ,Θεὸν
1090 2753 1207 2822 ἔχει
1238 2753 1517 2825 αἴρεσθαι,
1561 2755 1636 2826 μὴ
1665 2757 1928 2819 ἐπιεικῶς

345 2844 493 2914 αὐτῷ
543 2844 992 2915 προσδεχθεῖσα,
1046 2848 1105 2901 ὲν
1161 2850 1240 2916 τῷ
1294 2849 1793 2917 συγκατασατικῶς
1829 2851 1924 2904 καὶ

346 2938 668 3005 ἀναγκαίως
697 2941 775 3002 είς
803 2939 930 2993 ὅσον
957 2939 1076 3004 ἐξὸν
1116 2943 1353 3012 προσιτὴ
1386 2943 1746 3014 διακριτικῶς
1775 2943 1922 2998 ὲκεί-

349 3050 422 3101 νῳ
452 3032 711 3100 γενέσθαι
741 3034 839 3087 καὶ
873 3037 1342 3106 συγγνωμονικῶς
1394 3037 1550 3107 παρά
1581 3038 1642 3090 τὺ
1679 3039 1753 3107 μὴ
1780 3037 1927 3108 ἔχειν

350 3125 524 3188 ἄλλως
556 3126 688 3179 αὐτὸ
726 3126 1006 3194 γενέσθαι·
1039 3129 1135 3181 καὶ⁵
1167 3128 1452 3195 ὁμοιοῦται
1490 3128 1609 3182 τόδε
1641 3129 1704 3181 τὸ
1741 3133 1925 3196 πρᾶγ-

355 3235 427 3288 μα
457 3218 534 3281 ὼς
564 3218 613 3271 εί
661 3221 758 3274 καὶ
808 3220 1066 3291 βασιλεὺς
1103 3221 1398 3291 ὐπερτίμῳ
1431 3220 1649 3292 πλούτῳ
1680 3220 1925 3288 πλήθων,

351 3312 446 3366 καὶ
477 3313 871 3383 πολυταλάντῳ
911 3314 1297 3383 καλλωπισμῶ
1325 3314 1768 3385 ὲλλαμπόμενος,
1803 3316 1930 3368 dwe-

351 3407 506 3477 χεταί
557 3424 690 3461 ποτε
743 3406 952 3476 ἀμφιον
1006 3406 1355 3477 περικεῖσθαι
1384 3408 1495 3462 τῶν
1526 3408 1932 3479 εὐτελεστέρων

350 3501 494 3554 κατά
543 3517 671 3554 τινα
710 3500 910 3571 χρείαν
938 3543 953 3564 ,
1007 3499 1134 3554 οὐτε
1191 3500 1800 3572 ἀποπροσπυιούμενος,
1837 3501 1934 3556 καὶ

349 3590 669 3660 ἐπικοσμῶν
698 3591 756 3643 δὲ
785 3592 847 3644 τὸ
873 3591 936 3644 οὐ
958 3591 1256 3654 πολυτελὲς
1284 3592 1520 3662 περίΰλη
1531 3611 1628 3662 μα,
1649 3589 1733 3657 οἷς
1761 3595 1936 3646 ἐπιει-

351 3684 691 3752 κευσάμενος
725 3683 858 3736 αὐτὸ
901 3683 1210 3754 περιέθετο.
1242 3685 1308 3736 Τί
1341 3685 1397 3738 δὲ
1424 3685 1484 3736 οὐ
1516 3686 1733 3755 ταχύνω
1756 3685 1935 3753 λέγειν

354 3777 428 3839 ὡς
464 3779 649 3847 χαίρει
679 3780 774 3830 καὶ
805 3776 1017 3847 ποιμὴν
1052 3778 1350 3847 λεγόμενος
1385 3778 1413 3830 ὁ
1438 3777 1572 3841 Θεός
1603 3794 1619 3845 ;
1649 3780 1744 3832 καὶ
1772 3779 1936 3842 αὐτὸς

357 3873 477 3942 οὐχὶ
507 3870 684 3922 ὀκνῶν
721 3868 867 3922 πάνυ
924 3868 1294 3939 σμικρολόγος
1329 3863 1492 3934 εἶναι,
1519 3871 1704 3931 ὁποῖος
1733 3871 1761 3922 ὁ
1790 3869 1936 3923 κατά

354 3966 412 4018 τὸ
467 3965 626 4032 ἅγιον
683 3963 1020 4032 Εὐαγγὲλιον
1059 3962 1127 4015 τά
1173 3962 1533 4032 ἐννενήκοντα
1585 3963 1741 4016 ιννέα
1795 3963 1936 4032 πρό-

358 4059 496 4114 ϐατα
547 4056 842 4128 βόσκεσθαι
894 4057 1054 4124 ἀφεὶς
1109 4055 1188 4117 ὡς
1239 4056 1289 4107 εί
1342 4054 1439 4107 καί
1495 4071 1582 4115 τις
1616 4054 1763 4126 ψυχῇ
1797 4055 1939 4109 αὐτὰ

356 4149 600 4220 ἐνέμετο,
628 4149 725 4200 καὶ
757 4147 1011 4216 πονηθεὶς
1042 4145 1174 4214 περὶ
1203 4144 1302 4214 τὴν
1331 4144 1430 4197 τοῦ
1458 4145 1578 4208 ἑνὸς
1605 4145 1714 4199 τῶν
1739 4144 1939 4199 ἑκατὸν

355 4239 838 4312 ἀποπλανηθέντος
887 4237 1314 4308 ἁναψηλάφησιν
1337 4253 1352 4269 ο
1382 4237 1465 4289 ἔτι
1503 4236 1558 4290 δὲ
1595 4238 1689 4290 καὶ
1733 4238 1942 4291 οἰκοδό-

360 4354 478 4403 μος,
505 4334 649 4389 κατά
680 4335 742 4387 τὸ
765 4375 779 4399 ,
823 4333 950 4386 Ἔάν
993 4332 1068 4403 μὴ
1097 4331 1302 4401 Κύριος
1323 4332 1656 4406 οίκοδομήσῃ
1693 4328 1842 4385 οἷκον
1868 4349 1882 4364 ·
1913 4333 1941 4385 ὁ

354 4431 448 4482 καὶ
499 4426 800 4489 παιδεύσας
854 4425 948 4477 ἐπὶ
1003 4422 1284 4492 ἀσφαλοῦς
1329 4423 1536 4493 καὶμὴ
1585 4425 1681 4477 ἐπὶ
1707 4423 1940 4494 ψάμμου

2113 2661 2208 2717 47.
2247 2661 2415 2735 igitur
2445 2662 2595 2719 nulla
2623 2677 2816 2719 vocum
2843 2666 3178 2735 pedestrium
3238 2679 3402 2740 atque
3427 2670 3622 2724 huma-

2037 2768 2233 2809 narum
2285 2755 2354 2810 ad
2377 2753 2548 2811 Deum
2607 2752 2723 2811 tolli
2747 2758 2970 2827 poterit,
3001 2760 3130 2825 nisi,
3179 2771 3444 2830 quantum
3499 2760 3619 2815 tleri

2033 2852 2232 2915 potest,
2286 2847 2430 2901 inter
2479 2861 2609 2902 eum
2663 2857 2720 2904 et
2763 2863 2862 2905 nos
2895 2859 3268 2921 congruenter
3297 2859 3614 2906 astruatur.

2031 2935 2161 2992 Haec
2205 2951 2336 2992 vero
2383 2953 2472 2994 res
2501 2949 2853 3008 comparatur
2877 2942 2991 3012 regi
3033 2942 3152 3012 qui,
3199 2943 3406 2999 divitiis
3443 2944 3622 2999 abun-

2033 3028 2170 3085 dans
2207 3038 2262 3084 et
2288 3029 2418 3084 luxu
2466 3031 2852 3100 resplendens,
2895 3041 3102 3089 vestem
3131 3033 3308 3090 induit
3355 3035 3614 3105 exiguam

2032 3121 2099 3176 ad
2133 3131 2344 3176 certum
2377 3120 2560 3178 tinem.
2596 3122 2703 3178 Sed
2736 3138 2838 3179 cur
2891 3139 3001 3180 non
3025 3125 3204 3181 dicam
3239 3125 3406 3182 Deum
3455 3127 3620 3182 etiam

2035 3222 2308 3284 pastorem
2365 3213 2514 3270 dici?
2579 3223 2634 3271 et
2701 3217 2846 3287 quod
2897 3217 3080 3286 parvis
3143 3218 3308 3275 rebus
3379 3219 3622 3273 animum
3691 3230 3697 3236 '

2035 3305 2387 3374 applicuerit,
2439 3309 2582 3363 sicut
2627 3308 2674 3364 is
2709 3310 2803 3378 qui
2863 3310 2916 3364 in
2965 3309 3288 3380 Evangelio,
3327 3313 3625 3380 nonaginta

2034 3412 2230 3453 novem
2299 3399 2498 3455 ovibus
2567 3400 2771 3458 relictis
2809 3440 2824 3466 ,
2881 3402 3039 3471 quasi
3111 3402 3471 3473 spiritualiter
3530 3417 3625 3456 eas

2035 3497 2307 3560 pasceret,
2368 3492 2435 3546 ad
2491 3507 2612 3547 eam
2667 3495 3039 3563 reperiendam
3069 3509 3192 3566 qua:
3235 3495 3437 3550 amissa
3485 3502 3624 3561 erat,

2035 3597 2096 3638 se
2123 3583 2358 3639 accinxit
2377 3601 2394 3651 ;
2413 3594 2507 3640 aut
2544 3587 2688 3641 sicut
2718 3587 3081 3655 architectus,
3109 3587 3412 3644 secundum
3459 3586 3622 3642 illud:

2041 3673 2153 3729 Nisi
2221 3676 2484 3732 Dominus
2537 3677 2889 3734 aediﬁcaverit
2952 3681 3220 3746 domum;
3275 3690 3334 3734 ut
3406 3679 3628 3734 doceret

2039 3765 2096 3818 in
2148 3767 2266 3821 solo
2306 3767 2482 3832 ﬁrmo,
2525 3783 2703 3839 neque
2725 3785 2855 3825 vero
2895 3771 2954 3827 in
3012 3787 3205 3839 arena,
3241 3774 3624 3829 aediﬁcandum

2039 3874 2184 3926 esse;
2218 3867 2310 3914 aut
2349 3869 2539 3915 custos
2577 3862 2742 3916 urbis
2781 3879 2904 3932 qua:
2957 3865 3076 3918 sine
3122 3865 3241 3934 ipso
3266 3869 3406 3920 male
3439 3875 3630 3921 custo-

2039 3951 2274 4018 diretur;
2319 3960 2415 4006 aut
2460 3951 2665 4007 vinitor
2708 3961 2766 4007 ut
2807 3954 2863 4008 in
2896 3953 3174 4024 Scriptura
3197 3970 3353 4010 sacra
3374 3956 3626 4027 legimus;

2041 4052 2136 4098 aut
2200 4044 2347 4099 sicut
2407 4044 2841 4115 paterfamilias,
2915 4057 2972 4102 ut
3043 4046 3268 4102 ibidem.
3327 4047 3386 4103 Si
3442 4058 3627 4104 autem

2047 4151 2156 4192 non
2189 4151 2386 4207 reapse
2432 4132 2694 4208 piscator,
2743 4139 2838 4194 sed
2883 4139 2978 4210 qui
3009 4139 3190 4209 pisces
3239 4141 3507 4210 capiendo
3535 4140 3630 4196 de-

2041 4231 2277 4287 lectatur
2300 4239 2526 4301 propter
2552 4223 2848 4301 discipulos
2889 4232 2981 4302 qui
3011 4231 3173 4287 istam
3203 4243 3372 4288 artem
3409 4242 3631 4288 strenue

2043 4330 2452 4390 exercuerunt;
2488 4336 2590 4378 nec
2622 4322 2819 4377 mirum
2856 4323 2900 4377 si
2925 4323 3065 4378 alios
3091 4339 3288 4380 munus
3310 4326 3428 4395 ejus
3458 4325 3632 4381 hono-

2046 4430 2170 4471 rare
2203 4416 2414 4482 docuit,
2454 4417 2571 4472 sive
2605 4416 2714 4480 leo,
2741 4417 2858 4472 sive
2884 4418 3067 4487 aquila
3102 4419 3424 4488 appelletur,
3451 4434 3482 4472 e
3511 4420 3632 4489 qni-

353 4517 660 4586 οἰκοδομεῖν
687 4533 702 4548 ο
742 4515 836 4568 καὶ
865 4514 1040 4584 φύλαξ
1073 4513 1130 4566 δὲ
1164 4513 1394 4581 πόλεως,
1427 4515 1495 4584 ἢν
1525 4513 1689 4568 αὐτοῦ
1729 4517 1805 4584 μὴ
1837 4531 1930 4583 φυ·

2048 4508 2150 4563 bus
2186 4508 2278 4562 ille
2317 4508 2536 4577 quidem
2586 4507 2800 4562 animal
2841 4518 3101 4564 terrestre
3131 4509 3360 4565 rationis
3410 4526 3628 4578 expers,

356 4609 650 4670 λάσσοντος
674 4648 689 4674 ,
723 4608 802 4670 είς
837 4608 1016 4678 μάτην
1050 4605 1426 4675 ἀγρυπνοῦσιν
1480 4609 1529 4661 οἱ
1565 4606 1737 4677 αὐτῆς
1767 4606 1942 4676 φύλα-

359 4718 475 4766 κεςο
510 4704 608 4755 καὶ
637 4701 1022 4771 ἀμπελουργὸς
1060 4700 1141 4763 δὲ,
1174 4701 1317 4753 κατά
1353 4700 1452 4769 τὴν
1485 4699 1572 4753 ἐπ’
1599 4700 1751 4769 αὐτῷ
1780 4700 1943 4768 ἀγίαν

362 4797 616 4866 θεωρίανο
649 4793 1022 4861 εὐαγγελικῶς
1047 4792 1103 4844 δὲ
1131 4793 1228 4845 καὶ
1249 4793 1657 4863 οἰκοδεσπότης.
1688 4796 1748 4848 Ei
1775 4796 1830 4848 δὲ
1865 4796 1941 4866 μὴ

359 4889 452 4942 καὶ
489 4887 676 4950 ἁλιεὺς
711 4887 1060 4956 αὐτόχρημα,
1089 4883 1208 4938 ἀλλ’
1229 4879 1325 4938 οὗν
1357 4883 1672 4953 φιλοαλιεὺς
1701 4885 1790 4938 διὰ
1813 4888 1942 4949 τοὺς

363 4980 614 5052 μαθητὰς
637 4980 688 5032 οἳ
719 4979 814 5050 τὴν
843 4981 1101 5048 τοιαύτην
1121 4979 1318 5048 τέχνην
1349 4974 1410 5030 εὖ
1438 4979 1581 5048 μάλα
1602 4979 1940 5048 ἡσκήσαντοο

368 5074 558 5128 καινὸν
581 5071 637 5125 δὲ
673 5072 827 5125 οὐδὲν
852 5070 1220 5140 φιλιώσασθαι
1241 5070 1404 5123 αὐτὸν
1434 5071 1548 5132 τοῖς
1576 5070 1698 5123 κατ’
1733 5070 1944 5138 ἀνορω-

361 5179 464 5216 πον
497 5163 558 5216 τὸ
593 5161 938 5231 φιλοτίμημα
986 5159 1097 5213 τῶν
1131 5161 1298 5212 αὐτοῦ
1326 5158 1551 5230 χειρῶν,
1596 5162 1643 5212 εί
1675 5161 1770 5212 καὶ
1803 5160 1943 5213 λέων

364 5255 459 5307 καὶ
499 5253 657 5315 ἀετὸς
683 5252 914 5319 ἐκλήθη,
947 5250 1009 5304 τὸ
1045 5249 1146 5319 μὲν
1179 5253 1242 5303 ὲκ
1301 5249 1410 5302 τῶν
1439 5249 1580 5303 κατά
1614 5249 1721 5319 γῆν
1753 5251 1813 5303 οὐ
1852 5251 1944 5304 λο-

364 5346 559 5412 γικῶν,
595 5345 658 5396 τὸ
703 5344 759 5396 δὲ
818 5347 881 5396 ἐκ
917 5343 1027 5395 τῶν
1083 5342 1283 5411 ἀερίων
1315 5341 1741 5411 δεξιωσάμενος.
1788 5343 1852 5394 Τί
1885 5343 1942 5396 δέ

369 5453 456 5504 μοι
486 5438 582 5490 καὶ
611 5435 805 5501 ταῦτα,
841 5435 890 5486 εί
921 5437 1018 5487 καὶ
1058 5433 1276 5500 σκώληξ
1308 5435 1457 5503 αὐτῴ
1497 5435 1578 5496 είς
1619 5433 1813 5503 κλῆσιν
1845 5434 1945 5486 οὐκ

366 5526 672 5598 ἀπηξίωται
699 5543 712 5593 ;
750 5525 1008 5594 γινώσκει
1051 5525 1107 5578 δὲ
1138 5527 1168 5578 ὁ
1198 5527 1383 5591 αὐτὸς,
1419 5527 1516 5579 καὶ
1543 5525 1704 5596 νηδὺν
1741 5524 1948 5596 Παρθέ-

2056 4604 2172 4656 h:cc
2223 4601 2596 4655 evolatilibus
2653 4613 2868 4671 sumpta
2914 4611 3052 4657 erat.
3103 4601 3241 4668 Quid
3303 4612 3508 4668 autem,
3585 4603 3632 4657 si

2047 4706 2126 4744 vel
2145 4705 2287 4744 mem
2325 4689 2628 4756 elegisset?
2659 4688 2775 4744 l‘loc
2804 4702 2986 4746 autem
3043 4693 3161 4759 ipse
3239 4689 3390 4743 novit
3418 4705 3434 4756 ;
3505 4705 3630 4743 cum

2053 4784 2202 4836 cnim
2243 4783 2296 4835 in
2365 4780 2558 4837 Matris
2609 4781 2849 4854 Virginis
2909 4793 3124 4837 uterum
3193 4782 3463 4849 intraret,
3507 4797 3632 4836 cum

2047 4884 2204 4942 partu
2232 4873 2356 4928 inde
2375 4874 2626 4928 ederetur
2650 4883 2704 4928 et
2735 4875 2789 4928 in
2824 4875 3052 4943 praescpi
3085 4882 3469 4944 reponeretur,
3516 4874 3633 4929 haec

2046 4967 2230 5022 omnia
2253 4967 2552 5022 secundum
2577 4981 2795 5021 carnem
2841 4965 3086 5036 quidem,
3113 4967 3206 5022 sed
3243 4983 3400 5022 more
3446 4968 3632 5022 divino

2045 5067 2099 5112 et
2141 5059 2273 5113 fecit
2301 5067 2355 5113 et
2382 5059 2528 5112 tulit.
2568 5059 2634 5112 Et
2687 5057 2832 5112 sicut
2877 5068 3132 5112 naturam
3187 5058 3484 5114 humanam
3535 5075 3632 5128 pro

2047 5156 2256 5208 viribus
2285 5167 2348 5206 ac
2375 5151 2642 5222 dignitate
2675 5153 2910 5216 ornavit,
2967 5167 3033 5208 eo
3127 5169 3323 5222 nempe
3371 5155 3634 5221 temporis

2047 5252 2324 5300 momento
2380 5259 2488 5313 quo
2542 5243 2867 5297 incarnatus
2913 5253 3018 5308 est,
3073 5245 3154 5299 sic
3185 5243 3443 5298 humanis
3500 5258 3638 5309 quo-

2047 5353 2154 5408 que
2190 5335 2507 5391 nominibus
2544 5350 2608 5388 ac
2663 5336 2888 5391 vocibus
2925 5336 3228 5406 appellatus
3314 5341 3417 5386 est.
3483 5334 3634 5384 Adeo

2055 5431 2204 5483 enim
2260 5443 2358 5498 pro
2411 5428 2568 5483 nobis
2627 5427 2949 5484 humiliatus
2993 5438 3076 5484 est
3132 5428 3198 5481 ad
3255 5425 3484 5480 salutem
3533 5440 3631 5477 no.

2060 5536 2259 5591 stram,
2291 5536 2352 5580 ut
2385 5535 2508 5594 post
2555 5525 2987 5579 incarnationem
3053 5529 3333 5588 peccatum
3367 5528 3420 5572 ct
3471 5520 3637 5572 male.

363 5636 453 5672 νου
485 5620 709 5689 Μητρῦς
757 5618 984 5682 ὑποδὺς,
1037 5619 1131 5670 καὶ
1167 5617 1366 5689 βρέφος
1395 5617 1604 5671 ἐκεῖθεν
1635 5618 1820 5682 ἐκδὺς,
1853 5620 1930 5670 καί

2063 5617 2232 5672 dictio
2262 5616 2498 5670 audiret.

361 5714 419 5765 ὲν
465 5714 646 5783 φάτνῃ
679 5711 1002 5779 ἀνατεθεὶς,
1033 5713 1127 5766 καὶ
1171 5712 1442 5766 ἀκόλουθα
1492 5716 1555 5783 τῇ
1589 5712 1732 5767 κατὰ
1767 5713 1947 5782 σάρκα
1987 5711 2170 5780 φύσει,
2219 5711 2288 5764 τὰ
2342 5709 2443 5780 μὲν
2475 5710 2706 5781 ποιήσας
2737 5707 3080 5779 θεοπρεπῶς,
3156 5707 3225 5760 τὰ
3269 5706 3324 5759 δὲ
3375 5707 3469 5760 καὶ
3532 5721 3639 5756 πα-

363 5806 494 5875 θὼν,
525 5811 622 5863 καὶ¹
651 5805 739 5861 διὰ
773 5807 992 5862 πάντων
1019 5807 1118 5878 τὴν
1150 5807 1497 5879 ἀνθρωπείαν
1539 5807 1705 5876 φύσιν
1734 5809 2022 5879 κοσμήσας
2053 5846 2068 5871 ,
2103 5805 2292 5874 ὥσπερ
2340 5805 2399 5855 ὲν
2452 5803 2528 5874 τῷ
2600 5800 2926 5874 προσλαϐεῖν
2993 5800 3157 5858 αὐτὸν
3219 5801 3313 5855 τὸν
3383 5800 3638 5871 ἀναμάρ·
