3996 6194
333 302 439 363 565

1130 313 1210 374 ιΝ
1257 315 1597 396 ΗΥΜΝΗΜ
1628 315 2286 382 PENTECOSTALEM
2320 321 2787 384 DAMASCENI.

3501 322 3604 389 566

333 421 764 493 ἑπαναστήμασι
805 424 1096 495 γηλόφων,
1129 429 1226 484 καὶ
1249 429 1514 500 δένδροις,
1544 433 1578 503 ἢ
1605 431 1858 504 θάμνοις,
1890 434 1924 507 ἢ

2035 436 2366 507 importu-ne,
2391 443 2739 508 requiescere
2794 451 2881 495 me
2920 436 3064 503 sine,
3114 450 3182 493 ne
3208 435 3389 492 denuo
3431 445 3481 492 te
3509 451 3607 492 ex-

332 512 627 578 άκάνθαις,
663 517 760 568 καὶ
796 517 1001 589 ἑτέρως
1029 519 1085 574 δὲ
1121 521 1424 586 πολυειδῶς
1466 525 1788 590 ἀνέσταται,
1825 529 1923 582 καὶ

2035 527 2214 594 citem,
2241 528 2334 599 qui
2368 529 2663 585 terminum
2695 528 2919 586 Christo
2974 527 3246 585 Salvatori
3320 527 3609 597 iniungere

329 602 508 668 οὕτως
561 607 887 678 ἐπιτηδείως
945 610 1171 682 βέϐηκε.
1234 615 1432 670 Πολλοὶ
1483 617 1592 687 γὰρ
1624 617 1743 688 ὅροι
1776 618 1920 673 καθά

329 695 430 748 καὶ
484 696 769 768 μιλιασμοὶ
813 701 909 756 καὶ
941 702 1113 766 λίθοις
1143 708 1660 777 παρασημειοῦνται
1685 710 1920 773 είκαίοις

329 789 685 858 άνεστηκόσι,
732 792 829 845 καὶ
862 795 1041 851 κίοσιν
1073 797 1134 852 εὖ
1183 799 1582 871 άπεξεσμένοις
1626 804 1724 856 καὶ
1757 803 1920 875 βεϐη-

329 879 489 933 κόσιν
539 882 630 936 ἐπ’
670 885 984 955 ἀσφαλοῦς,
1041 890 1136 943 καὶ
1193 891 1498 963 πλατύτητι
1549 894 1796 950 άϐακίων
1850 898 1916 950 ἐκ

332 974 673 1045 μαρμάρων,
703 971 787 1042 οἷς
831 980 925 1034 καὶ
955 982 1268 1054 γράμματα
1311 985 1713 1043 ἑντετύπωται.
1735 987 1905 1054 Ἀλλ’,

327 1060 376 1120 ὦ
414 1068 620 1138 άδελφὲ
673 1070 876 1142 ὀχληρὲ
903 1114 917 1138 ,
967 1075 1104 1145 ἄφες
1147 1094 1214 1146 με
1265 1079 1541 1149 ήσυχάσαι
1574 1080 1668 1134 τοῦ
1701 1081 1916 1148 λοιποῦ,

333 1161 412 1230 μὴ
445 1162 544 1214 καὶ
568 1163 906 1234 άνακάμψας
936 1168 1018 1231 είς
1048 1169 1212 1223 πλέον
1243 1171 1491 1242 ἐντρέψω
1531 1190 1614 1239 σε,
1651 1174 1916 1245 φαινόμεθ

330 1270 426 1305 νον
466 1255 739 1319 ἀπαξιοῦν
779 1257 854 1327 μὴ
907 1259 990 1312 ὅτι
1040 1277 1103 1328 γε
1137 1263 1232 1316 τὸν
1269 1247 1548 1335 βεϐηκότα
1591 1265 1718 1336 ὅρον
1747 1283 1918 1335 προσο

331 1346 634 1415 αρμόττειν
669 1347 748 1418 τῷ
784 1350 1001 1421 Σωτῆρι
1050 1353 1299 1425 Χριστῷ,
1331 1355 1469 1410 ἀλλὰ
1519 1357 1595 1426 μὴ
1627 1358 1724 1411 καὶ
1753 1356 1921 1428 ἄλλην

2029 633 2140 674 non
2168 620 2254 675 vis
2311 631 2367 675 et
2413 634 2722 676 sermonem
2769 621 3058 677 sublimem
3089 628 3144 676 et
3197 633 3450 676 severum
3483 631 3609 688 pro-

2028 711 2326 778 nuntiare;
2361 726 2395 768 ο
2446 713 2650 783 quibus
2703 730 2846 770 unus
2882 725 2970 771 est
3010 714 3236 770 verbum
3267 711 3413 783 quod
3489 711 3608 781 ipse

2028 819 2187 860 suum
2216 803 2366 870 fecit,
2401 805 2537 862 alter
2568 805 2765 862 Filius.
2793 805 2924 873 Quae
2950 807 3174 862 nomina
3205 809 3271 862 ab
3297 805 3608 862 hominibus

2025 897 2078 951 in
2119 896 2212 952 Dei
2267 895 2465 953 Filium
2519 897 2715 953 collata
2741 899 2788 954 si
2831 908 2886 954 tu
2919 900 3245 970 exprobras,
3287 912 3393 954 non
3425 898 3603 953 solum

2025 989 2170 1043 Deus
2211 997 2265 1045 te
2290 989 2643 1068 dementavit,
2678 992 2772 1047 sed
2819 992 3093 1047 daemones
3116 1006 3354 1062 quoque,
3375 990 3466 1060 qui
3506 989 3608 1045 sub

2027 1079 2136 1137 illis
2167 1081 2704 1140 denominationibus
2736 1082 2848 1139 Deo
2877 1083 3150 1140 serviliter
3179 1083 3413 1153 subjecti
3441 1089 3591 1147 sunt,

2027 1185 2218 1229 contra
2249 1184 2298 1229 te
2329 1174 2651 1248 insurgent;
2686 1187 2741 1233 et
2763 1178 2844 1234 sic
2898 1177 3176 1233 terminus
3233 1176 3372 1232 ﬁxus
3427 1175 3608 1230 Patris

2030 1265 2203 1323 Filius
2244 1283 2273 1322 a
2344 1270 2582 1325 termino
2649 1279 2808 1326 terra;
2866 1271 3037 1325 inﬁxo
3079 1269 3347 1325 dicendus
3408 1265 3609 1322 erit.E

2031 1367 2177 1414 terra
2205 1361 2351 1416 enim
2380 1377 2470 1418 res
2500 1371 2554 1417 et
2579 1363 2800 1418 nomina
2837 1362 3074 1435 plurima
3132 1361 3467 1419 oﬂ'eruntur.

331 1440 395 1505 ἐξ
443 1442 743 1514 ἀνθρώπου
799 1447 948 1516 λέξιν
979 1448 1115 1520 ὕψος
1163 1451 1400 1523 εχουσαν
1447 1455 1542 1508 καὶ
1579 1455 1923 1528 σεμνότηταο
1964 1451 2042 1512 ὧν
2091 1458 2188 1529 μία
2245 1460 2344 1529 μὲν
2395 1462 2424 1514 6
2477 1461 2673 1531 λόγος,
2704 1463 2763 1518 δν
2804 1463 2940 1535 ὑπὲρ
3007 1465 3132 1529 τοὺς
3186 1460 3381 1522 ἄλλους
3448 1457 3611 1518 αὐτὸς

331 1540 674 1634 ᾠκειώσατο,
702 1545 867 1616 ἑτέρα
898 1548 926 1600 6
957 1547 1106 1610 Υίόςο
1150 1548 1186 1604 ἃ
1227 1549 1294 1618 δὴ
1335 1551 1578 1622 ὀνόματα
1606 1553 1666 1618 ἐξ
1693 1553 1999 1622 ἀνθρώπων
2025 1557 2118 1610 ἐπὶ
2165 1557 2256 1610 τὸν
2279 1557 2408 1611 Υίὸν
2435 1559 2529 1612 τοῦ
2597 1560 2733 1613 Θεοῦ
2801 1561 3114 1634 ὡρμημένα
3186 1563 3305 1617 εῐπε
3317 1581 3347 1634 ρ
3404 1560 3610 1620 ἐθέλεις

337 1632 689 1702 μέμψασθαι,
725 1637 787 1691 οὑ
840 1640 1003 1710 μόνον
1044 1642 1282 1709 ὲξὼλεσέ
1336 1661 1420 1698 σοι
1467 1649 1676 1716 φρένας
1705 1647 1868 1712 αὐτὸς
1926 1653 1955 1704 6
1995 1650 2152 1714 Θεὸς,
2226 1653 2363 1707 ἀλλά
2423 1632 2904 1725 καίιταγενήσοντοιί⁷
2943 1632 3037 1714 σου
3097 1660 3193 1713 καὶ
3249 1632 3328 1713 οἱή
3357 1657 3610 1727 δαίμονες

331 1727 600 1824 τοιούτοις
633 1729 862 1824 ὀνόμασι
913 1734 1270 1803 σεμνύνοντες
1297 1735 1560 1797 δουλικῶς
1585 1737 1679 1792 τὸν
1716 1739 1870 1794 Θεόν·
1912 1743 2006 1795 καὶ
2033 1742 2177 1796 οῦτω
2217 1746 2318 1813 μὲν
2351 1747 2477 1817 ὅρος
2510 1747 2761 1818 βεϐηκὼς
2789 1749 2884 1803 τοῦ
2913 1752 3124 1820 [Ιατρδς
3145 1755 3174 1807 6
3205 1754 3334 1818 Υίδς
3383 1752 3443 1820 ἐξ
3480 1755 3607 1824 ὅρου

335 1817 433 1871 τοῦ
467 1822 598 1916 περί
628 1823 733 1892 γῆν
769 1823 1068 1895 βεϐηκότος
1125 1827 1340 1896 λέγοιτο
1377 1829 1476 1885 ἄν·
1509 1831 1567 1897 ἐξ
1593 1823 1661 1903 ἦς
1689 1833 1792 1903 γῆς
1824 1833 1920 1888 καὶ
1952 1834 2090 1890 ἄλλα
2123 1837 2222 1890 οὐκ
2253 1837 2410 1908 ὀλίγα
2479 1839 2558 1910 τῷ
2632 1817 2758 1911 ίΘεῷ
2800 1817 3147 1897 ἀνατίθενται
3196 1845 3384 1916 ὥσπερ
3427 1817 3607 1916 πράγ-

340 1931 510 1986 ματα,
531 1915 675 1969 οὕτω
710 1918 802 1970 καὶ
837 1917 1105 1988 ὀνόματα.

411 2020 518 2069 va’.
564 2014 630 2067 Ἦ
671 2014 730 2068 δὲ
779 2015 1206 2087 γαληνόμορφος
1265 2020 1484 2091 καρδία,
1547 2023 1616 2091 ἢν
1661 2023 1689 2076 ὁ
1737 2023 1927 2094 Σωτὴρ

2111 2025 2199 2082 51.
2233 2024 2342 2081 Cor
2367 2041 2626 2083 serenum
2663 2029 2810 2099 quod
2841 2030 3092 2086 Salvator
3124 2037 3299 2086 tentat
3330 2041 3385 2086 ct
3414 2046 3613 2086 aerum-

338 2106 627 2177 εὐφραίνει
655 2109 1003 2179 τεταγμένην
1034 2110 1145 2163 είτε
1177 2113 1494 2181 πεφυκυῖαν
1513 2113 1691 2179 ἄλλως
1721 2117 1780 2170 ἐν
1811 2117 1927 2180 τοῖς

336 2201 538 2264 δεινοῖς
565 2200 960 2271 ταράσσεσθαι,
1009 2203 1317 2257 κάντεῦθεν
1371 2204 1446 2277 μὴ
1495 2208 1770 2276 γαληνῶν,
1827 2210 1928 2264 οὒκ

341 2293 496 2346 ἔστιν
531 2292 696 2348 ἄλλου
746 2293 892 2358 τινὸς
933 2294 1098 2365 ἢτοῦ
1153 2296 1444 2367 θεοφιλοῦς
1499 2298 1817 2370 ἀνθρώπων
1869 2301 1928 2366 ὃς

339 2385 774 2456 εὐφραινόμενος
798 2386 900 2456 τὴν
933 2387 1192 2458 καρδίαν,
1225 2389 1400 2457 γλυκῦ
1431 2389 1595 2452 θάλος
1625 2393 1926 2461 προσώπου

341 2483 487 2537 κατὰ
518 2483 611 2536 τὸν
665 2483 1082 2554 παροιμιαστὴν
1131 2485 1543 2556 προϐέϐληται’
1599 2489 1821 2552 πάντως
1871 2489 1930 2544 δὲ

342 2575 555 2645 γαλήνη
587 2574 824 2645 καρδίας
871 2577 1168 2646 ἀπαλλαγὴ
1227 2578 1424 2632 πασῶν
1475 2580 1776 2648 φροντίδων
1833 2583 1930 2636 καὶ

345 2667 637 2738 μεριμνῶν
671 2662 907 2723 ἀλλοίων
939 2686 1000 2721 τε
1043 2670 1137 2723 καὶ
1169 2671 1376 2736 ὁπόσας
1403 2671 1462 2736 ἐξ
1505 2672 1784 2744 ὲπηρειῶν
1821 2673 1930 2727 τῶν

341 2755 672 2830 δθενδήποτε
733 2760 1022 2831 πάσχομεν
1071 2761 1374 2832 ἇνθρωποιο
1426 2761 1484 2830 ἐξ
1531 2758 1607 2818 ὧν
1655 2761 1931 2835 κορυφοὺ·

349 2869 489 2922 μενα
522 2851 747 2921 κύματα
782 2852 840 2906 ἐν
874 2853 1008 2922 ἡμῖν
1039 2853 1134 2908 καὶ
1183 2855 1531 2923 ταράσσοντα
1561 2853 1706 2908 κατὰ
1744 2855 1830 2918 τδ,
1867 2855 1934 2908 Τί

346 2945 750 3015 τεταραγμένοι
807 2945 932 2997 ἐστὲ
975 2944 1350 3018 διαλογισμῶν
1384 2945 1670 3013 ἀναϐάσει,
1706 2946 1806 3000 ὅσα
1838 2947 1933 3000 καὶ

317 3037 609 3106 ,κυμάτων
656 3035 923 3090 ἀνατάσει
950 3078 963 3101 ,
1017 3039 1519 3108 καταστορέννυται
1563 3039 1644 3101 είς
1699 3041 1935 3108 πραεῖαν

348 3127 616 3196 γαλήνην,
646 3126 786 3181 Θεοῦ
831 3128 1152 3192 κελεύοντος
1203 3130 1298 3182 καὶ
1341 3129 1515 3194 οὕτως
1548 3131 1934 3200 εὐφραίνοντος

347 3219 405 3272 ιν
430 3218 508 3288 τῷ
537 3219 678 3290 ὑπὲρ
705 3218 864 3288 ἡμῶν
900 3220 1198 3289 μεριμνᾷν.
1238 3218 1412 3290 Δῆλον
1438 3219 1497 3273 δὲ
1529 3219 1607 3284 ὥς
1638 3221 1697 3274 οὐ
1739 3221 1935 3290 ψευδο-

347 3311 590 3383 γαλήνην
633 3310 867 3365 ἐνταῦθα
914 3311 1130 3384 δηλοῖὴ
1166 3311 1616 3384 γαληνόμορφος,
1667 3315 1804 3370 καθὸ
1841 3315 1936 3386 δη-

349 3371 489 3474 λαδῆ
526 3371 888 3474 μορφάζουσα
925 3371 1311 3475 ἠρεμίάνυοῦκ
1339 3371 1471 3460 ἔάτί
1503 3371 1782 3476 γαλνήνιος,
1818 3371 1931 3464 ἀλλ’
1959 3371 2006 3431 c

351 3495 424 3558 ὠς
458 3495 602 3550 οῦτω
653 3495 823 3566 φάναι
878 3496 1277 3567 γαληνοειδής⁸
1314 3497 1434 3551 ἀλλ’
1465 3499 1654 3569 ἐπειδὴ
1698 3499 1935 3567 μάλιστα

350 3588 459 3640 τῶν
497 3587 676 3642 ἄλλων
719 3588 902 3660 μερῶν
953 3589 1051 3642 τοῦ
1086 3588 1339 3659 σώματος
1369 3591 1402 3660 ἡ
1439 3590 1564 3644 κατ’
1589 3589 1712 3660 ὄψιν
1748 3591 1935 3662 μορφὴ

353 3680 626 3736 θάλλουσα
671 3684 1022 3753 καταμηνύει
1074 3683 1287 3753 χαίρειν
1338 3683 1429 3738 τὸν
1485 3684 1795 3753 ἄνθρωπον,
1839 3685 1936 3736 καὶ

353 3774 532 3846 ψυχῆς
561 3774 864 3847 χαιρούσης
899 3775 1165 3845 ἔνοπτρον
1192 3775 1253 3828 τὸ
1280 3773 1557 3844 γαληνιῶν
1597 3776 1896 3847 πρόσωπον
1916 3818 1930 3839 ,

353 3865 439 3918 διὰ
484 3865 644 3920 τοῦτο
696 3864 1122 3935 γαληνόμορφον
1184 3863 1287 3936 ἔφη
1339 3865 1441 3934 τὴν
1499 3865 1753 3934 καρδίαν,
1790 3859 1859 3938 ἦς
1902 3866 1934 3935 ἠ

357 3956 500 4028 χαρὰ
554 3957 650 4011 τοῦ
708 3958 1007 4029 προσώπου
1057 3957 1334 4028 ὲξανίσχει
1389 3957 1727 4028 λάμπουσα,
1762 3959 1938 4026 χυμδν

356 4051 810 4123 προϐαλλομένης
845 4050 1024 4119 φίλιον
1078 4051 1174 4104 καὶ
1220 4050 1688 4121 ’παραφαινούσης
1739 4049 1940 4122 ἑαυτὴν

358 4146 432 4208 ὡς
470 4147 552 4208 είς
580 4143 777 4207 κάλλος
807 4143 1043 4213 πρωῖνδν
1081 4142 1476 4213 ῥοδοδάκτυλον
1496 4159 1511 4174 ο
1548 4143 1643 4195 καὶ
1681 4142 1857 4205 άλλως
1882 4142 1940 4195 δὲ

352 4239 451 4308 τῆς
505 4239 724 4310 μορφῆς
796 4241 877 4302 είς
937 4238 1105 4307 φύσιν
1180 4235 1751 4307 μεταλαμϐανομένης
1822 4236 1936 4296 τοῖς

353 4330 681 4398 ἁγιωτάτοις
735 4328 1039 4400 Πατράσιν·
1107 4331 1282 4381 εἰπεῖν
1336 4328 1393 4382 δὲ
1445 4327 1569 4381 κατ’
1617 4329 1816 4391 αὐτοὺς
1860 4329 1939 4391 είς

353 4427 452 4494 τὴν
478 4425 746 4495 ἀλήθειαν
780 4425 866 4494 εἴη
918 4425 984 4476 ἂν
1018 4424 1218 4493 καρδία
1249 4423 1675 4495 γαληνόμορφος
1707 4425 1740 4493 ἡ
1777 4423 1940 4493 φύσει

353 4518 447 4571 καὶ
497 4517 717 4588 ἀληθῶς
753 4518 1077 4586 γαληνιῶσα
1117 4516 1210 4569 διά
1259 4517 1316 4568 τὸ
1352 4517 1430 4580 είς
1479 4517 1643 4570 αὑτὸν
1692 4516 1782 4568 τὸν
1808 4516 1940 4570 Θεδν

353 4610 707 4680 εὐφροσύνως
744 4609 1194 4680 έλλιμενίσασθαι
1218 4625 1232 4640 ο
1267 4605 1326 4662 οὗ
1363 4609 1395 4679 ἡ
1435 4608 1559 4660 κατ’
1597 4608 1941 4680 εὐφροσύνην

2032 2118 2116 2174 nis
2180 2118 2370 2190 objicit
2423 2121 2496 2176 ita
2551 2129 2612 2177 ut
2647 2122 2700 2176 in
2739 2123 3162 2190 trepidationem
3217 2123 3398 2189 abeat,
3440 2139 3613 2194 penes

2029 2212 2180 2283 pium
2213 2221 2426 2269 tantum
2458 2214 2781 2283 invenitur;
2818 2215 2906 2271 hic
2953 2219 3101 2272 enim
3155 2215 3438 2286 lzetilieans
3493 2218 3613 2271 ani-

2030 2318 2203 2369 mum,
2265 2305 2568 2361 secundum
2638 2305 3035 2376 Ecclesiasten,
3083 2307 3294 2364 vultum
3359 2322 3612 2364 serenum

2033 2405 2324 2454 monstrat.
2363 2397 2525 2456 Certe
2559 2399 2834 2456 serenitas
2889 2400 3075 2457 cordis
3126 2415 3387 2456 curarum
3422 2406 3474 2456 et
3507 2399 3616 2455 sol-

2031 2481 2380 2540 licitudinum
2415 2486 2721 2542 absentiam
2776 2488 2982 2558 quibus
3034 2491 3297 2547 mortales
3346 2499 3615 2548 vexantur

2033 2585 2323 2633 monstrat.
2357 2575 2528 2633 Undae
2554 2579 2699 2634 enim
2729 2595 2850 2650 qua:
2875 2580 3040 2636 corda
3074 2591 3256 2638 vestra
3289 2581 3616 2653 perturbant

2033 2678 2085 2724 ct
2115 2678 2348 2726 mentem
2390 2670 2657 2741 trepidam
2692 2671 2924 2738 faciunt,
2961 2681 3086 2743 post
3137 2682 3515 2745 tempestatem
3549 2677 3612 2728 ad
3718 2689 3719 2692 ‘

2035 2761 2482 2832 tranquillitatem
2514 2763 2784 2832 redeunt;
2829 2763 2971 2821 Deus
3013 2767 3158 2822 enim
3183 2767 3339 2836 jubet
3369 2777 3423 2822 et
3454 2781 3616 2823 curas

2035 2865 2249 2910 vestras
2289 2869 2355 2910 ex
2400 2853 2604 2911 animis
2653 2856 2854 2911 vestris
2885 2856 3068 2927 eripit.
3133 2856 3478 2913 Manifestum
3535 2865 3620 2912 est

2037 2953 2218 3001 autem
2251 2945 2395 3016 quod
2436 2946 2810 3017 tranquillitas
2846 2963 2954 3003 non
2994 2947 3413 3019 tranquillitatis
3442 2949 3614 3005 simu-

2036 3038 2245 3094 lacrum
2279 3039 2503 3095 exhibet
2531 3057 2548 3106 ;
2589 3038 2771 3096 dill'ert
2802 3041 2946 3096 enim
2974 3041 3116 3096 inter
3147 3041 3385 3112 speciem
3418 3049 3471 3096 et
3498 3055 3616 3095 rea-

2038 3131 2268 3188 litatem.
2288 3130 2761 3198 Quemadmodum
2784 3133 2926 3187 enim
2956 3133 3101 3187 inter
3147 3142 3341 3188 czetera
3365 3130 3616 3201 corporis

2037 3225 2280 3280 membra
2308 3224 2491 3279 vultus
2527 3239 2755 3282 serenus
2799 3226 3041 3282 hominis
3067 3226 3310 3281 lzetitiam
3349 3224 3612 3286 ostendit,

2038 3323 2093 3370 et
2118 3313 2574 3385 quemadmodum
2607 3313 2778 3370 facies
2819 3315 3132 3371 serenitatis
3166 3317 3455 3386 speculum
3509 3325 3615 3377 est,

2038 3407 2117 3463 sic
2149 3402 2244 3461 eor
2276 3407 2413 3462 dixit
2443 3422 2696 3462 serenum
2729 3407 2882 3478 cujus
2936 3408 3193 3479 gaudium
3227 3408 3280 3462 in
3314 3409 3466 3462 vultu
3533 3424 3620 3463 re-

2037 3501 2322 3570 splendet;
2358 3517 2552 3557 roseus
2594 3502 2742 3557 enim
2787 3505 2835 3556 ei
2863 3503 3012 3556 color
3055 3502 3294 3569 insidet;
3329 3517 3450 3572 qum
3495 3501 3622 3571 qui-

2041 3597 2166 3648 dem
2203 3601 2519 3649 sanctorum
2566 3609 2784 3663 quoilue
2832 3593 3051 3647 Patrum
3113 3594 3299 3663 opinio
3340 3595 3459 3658 fuit,
3490 3609 3623 3662 qun-

2040 3699 2162 3736 rum
2201 3683 2482 3737 voracitati
2520 3697 2627 3737 non
2651 3683 2871 3739 resistet
2897 3685 2989 3752 qui
3022 3699 3116 3739 cor
3149 3701 3403 3740 serenum
3434 3684 3621 3744 habet,

2040 3775 2272 3844 etquod
2328 3776 2382 3830 in
2433 3776 2542 3830 Deo
2601 3787 2657 3829 ut
2694 3784 2814 3831 tuto
2853 3785 3013 3845 portu
3074 3776 3341 3847 refugium
3405 3777 3624 3846 quaerit.

2036 3870 2110 3924 Ea
2145 3870 2288 3925 enim
2316 3885 2442 3924 vera
2472 3872 2742 3926 serenitas
2779 3885 2887 3925 non
2938 3871 3242 3940 interrupta
3274 3879 3473 3924 aeterna
3499 3871 3622 3924 erit.

2038 3963 2146 4017 Cor
2177 3962 2322 4017 enim
2351 3961 2529 4016 laetum
2562 3976 2671 4016 non
2706 3976 2842 4032 Opus
2891 3961 3053 4017 habet
3100 3972 3156 4017 ut
3189 3962 3370 4017 hetum
3395 3962 3627 4020 sistatur

2039 4067 2094 4110 et
2125 4053 2514 4110 inﬂammetur.
2555 4053 2700 4111 Vera
2729 4057 2873 4111 enim
2932 4054 3361 4126 tranquillitas-e
3391 4055 3627 4111 termino

2039 4148 2257 4204 Christo
2294 4157 2346 4204 et
2386 4148 2626 4220 genuino
2661 4147 2841 4206 Verbo
2879 4148 3057 4220 prodit
3087 4148 3230 4216 quod
3295 4149 3376 4204 vel
3421 4159 3628 4218 tempe-

2051 4242 2178 4298 stati
2237 4241 2476 4310 imperat
2519 4252 2572 4298 et
2603 4241 2774 4298 undas
2830 4242 3053 4311 subigit.
3115 4239 3408 4298 Terminus
3463 4243 3629 4313 igitur

2049 4335 2213 4401 fixus,
2250 4333 2474 4391 verbum
2507 4343 2684 4390 tutum
2712 4333 2865 4390 cordi
2901 4333 3350 4404 tranquillitatem
3373 4333 3626 4401 largitur.

2049 4425 2184 4480 Illud
2218 4425 2366 4482 enim
2416 4426 2770 4482 serenitatem
2807 4425 3034 4492 stabilit,
3065 4435 3118 4482 et
3143 4426 3221 4482 sic
3245 4442 3438 4482 omnes
3469 4426 3630 4481 undae

2052 4517 2367 4574 immobiles
2426 4517 2772 4585 redduntur;
2812 4518 2960 4572 venti
3018 4518 3164 4574 enim
3226 4533 3290 4572 ac
3354 4533 3504 4573 mare
3535 4517 3630 4572 Dei

2049 4610 2297 4679 iubentis
2330 4610 2478 4664 dicto
2529 4608 2812 4664 obediunt.

353 4704 662 4774 γαληνότης
723 4704 1140 4765 άκατάκλυστος
1198 4702 1296 4757 καὶ
1370 4702 1590 4771 ἀδιεχής
1664 4703 1740 4765 ὡς
1802 4701 1944 4770 ὑπὲρ
1985 4705 2168 4758 πᾶσαν
2216 4702 2507 4774 συνέχειαν
2539 4701 2630 4754 διά
2671 4719 2732 4754 τε
2767 4704 2864 4756 καὶ
2896 4701 3115 4755 αίὼνιον
3173 4700 3341 4768 αὐτῆς
3377 4701 3469 4753 καὶ
3536 4699 3634 4753 οῦ-

352 4819 460 4865 τως
492 4801 964 4854 ἀκατάπαυστονο
1007 4796 1082 4860 ὼς
1130 4791 1273 4851 εῖναι
1326 4796 1748 4867 γαληνόμορφον
1797 4798 2027 4868 καρδίαν
2059 4799 2120 4850 οὐ
2143 4796 2243 4866 τὴν
2277 4793 2710 4868 μορφαζομιίνην
2780 4795 2856 4857 ὡς
2913 4795 2996 4858 είς
3059 4794 3320 4865 γαλήνην,
3397 4793 3540 4847 κατὰ
3573 4785 3635 4844 τὸ

355 4894 414 4946 ὲν
443 4894 556 4956 τοῖς
611 4893 741 4962 έξῆς
772 4888 1225 4964 πυρσομορφοῦν,
1263 4889 1401 4942 ἀλλὰ
1455 4888 1558 4959 τὴν
1593 4888 1809 4958 ἀληθῶς
1851 4891 2155 4961 εὐγάληνον
2221 4889 2310 4942 διὰ
2360 4888 2422 4942 τὸ
2492 4890 2616 4944 κατ’
2652 4888 2823 4960 αὐτὴν
2868 4887 3112 4958 βέϐαιον,
3181 4887 3317 4956 ὅπερ
3358 4884 3482 4956 ἔσχε
3546 4884 3636 4938 διὰ

353 4987 450 5040 τοῦ
485 4987 782 5058 βεϐηκότος
813 4985 944 5057 ὅρου
977 4983 1220 5054 Χριστοῦ
1268 4979 1363 5036 τοῦ
1399 4981 1494 5034 καὶ
1528 4981 1938 5051 ἀτρεκεστάτου
1979 4983 2163 5049 λόγου,
2200 4981 2297 5034 τοῦ
2348 4980 2446 5035 καί⁵
2488 4981 2878 5045 ἐπιτάσσοντος
2939 4981 3005 5050 τῇ
3083 4978 3363 5046 καταιγὶδι
3444 4979 3636 5046 στῆνσι

358 5084 434 5144 είς
468 5078 665 5150 αὔραν,
699 5083 796 5133 καὶ
821 5077 1213 5142 ταπεινοῦντος
1239 5077 1306 5131 τά
1334 5076 1560 5144 κύματα
1585 5091 1600 5107 ο
1626 5075 1769 5128 ὥστε
1815 5075 2012 5146 συνοχὴ
2048 5077 2144 5146 τῆς
2213 5075 2369 5129 κατὰ.
2424 5073 2848 5146 γαληνόμορφον
2886 5072 3116 5142 καρδίαν
3168 5073 3398 5136 ἑννοίας,
3472 5074 3500 5124 6
3565 5075 3639 5122 εί-

364 5179 595 5250 ρημένος
623 5176 874 5248 βεϐηκὼς
905 5178 1051 5246 ὄρος,
1079 5177 1106 5228 ὁ
1138 5173 1380 5244 ἀτρεκὴς
1415 5176 1593 5243 λόγος,
1630 5175 1657 5227 6
1693 5175 1790 5228 καὶ
1821 5173 2088 5240 ἐπιτάξας
2118 5174 2258 5245 πρὸς
2284 5172 2544 5244 ἀλήθειαν
2605 5172 2701 5226 καὶ
2757 5171 2960 5226 αὐτίκα
3032 5171 3264 5242 ποιήσας
3339 5169 3640 5240 βεϐηκυῖτνν

362 5269 602 5339 γαλήνην
633 5267 814 5323 εἴτουν
846 5267 1141 5339 σταθερὰν,
1179 5267 1247 5322 δι’
1288 5262 1351 5323 οὗ
1382 5264 1774 5338 άτρεμίζονται
1808 5267 2040 5321 παντοῖα
2095 5266 2354 5334 κύματα,
2396 5265 2471 5330 ὡς
2517 5265 2754 5320 καὶτῶν
2823 5265 3042 5335 ἀνέμων
3110 5265 3206 5318 καὶ
3271 5263 3371 5333 τῆς
3445 5258 3642 5313 θαλάσ-

366 5381 465 5430 σης
494 5365 714 5428 ὁποίους
765 5364 832 5418 ἂν
889 5365 985 5418 καὶ
1035 5363 1235 5428 αὐτοὺς
1284 5363 1380 5417 καὶ
1410 5362 1630 5434 ἐκείνην
1660 5361 1948 5416 ἐκλάϐοιτό
1971 5354 2506 5432 τις,’“ὑπακουόντων
2533 5363 2740 5419 αὐτῶν.

433 5459 531 5526 νβ’.
569 5457 642 5512 Τδ
692 5457 748 5512 δὲ
787 5459 1001 5512 ἐκτελεῖ
1049 5459 1151 5529 οὐχ
1198 5429 1621 5520 ἀπλῶςνκεττάι
1681 5458 1804 5510 ἀντὶ
1855 5457 1950 5512 τοῦ

2065 5429 2075 5432 ”
2129 5457 2218 5512 52.
2255 5457 2391 5513 Illud
2422 5458 2633 5513 ἐκτελεῖ
2663 5474 2829 5530 porro
2864 5429 2963 5531 pro
2999 5459 3146 5513 ποιεῖ
3179 5456 3421 5527 legitur;
3457 5462 3682 5523 poeta--

369 5553 530 5617 ποιεῖ,
565 5552 686 5605 ὅθεν
717 5551 900 5605 λαϐών
931 5569 1014 5616 τις
1070 5551 1513 5622 ποιητικώτερον
1569 5547 1725 5604 εἶπεν
1774 5549 1840 5603 ἂν
1888 5549 1948 5602 εὖ

2061 5568 2184 5606 rum
2236 5553 2380 5608 enim
2427 5567 2576 5608 more
2625 5567 2787 5608 sensa
2840 5553 3152 5622 exprimere
3201 5549 3391 5605 volens
3446 5546 3643 5602 melius

370 5647 534 5709 ποιεῖ,
565 5645 597 5715 ἦ
636 5648 730 5697 καὶ
775 5644 954 5707 ἄλλως
984 5645 1158 5698 οὖσιοῐ
1184 5643 1216 5714 ἢ
1247 5645 1406 5714 ἁρτοῖ
1431 5659 1444 5673 '
1480 5643 1619 5696 ἀλλὰ
1670 5642 1830 5712 δῆλον
1867 5644 1950 5698 ὅτι

2061 5648 2240 5702 οὑσιοῖ
2277 5659 2371 5702 aut
2403 5649 2562 5718 άρτοῖ
2599 5647 2855 5703 dixisset.
2889 5643 2995 5700 Sed
3024 5645 3144 5700 sine
3197 5643 3366 5700 dubio
3401 5655 3498 5696 cor
3556 5654 3644 5693 see

367 5740 514 5790 ποιεῖ
570 5737 674 5806 μὲν
721 5735 954 5807 καρδίαν
983 5736 1424 5806 γαληνόμορφον,
1462 5735 1602 5804 πλὴν
1642 5735 1741 5789 οὐκ
1773 5734 1950 5799 ἄλλως

2061 5755 2253 5795 renum
2289 5741 2484 5805 reddit,
2520 5743 2611 5796 sed
2672 5755 2798 5793 eum
2856 5736 3142 5794 sanctione
3199 5750 3322 5807 quae
3393 5731 3645 5790 homines

372 5832 507 5887 ἀλλὰ
540 5832 945 5903 τελεταρχικῶς
990 5832 1086 5885 καὶ
1149 5831 1291 5884 κατά
1342 5849 1465 5884 τινα
1519 5832 1740 5901 τελετὴν
1789 5831 1952 5900 ἁγίαν

2062 5832 2420 5902 perfectiores
2481 5830 2678 5886 reddit.
2747 5831 2848 5886 libi
2887 5829 3049 5894 enim
3115 5829 3238 5899 quis
3294 5826 3644 5886 serenitatem
