3996 6194
391 249 492 314 567

1102 257 1520 319 EUSTATHII
1555 260 2311 321 THESSALONICENSIS
2350 257 2908 320 METROPOLITIB

3552 259 3654 321 5(ιὸ

393 371 695 426 Secundum
731 371 938 437 Deum,
959 383 1146 442 postea
1178 373 1480 432 secundum
1513 375 1818 438 hominem.
1847 376 1964 432 lieri

2077 375 2138 428 δι’
2184 372 2251 448 ἧς
2292 375 2575 444 ἄνθρωποι
2622 371 3028 440 τελειούμεθα·
3084 371 3190 426 ποῦ
3244 359 3367 444 γάρ’
3405 372 3473 426 ἂν
3513 372 3656 424 εἴποι

391 464 558 527 dicet,
589 472 645 515 ut
683 463 811 518 hinc.
849 463 1148 534 perfectum
1175 466 1312 522 dicit
1354 483 1480 524 eum
1511 469 1602 536 qui
1637 479 1826 525 sancte
1880 470 1972 524 lai-

393 555 602 609 tatur?
649 553 704 609 Si
757 565 940 612 autem
989 571 1088 612 cor
1139 573 1250 612 non
1317 558 1602 618 indeﬁnite
1665 561 1817 625 dicit,
1875 561 1968 617 sed

394 663 519 700 cum
575 647 809 702 articulo
866 657 923 704 et
979 649 1296 706 deﬁnitione
1335 653 1602 720 generali,
1657 653 1808 708 brevi
1875 669 1973 708 cor

396 737 488 792 Dei
541 752 733 796 amans
790 741 1143 798 revelabitur.
1183 742 1407 806 Talibus
1451 746 1604 804 enim
1662 745 1972 801 hominibus

395 827 584 882 cordis
618 833 974 890 serenitatem
1015 838 1350 904 impertitur.
1393 838 1630 896 eiliciens
1675 853 1798 896 alia:
1849 853 1973 906 pro-

399 919 571 976 misit.
623 923 728 978 Sed
765 942 871 984 non
913 942 1010 994 pro
1059 931 1223 986 corde
1266 930 1383 996 ipso
1437 931 1812 988 misericordia
1871 932 1972 986 hoc

395 1013 612 1080 quidem
684 1017 803 1072 loco
872 1021 1186 1088 accipienda
1245 1035 1363 1082 est.
1437 1024 1532 1084 sed
1607 1025 1674 1078 ad
1735 1025 1970 1079 animam

397 1105 568 1172 ipsam
610 1112 1002 1170 recurrentium
1048 1122 1154 1179 est,
1210 1118 1355 1184 quod
1429 1116 1596 1172 etiam
1633 1115 1813 1171 facere
1856 1116 1973 1170 vult

394 1197 440 1249 is
471 1199 562 1265 qui
603 1201 732 1256 dicit
773 1203 915 1272 quod
951 1219 1049 1260 cor
1100 1216 1156 1260 et
1189 1221 1318 1260 caro
1382 1207 1554 1273 ipsius
1610 1209 1664 1263 in
1717 1208 1828 1262 Deo
1883 1223 1975 1264 ex-

394 1289 628 1356 sultant;
687 1309 795 1350 non
823 1297 968 1352 enim
999 1311 1093 1352 cor
1126 1297 1193 1352 ad
1231 1297 1436 1366 aliquid
1466 1301 1611 1369 quod
1633 1299 1818 1356 carnis
1851 1315 1977 1367 par-

395 1379 568 1453 ticeps
640 1400 747 1440 non
793 1396 878 1442 est
935 1389 1162 1459 relegat.
1212 1386 1369 1445 Patet
1416 1401 1597 1446 autem
1660 1392 1807 1461 quod
1875 1406 1973 1460 per

395 1487 492 1527 cor
518 1475 842 1532 variationis
887 1493 1017 1548 ergo
1049 1480 1278 1548 spiritus
1312 1481 1542 1550 intelligi
1573 1481 1757 1539 debet.
1787 1481 1973 1548 Quare

395 1565 559 1617 etiam
625 1567 793 1621 David
829 1562 1118 1640 postquam
1153 1573 1290 1630 dixit
1336 1575 1592 1643 spiritum
1649 1575 1968 1643 contritum,

2073 484 2160 529 τις
2191 468 2290 537 τὴν
2320 467 2463 522 κατά
2509 467 2644 521 Θεὸν
2677 466 3018 534 εὐφρόσυνον
3066 464 3313 534 γαλήνην
3365 464 3507 518 κατά
3559 463 3660 534 τὴν

2073 557 2428 628 ἀνθρωπίνην
2456 559 2763 621 ποιεῖσθαι,
2797 557 2873 622 ὥς
2907 557 3162 611 ἐντεῦθεν
3206 557 3302 612 καὶ
3332 557 3665 618 τετελεσμέ-

2074 668 2164 707 νον
2190 651 2362 718 άγίως
2387 651 2642 718 λέγεσθαι
2682 652 2775 704 τὸν
2829 649 2951 704 κατ’
2983 649 3157 717 αὐτὴν
3191 649 3660 718 εὐφραινόμενον;

2077 741 2193 812 Τὴν
2243 742 2473 813 καρδίαν
2519 741 2578 795 δὲ
2635 740 2809 794 εἰπὼν
2859 742 2982 811 οὐχ)⁷
3037 740 3335 808 ἀορίστως,
3378 740 3495 793 ἀλλ’
3549 736 3665 792 οἷον

2077 832 2219 903 μετὰ
2251 832 2692 905 προσδιορισμοῦ
2726 832 3026 886 καθολικοῦ
3057 831 3147 886 διὰ
3171 833 3233 885 τὸ
3262 831 3489 902 ἄρθρον,
3517 832 3664 900 τάχα

2074 925 2141 979 ἂν
2178 926 2347 980 πᾶσιν
2383 925 2612 995 καρδίαν
2643 925 2830 993 δηλοῖ·
2883 925 3112 994 θεοφιλῆ
3146 925 3205 978 δὲ
3241 926 3465 987 πάντως
3515 925 3667 978 ἐκεί-

2075 1033 2214 1088 νην·
2242 1019 2339 1082 τὰς
2385 1018 2645 1080 τοιαύτας
2692 1017 2802 1088 γὰρ
2845 1021 2872 1072 ὁ
2933 1020 3169 1088 Χριστὸς
3199 1017 3665 1088 γαληνομόρφους

2076 1112 2258 1174 ποιεῖ,
2300 1109 2668 1181 ἐργαζόμενος
2705 1111 2848 1178 ειπερ
2881 1111 3176 1179 ὑπέσχετο.
3230 1110 3304 1162 Οὐ
3348 1109 3409 1161 τὸ
3446 1109 3670 1173 σπλάγ-

2075 1220 2201 1272 χνον
2238 1187 2296 1256 δὲ
2337 1203 2470 1256 αὐτὸ
2518 1203 2750 1273 καρδίαν
2787 1201 3015 1273 νοητέον
3061 1200 3299 1255 ἐνταῦθα
3322 1242 3338 1267 ,
3372 1201 3494 1254 ἀλλ’
3532 1203 3672 1252 ava-

2076 1294 2271 1348 δατέον
2310 1294 2369 1360 ἐξ
2401 1295 2571 1364 αὐτῆς
2608 1294 2860 1364 συνήθως
2893 1295 2974 1356 είς
3000 1295 3098 1365 τὴν
3127 1293 3312 1363 ψυχήν
3337 1306 3352 1326 ⁸
3388 1293 3417 1345 ὃ
3442 1292 3505 1360 δὴ
3541 1291 3672 1362 βού-

2075 1387 2228 1440 λεται
2258 1391 2434 1443 ποιεῖν
2467 1394 2564 1442 καὶ
2589 1390 2617 1441 6
2645 1387 2744 1458 τὴν
2767 1387 2999 1458 καρδίαν
3021 1385 3190 1440 αὐτοῦ
3222 1385 3319 1440 καὶ
3346 1384 3448 1447 τὴν
3477 1386 3669 1454 σάρκα

2074 1478 2277 1546 ἐνθέως
2331 1481 2696 1547 ἀγαλλιᾶσθαι
2750 1477 3032 1549 φάμενος·
3071 1479 3134 1532 οὐ
3187 1479 3365 1548 δήπου
3423 1477 3534 1546 γὰρ
3561 1477 3672 1546 τὴν

2075 1571 2308 1642 καρδίαν
2350 1571 2430 1636 είς
2481 1589 2534 1626 τι
2585 1572 2831 1641 ἇσαρκον
2867 1572 3051 1625 ἐκεῖνο
3107 1568 3387 1633 ἁπέταξε·
3420 1568 3584 1638 δῆλον
3616 1568 3671 1620 δ’

397 1669 492 1707 cor
519 1658 817 1714 contritum
868 1659 1041 1714 addit.
1096 1661 1200 1716 Per
1249 1663 1388 1717 banc
1453 1663 1598 1718 enim
1642 1664 1968 1735 prmcipuam

2077 1664 2158 1716 ὅτι
2183 1663 2278 1716 καὶ
2317 1662 2518 1717 ταυτόν
2549 1663 2665 1717 ἐστι
2713 1662 2948 1732 καρδίαν
2986 1662 3208 1732 πνεῦμα
3236 1663 3414 1734 εἰπεῖν
3444 1661 3668 1714 πολυωο

398 1753 630 1811 partem,
660 1744 780 1816 quae
805 1746 1056 1818 principii
1094 1750 1215 1804 loco
1247 1753 1300 1806 in
1327 1754 1486 1810 nobis
1507 1763 1611 1817 est,
1635 1754 1744 1808 vita
1783 1755 1974 1808 huma-

399 1853 463 1889 na
505 1847 559 1891 et
599 1840 780 1893 omnis
816 1840 989 1894 virtus
1037 1842 1305 1910 spiritalis
1365 1853 1420 1898 et
1454 1845 1810 1914 cogitationes
1861 1845 1972 1914 spi-

395 1929 578 1984 ritales
610 1931 984 2002 indigitantur.

2081 1752 2281 1823 νυμίας
2306 1753 2474 1824 λόγῳ·
2509 1754 2590 1808 διδ
2616 1754 2710 1811 καὶ
2741 1754 2770 1806 ό
2800 1752 2966 1806 Δαϐὶδ
2997 1751 3173 1806 εἰπὼν
3205 1751 3428 1819 πνεῦμα
3473 1765 3671 1803 συντε-

2079 1844 2408 1914 τριμμένον,
2461 1844 2825 1898 ἐπισυνάπτει
2873 1844 3105 1912 καρδίαν
3148 1841 3668 1925 συντετριμμένην·

2082 1936 2164 1990 δι’
2188 1933 2258 2010 ἧς
2314 1939 2686 2008 καιριωτάτου
2725 1937 2915 2010 μορίου
2966 1938 3024 1990 ἐν
3059 1937 3193 2008 ἡμῖν
3227 1935 3396 2005 οὔσης
3431 1936 3530 1987 ml.
3556 1935 3671 2002 ἀρ-

395 2022 573 2092 χικοῦ,
611 2025 708 2078 καὶ
761 2028 794 2096 ἡ
850 2027 1167 2101 ἀνθρωπίνη
1222 2030 1476 2100 δηλοῦται
1529 2029 1642 2100 (te!)
1689 2045 1839 2093 ποτε,
1876 2028 1972 2080 καὶ
2046 2033 2200 2084 πᾶσα
2266 2033 2498 2103 δύναμις
2549 2031 2786 2104 ψυχικὴ,
2839 2031 2938 2085 καὶ
2980 2031 3048 2088 τὰ
3094 2030 3302 2101 ψυχικὰ
3354 2028 3410 2082 δὲ
3463 2026 3672 2096 φρονή-

400 2132 566 2184 ματα.
2982 2157 2997 2171 .

473 2212 564 2267 55.
605 2211 754 2282 Opus
786 2210 910 2268 dein
940 2213 1282 2284 perfecuirus
1315 2225 1372 2272 et
1407 2233 1506 2271 nos
1549 2217 1849 2273 exhortans
1900 2231 1974 2272 ne

2146 2213 2248 2284 νγ’.
2291 2215 2365 2269 Τδ
2396 2214 2455 2268 δὲ
2486 2213 2650 2284 ἔργον
2703 2216 2814 2287 γὰρ
2846 2215 3182 2288 ἐκπεράνας,
3232 2214 3328 2269 καὶ⁸
3377 2215 3506 2285 ἑξῆς
3539 2233 3674 2270 παι-

402 2320 718 2361 sermonum
750 2317 1050 2365 sectatores
1081 2311 1256 2366 simus
1279 2351 1296 2376 ,
1331 2315 1474 2379 quod
1509 2311 1730 2380 quidem
1763 2309 1975 2369 homini

2077 2308 2250 2364 δεύειν
2289 2308 2560 2379 ἁριδήλως
2609 2310 2758 2380 ἡμᾶς
2813 2309 3073 2378 βούλεται
3119 2309 3194 2380 μὴ
3235 2309 3429 2377 λόγους
3461 2309 3673 2377 φιλεῖν,

400 2397 660 2468 prudenti
707 2399 895 2454 minus
940 2401 1192 2470 expedit,
1236 2410 1296 2460 ut
1325 2401 1439 2472 jam
1477 2411 1722 2458 veterum
1772 2399 1975 2470 aliquis

2077 2403 2213 2473 ὅπερ
2238 2401 2299 2454 οὐ
2337 2401 2560 2472 στέργει
2611 2401 2903 2472 ἄνθρωπος
2945 2401 3183 2470 φρονῶν,
3219 2400 3363 2454 καθά
3410 2417 3495 2462 τις
3529 2400 3676 2469 φθά-

404 2491 614 2557 docuit,
649 2491 700 2547 id
732 2494 978 2564 praecipit
1007 2503 1066 2548 ut
1106 2493 1362 2564 periecue
1399 2495 1659 2550 amicitiae
1696 2492 1975 2560 adhaerea-

2080 2508 2179 2552 σας
2207 2492 2651 2562 ἐγνωμάτευσεν,
2710 2492 2846 2548 ἀλλὰ
2905 2492 3160 2546 σπεύδειν
3199 2493 3538 2564 ἐργάζεσθαι
3592 2497 3670 2548 τὰ

400 2599 558 2647 mus;
613 2600 682 2646 ne
734 2587 1079 2658 sermonibus
1139 2595 1193 2640 et
1243 2603 1399 2644 vanis
1452 2587 1654 2657 apehus
1696 2585 1862 2641 illecti
1917 2593 1975 2639 ut

2081 2584 2220 2656 πρὸς
2273 2587 2460 2656 ἐντελῆ
2518 2585 2744 2655 φιλίαν·
2807 2587 2892 2639 ἵνα
2947 2587 3021 2658 μὴ
3079 2586 3256 2655 λόγων
3333 2588 3512 2656 μόνων
3569 2589 3676 2643 καὶ

396 2677 766 2732 somniatores
794 2657 846 2732 et
881 2680 1172 2733 mendaces
1205 2679 1477 2734 vivamus.
1509 2677 1590 2732 Tu
1639 2678 1804 2749 igitur
1831 2675 1975 2746 quod

2078 2676 2189 2732 τῶν
2242 2676 2492 2730 ἐντεῦθεν
2541 2678 2777 2732 ἐλπίδων
2832 2657 3308 2749 ἀπαιωρούμενοι,
3334 2678 3411 2742 ὡς
3441 2680 3500 2732 ἐν
3526 2680 3680 2732 ὀνεί-

401 2767 668 2836 scriptum
704 2775 887 2824 exstat
951 2779 1099 2837 nota,
1151 2771 1378 2841 etquod
1431 2772 1498 2828 ad
1544 2771 1972 2841 omnipotentem

2085 2785 2197 2839 ροις
2225 2767 2432 2838 ζῶμεν,
2451 2768 2696 2834 γλυκέως
2726 2769 3247 2839 ἐλπιδοκοπούμενοι
3269 2773 3365 2824 καὶ
3391 2770 3452 2822 τὸ
3475 2770 3678 2840 δαιμοο

403 2857 568 2910 lleutu
627 2868 836 2928 spectat
886 2861 956 2916 ob
1010 2865 1198 2919 oculos
1244 2879 1406 2933 pone.
1459 2862 1745 2932 Εὐφρανεν
1788 2871 1972 2919 autem

2081 2859 2234 2914 νικδν
2263 2860 2464 2930 ψεῦδος
2510 2859 2653 2915 οὕτω
2707 2861 3226 2934 παρρησιάζοντες·
3263 2863 3577 2932 σημείωσαι
3612 2863 3675 2915 δὲ

399 2951 564 3004 Attici
597 2951 808 3018 dicunt,
840 2965 1192 3023 augmentum
1225 2957 1476 3014 naturale
1513 2956 1775 3011 adhibere
1823 2963 1972 3010 sata-

2079 2953 2143 3006 τὸ
2185 2953 2422 3008 ἐνταῦθα
2456 2955 2670 3023 γραφὲν
2725 2955 2910 3026 ἔργον,
2948 2955 3046 3008 καὶ
3091 2954 3163 3009 τὰ
3209 2955 3335 3009 κατ’
3383 2954 3519 3010 αὐτδ
3549 2955 3675 3008 θεῖα

398 3052 612 3110 gentes,
649 3043 794 3098 sicut
823 3046 875 3098 iu
921 3046 1206 3117 εὐλόγησε,
1243 3046 1598 3120 εὐδοκίμησε,
1642 3047 1970 3126 εὐμοίρησε,

400 3132 688 3203 εὐμάρισε,
719 3130 866 3205 εῦρε,
891 3137 1180 3207 εὐτύχησε,
1211 3138 1526 3209 εὐκρίνησε,
1565 3150 1620 3196 et
1651 3121 1880 3194 in‘aliis.
1915 3136 1973 3194 Si
2001 3120 2044 3178 (ἶ

399 3227 522 3296 quis
557 3237 737 3282 autem
778 3247 811 3300 η
843 3227 926 3286 bis
948 3233 1170 3288 vocibus
1193 3231 1521 3302 praesignare
1548 3233 1802 3297 voluerit,
1829 3247 1981 3306 comp-

402 3319 550 3371 ιιιιιιιί
600 3319 832 3374 dialecto
884 3336 942 3375 se
991 3320 1342 3378 coniormans
1396 3322 1577 3380 iaciat.
1611 3321 1752 3380 Nota
1795 3332 1980 3376 autem

399 3414 544 3476 quod
583 3411 751 3467 dictio
783 3415 1036 3483 superius
1074 3414 1281 3484 prolata
1306 3457 1320 3480 ,
1377 3415 1540 3485 ἔργον
1579 3415 1690 3486 γὰρ
1734 3416 1978 3485 περάνας

399 3502 632 3573 εὖφρανε
686 3505 896 3574 φίλους,
957 3507 1172 3562 duobus
1214 3508 1267 3562 in
1306 3508 1440 3564 locis
1490 3507 1628 3564 falsa
1659 3517 1773 3572 est;
1809 3509 1979 3578 parti-

399 3595 598 3662 cipium
624 3595 767 3650 enim
799 3613 955 3666 ωιμιε
987 3613 1050 3652 ac
1076 3599 1301 3654 verbum
1329 3599 1507 3669 ipsum
1531 3601 1671 3655 male
1697 3614 1758 3654 se
1789 3599 1973 3654 habet.

403 3683 632 3748 Quando
658 3685 804 3739 enim
837 3697 1067 3754 quartus
1099 3703 1193 3757 pes
1219 3690 1498 3759 spondeus
1532 3697 1615 3744 est
1643 3705 1767 3744 cum
1805 3687 1974 3753 liuali,

398 3789 448 3829 ct
496 3777 810 3846 ἐκπεράνας
853 3790 910 3834 ut
949 3778 1128 3850 τύψας
1166 3790 1262 3834 aut
1294 3781 1479 3848 λέξας,
1521 3791 1650 3848 etc.,
1678 3781 1973 3850 profertur,

399 3867 650 3937 quintum
692 3885 912 3941 quoque
966 3872 1156 3942 pedem
1217 3872 1746 3945 brachycatalcctum
1814 3873 1976 3928 habet

399 3971 590 4014 contra
621 3976 894 4028 normam,
927 3963 1084 4036 quasi
1149 3965 1365 4020 iambus
1385 3977 1478 4022 aut
1513 3967 1785 4022 trochaeus
1807 3975 1971 4023 esset.

398 4051 584 4123 Itaque
610 4070 719 4108 non
754 4054 912 4112 facile
938 4066 1022 4110 est
1046 4073 1263 4112 versum
1295 4057 1596 4115 secundum
1625 4071 1972 4118 communem

401 4152 647 4197 nostrum
669 4143 962 4202 iambeium
982 4147 1245 4200 scandere
1267 4163 1329 4202 ac
1355 4148 1552 4203 metiri.
1580 4149 1636 4204 Si
1655 4149 1779 4220 quis
1795 4159 1974 4206 autem

2080 3040 2155 3099 ῶν
2201 3045 2387 3099 ἕνεκεν
2432 3047 2774 3116 παντουργὸς
2796 3049 2823 3100 ό
2857 3048 2988 3111 Θεὸς
3015 3085 3031 3110 ,
3061 3048 3136 3111 ὡς
3167 3049 3226 3100 ἐν
3258 3049 3372 3110 τοῖς
3405 3045 3530 3114 ἑξῆς
3565 3064 3676 3116 φα-

2088 3139 2282 3193 νεῖται.
2314 3139 2386 3192 Τὸ
2416 3139 2472 3192 δὲ
2505 3138 2778 3209 εὐφρανεν
2814 3140 3053 3194 ’Δττικοὶ
3077 3139 3352 3206 λέγουσιν,
3383 3139 3672 3207 ἀρκούμε-

2083 3246 2163 3283 νοι
2194 3231 2261 3299 τῇ
2292 3231 2435 3284 κατὰ
2481 3229 2646 3300 φύσιν
2677 3230 2905 3299 αὐξήσει
2932 3233 2998 3301 τῇ
3033 3229 3129 3284 τοῦ
3164 3230 3482 3294 ἐνεστῶτος,
3521 3231 3674 3284 καθὰ

2081 3321 2178 3374 καὶ
2228 3322 2289 3375 τὸ
2343 3323 2628 3394 εὐλόγησε,
2677 3325 2773 3378 καὶ
2824 3323 3189 3391 εὐδοκίμησε,
3221 3321 3315 3375 καὶ
3341 3321 3670 3390 εὐμοίρησε,

2079 3414 2172 3465 καὶ
2200 3413 2489 3482 εὐμάρισε,
2521 3415 2618 3466 καὶ
2648 3407 2800 3483 εὗρε,
2831 3414 2944 3474 ικαὶ
2979 3413 3268 3482 εὐτύχησε,
3317 3413 3414 3466 καὶ
3465 3413 3666 3482 εὐκρίο

2080 3524 2232 3574 νησε,
2274 3507 2371 3559 καὶ
2398 3508 2497 3560 ὅσα
2530 3505 2776 3559 τοιαῦτα.
2808 3507 2870 3559 Εἰ
2917 3506 2973 3560 δέ
3025 3523 3111 3568 τις
3148 3505 3206 3558 τὺ
3257 3523 3290 3574 η
3337 3504 3674 3573 προκαθίξει

2078 3598 2190 3650 τῶν
2219 3597 2478 3650 τοιούτων
2529 3596 2754 3662 λέξεων,
2791 3595 3170 3666 χειροτονείτω
3201 3597 3380 3649 ἐκεῖνο
3433 3595 3506 3657 ὡς
3541 3595 3671 3663 βού-

2079 3689 2238 3745 λεται
2268 3690 2632 3761 χαριζόμενος
2684 3692 2752 3760 τῇ
2807 3689 3082 3758 κοινότητι
3108 3705 3121 3718 ·
3155 3688 3463 3757 σημείιιισαι
3493 3688 3552 3740 δέ
3581 3688 3670 3741 ὅτι

2078 3783 2139 3835 τὸ
2174 3783 2458 3852 προσεχῶς
2485 3781 2824 3850 ἐξηγημένον
2852 3781 3005 3845 ἔπος,
3041 3780 3122 3846 τὸ,
3157 3779 3318 3849 ἔργον
3353 3779 3464 3850 γὰρ
3493 3781 3668 3833 ἐκπε-

2081 3875 2250 3945 ράνας
2299 3875 2541 3946 εὐφρανε
2589 3877 2804 3942 φίλους,
2837 3874 2896 3926 ἐν
2944 3873 3068 3928 δυσὶ
3127 3875 3314 3936 τόποις
3370 3872 3663 3939 ἔσφαλται,

2077 3965 2389 4022 δυσπαθοῦν
2425 3966 2567 4020 κατὰ
2611 3968 2710 4036 τὴν
2757 3965 2991 4035 μετοχὴν
3032 3965 3130 4019 καὶ
3176 3964 3237 4018 τὸ
3273 3964 3448 4034 ῥῆμα.
3488 3963 3665 4016 Ὀταν

2077 4059 2186 4130 γὰρ
2219 4061 2246 4112 ὁ
2280 4059 2536 4130 τέταρτος
2586 4058 2723 4122 ποὺς
2759 4058 3038 4120 σπονδείός
3078 4059 3228 4112 ἐστιν
3263 4056 3519 4110 ἐκτείνων
3558 4056 3665 4124 τὴν

2077 4149 2352 4220 λήγουσαν
2387 4149 2482 4204 τοῦ
2517 4150 2829 4220 ἐκπεράνας
2857 4150 2998 4202 κατὰ
3031 4149 3092 4202 τὸ
3121 4148 3319 4216 τύψας,
3357 4149 3451 4200 καὶ·⁸
3476 4147 3662 4213 λέξις,

401 4243 515 4288 mte
543 4233 730 4288 critica
756 4249 889 4290 usus
913 4245 966 4288 et
991 4251 1140 4291 more
1172 4237 1350 4291 ionico
1374 4239 1661 4308 scripserit
1689 4239 1849 4309 ἔργον
1866 4245 1974 4312 γὰρ

2078 4247 2172 4297 καὶ
2210 4245 2280 4297 τὰ
2307 4244 2490 4311 ὅμοια,
2519 4243 2612 4296 καὶ
2637 4244 2728 4294 τὸν
2763 4244 3016 4309 πέμπτον
3051 4241 3106 4296 δὲ
3141 4242 3279 4294 πόδα
3305 4239 3661 4308 βραχυκατά-

400 4325 730 4394 ἑκπέρανεν,
751 4338 843 4381 aut
877 4330 955 4390 εἰς
987 4328 1158 4400 πέρας
1181 4330 1387 4400 ἤγαγεν
1414 4331 1741 4402 εὐφραίνων,
1771 4343 1864 4387 aut
1887 4336 1973 4388 εὐ·
2077 4339 2277 4405 ληκτον
2315 4334 2601 4404 ἀσυνήθως
2651 4334 2766 4402 ἔχει
2807 4334 2884 4395 ὼς
2932 4333 3091 4400 εἴπερ
3124 4327 3192 4401 ἦν
3223 4331 3416 4398 ἴαμϐος
3465 4331 3497 4400 ἢ
3527 4347 3660 4398 τρο-

402 4415 614 4484 φράνας
637 4416 848 4485 φίλους,
867 4433 963 4488 pes
990 4429 1218 4488 quartus
1251 4436 1424 4490 neque
1455 4422 1619 4477 nimis
1647 4423 1860 4494 longus,
1879 4441 1972 4479 ne-

2077 4427 2252 4496 χαῖος,
2275 4425 2372 4478 καὶ
2401 4424 2516 4476 ἐστι
2539 4424 2630 4476 διὰ
2657 4421 2818 4474 τοῦτο
2844 4421 3212 4474 ὐποδύσκο).ον
3247 4418 3660 4491 ἐκθεραπεῦσαι

401 4525 505 4575 que
533 4509 758 4577 quintus
788 4511 955 4566 nimis
987 4511 1164 4566 brevis
1185 4513 1309 4580 erit,
1330 4525 1386 4569 et
1408 4514 1489 4570 sic
1514 4521 1628 4571 voci
1647 4516 1779 4586 justi
1807 4519 1970 4572 iambi

2079 4517 2169 4568 τὸν
2203 4517 2386 4587 στίχον
2418 4515 2494 4579 ὡς
2535 4513 2880 4585 μετρηθῆναι
2928 4512 3073 4565 κατά
3103 4511 3163 4564 τὸ
3199 4510 3331 4580 παρ’
3368 4511 3499 4579 ἡμῖν
3530 4511 3660 4579 άρτι

401 4600 632 4651 Ιοιιιιιιιιι
663 4598 835 4653 dabit.
867 4598 926 4653 Si
954 4607 1134 4656 autem
1157 4589 1236 4656 sic
1265 4602 1612 4658 scribendum
1637 4620 1760 4661 esse
1809 4607 1973 4661 alicui

2079 4610 2256 4662 xor.va
2318 4608 2582 4676 ιαμϐεῖον.
2632 4607 2694 4659 Ei
2752 4605 2809 4657 δέ
2861 4619 2946 4666 τις
2993 4600 3228 4672 κριτικῷ
3281 4601 3425 4670 λόγῳ
3491 4616 3660 4666 μετα-

399 4690 779 4758 prohabimus,
837 4691 950 4761 jam
1013 4706 1121 4746 non
1172 4693 1502 4750 errabimus.
1573 4695 1727 4760 Quod
1785 4706 1968 4752 autem

2078 4702 2283 4772 γράψει
2332 4701 2465 4753 αὐτδ
2492 4699 2688 4760 οὓτως.
2721 4697 2882 4767 ἔργον
2910 4697 3017 4763 γὰρ
3046 4695 3372 4762 ἐκπέρανεν,
3405 4691 3658 4752 ίωνικῶς,

397 4782 680 4854 περαίνειν
706 4799 851 4854 saepe
882 4800 1008 4838 cum
1039 4785 1316 4854 περατοῦν
1348 4787 1617 4855 congruit,
1641 4789 1702 4842 τὸ
1733 4790 1972 4845 τελειοῦν

2078 4799 2244 4866 ἤγουν
2299 4795 2380 4856 είς
2412 4793 2586 4860 πέρας
2633 4791 2878 4860 ᾗγαγεν,
2932 4789 3279 4857 εὐφραίνων,
3315 4784 3348 4854 ἢ
3381 4785 3659 4854 εὐφράνας

399 4889 618 4945 quoque
643 4876 873 4931 indicat.
917 4876 1073 4942 Quod
1112 4885 1296 4931 autem
1331 4877 1637 4948 πειραίνειν
1660 4879 1808 4935 aliud
1840 4882 1970 4952 quid

2079 4888 2292 4956 φίλους,
2331 4883 2390 4936 τό
2414 4900 2471 4936 τε
2506 4881 2823 4954 προκοίλιον
2875 4880 2972 4933 τοῦ
3004 4877 3270 4948 τετάρτου
3304 4876 3462 4934 ποδὸς
3496 4875 3659 4944 θερα-

399 4965 564 5028 valet,
604 4964 656 5018 id
703 4965 925 5021 aliunde
952 4966 1211 5036 cognosci
1242 4977 1440 5036 potest.

2083 4975 2300 5035 πεύσει,
2329 4974 2424 5026 καὶ
2455 4972 2516 5025 τδ
2546 4971 2640 5024 τοῦ
2672 4973 2924 5040 πέμπτου
2952 4969 3211 5039 λαγαρόν·
3252 4970 3343 5020 καὶ
3371 4966 3544 5030 οὕτως
3579 4967 3658 5028 εἰς

399 5059 551 5128 ὐγιές
584 5062 831 5130 ιαμϐεῖον
863 5062 992 5124 ἔπος
1019 5062 1153 5115 αὐτὸ
1189 5063 1497 5133 μεταγάγῃ.
1533 5064 1593 5116 Ei
1618 5063 1673 5116 δέ
1698 5081 1804 5119 τινι
1839 5066 2118 5140 ἀπᾴδομεν
2156 5069 2303 5123 οὕτω
2336 5069 2536 5141 χρῆναι
2601 5068 2836 5136 γράφειν
2905 5066 3171 5133 λέγοντες,
3213 5064 3326 5118 ἀλλ’
3375 5065 3456 5116 ὅτι
3517 5081 3660 5134 παρ-

398 5157 859 5228 εσημειωσάμεθα
907 5157 969 5211 τὸ
1016 5160 1075 5210 οὐ
1113 5160 1293 5229 πάντη
1331 5160 1586 5230 σύνηθες,
1619 5161 1975 5234 ἀρειοσὸμεθα
2015 5169 2098 5230 εἰς
2127 5168 2442 5238 ἄμεμπτον·
2477 5167 2560 5218 ὅτι
2589 5165 2646 5218 δὲ
2669 5165 2730 5217 τὸ
2761 5164 3042 5232 περαίνειν
3080 5162 3200 5233 μὲν,
3231 5163 3303 5225 ὼς
3363 5161 3457 5213 ἐπὶ
3519 5162 3657 5215 πολὺ

395 5256 456 5312 τὺ
497 5256 773 5325 περατοῦν
825 5255 978 5324 δηλοί
1025 5256 1120 5309 καὶ
1155 5257 1430 5310 τελειοῦν·
1482 5257 1542 5310 τδ
1576 5258 1633 5312 δέ
1667 5259 1972 5330 πειραίνειν
2010 5265 2222 5329 ἀλλοῖόν
2255 5280 2307 5314 τι
2341 5261 2620 5333 σημαίνει,
2657 5261 2924 5332 ἑτέρωθεν
2956 5258 3073 5310 ἐστι
3118 5257 3344 5325 γνῶναι.

468 5351 559 5406 54.
600 5351 824 5406 Amicos
855 5351 1058 5405 Christi
1093 5364 1318 5406 sanctos
1351 5353 1631 5421 apostolos
1667 5356 1970 5408 secundum

2152 5359 2243 5411 vé'.
2279 5357 2469 5418 Φίλους
2515 5355 2569 5407 δὲ
2614 5353 2691 5424 τῷ
2737 5350 2958 5422 Χριστῷ
3007 5352 3135 5412 τοὺς
3177 5351 3367 5418 ἁγίους
3415 5351 3652 5404 όιποστό⁴

305 5430 310 5434 ’
400 5455 650 5498 sanctum
696 5442 1052 5514 Evangeliutn
1097 5445 1334 5512 appellat
1394 5457 1574 5514 poeta.
1613 5445 1766 5512 Quod
1810 5462 1972 5517 porro

2078 5450 2200 5512 λους
2256 5447 2566 5508 ἀκολούθως
2615 5445 2693 5518 τῷ
2726 5446 2867 5515 ἁγίῳ
2899 5442 3216 5511 Εὐαγγελίῳ
3239 5441 3392 5494 εἶπεν
3419 5443 3446 5493 ό
3480 5442 3655 5510 μελῳ-

402 5537 492 5590 Dei
543 5538 849 5606 praesentia;
897 5547 950 5591 et
1008 5536 1386 5607 Operationum
1443 5537 1598 5607 signa
1659 5549 1713 5593 et
1769 5540 1970 5594 indicia

399 5637 530 5681 sunt
563 5637 912 5697 tempestates
940 5637 996 5684 et
1026 5641 1314 5684 ventorum
1365 5631 1622 5700 impetus,
1653 5631 1821 5686 maris
1856 5642 1970 5686 tur-

404 5715 560 5775 bines
589 5729 643 5774 et
664 5719 868 5790 fervor,
894 5737 987 5777 aer
1008 5725 1300 5792 obscurus,
1325 5724 1494 5779 aether
1520 5725 1807 5793 violentus,
1833 5726 1960 5781 caeli

2076 5542 2161 5604 δός
2191 5558 2203 5571 ·
2243 5539 2318 5603 ῶς
2367 5541 2423 5594 δὲ
2469 5539 2633 5593 θείων
2685 5539 3000 5609 παρουσιῶν
3056 5536 3154 5588 καὶ
3199 5534 3494 5604 ἐνεργειῶν
3521 5535 3653 5587 ἀλλὰ

2077 5634 2212 5702 δῆτα
2235 5632 2302 5685 τὰ
2325 5632 2419 5684 καὶ
2444 5631 2742 5700 ἐνεργειῶν
2771 5629 3024 5698 ἐπίσημά
3053 5628 3162 5680 sict
3199 5627 3291 5678 καὶ
3319 5625 3647 5695 παράσημα,

2078 5722 2283 5792 αίγῐδες
2323 5722 2418 5776 καὶ
2451 5723 2761 5793 καταφοραὶ
2789 5722 3030 5789 ἀνέμων,
3074 5711 3149 5772 ῶν
3179 5715 3526 5786 ἀποτέλεσμα
3558 5714 3650 5768 καὶ
