3996 6194
3352 176 3378 204 κ

277 304 384 370 559
1065 311 1148 370 IN
1195 313 1538 374 HYMNUM
1576 315 2233 382 PENTECOSTALEM
2273 325 2739 414 DAMASCENL
3445 330 3552 396 5ῗο

279 421 541 494 ἀγριότης
566 420 875 515 θαλάσσης,
907 424 1008 476 καὶ
1038 423 1148 495 ἀὴρ
1181 426 1451 493 σκοτόεις,
1475 428 1573 481 καὶ
1608 431 1858 500 σκυθρω-

1975 434 2094 499 ira,
2160 445 2320 492 terrae
2391 450 2613 507 motus,
2651 457 2814 498 nemo
2857 443 3091 515 ignorat.
3165 443 3360 500 Notum
3425 460 3550 499 vero

282 514 451 583 πότης
497 510 743 579 αἰθέρος,
787 512 882 565 καὶ
933 512 1065 584 ἄχος
1109 514 1382 583 οὐρανοῦ,
1428 518 1527 573 καὶ
1578 519 1687 574 τῶν
1731 521 1860 591 περ).

1975 535 2054 584 est
2091 531 2233 597 quod
2300 532 2418 601 ipsa
2456 535 2663 591 creatio
2727 537 3030 592 secundum
3078 551 3178 592 nos
3223 538 3331 592 Deo
3357 537 3552 591 adver-

280 607 388 675 γῆν
409 604 764 674 ἁνακίνησις,
795 604 971 669 οὐδεὶς
1002 607 1206 673 ἀγνοεῖ.
1243 608 1553 676 Ἐγνωσται
1580 611 1637 664 δὲ
1658 612 1860 681 ὁμοίως

277 702 372 753 καὶ
405 697 578 768 αὐτὴν
608 696 710 767 τὴν
757 697 941 751 κτίσιν
991 701 1428 771 συνεκπολεμετν
1471 703 1550 774 τῷ
1589 704 1708 774 Θεῷ
1736 705 1879 762 καθ’,

276 793 448 861 ἡμᾶς,
494 792 587 843 ὅτε
646 791 816 844 αὑτὸν
859 793 941 852 είς
984 793 1363 863 ἀγανάκτησιν
1398 797 1745 868 ἐρεθίσομενο
1777 800 1863 851 ὲν-

275 883 450 938 ταῦθα
507 884 691 954 μέντοι
745 886 826 946 είς
874 885 1120 941 τοιοῦτον
1166 887 1320 942 οὐδὲν
1381 889 1721 960 ὑπουργοῦσι
1782 891 1860 960 τῷ

275 975 496 1045 Σωτῆρι
526 975 746 1046 Χριστῷ
799 979 832 1049 ἡ
885 978 1243 1052 μελῳδημένη
1281 981 1432 1050 βιαία
1489 984 1629 1052 πνοὴ
1671 984 1862 1040 καὶτὰ

275 1066 399 1120 κατ’
453 1067 651 1137 αὐτήνο
708 1068 848 1122 ἀλλὰ
911 1073 1458 1142 συμπαρομαρτοῦσι
1513 1078 1579 1146 τῇ
1632 1077 1862 1150 διανομῇ

274 1157 372 1210 τοῦ
396 1158 560 1225 ἁγίου
587 1160 908 1230 Πνεῦματος
937 1163 1043 1216 ὅσα
1071 1165 1167 1220 καὶ
1192 1165 1406 1234 βασιλεῖ
1435 1168 1680 1239 μεγίστῳ
1700 1169 1864 1224 δοῦλα

277 1250 536 1318 σώματα.
565 1252 684 1322 ἦτοι
719 1253 1094 1322 κελευόμενα,-
1117 1257 1194 1318 ὡς
1222 1257 1324 1310 οὐκ
1379 1259 1643 1328 ἐξέφηνεν
1680 1263 1865 1332 ἐμφα-

276 1341 383 1403 νῶς
410 1339 514 1396 ὦδε
545 1345 579 1413 ἡ
607 1345 738 1412 ἁγία
775 1347 988 1418 Γραφήο
1032 1349 1065 1418 ἢ
1113 1352 1204 1404 καὶ
1240 1351 1417 1415 ἄλλως
1449 1353 1756 1408 ἀκέλευστα
1783 1355 1862 1418 ὡς

275 1433 440 1487 δοῦλα
476 1436 886 1508 ὑποκινούμενα
917 1441 1279 1509 όφειλετικῶς
1312 1445 1535 1516 εὐδοκία
1569 1447 1728 1511 Θεοῦ,
1763 1449 1862 1502 καὶ⁸

279 1527 415 1578 αὐτὸ
445 1529 541 1580 ἐπὶ
578 1530 812 1602 αἰσχύνῃ
841 1534 954 1588 τῶν
999 1535 1240 1603 λογικῶν
1283 1537 1442 1608 ἡμῶν
1491 1539 1864 1610 ἀχρηστοδού-

277 1616 406 1679 λων,
433 1619 486 1672 οἳ
530 1622 610 1691 τῷ
656 1623 824 1694 κοινῷ
879 1626 1128 1699 Δεσπότῃ
1161 1628 1298 1698 πρὸς
1343 1629 1499 1684 οὐδὲν
1525 1629 1861 1702 εὐχρηστού-

276 1710 443 1778 μεθα·
480 1715 575 1767 καὶ
605 1714 722 1770 ἔστι
749 1717 918 1787 μυρία
937 1719 1038 1772 ὅσα
1071 1720 1309 1774 ἐνταῦθα
1343 1722 1598 1792 Γραφικὰ
1626 1705 1862 1791 συναγα-

1966 625 2146 682 satur,
2207 623 2425 690 quando
2470 625 2651 692 ipsum
2726 627 2792 681 ad
2830 628 2967 681 iram
3015 629 3367 682 lacessimus.
3431 628 3548 680 Hoc

1970 719 2151 764 autem
2179 711 2302 767 loco
2337 714 2560 770 Christo
2595 715 2863 772 Salvatori
2893 719 3120 788 spiritus
3143 718 3433 783 violentus,
3482 717 3554 784 de

1965 819 2080 873 quo
2105 815 2259 873 poeta
2280 806 2542 876 loquitur,
2569 809 2879 865 nullatenus
2905 809 3151 873 inservit,
3199 811 3292 864 sed
3326 810 3549 878 Spiritui

1969 904 2181 961 sancto,
2213 903 2276 951 ut
2307 897 2417 969 regi
2453 899 2696 955 maximo
2731 915 2961 969 corpora
3005 904 3222 957 servilia
3257 902 3550 970 imperanti

1973 989 2388 1060 obtemperant,
2427 1000 2486 1045 ut
2519 989 2798 1062 Scriptura
2843 1009 2997 1049 sacra
3031 999 3132 1050 hoc
3164 995 3382 1063 quidem
3431 995 3552 1049 loco

1972 1081 2156 1135 minus
2183 1079 2330 1138 clare
2359 1081 2587 1147 indicat,
2639 1093 2734 1139 aut
2784 1086 2890 1138 alio
2922 1084 3107 1148 modo,
3151 1085 3292 1139 sicut
3320 1098 3551 1152 corpora

1973 1187 2131 1227 serva
2168 1172 2261 1227 Dei
2313 1173 2500 1244 gloriae
2561 1190 2714 1230 more
2767 1176 2951 1231 debito
2991 1177 3317 1239 inserviunt,
3389 1178 3552 1243 idque

1970 1265 2040 1320 ad
2070 1265 2486 1322 confundendos
2517 1283 2617 1324 nos
2647 1283 2836 1324 servos
2866 1269 3110 1335 inutiles,
3141 1270 3232 1337 qui
3271 1268 3551 1323 communi

1974 1354 2207 1412 Domino
2235 1358 2383 1414 nulla
2421 1358 2476 1412 in
2530 1375 2590 1415 re
2621 1375 2951 1428 prosumus;
3003 1361 3067 1414 ad
3115 1360 3257 1430 quod
3312 1358 3552 1428 proban-

1970 1452 2098 1503 dum
2151 1457 2440 1505 sexcentos
2487 1449 2783 1520 Scriptura:
2827 1467 2995 1507 sacrm
3043 1453 3195 1505 locos
3253 1465 3551 1518 congerere

1971 1540 2162 1595 liceret
2210 1541 2411 1611 quibus
2446 1543 2788 1612 probaretur,
2830 1554 2965 1598 nutu
3017 1543 3204 1596 divino
3255 1542 3554 1597 visionibus

1971 1633 2228 1689 terrilicis
2260 1635 2417 1690 nobis
2465 1636 2836 1704 interminari,
2868 1612 2928 1690 u't
2965 1652 3059 1690 eas
3095 1649 3220 1689 vere
3249 1649 3280 1688 a
3315 1632 3551 1688 Numine

1971 1725 2092 1794 ipso
2124 1726 2192 1780 ad
2221 1741 2322 1782 nos
2352 1729 2700 1798 castigandus
2735 1733 2930 1784 missas
2964 1728 3280 1784 credamus.

275 1807 474 1876 γέσθαι
507 1809 720 1878 χρηστά
745 1809 883 1880 πρὸς
911 1811 1071 1880 λόγου
1099 1813 1389 1882 πίστωσιν,
1420 1817 1521 1872 καὶ
1553 1816 1694 1885 πρὸς
1727 1815 2008 1883 ἀπόδειξιν
2043 1819 2136 1872 τοῦ
2176 1819 2250 1888 μὴ
2287 1820 2354 1872 ἂν
2402 1821 2492 1874 ἀεὶ
2523 1821 2825 1890 ὲκφωνεῖσθ
2839 1840 2916 1887 αι,
2952 1822 3029 1886 ὡς
3053 1825 3135 1877 ὅτι
3163 1824 3405 1876 κελεύσει
3432 1823 3553 1894 θείᾳ

274 1903 346 1954 τὰ
396 1903 542 1958 κατὰ
616 1907 824 1977 κόσμον
878 1907 1088 1976 φοϐερὰ
1154 1909 1289 1978 ἡμῖν
1358 1911 1772 1980 ιμϐριμῶνται,
1816 1912 1850 1982 ἢ
1904 1914 2266 1980 ἐπιτίθενται,
2303 1914 2378 1977 ὡς
2435 1915 2614 1968 δοκεῖν
2667 1918 2762 1971 καὶ
2801 1918 2943 1971 αὑτά
2975 1919 3098 1970 καθ’
3136 1919 3279 1972 αὐτὰ
3323 1913 3436 1972 οἷον
3470 1918 3551 1971 0'!-

278 1999 442 2052 κοθεν
467 1995 732 2066 ζηλοῦντα
765 1999 1046 2066 βλάπτειν,
1079 1999 1264 2055 θεόθεν
1301 2003 1804 2074 παραχωρούμενα.

348 2109 406 2144 νε
430 2132 444 2144 .
487 2093 719 2163 Ἐϐρεξε
763 2095 863 2163 μὲν
894 2092 988 2146 οῦν
1026 2092 1141 2163 πῦρ
1177 2096 1204 2147 ὁ
1227 2093 1456 2165 Κύριος,
1487 2097 1582 2150 καὶ
1607 2097 1862 2150 ἀπέστει-

2039 2096 2133 2151 55.
2180 2095 2351 2166 [gitur
2403 2097 2668 2154 Dominus
2727 2099 2905 2170 ignem
2963 2101 3182 2157 coalitus
3227 2103 3446 2159 demisit
3498 2113 3553 2158 ρι

280 2184 337 2237 λε
373 2186 709 2254 καταιγίδα⁶
762 2185 1011 2252 ἐγένοντο
1061 2186 1120 2240 δὲ
1179 2186 1356 2241 ταῦτα
1411 2188 1507 2241 καὶ
1551 2189 1732 2251 ἄλλως
1780 2189 1861 2250 είς

281 2275 530 2328 κάκωσιν
578 2274 702 2344 δίχα
759 2275 1045 2345 ἱστορικῆς
1094 2277 1526 2346 ἐπισημάνσεως
1555 2316 1572 2339 ,
1615 2276 1866 2330 εὐδοκοῦ-

286 2384 425 2435 μενα
467 2365 782 2436 σιωηλῶς·
813 2366 959 2422 οὕτω
1011 2367 1107 2422 καὶ
1155 2369 1472 2422 ἐπιϐλέπων
1503 2369 1598 2421 ἐπὶ
1627 2367 1725 2438 τὴν
1761 2367 1866 2434 γῆν

284 2460 426 2510 ποιεῖ
471 2458 701 2528 τρέμειν
731 2459 940 2530 αὐτὴν,
996 2459 1074 2522 ὼς
1127 2460 1338 2523 ἐκεῖνος
1390 2454 1498 2512 οἶδε
1564 2461 1657 2513 καὶ
1708 2459 1867 2512 τοῦτο

287 2551 480 2602 ποιεῖν.
520 2548 733 2602 Οὐκοῦν
777 2550 876 2604 καὶ
907 2549 1155 2604 ἐνταῦθα
1184 2554 1253 2622 τῇ
1283 2548 1382 2604 τοῦ
1414 2550 1561 2602 θείου
1596 2549 1865 2620 Πνεῦμα-

286 2659 374 2705 τος
423 2641 523 2696 τοῦ
556 2642 766 2698 ἄνωθεν
796 2644 1163 2715 παρακλήτου
1194 2643 1472 2714 ἀποστολῇ
1509 2643 1608 2697 καὶ¹
1647 2643 1871 2712 ἑναργεϊ

287 2737 631 2808 ἐπιφοιτήσει
666 2737 762 2790 καὶ
820 2735 1100 2806 ινεργείᾳ,
1133 2733 1648 2805 παρακολουθοῦσιν
1702 2733 1871 2801 ἀναγ-

289 2829 458 2893 ratu);
499 2829 594 2884 καὶ
617 2827 824 2899 φρικτά
852 2844 974 2883 τινα
1001 2825 1122 2896 Θεῷ
1155 2826 1514 2897 ὲπιτρέποντι
1533 2841 1548 2856 ο
1583 2823 1726 2894 πνοή
1781 2841 1866 2888 τε,

290 2923 446 2992 φησὶ,
478 2921 632 2992 βιαία
678 2923 773 2975 καὶ
823 2920 995 2991 πυρὸς
1027 2920 1402 2991 γλωττήματα
1453 2923 1548 2972 και
1597 2916 1869 2985 πνεύματι

290 3012 481 3082 ἀγαθῷ
508 3015 602 3068 καὶ
632 3013 929 3083 πραῦτάτῳ
942 3011 1124 3082 ψυχὰς
1153 3008 1529 3078 άνακτωμένῳ
1559 3007 1660 3062 καὶ
1685 3005 1865 3070 οὕτως

293 3107 556 3177 εὐκταίῳ,
597 3107 954 3178 παρομαρτεῖ
997 3104 1223 3173 πνεῦμα
1260 3102 1463 3172 βίαιον,
1490 3101 1565 3164 ὼς
1601 3094 1690 3155 οἶα
1727 3099 1870 3169 φιλο·

290 3201 623 3273 τιμοῦμενον
659 3199 996 3254 καταπνέειν
1027 3197 1122 3251 καὶ
1145 3194 1431 3267 ὴχητικῶς
1474 3192 1870 3256 ὑποσαλπίζειν

292 3297 384 3350 καὶ
416 3292 871 3365 παρασημαίνειν
898 3289 1164 3359 ὲνδημίαν
1191 3284 1401 3356 ταύτην
1435 3282 1749 3355 βασιλικὴν,
1777 3282 1872 3337 καὶ

294 3388 426 3456 πυρὶ
483 3385 751 3455 θειοτάτῳ
801 3383 1060 3436 θάλποντι
1115 3381 1214 3450 μὲν
1276 3379 1372 3434 καὶ
1429 3377 1722 3447 φωτίζοντι
1777 3374 1870 3429 καλ⁵

1971 2199 2362 2258 tempesrates;
2413 2207 2536 2260 quae
2577 2192 2756 2246 omnia
2806 2195 2969 2249 tacite
3028 2205 3082 2249 ct
3134 2196 3265 2265 quin
3322 2196 3549 2253 historia

1967 2289 2206 2340 enarret,
2237 2279 2290 2332 in
2329 2281 2629 2348 perniciem
2678 2282 3032 2337 induxerunt.
3066 2285 3124 2338 In
3165 2294 3372 2340 terram
3403 2291 3548 2341 enim

1969 2371 2290 2439 respiciens,
2324 2388 2444 2425 eam
2484 2373 2812 2427 tremefecit.
2847 2374 3019 2443 Igitur
3049 2376 3137 2432 hic
3165 2393 3384 2448 quoque
3415 2378 3543 2448 Spi-

1970 2461 2106 2514 ritus
2145 2461 2313 2515 divini
2352 2463 2610 2518 missione
2650 2479 2713 2517 ac
2742 2463 3068 2520 visitatione
3115 2482 3340 2522 necesse
3374 2477 3552 2524 estut

1969 2552 2453 2615 terriculamenta,
2515 2553 2624 2608 Deo
2669 2557 3040 2623 permittente,
3111 2559 3550 2626 subsequantur.

1976 2642 2179 2700 Ventus
2208 2646 2354 2700 enim
2385 2646 2658 2701 violentus
2705 2663 2772 2702 ac
2811 2649 3010 2718 lingua:
3051 2651 3235 2720 ignitae
3289 2650 3547 2719 Spiritum

1969 2737 2237 2807 Optimum
2269 2746 2324 2791 et
2357 2737 2738 2793 dulcissimum
2770 2739 2864 2808 qui
2903 2740 3117 2795 animas
3149 2741 3390 2810 captivat
3428 2751 3551 2810 post

1968 2828 2190 2884 ﬂamina
2221 2828 2457 2883 violenta
2489 2830 2731 2894 adducit,
2759 2831 2854 2899 qui
2897 2830 3063 2902 Regis
3089 2832 3383 2887 adventum
3423 2833 3549 2888 tuba

1971 2919 2175 2975 indicat
2204 2929 2257 2986 et
2292 2920 2416 2988 igne
2444 2919 2627 2974 divino
2665 2921 2938 2976 illuminat
2963 2931 3018 2977 et
3061 2922 3299 2978 viviﬁcat
3332 2933 3384 2978 et
3424 2939 3546 2993 qua:

1975 3015 2287 3068 necessaria
2337 3023 2468 3068 sunt
2518 3014 2762 3068 illustrat
2802 3024 2856 3070 et
2895 3017 3089 3084 spiritu
3144 3017 3438 3074 calefactus
3482 3019 3549 3072 ad

1972 3106 2078 3161 cibi
2122 3106 2288 3160 divini
2337 3105 2810 3174 participationem
2848 3117 2903 3160 et
2938 3106 3050 3162 Deo
3087 3118 3300 3179 gratam
3332 3123 3548 3163 cmnam

1974 3195 2200 3261 invitat;
2247 3196 2342 3264 qui
2384 3197 2602 3266 quidem
2652 3197 2888 3265 spiritus
2936 3207 3134 3253 caatera
3184 3201 3461 3256 consumit
3497 3210 3552 3255 et

1972 3286 2221 3342 dissolvit
2244 3295 2301 3342 et
2329 3286 2384 3340 in
2408 3287 2544 3341 nihil
2578 3289 2793 3343 reducit
2821 3304 3162 3359 qumounque
3193 3291 3287 3345 illo
3314 3293 3549 3346 adventu

1974 3378 2194 3447 indigna
2235 3386 2388 3434 sunt.
2429 3376 2532 3434 Sed
2566 3379 2708 3449 ignis
2737 3396 2959 3450 quoque
2987 3396 3183 3437 aereus
3217 3393 3275 3438 et
3303 3381 3550 3437 ﬂammas

291 3477 680 3546 ξωογονοῦντι,
731 3475 872 3529 ἀλλὰ
919 3474 984 3544 δὴ
1031 3473 1127 3526 καὶ
1178 3472 1253 3534 ὡς
1303 3465 1417 3524 οἷον
1461 3466 1770 3536 ἐργατικῶς
1803 3466 1866 3520 τὰ

1975 3469 2126 3524 ciens
2170 3469 2335 3524 simul
2361 3471 2666 3526 'descendit
2719 3480 2780 3527 ut
2828 3487 2954 3528 cum
2993 3481 3203 3529 terrore
3249 3473 3554 3528 consolatio

289 3571 476 3624 δέοντα
497 3565 878 3634 ἐκφλογοῦντι,
922 3562 1016 3616 καὶ
1044 3560 1372 3630 παράγοντι,
1400 3558 1487 3612 ναὶ
1514 3557 1579 3627 δὴ
1607 3557 1702 3609 καὶ
1736 3555 1866 3622 ἀφέ-

1975 3576 2197 3632 quoque
2225 3572 2510 3632 appareat,
2537 3572 2591 3618 et
2624 3566 2748 3633 igne
2794 3565 3057 3620 invisibili
3097 3567 3273 3621 sancti
3317 3564 3552 3635 Spiritus

289 3661 443 3731 ψοντι
475 3659 601 3721 τοὺς
643 3657 725 3727 τῷ
779 3655 1054 3724 πνεύματι
1111 3653 1334 3718 ζέοντας
1385 3651 1482 3704 καὶ
1530 3652 1598 3720 τῇ
1651 3647 1865 3702 ἐκείνου

1977 3662 2314 3722 spectatores
2365 3671 2428 3709 ex
2483 3655 2682 3710 visibili
2737 3657 2942 3726 aliquid
2987 3666 3275 3712 assumant
3330 3665 3386 3712 et
3431 3656 3554 3712 loco

289 3753 538 3827 τραπέζῃ
578 3752 962 3820 προσήκοντας
1016 3748 1119 3802 ὅσα
1183 3745 1278 3801 καὶ
1341 3743 1539 3833 βρῶμα
1585 3741 1729 3794 θεῖον
1777 3742 1866 3792 καὶ

1978 3742 2243 3811 simplicis
2274 3744 2402 3796 boni
2435 3744 2632 3813 duplex
2666 3745 2868 3800 bonum
2897 3746 3185 3814 recipiant.

292 3855 480 3907 θυσίαν
506 3850 669 3920 φίλην
710 3846 787 3918 τῷ
819 3845 960 3916 Θεῷ*
986 3844 1162 3906 ἄλλως
1185 3843 1244 3897 δὲ
1277 3843 1374 3896 καὶ
1407 3839 1871 3895 καταναλίσκοντι
1910 3839 2005 3891 καὶ
2035 3836 2373 3906 ἀφανίζοντι,
2409 3839 2506 3891 καὶ
2552 3839 2839 3893 ἀναλύοντι
2881 3842 2939 3902 ὲς
2999 3842 3060 3893 τὸ
3092 3841 3256 3909 μηδὲν
3297 3843 3367 3895 τὰ
3438 3858 3554 3895 τοι-

292 3948 460 4015 αύτης
490 3941 893 4006 ἐπεξελεύσεως
929 3937 1075 4002 ἄξιαι
1111 3935 1397 4005 συντρέχει
1421 3934 1520 3987 καὶ
1547 3931 1658 4002 πῦρ
1677 3931 1864 4000 ἀέριον
1945 3930 2374 3998 φλογεροπνόον,
2419 3929 2506 3981 ἵνα
2575 3927 2711 3997 πρὸς
2746 3930 2824 4000 τῷ
2864 3930 3118 3998 ἐκφοϐεῖν
3150 3933 3244 3983 καὶ
3277 3931 3553 4000 σεμνύνοι-

295 4059 352 4094 το
378 4040 529 4107 άῦλῳ
567 4035 704 4106 πυρὶ
735 4035 927 4103 ἐκείνῳ
959 4032 1057 4085 καὶ
1083 4029 1354 4100 ζωηφόρῳ
1383 4025 1864 4094 συνεξαστράπτον
1901 4023 2037 4076 αὐτὸ
2066 4022 2353 4086 δουλικῶςο
2397 4023 2490 4076 καὶ
2544 4023 2687 4091 φωτὶ
2731 4024 2950 4093 ἀόρατῳ
2981 4022 3058 4093 τῷ
3123 4025 3186 4076 ὲκ
3225 4022 3318 4076 τοῦ
3384 4025 3555 4093 tum.

294 4134 450 4185 τάτου
481 4130 824 4197 Πνεῦματος,
860 4123 977 4195 φῶς
1009 4141 1062 4176 τι
1115 4122 1213 4176 καὶ
1256 4123 1322 4175 ὲκ
1378 4119 1473 4174 τοῦ
1523 4116 1786 4189 αἰσθητοῦ
1851 4115 1902 4168 0i
1980 4115 2248 4186 θεώμενοι
2305 4115 2842 4187 προσλαμϐάνοιντο,
2899 4116 2994 4168 καί
3048 4133 3166 4178 πως
3209 4117 3331 4172 ἀντὶ
3377 4115 3551 4171 ἁπλοῦ

291 4225 510 4278 διπλοῦν
541 4221 850 4290 πορίζοιντο
879 4217 1106 4285 ἀγαθόν,

359 4321 468 4380 νς’.
508 4315 570 4366 El
623 4312 682 4363 δὲ
739 4311 837 4363 καὶ
887 4310 968 4372 είς
1014 4307 1268 4374 γλώσσας
1309 4303 1542 4373 πυρίνας
1592 4301 1653 4355 τὸ
1686 4301 1870 4368 ἀέριον

295 4413 462 4463 ἐκεῖνο
489 4407 602 4471 πῦρ
635 4404 1026 4474 ὲσχημάτιστο,
1055 4399 1258 4468 ἀναμὶξ
1287 4401 1351 4466 τῇ
1388 4396 1537 4467 βιαίᾳ
1559 4398 1696 4466 πνοῇ
1729 4412 1871 4463 συμ-

255 4566 270 4581 ,
293 4505 595 4571 φερόμενον
619 4539 633 4563 ,
668 4499 797 4549 ἄλλο
832 4497 928 4548 καὶ
976 4491 1138 4548 τοῦτο
1195 4489 1405 4560 θάμϐος
1449 4490 1564 4551 τοῖς
1614 4488 1833 4548 θεαταῖς
1857 4503 1872 4518 ο

264 4579 349 4647 ῑτδ
385 4594 487 4662 μὲν
535 4588 620 4653 οἷς
667 4589 968 4656 ἐξέπληττε
998 4583 1552 4652 γλωσσοποιοῦμενον
1584 4581 1646 4632 τὸ
1674 4579 1748 4648 μὴ
1778 4596 1874 4630 πε-

296 4688 463 4754 φυκὸς
496 4683 646 4735 οὕτω
682 4677 1182 4748 μεταπλάττεσθαιο
1212 4674 1274 4727 τὸ
1299 4674 1344 4729 δ’
1380 4675 1467 4727 ὅτι
1504 4671 1869 4740 ἐπληροφόρει

291 4779 387 4846 οὐκ
420 4777 504 4828 ἔτι
535 4773 660 4834 τοὺς
682 4769 819 4822 θεοῦ
847 4769 1035 4834 φίλους
1067 4765 1401 4827 ἀποστόλους
1428 4763 1705 4830 γλώσσαις
1735 4763 1872 4830 χρή-

295 4869 479 4922 σεσθαι
524 4868 642 4926 ταῖς
691 4863 823 4932 περὶ
854 4861 977 4928 γῆν,
1010 4859 1077 4921 ἃς
1135 4858 1230 4910 καὶ
1263 4855 1613 4924 γλωττοπέδη
1663 4855 1870 4922 φυσικὴ

293 4963 588 5030 καταργεῐ,
625 4959 718 5010 καὶ
751 4956 972 5026 σίδηρος
1023 4951 1253 5018 ἀπάγει,
1283 4949 1380 5000 καὶ
1411 4946 1576 5016 φόϐος
1609 4945 1870 5012 ἐγκλείει,

2047 4294 2134 4350 56.
2165 4295 2218 4348 Si
2251 4301 2429 4347 autem
2461 4291 2602 4360 ignis
2633 4292 2722 4344 ille
2751 4293 3023 4344 aethereus
3045 4290 3096 4343 in
3124 4289 3335 4358 linguas
3362 4289 3552 4356 igneas

1976 4387 2194 4441 ilntiiine
2225 4386 2463 4439 violento
2483 4385 2691 4438 divisus
2726 4395 2828 4449 est,
2862 4398 3061 4438 novum
3103 4381 3156 4436 id
3182 4381 3554 4451 spectantibus

1977 4477 2486 4532 terriculamentum
2527 4476 2755 4530 exstitit.
2808 4473 3142 4544 Linguarum
3196 4474 3340 4528 enim
3372 4474 3556 4543 ignea-

1979 4583 2098 4622 rum
2137 4568 2350 4637 species
2383 4578 2572 4622 contra
2625 4576 2876 4621 naturam
2928 4566 3342 4622 transformavit
3371 4575 3426 4620 et
3460 4565 3554 4619 Dei

1978 4660 2173 4728 amicis
2240 4660 2502 4728 apostolis
2567 4659 2880 4714 facultatem
2942 4659 3243 4728 impertivit
3298 4658 3555 4711 omnibus

1977 4766 2073 4820 per
2113 4749 2300 4803 orbem
2341 4750 2543 4819 linguis
2600 4751 2880 4820 loquendi,
2905 4767 3043 4820 quas
3105 4752 3241 4805 ordo
3292 4749 3556 4805 naturalis

1978 4843 2310 4913 constringit
2336 4852 2392 4898 et
2423 4837 2628 4898 ferrum
2663 4843 2852 4914 abigit,
2873 4852 2926 4898 et
2961 4854 3137 4899 metus
3173 4844 3470 4909 concludit,
3503 4851 3557 4898 et

1977 4937 2202 4992 dubium
2229 4937 2392 4992 silere
2433 4937 2580 4994 facit.
2615 4935 2737 4992 Istae
2768 4938 2914 4992 enim
2941 4939 3138 5007 linguae
3167 4952 3245 4992 ea:
3277 4948 3405 4992 sunt
3436 4953 3557 5006 qua:

293 5055 388 5106 καὶ
414 5029 625 5117 ἀπορία
666 5045 1059 5114 κατασιγάζει,
1091 5041 1232 5097 ἀλλά
1261 5040 1546 5109 οὐρανίαις
1576 5039 1672 5091 καὶ
1697 5037 1866 5100 οὕτως

1977 5043 2194 5084 omnem
2227 5029 2562 5098 impietatem
2601 5030 2750 5084 sicut
2793 5029 2999 5098 paleam
3035 5029 3391 5094 comburunt,
3424 5037 3480 5082 et
3507 5031 3555 5082 vi

295 5144 496 5205 ἐνθέοις
525 5142 618 5195 καί
661 5157 723 5208 γε
771 5137 1060 5191 ἀπαθέσιν·
1097 5133 1233 5186 ἀλλά
1274 5132 1369 5184 καὶ
1397 5132 1551 5192 οἵαις
1582 5130 1874 5198 ἐμπιπρᾷν

298 5237 479 5288 πᾶσαν
534 5232 670 5302 ὓλην
701 5230 896 5292 ἀθετας
926 5228 1028 5281 ὅσα
1055 5228 1157 5279 καὶ
1197 5223 1498 5286 εὐέξαπτον
1530 5220 1733 5288 ἄχυρον
1766 5219 1874 5271 εἴτε

299 5324 598 5394 φρύγανον,
627 5321 724 5376 καὶ
749 5319 1041 5389 φωτειναὶς
1081 5315 1140 5368 δὲ
1184 5315 1280 5368 καὶ
1319 5312 1602 5382 λαμπραῖς
1634 5309 1726 5361 διὰ
1777 5307 1876 5368 τὴν

302 5415 617 5484 θεολογικὴν
645 5413 930 5482 ἐκφανσινο
963 5409 1100 5462 ἀλλὰ
1125 5407 1222 5460 καὶ
1250 5403 1552 5470 πανσόφοις
1579 5403 1652 5461 ὡς
1700 5400 1874 5467 πυρὸς

304 5509 459 5577 μένος
507 5507 718 5569 πνέειν,
752 5503 950 5557 οὔκουν
997 5498 1094 5554 τοῦ
1130 5497 1270 5550 κατὰ
1302 5495 1592 5567 ῥητορείαν
1616 5493 1649 5560 ἢ
1684 5491 1875 5560 λοιπὴν

303 5599 658 5668 σοφιστείαν,
701 5596 798 5650 τοῦ
852 5594 910 5647 δὲ
959 5591 1106 5644 κατὰ
1138 5591 1232 5642 τὸν
1267 5588 1613 5658 ὑπέρσεμνον
1647 5582 1872 5652 Κύριον,

300 5696 357 5759 ὃς
383 5697 484 5749 καὶ
512 5693 753 5748 τοιοῦτον
806 5692 920 5760 πῦρ
962 5686 1095 5762 ἦλθε
1146 5687 1326 5758 βαλεῖν
1375 5686 1457 5748 είς
1509 5683 1600 5736 τὸν
1643 5681 1872 5749 κόσμονο

303 5788 417 5858 φῶς
469 5787 632 5850 αὐτὸς
685 5789 762 5850 είς
815 5785 1024 5839 ἑκεῖνον
1083 5781 1257 5842 ἄλλως
1290 5776 1584 5847 ἐληλυθὼς,
1621 5774 1718 5830 καὶ
1750 5773 1878 5837 τοὺς

1978 5123 2286 5192 theologica
2314 5122 2494 5178 lucem
2529 5132 2584 5176 et
2633 5122 2946 5177 claritatem
2997 5121 3324 5184 extendunt,
3361 5123 3471 5175 imo
3504 5129 3560 5175 et

1978 5215 2374 5269 omniscientize
2410 5215 2590 5284 ignem
2641 5214 2827 5268 emant
2874 5223 2928 5269 et
2958 5214 3224 5267 doctrina:
3259 5213 3438 5267 fontes
3470 5225 3557 5266 re-

1977 5306 2226 5370 cludunt,
2259 5307 2545 5376 ipsumque
2578 5307 2868 5362 Dominum
2906 5309 3145 5360 maxime
3186 5302 3555 5359 venerandum

1980 5401 2073 5468 qui
2102 5400 2251 5454 venit
2279 5399 2437 5454 talem
2469 5399 2648 5468 ignem
2680 5413 2844 5468 super
2871 5399 3137 5452 mundum
3184 5397 3555 5465 proiecturus.

1985 5490 2103 5561 Ipse
2139 5496 2230 5548 lux
2274 5493 2528 5562 apparuit
2557 5502 2612 5549 et
2663 5493 3016 5562 philosophos
3054 5489 3384 5561 mundanos,
3416 5499 3552 5554 quo-

1985 5601 2107 5639 rum
2140 5585 2322 5656 lingua
2350 5586 2617 5647 resonuit,
2655 5586 2711 5638 in
2741 5595 2941 5639 terram
2979 5581 3210 5646 vocavit;
3247 5578 3556 5634 initiatores

1987 5687 2169 5730 autem
2200 5677 2454 5732 caelestes
2497 5687 2550 5731 et
2577 5676 2796 5730 divinos
2844 5675 3041 5729 ibidem
3092 5671 3419 5741 recondidit,
3449 5686 3554 5725 nu-

1987 5770 2108 5825 bent
2137 5768 2424 5838 igniferam
2457 5769 2832 5835 monstrando,
2887 5778 2939 5822 et
2991 5767 3205 5838 linguas
3239 5763 3551 5838 spirilunles
