3996 6194
440 273 538 336 {.71

1087 301 1092 306 -
1145 272 1571 334 EUSTATHII
1615 269 2370 334 THESSALONICENSIS
2413 269 2978 332 METROPOIJT/E

3596 264 3702 333 572

434 384 632 452 ignitus
683 383 735 439 in
769 384 1046 456 angelicas
1101 386 1548 442 transformando
1599 403 1722 457 qua:
1754 388 2008 444 humanis

2123 390 2218 456 μὲν
2263 387 2670 458 σοφιστὰςτῶν
2701 389 2906 456 γηΐνων
2935 427 2949 451 ,
2999 382 3076 441 ὧν
3124 387 3158 457 ἡ
3221 385 3445 455 γλῶσσα
3490 387 3702 455 διῆλθε,

393 475 637 543 τιῑιιειιίε
685 476 996 543 superiores
1051 485 1279 542 essent,
1344 478 1545 548 quippe
1594 493 1714 548 quae
1774 478 2010 548 Spiritus

434 567 645 637 dactylo
665 576 821 621 tacta
840 576 1048 632 essent,
1073 578 1128 623 et
1152 582 1274 638 qua:
1299 572 1504 624 mundo
1534 571 1799 625 salutaria
1826 578 2014 626 essent

436 658 718 725 psallendo
774 669 1118 722 resonarent,
1179 671 1238 714 ιιι
1285 660 1448 713 etiam
1491 661 1526 713 il
1590 662 1746 730 quia
1803 660 2012 714 sanctis

434 749 719 819 discipulis
751 751 948 805 initiati
978 762 1166 805 esstent
1195 752 1351 804 novis
1405 752 1610 821 linguis
1658 753 2012 822 loquerentur

436 842 634 895 mirum
677 843 731 897 in
783 843 1006 896 modum
1058 843 1361 898 secundum
1416 844 1604 908 David,
1655 845 1854 914 linguis
1889 847 2012 901 dico

431 946 568 1000 quas
623 947 901 1000 nunquam
957 933 1288 988 didicerunt.
1341 932 1436 989 llis
1460 935 1604 988 enim
1642 934 1844 1003 linguis
1873 951 2011 1005 opus

431 1032 550 1077 erat
612 1024 759 1094 loqui
807 1036 995 1080 contra
1064 1041 1280 1090 vanos,
1340 1034 1394 1080 et
1456 1027 1536 1080 sic
1591 1024 1689 1081 Dei
1737 1025 2006 1095 Spiritum

432 1117 618 1170 testari
662 1126 716 1169 et
763 1117 1007 1172 caelestia
1053 1118 1412 1172 annuntiare.
1462 1118 1519 1172 Si
1569 1121 1718 1173 enim
1767 1120 1946 1175 atheis
1976 1134 2006 1174 a

433 1207 632 1277 linguis
671 1209 824 1263 labor
867 1219 920 1263 et
943 1209 1230 1264 dillicultas
1289 1213 1562 1275 nascitur,
1623 1213 1726 1279 piis
1764 1220 2007 1268 econtra

432 1299 666 1353 dulcedo
698 1308 753 1353 ut
782 1299 885 1352 mel
916 1299 1145 1362 accedit,
1178 1309 1237 1352 ut
1281 1298 1480 1368 linguae
1527 1300 1879 1368 antiquorum
1916 1313 2009 1368 po-

428 1390 707 1456 pulorum,
748 1389 946 1459 quibus
983 1389 1071 1442 lux
1107 1389 1374 1444 immensa
1417 1403 1649 1446 accensa
1681 1400 1767 1444 est
1793 1399 1848 1444 et
1890 1405 2010 1459 qua:

431 1480 484 1532 in
513 1495 696 1533 aerem
732 1480 1003 1544 ascendit,
1034 1480 1255 1549 pessimi
1296 1480 1440 1550 regis
1472 1481 1524 1534 in
1556 1481 1846 1545 auxilium,
1880 1491 2013 1537 sunt

432 1571 734 1625 ltumiliatae
787 1573 841 1626 in
893 1565 1144 1628 miset'ias
1203 1573 1330 1627 vitae
1379 1573 1656 1630 humanae.
1721 1572 2011 1630 Praesentis

429 1675 611 1718 autem
646 1664 769 1720 festi
808 1666 1003 1735 lingua:
1045 1676 1099 1720 et
1145 1666 1237 1736 qui
1289 1666 1357 1721 iis
1404 1667 1692 1721 illuminati
1726 1677 1856 1722 sunt
1898 1667 2009 1724 Deo

429 1770 619 1824 regum
651 1754 785 1825 Regi
817 1771 876 1811 se
903 1757 1257 1812 addixerunt.
1307 1756 1595 1812 Trinitatis
1628 1759 1774 1814 enim
1827 1760 2009 1830 ignem

429 1847 735 1909 continent,
797 1848 890 1915 qui
959 1863 1045 1903 res
1104 1858 1324 1904 exteras
1377 1863 1484 1902 non
1537 1849 1832 1904 comburit.
1867 1850 2006 1916 Quia

429 1940 576 1992 enim
605 1953 728 1994 eum
762 1949 920 1995 vento
973 1941 1208 1996 violento
1235 1940 1469 2010 desuper
1515 1941 1682 2008 venit,
1727 1957 1836 1997 non
1872 1943 2014 1998 sicut

431 2032 637 2086 tonitru
669 2043 725 2088 et
757 2041 950 2086 contra
981 2033 1152 2103 legem
1182 2033 1485 2088 naturalem
1523 2033 1574 2087 in
1610 2034 1825 2105 linguas
1850 2033 2006 2088 llam-

430 2139 584 2180 meas
623 2125 850 2192 incidit;
885 2125 980 2180 sed
1030 2124 1304 2179 illuminat
1347 2135 1400 2179 et
1449 2126 1663 2196 perlicit
1713 2127 1911 2181 mirum
1956 2129 2012 2182 in

431 2218 655 2271 modum
703 2232 800 2272 cos
850 2217 943 2286 qui
983 2217 1062 2273 sic
1112 2217 1203 2272 illa
1256 2218 1378 2272 luce
1420 2217 1630 2287 praediti
1677 2218 1922 2285 fuerunt,
1957 2231 2013 2274 et

431 2319 693 2379 tanquam
727 2318 892 2364 vento
915 2310 1157 2364 violento
1192 2309 1284 2378 qui
1325 2307 1566 2378 Spiritus
1602 2311 1778 2364 sancti
1820 2310 2011 2366 virtuti

432 2399 593 2463 inest,
633 2403 698 2457 ad
726 2402 943 2457 Patrem
981 2401 1248 2454 luminum
1284 2402 1554 2470 perducit.

2119 481 2416 550 προσφυῶς
2463 483 2659 544 εἰπεῖν,
2696 481 2788 532 ἐπὶ
2833 479 2940 546 τῆς
2993 478 3097 548 γῆς
3147 479 3428 548 ἀπήγαγε·
3459 478 3588 541 τοὺς
3614 480 3706 530 οῦ-

2118 572 2464 642 ρανομύστας
2495 572 2553 626 δέ
2579 572 2673 626 καὶ
2698 571 3068 642 θεοῤῥήτορας
3095 569 3510 638 ἀντεισαγαγὼν
3531 572 3706 641 ἐπαῤ-

2119 664 2356 732 ρησίασε
2391 663 2779 731 γλωσσόκομον
2814 702 2826 721 .
2883 657 2999 717 οἷον
3048 662 3233 724 αὐτοῖς
3278 654 3707 733 παραφήναςτὸ

2117 753 2462 823 πυρίμορφον
2521 752 2730 805 ἐκεῖνον
2802 751 3007 820 νέφος,
3069 753 3165 804 καὶ
3222 750 3706 820 πνευματοφόροις

2115 845 2390 912 γλώσσαις
2443 847 2519 909 ὼς
2561 841 2673 898 οἷον
2721 844 2781 898 ἐν
2831 843 2966 915 πυρὶ
3004 845 3102 907 τὰς
3133 843 3362 896 ἐκείνων
3410 844 3704 911 στομώσας

2119 936 2214 991 καὶ
2271 937 2629 1006 ἐμπυρεύσας
2670 922 2853 1005 ἁγνῶς
2910 937 2992 1000 είς
3041 934 3362 1002 ἀγγελικὰς,
3403 934 3480 996 ώς
3528 935 3705 998 ὑπερ-

2121 1027 2328 1090 ϐάντας
2357 1029 2610 1096 γλῶσσαν
2641 1029 2864 1083 ἃπασαν
2897 1029 2998 1098 τὴν
3030 1027 3152 1080 κατ’
3188 1026 3497 1097 ἄνθρωπον,
3530 1025 3706 1092 sint.

2119 1120 2226 1171 λων
2255 1118 2530 1186 γλώσσαις
2557 1120 2762 1184 λαλεῖν,
2791 1117 3229 1189 ψηλαφωμέναις
3253 1116 3501 1185 δακτύλῳ
3527 1117 3709 1168 Πιθεύ-

2123 1230 2314 1284 ματος,
2333 1212 2427 1265 καὶ
2459 1211 2794 1281 ψαλλούσαις
2823 1212 2916 1265 καὶ
2932 1211 3279 1282 ἀπηχούσαις
3305 1211 3374 1263 τὸ.
3404 1210 3481 1280 τῷ
3507 1210 3706 1280 κόσμῳ

2119 1305 2388 1375 σωτήρια·
2422 1302 2512 1358 ἵνα
2532 1301 2627 1357 καὶ
2659 1305 2707 1356 οἱ
2736 1302 2824 1356 διὰ
2853 1303 2962 1356 τῶν
2991 1301 3162 1368 ἁγίων
3195 1299 3453 1371 μαθητῶν
3488 1317 3705 1368 μυστα-

2117 1395 2460 1465 γωγούμενοι
2509 1394 2816 1449 λαλούντων
2881 1394 3159 1463 γλώσσαις
3197 1395 3436 1456 καιναῖς,
3482 1393 3706 1459 λέγοιεν

2119 1487 2258 1558 μετὰ
2288 1486 2568 1556 θαύματος
2603 1487 2668 1540 ἐκ
2697 1486 2807 1540 τῶν
2836 1485 2933 1539 τοῦ
2974 1486 3140 1540 Δαϐὶδ
3175 1485 3424 1553 γλώσσας
3466 1484 3705 1540 ἀκοῦσαι

2116 1577 2183 1641 ἃς
2215 1578 2388 1646 έγνων
2413 1578 2668 1631 οὐδέποτε
2694 1594 2707 1608 ο
2737 1578 2834 1632 καὶ
2871 1577 2949 1640 ὡς
2979 1577 3148 1646 ἐχρῆν
3197 1577 3338 1630 κατὰ
3371 1574 3481 1628 τῶν
3511 1576 3701 1644 λήρων

2115 1669 2508 1737 γλωσσαλγιῶν
2559 1667 2813 1738 γλώσσας
2855 1668 3059 1728 ταύτας
3105 1667 3320 1728 ἐνθέους
3377 1665 3705 1736 πεμφθῆναι

2115 1762 2192 1816 ού
2243 1760 2669 1829 δυσπραγούσας
2726 1759 2935 1826 ἀλγεῖν,
2995 1758 3134 1811 ἀλλὰ
3204 1757 3706 1826 τεθεραπευμένως

2115 1854 2390 1922 λαχούσας
2445 1851 2626 1904 λαλεῖν
2652 1867 2666 1882 ο
2712 1852 2808 1904 καὶ
2852 1851 2927 1914 ώς
2965 1852 3076 1913 τοῖς
3097 1850 3218 1920 -μὲν
3282 1847 3468 1909 ἀθέοις
3517 1849 3693 1910 κόπος

2114 1948 2216 2000 καὶ
2249 1946 2411 2005 πόνος
2443 1943 2548 1996 ὑπὸ
2573 1945 2693 2005 ταῖς
2717 1940 3013 2010 γλώσσαις,
3039 1943 3154 2002 τοῖς
3177 1941 3234 1993 δὲ
3257 1939 3459 2001 ἐνθέοις
3478 1938 3708 2008 ἥδυσμα

2118 2037 2258 2106 ὑπὲρ
2293 2037 2459 2106 μέλι,
2519 2036 2612 2088 καὶ
2663 2033 2739 2097 ὡς
2793 2033 2850 2086 αί
2895 2034 2994 2102 μὲν
3057 2030 3333 2100 σύμφυλοι
3389 2032 3501 2092 τοῖς
3532 2029 3709 2082 πάλαι

2117 2128 2292 2192 λαοῖς,
2348 2129 2444 2181 καὶ
2483 2128 2604 2190 ταῖς
2643 2125 2764 2179 τότε
2817 2125 3014 2193 φυλαῖς
3068 2123 3357 2192 γλῶσσαι,
3397 2121 3487 2173 ὅτε
3542 2121 3644 2174 καὶ
3673 2122 3709 2190 ἠ

2116 2220 2318 2292 μικροῦ
2368 2220 2565 2273 δέουσα
2621 2218 3150 2288 πεντηκοντάπηχυς
3197 2215 3472 2282 ὲξανῆπτο
3529 2214 3708 2280 φλὸξ,

2113 2315 2210 2367 καὶ
2249 2314 2331 2376 είς
2394 2311 2589 2382 αἰθέρα
2642 2311 2973 2381 ἐφιλονείκει
3023 2309 3316 2378 ἀναϐῆναι,
3347 2308 3616 2376 βασιλέως
3649 2325 3710 2360 τε

2110 2401 2255 2476 ἦσαν
2284 2403 2575 2470 κακίστου,
2611 2404 2708 2456 καὶ
2754 2402 2910 2457 κάτω
2957 2401 3258 2472 συρόμεναι
3290 2401 3383 2453 καὶ
3416 2400 3709 2482 transviat.

433 2497 530 2548 καὶ
562 2495 692 2566 χοῦν
718 2493 990 2564 συρφετοῦ
1023 2493 1278 2562 βιωτικοῦ
1322 2493 1674 2563 κατέχουσαν
1708 2494 1806 2566 τῆς
1830 2495 1887 2549 δὲ
1915 2495 2010 2550 νῦν
2044 2497 2238 2567 ἑορτῆς
2269 2497 2324 2548 αἱ
2352 2496 2598 2562 γλῶσσαι
2628 2497 2722 2548 καὶ
2751 2495 2866 2548 ὅσοι
2896 2493 2955 2547 δὲ
3025 2493 3339 2561 σοφίζονται
3380 2492 3451 2547 δι’
3519 2494 3711 2546 αὐτῶν

432 2586 528 2639 τοῦ
580 2588 724 2643 πάνυ
775 2593 982 2660 ἀγαθοῦ
1034 2595 1431 2664 παμϐασιλέως
1465 2593 1603 2648 Θεοῦ
1639 2597 1948 2663 πεφύκασιν
1977 2610 1993 2626 ο
2033 2595 2083 2648 οἳ
2157 2596 2253 2649 καὶ
2301 2594 2430 2664 περὶ
2476 2593 2588 2662 πῦρ
2655 2591 2838 2663 έχουσι
2866 2590 3028 2645 τοῦτο
3071 2589 3434 2660 στρεφόμενοι
3471 2591 3708 2661 Τριαδιο

434 2681 550 2746 κὺν,
587 2683 709 2737 οὗτε
740 2689 868 2750 τοὺς
903 2689 1052 2752 ἐντὸς
1091 2691 1260 2743 αὐτοῦ
1309 2691 1510 2758 φλέγον
1538 2689 1666 2743 οὔτε
1704 2689 2006 2756 πλαγιάζον
2045 2692 2141 2744 καὶ
2190 2692 2450 2761 ἐκτρέχον
2482 2692 2562 2752 είς
2593 2688 2928 2760 ἐμπρησμὸν
2952 2686 3061 2741 τῶν
3091 2686 3273 2754 πέριξ,
3315 2679 3378 2739 οὗ
3439 2687 3502 2738 τὸ
3574 2704 3708 2740 και-

435 2777 659 2830 νότατον
713 2780 804 2832 καὶ
855 2780 937 2834 ὅτι
987 2781 1194 2835 ἄνωθεν
1234 2780 1626 2851 κατασκῆπτόν
1660 2783 1798 2851 μετὰ
1835 2782 2016 2852 βιαίας
2055 2783 2249 2851 πνοῆς,
2290 2784 2352 2835 οὺ
2404 2783 2696 2850 κεραύνιον
2727 2780 2988 2848 ἐμπίπτει
3059 2779 3375 2834 ἀποπάλλον
3443 2778 3709 2850 μερισμῷ

439 2870 732 2940 παραδόξῳ
763 2870 1017 2939 γλώσσας
1048 2873 1307 2942 φλογέας,
1334 2872 1472 2925 ἀλλὰ
1498 2871 1726 2940 φωτίζει
1755 2874 1852 2926 καὶ
1880 2873 2134 2927 ἀποτελεί
2175 2873 2488 2940 θαυμάσιον
2532 2873 2592 2925 τδ
2643 2874 2769 2934 τοὺς
2839 2871 2985 2925 οὕτω
3046 2871 3420 2940 φωτισθέντας
3483 2871 3559 2924 δι’
3602 2872 3702 2924 αὺ-

431 2962 528 3016 τοῦ
579 2963 1019 3033 ἁναρπάζεσοαι,
1055 2963 1130 3026 ὼς
1181 2963 1271 3016 διὰ
1321 2963 1636 3035 πνεύματος
1688 2963 1865 3033 βιαίου
1919 2965 2017 3035 τῆς
2056 2966 2198 3021 κατὰ
2228 2965 2290 3019 τὸ
2324 2965 2482 3034 ἅγιον
2538 2963 2764 3034 Πνεῦμα
2793 2962 3098 3032 δυνάμεως,
3133 2963 3214 3025 εἰς
3243 2964 3412 3017 αὐτὸν
3480 2963 3548 3034 δὴ
3609 2966 3710 3018 τὸν

439 3058 662 3131 Πατέρα
697 3059 810 3112 τῶν
837 3062 1058 3128 φώτων.
2508 3039 2510 3047 Ι

514 3148 596 3204 57.
640 3149 830 3206 Restat
865 3150 971 3206 illis
1007 3151 1276 3220 uobisque
1307 3151 1490 3207 dicere
1527 3153 1805 3222 quomodo
1843 3151 2009 3206 dictio

2184 3149 2281 3217 νζ,
2317 3151 2473 3203 Ἐστι
2519 3149 2578 3202 δὲ
2630 3149 2726 3203 καὶ
2774 3148 3006 3212 ἐκείνοις
3058 3147 3155 3202 καὶ
3191 3148 3324 3220 ἡμῖν
3360 3148 3568 3219 λέγειν,
3599 3152 3706 3204 καὶ

433 3239 758 3309 symbolice,
795 3239 960 3293 Deum
993 3253 1117 3294 esse
1153 3244 1330 3308 ignem
1356 3281 1369 3304 ,
1399 3257 1506 3294 non
1544 3256 1570 3294 a
1598 3241 1738 3295 mala
1768 3241 2016 3311 phoenice

434 3331 811 3399 desumptum,
849 3345 954 3385 non
981 3345 1047 3385 eo
1087 3347 1262 3402 usque
1328 3331 1618 3386 Dominum
1687 3333 2012 3386 omniscium

436 3425 784 3494 perduxisse,
839 3433 900 3478 ut
933 3423 1124 3479 missis
1159 3424 1363 3494 linguis
1417 3426 1593 3494 igneis
1647 3439 1810 3495 super
1858 3426 2015 3478 disci-

441 3515 601 3584 pulos
626 3529 757 3569 suos
790 3513 1063 3569 vivificam
1095 3511 1331 3582 Spiritus
1362 3517 1535 3569 sancti
1567 3515 1823 3570 virtutem
1857 3527 2020 3582 opere

437 3605 645 3661 visibili
683 3616 736 3661 et
778 3605 925 3675 quod
971 3614 1206 3660 mentem
1261 3607 1754 3676 supernaturalem-
1773 3606 2017 3672 denotet,

438 3700 723 3753 indicaret.
774 3696 929 3753 Unde
995 3698 1385 3773 cognoscimus
1436 3712 1748 3752 sermonem
1801 3712 2020 3767 quoque

438 3791 794 3859 apostolicum
832 3790 1052 3859 igneum
1091 3789 1355 3852 evasisse,
1391 3797 1447 3842 et
1494 3789 1642 3857 quod
1682 3789 1897 3858 fulgura
1935 3805 2019 3845 ra-

436 3884 590 3938 tione
638 3881 910 3952 spirituali
972 3881 1239 3948 apostolis
1289 3881 1508 3935 coalitus
1558 3881 1806 3937 immissa
1870 3891 2018 3949 sunt,

435 3988 562 4044 qua:
612 3973 793 4043 impie
827 3971 1114 4027 audientes
1160 3986 1268 4026 non
1305 3973 1372 4026 ad
1407 3981 1628 4027 cantum
1674 3974 2008 4028 excitarunt.

437 4062 545 4118 Per
576 4061 794 4133 fulgura
838 4069 1020 4115 autem
1069 4075 1180 4115 non
1235 4059 1564 4130 simpliciter
1598 4062 1830 4116 tonitru.
1860 4076 2022 4117 voces

441 4155 834 4210 subaudiendaa
871 4161 1072 4216 erunt,
1117 4151 1309 4221 quales
1351 4151 1577 4206 aliunde
1617 4152 1978 4221 cognovimus
2003 4192 2019 4216 ,

441 4246 535 4300 sed
594 4244 798 4298 tonitru
854 4244 971 4297 lilii.
1011 4243 1245 4296 Tonitru
1282 4243 1430 4296 enim
1475 4243 1788 4312 impellente
1831 4255 1884 4298 et
1918 4243 2023 4314 ipsi

440 4346 496 4391 et
540 4345 665 4407 post
709 4337 857 4405 ipsos
908 4334 1157 4405 magistri
1197 4334 1367 4388 locuti
1417 4345 1586 4400 sunt;
1640 4352 1750 4405 quo
1799 4337 2019 4406 quidem

440 4445 604 4486 sensu
629 4437 684 4484 et
714 4426 954 4482 Joannes
986 4427 1190 4480 tonitru
1229 4427 1396 4490 ﬁlius,
1445 4427 1591 4481 sicut
1619 4436 1674 4480 et
1721 4427 1904 4497 fulgur
1939 4430 2020 4483 di-

2121 3241 2198 3305 ὡς
2233 3242 2296 3294 τὸ
2331 3240 2680 3310 συμϐολικῶς
2713 3239 2814 3309 μὲν
2860 3239 3248 3311 γεγραμμένον
3297 3239 3410 3310 πῦρ
3439 3236 3583 3294 εἶναι
3611 3243 3710 3295 τὸν

2119 3333 2273 3398 Θεὸν,
2303 3332 2364 3386 ού
2398 3332 2582 3395 καλῶς
2612 3332 2669 3386 δέ
2699 3331 2973 3401 ἐκληφθὲν
3019 3332 3096 3400 τῷ
3137 3331 3428 3400 κακοσόφῳ
3472 3333 3707 3400 φοίνικι,

2120 3428 2182 3490 ἐς
2202 3425 2462 3480 τοσοῦτον
2485 3427 2584 3478 οὐκ
2613 3425 2873 3495 ἐνέτρεψε
2917 3427 3009 3478 τὶν
3055 3425 3335 3493 πάνσοφον
3371 3424 3598 3495 Κύριον,
3629 3427 3709 3489 ὡς

2123 3519 2232 3572 ἰδοῦ
2281 3520 2373 3571 καλ.
2407 3517 2678 3586 γλώσσαις
2732 3519 2988 3588 πυρίναις
3033 3519 3262 3580 ταύταις
3314 3518 3711 3588 ἐπιπεμπομέ-

2121 3627 2245 3672 ναις
2276 3613 2388 3671 τοῖς
2422 3609 2590 3662 αὐτοῦ
2630 3609 2920 3679 μαθηταῖς,
2953 3610 3051 3678 τὴν
3084 3609 3346 3674 ζωοποιδν
3395 3609 3489 3663 τοῦ
3541 3611 3708 3677 ἁγίου

2124 3703 2441 3772 Πνεύματος
2485 3699 2834 3772 παραδηλοῦν
2880 3699 3116 3770 δύναμιν
3166 3701 3262 3754 καλ⁸
3300 3700 3588 3771 ἐνέργειαν
3619 3703 3712 3754 αἰ-

2123 3794 2308 3863 σθητῷ
2342 3793 2529 3864 σεμνῷ
2559 3793 2849 3864 πράγματι
2880 3791 3289 3863 παραδηλοῦντι
3319 3793 3498 3861 νόημα
3531 3793 3638 3844 {me
3651 3811 3710 3860 ρ-

2122 3883 2292 3952 φυές’
2328 3883 2397 3937 δι’
2431 3880 2493 3938 οὗ
2533 3882 3057 3953 καταλαμϐάνομεν,
3091 3887 3186 3939 καὶ
3213 3885 3291 3949 ὡς
3322 3879 3415 3939 οἷα
3465 3886 3712 3956 πυρίνην

2123 3976 2315 4030 λαλιὰν
2345 3977 2683 4045 γενήσεσθαι
2703 3975 2804 4045 τὴν
2834 3976 3227 4048 ἁποστολικήν·
3262 3977 3358 4030 καὶ
3391 3978 3469 4040 ὡς
3493 3977 3712 4048 ἀστραο

2125 4067 2226 4120 παὶ
2255 4067 2462 4139 νοητῶς
2508 4066 2983 4138 πληθυνθήσονται
3015 4067 3202 4120 θεόθεν
3224 4069 3338 4133 τοῖς
3373 4069 3541 4139 ἱεροῖς
3571 4070 3713 4124 ἁπο-

2125 4158 2372 4224 στόλοις,
2410 4159 2789 4229 ταράσσουσαι
2840 4155 3135 4227 ψαλμικῶς
3189 4159 3317 4222 τοὺς
3381 4157 3457 4228 μὴ
3501 4158 3712 4221 ἐνθέως

2121 4249 2512 4319 ἀκρωομένους
2535 4265 2549 4279 ο
2579 4248 2638 4302 αἱ
2665 4248 2731 4313 δὴ
2761 4249 3047 4318 ἀστραπαὶ
3066 4249 3312 4317 λέγοιντο
3340 4247 3407 4302 ἂν
3435 4248 3497 4302 ού
3529 4250 3715 4318 φωναὶ

2124 4339 2313 4402 ἁπλῶς
2346 4338 2600 4409 βροντῆς,
2631 4339 2829 4392 ὁποίαν
2863 4340 3047 4394 ἄλλοοι
3087 4340 3356 4410 ἔγνωμεν,
3385 4339 3523 4392 ἀλλὰ
3547 4340 3719 4410 βρονο

2124 4429 2224 4498 τῆς
2263 4430 2507 4498 ἔκγονοιο
2545 4429 2894 4498 βροντολάλοι
2921 4433 3028 4500 γὰρ
3064 4433 3159 4484 καὶ
3195 4432 3351 4484 αὐτοὶ
3378 4432 3473 4484 καὶ
3500 4433 3552 4483 οἱ
3587 4431 3712 4501 μετ’

439 4523 628 4577 vinum
669 4522 835 4575 istius
877 4521 1082 4575 tonitru
1136 4520 1361 4576 eﬂectus
1407 4529 1513 4584 est,
1554 4521 1680 4589 quia
1713 4536 1820 4576 non
1858 4524 2014 4577 modo

2125 4497 2670 4585 αύτοῦςδιδὰσκαλοι
2697 4538 2711 4552 ·
2749 4525 2920 4594 ὁποίῳ
2975 4497 3120 4593 λόγῳ
3165 4527 3258 4576 καὶ
3305 4526 3334 4576 ὁ
3387 4497 3719 4592 Θεολογικώ·

441 4614 549 4668 vita
579 4612 688 4668 Deo
719 4612 881 4684 digna
913 4627 1010 4682 per
1043 4611 1413 4680 virginitatem
1451 4610 1676 4677 ell'ulsit,
1726 4612 1821 4666 sed
1849 4615 2015 4668 etiam

441 4705 749 4774 theologico
811 4719 1003 4759 sensu.
1073 4703 1130 4757 Si
1207 4712 1388 4757 autem
1449 4703 1651 4771 linguae
1711 4704 2016 4759 secundum

442 4807 631 4867 gentes
692 4798 894 4868 linguis
944 4804 1348 4867 apponuntur,
1411 4797 1729 4864 apostolicae
1799 4811 2022 4866 quoque

442 4904 573 4955 non,
624 4890 768 4945 sicut
808 4890 1014 4944 dictum
1064 4899 1172 4952 est,
1231 4886 1510 4942 ebrietatis
1560 4887 1790 4941 eﬂectus
1843 4888 2017 4952 fuere,

441 4982 642 5050 quippe
668 4996 778 5048 quo
806 4981 1164 5050 spiritualiter
1193 4989 1246 5034 et
1275 4978 1598 5034 barmom'ce
1632 4979 1779 5034 inter
1804 4995 1864 5036 se
1892 4994 2025 5035 con-

2126 4630 2292 4677 τατος
2339 4613 2593 4682 Ἰωάννης
2644 4612 2873 4683 βροντῆς
2925 4615 3073 4678 υίὸς,
3130 4615 3323 4668 καθότι
3379 4617 3473 4668 καὶ
3527 4616 3717 4681 ἔνθεος

2133 4705 2392 4775 ἀστραπὴ
2420 4705 2678 4772 τοιαύτης
2712 4704 2942 4775 βροντῆς
2967 4704 3214 4775 ἔκγονος,
3244 4707 3332 4760 διὰ
3358 4709 3416 4760 τὸ
3441 4707 3716 4778 ἐξαστρά-

2125 4796 2227 4864 ψαι
2261 4796 2323 4848 οὐ
2374 4798 2534 4866 μόνον
2587 4797 2882 4866 θεοπρεπεϊ
2929 4799 3195 4869 φανότητι
3232 4798 3348 4868 βίου
3390 4799 3476 4852 διὰ
3508 4783 3721 4871 παρθε-

2131 4889 2272 4954 νίας,
2323 4890 2460 4944 ἀλλὰ
2520 4891 2617 4944 καὶ
2671 4891 2994 4959 θεολογικῶς
3021 4906 3035 4920 ·
3071 4893 3119 4945 εἰ
3165 4892 3222 4944 δέ
3257 4891 3500 4961 γλῶσσαι
3533 4893 3721 4960 γλώσ-

2131 4997 2254 5044 σαις
2285 4983 2339 5034 αἱ
2375 4981 2517 5034 κατὰ
2539 4982 2667 5051 ἔθνη
2697 4983 3051 5046 ἀντίκεινται,
3083 4983 3218 5037 ἀλλὰ
3245 4985 3302 5036 αἱ
3334 4983 3716 5051 ἀποστολικαὶ,

439 5075 674 5142 spirant.
725 5072 904 5138 Quare
947 5087 1070 5140 quae
1108 5071 1348 5139 desuper
1399 5082 1531 5126 sunt
1586 5072 1804 5142 lingute,
1858 5074 2014 5142 ignea

2133 5074 2182 5126 εί
2231 5073 2328 5126 καὶ¹
2361 5074 2505 5126 κατὰ
2538 5075 2631 5128 τὸν
2663 5073 2840 5140 οὕτως
2881 5075 3106 5128 εἰπόντα
3141 5077 3270 5145 δίχα
3317 5075 3610 5146 φρονέουσι
3640 5079 3720 5146 τῷ

442 5164 708 5218 habenda:
731 5174 884 5218 sunt.

2132 5163 2279 5218 κατὰ
2329 5163 2554 5235 δόκησιν
2610 5167 2782 5236 μέθης
2842 5168 3293 5237 παρακούσματι,
3346 5167 3528 5230 ἄλλως
3583 5168 3720 5236 γοῦν

444 5257 840 5327 συμφωνοῦσιν
884 5259 1088 5312 ἐκεῖναι
1139 5260 1553 5329 πνευματικῶς,
1587 5259 1685 5313 καὶ
1716 5261 1794 5322 είς
1838 5258 1895 5311 ἒν
1963 5260 2235 5330 ἁρμονίας
2287 5260 2584 5331 ἔρχονταιο
2635 5263 2726 5316 ὅτε
2773 5263 2869 5316 καὶ
2913 5259 2983 5333 ἦν
3031 5280 3185 5327 τινας
3253 5264 3458 5333 λέγειν,
3526 5263 3606 5328 ὡς
3662 5268 3720 5321 αἱ

448 5351 550 5422 μὲν
582 5350 794 5403 ἄνωθεν
837 5350 1105 5417 γλῶσσαι,
1133 5350 1378 5418 γλῶσσαι
1410 5351 1602 5420 πυρός.

517 5439 607 5494 58.
650 5439 809 5507 Quod
855 5453 987 5494 vero
1038 5439 1170 5508 ipsa:
1197 5451 1523 5508 operantur,
1575 5453 1684 5492 non
1717 5437 1881 5507 ignis,
1915 5452 2026 5493 non

449 5532 684 5602 fulgoris
717 5540 814 5586 aut
845 5547 1030 5586 rerum
1059 5534 1113 5586 in
1147 5531 1355 5587 mundo
1387 5531 1670 5601 ignearum
1705 5545 1843 5599 opus
1873 5540 2025 5596 sunt,

453 5625 549 5678 sed
585 5625 724 5679 locis
757 5625 1024 5694 spiritalis
1072 5639 1226 5679 more
1261 5625 1490 5694 angelos
1515 5622 1818 5690 symbolice
1851 5633 2029 5678 trans-

457 5712 658 5778 ﬁgurat
683 5733 699 5780 ;
727 5731 892 5781 quam
915 5716 1010 5784 qui
1037 5715 1224 5781 habet,
1251 5730 1360 5771 nou
1403 5716 1586 5769 lumen
1615 5720 1702 5769 est
1732 5712 2022 5782 singulari-

2209 5445 2311 5509 νην.
2349 5440 2415 5493 Ὃ
2449 5438 2505 5493 δὲ
2549 5439 2713 5494 αὐταὶ
2751 5440 3115 5506 ποιοῦσιν,ού
3162 5443 3336 5512 πυρὸς
3380 5443 3568 5512 ἔργον,
3598 5445 3726 5498 οὐδὲ

2142 5532 2456 5601 ἀστραπῆς,
2491 5533 2601 5586 οὐδ’
2639 5534 2814 5588 ἄλλων
2885 5535 3060 5588 ὁπόσα
3128 5536 3280 5606 πυρά
3330 5538 3470 5589 εἰσιν
3521 5538 3583 5588 ἐν
3640 5537 3724 5607 τῷ

2142 5623 2357 5690 κόσμῳ,
2393 5622 2590 5690 φλογὸς
2622 5623 2677 5676 δὲ
2708 5627 2922 5694 νοερᾶς,
2969 5625 3130 5679 ὁποία
3159 5627 3254 5678 καὶ
3285 5627 3411 5688 τοὺς
3450 5625 3727 5692 ἀγγέλους

2138 5711 2335 5766 οὔκουν
2391 5714 2663 5780 εἰδοποιεῖ,
2702 5715 2836 5771 ἀλλὰ
2881 5715 3326 5784 συμϐολογραφεῖ
3350 5755 3366 5782 ,
3393 5715 3459 5780 ἢν
3513 5717 3542 5768 ὁ
3577 5716 3726 5779 έχων
