3996 6194
357 315 461 376 5.73

1149 323 1234 384 IN
1267 326 1616 388 l-IYMNUM
1660 330 2312 396 PENTECOSTALEM
2359 339 2817 401 DAMASCENI.

3504 345 3613 414 574

347 429 470 481 οὔτε
513 431 630 525 ei);
658 434 774 487 ἐστι
809 438 1151 506 καταμόνας,
1181 442 1306 497 οῦτε
1337 444 1462 510 νοῦς
1488 448 1518 501 ό
1558 449 1761 520 τυχὼν,
1794 449 1926 504 ἀλλά

2039 461 2143 520 ter,
2185 470 2361 525 neqtte
2412 457 2744 525 intellectus,
2793 459 2885 516 sed
2929 475 3084 515 mens
3122 459 3345 516 lucifera
3381 476 3412 516 e
3449 462 3607 518 Patre

349 523 643 593 φωσφόρος
671 527 797 591 νοῦς
842 529 937 582 τοῦ
975 532 1087 585 τῶν
1135 533 1332 602 φώτων
1373 539 1586 606 Πατρὸς
1620 543 1930 597 ἀποπαλλό-

351 633 535 683 μενος,
564 618 661 670 καὶ
718 622 783 690 τῇ
826 622 950 676 κατ’
987 623 1278 695 ἄνθρωπον
1321 634 1672 704 φωτοφανείᾳ
1703 634 1930 705 ἑνούμε-

347 726 458 770 νος,
491 710 588 762 καὶ
615 713 1018 796 προσεπαύξων
1044 717 1146 788 τὴν
1171 720 1293 774 κατ’
1319 723 1482 777 αὐτὸν
1505 727 1806 796 ἐνέργειαν,
1836 731 1931 782 καὶ

345 800 408 864 ἐξ
438 795 796 876 ἀνθρωπίνης
832 810 1150 876 μεταποιῶν
1203 816 1284 877 εἰς
1330 815 1485 870 θείαν
1514 795 1609 872 καλ
1643 821 1928 874 ἀποστολι-

347 893 472 961 κὴν,
519 894 616 946 καὶ
663 895 785 949 οἵαν
832 899 906 969 μὴ
963 902 1352 978 φαντάζειν,ἢ
1396 910 1524 972 τοὺς
1562 911 1750 979 ἁγίους
1799 915 1933 967 ἀπο-

351 985 596 1049 στόλους,
632 987 665 1048 ἢ
695 988 824 1051 τοὺς
860 991 1261 1059 ἀποστολικοὺς
1288 998 1368 1062 είς
1417 999 1614 1070 ὲρμᾶς,
1663 1001 1797 1058 ἀλλὰ
1837 1005 1932 1058 καὶ

347 1078 427 1138 είς
456 1078 620 1147 φύσιν
648 1080 784 1136 Θεοῦ
815 1083 1170 1158 θερμότερον,
1205 1091 1296 1145 ἵνα
1325 1089 1460 1157 Θεὸς
1485 1095 1622 1148 θεῶν
1646 1096 1790 1150 οὕτω
1821 1097 1930 1152 τῶν

351 1170 670 1225 ἀποστόλων
719 1175 747 1225 ό
777 1175 982 1245 Κύριος
1031 1179 1265 1249 λέγοιτο,
1302 1185 1331 1237 ὁ
1378 1185 1478 1238 σὺν
1524 1186 1603 1254 τῷ
1637 1187 1930 1257 πληθύνειν

349 1261 569 1328 ὁράσεις
625 1265 752 1319 ποτὲ
815 1269 1028 1337 σεμνῶς
1080 1275 1430 1341 πυροέσσας,
1480 1279 1790 1348 ἐμφανίσας
1833 1281 1929 1337 νῦν

352 1356 441 1403 καὶ
500 1354 758 1421 γλώσσας
789 1361 1022 1428 πυρίνας
1079 1366 1159 1426 είς
1221 1368 1525 1438 μυστήριον
1552 1410 1566 1436 ,
1598 1371 1928 1443 ἐκπλήττειν

351 1445 468 1515 ἅμα
502 1447 598 1499 καὶ
652 1451 896 1518 σοφίζειν
946 1456 1076 1518 τοὺς
1112 1455 1442 1528 ζητητικοὺς
1492 1463 1790 1530 δυνάμενος
1815 1483 1829 1496 ·
1866 1460 1928 1520 οὗ

353 1538 412 1590 τὸ
459 1540 795 1608 ἁξιάγαστον
831 1545 1081 1600 ἐπελθεῖν
1134 1549 1572 1621 βραχυλογικῶς,
1618 1555 1928 1628 οῦτωσυμ-

352 1631 806 1701 σολογραφεῖται,
839 1637 983 1691 καθὰ
1021 1637 1214 1707 ψάλλει
1256 1644 1282 1695 ὁ
1309 1645 1566 1712 μελῳδός·
1607 1648 1926 1718 Πνεύματος

2041 547 2312 603 luminum
2365 551 2723 620 progrediens
2765 560 2820 606 et
2875 553 3261 608 illuminatiOui
3303 555 3604 609 secundum

2045 639 2328 694 hominem
2385 641 2566 696 addita
2612 652 2666 697 et
2713 643 2998 700 facultates
3048 647 3343 716 adaugens,
3381 661 3518 714 quas
3539 661 3602 699 ex

2042 730 2297 786 humanis
2330 732 2381 786 in
2420 733 2633 786 divinas
2669 745 2724 788 ct
2751 737 3101 803 apostolicas,
3126 738 3234 790 ittto
3265 738 3318 790 itt
3349 747 3598 790 naturam

2049 821 2144 878 Dei
2176 825 2500 880 calldiorem
2543 826 2923 892 transformat,
2973 838 3031 882 ut
3076 829 3214 884 Deus
3261 829 3488 884 deorum
3521 828 3602 882 sic

2035 917 2410 986 apostolorum
2473 917 2734 974 Dominus
2799 928 3118 986 vocaretur,
3196 921 3288 990 qui
3362 921 3599 975 visiones

2031 1008 2218 1078 igneas
2259 1009 2643 1078 multiplicare,
2670 1019 2726 1063 et
2755 1025 2897 1065 nunc
2922 1011 3135 1081 linguas
3172 1013 3368 1081 ignita-5
3396 1013 3449 1064 in
3481 1027 3598 1079 my-

2032 1099 2216 1155 steriis
2251 1100 2627 1164 manifestare,
2647 1115 2741 1156 eos
2765 1112 2944 1156 autem
2971 1103 3064 1171 qui
3097 1104 3244 1157 circa
3272 1103 3601 1172 quaestiones

2031 1199 2322 1246 versantur
2351 1206 2670 1259 permovere
2701 1200 2754 1246 et
2777 1193 2843 1246 ad
2883 1202 3121 1246 mentem
3149 1193 3406 1246 reducere
3431 1193 3598 1255 valet;

2032 1281 2191 1352 cujus
2243 1281 2530 1347 miracula,
2564 1291 2625 1336 ut
2657 1282 2892 1337 breviter
2925 1284 3128 1347 dicam,
3178 1283 3474 1354 symbolice
3521 1297 3602 1337 re-

2031 1382 2453 1446 praesentantur.
2489 1383 2546 1428 ut
2577 1383 2732 1442 poeta
2751 1383 2965 1428 cantat:
2991 1371 3227 1442 Spiritus
3259 1374 3430 1426 sancti
3459 1387 3605 1441 sym-

2030 1466 2215 1520 bolum
2244 1474 2468 1530 ventus;
2498 1465 2657 1533 cujus
2695 1478 2860 1532 porro
2895 1465 3004 1518 vim
3041 1463 3184 1519 sicut
3208 1463 3300 1518 Dei
3331 1466 3593 1518 virtutum

2028 1555 2305 1626 exprimit,
2328 1556 2504 1624 ignem
2527 1565 2710 1609 autem
2738 1554 3117 1608 fulminantem
3151 1563 3205 1608 et
3235 1554 3596 1609 illustrautem

2029 1647 2332 1704 divinitatis
2371 1662 2509 1716 opus
2554 1646 2794 1711 exhibet,
2843 1646 3002 1715 cujus
3053 1651 3339 1714 praesentia
3408 1645 3473 1698 ad
3513 1661 3602 1701 res

351 1722 451 1790 μὲν
484 1723 579 1776 τοῦ
631 1725 938 1792 ἀγιωτάτου
979 1728 1252 1798 σύμϐολον
1300 1735 1332 1803 ή
1383 1737 1521 1807 πνοή
1552 1753 1565 1768 ο
1597 1738 1656 1790 τὸ
1693 1739 1751 1792 δὲ
1802 1742 1926 1794 κατ’

351 1816 518 1842 __o__3___
565 1817 740 1842 ag__-__
807 1821 901 1842 ,ιη
958 1823 996 1842 ι,
1026 1823 1121 1842 A1,,
1155 1841 1160 1842 γ
1218 1824 1270 1842 θ’
1501 1829 1516 1842 ι
1591 1818 1596 1828 ¹
1690 1832 1702 1842 ·
1866 1834 1878 1842 ·

2033 1748 2330 1810 ρι-ωεεηιεε
2356 1739 2597 1808 spectat,
2627 1747 2680 1792 et
2701 1752 2809 1807 qua
2845 1737 2898 1790 in
2953 1752 3011 1790 re
3039 1737 3239 1805 lingua:
3270 1737 3594 1804 sapientiam

346 1816 518 1886 αὐτὴν
563 1817 764 1887 βίαιον,
801 1821 902 1889 τὴν
954 1823 1164 1876 ἐκείνου
1213 1824 1439 1896 δύναμιν
1493 1818 1800 1900 ὑπογράφει
1847 1834 1922 1896 ὡς

2033 1832 2318 1897 indicant;
2375 1831 2532 1898 cuius
2559 1830 2722 1883 etiam
2777 1829 2958 1898 abyssi
3001 1828 3142 1896 apud
3179 1827 3345 1882 Deum
3376 1826 3597 1880 flumina

347 1907 482 1960 Θεοῦ
533 1909 644 1961 τῶν
700 1910 1021 1980 δυνάμεων·
1057 1914 1116 1965 τὸ
1167 1915 1224 1968 δὲ
1259 1915 1376 1987 πῦρ
1421 1917 1481 1970 τὸ
1530 1920 1622 1972 καὶ
1661 1921 1922 1992 φλογερὸν

349 1999 464 2068 ἅμα
505 1999 602 2052 καὶ
633 2002 960 2070 φωτιστικὺν
991 2004 1087 2072 τῆς
1124 2005 1377 2075 θεότητος
1401 2023 1416 2038 ·
1461 2000 1537 2064 ὧν
1564 2011 1597 2080 ἡ
1643 2015 1920 2083 προχείριο

349 2105 430 2150 σις
478 2090 619 2160 πρὸς
672 2092 742 2145 τὰ
794 2092 1176 2163 ὑποκείμενα,
1217 2098 1273 2149 αί
1325 2097 1379 2149 δὲ
1430 2099 1674 2166 γλῶσσαι
1728 2103 1921 2169 σοφίας

2031 1923 2100 1977 iis
2150 1920 2322 1975 fluunt
2383 1921 2475 1990 qui
2501 1920 2626 1974 inde
2677 1921 2862 1974 bibere
2903 1928 2955 1972 et
3019 1921 3120 1974 ista
3153 1920 3216 1970 ad
3249 1931 3592 1973 communem

2031 2013 2318 2068 utilitatem
2368 2009 2654 2066 exantlare
2711 2010 2860 2082 digni
2919 2018 3068 2066 sunt.
3125 2008 3233 2064 Sed
3295 2009 3410 2064 haec
3467 2008 3601 2063 liac-

2032 2112 2210 2159 tenus.

346 2182 590 2245 ἔνδειξις·
627 2179 694 2253 ἦς
730 2184 972 2240 ἀϐύσσου
1007 2189 1159 2257 παρά
1185 2189 1264 2258 τῷ
1293 2190 1414 2260 Θεῴ
1447 2193 1902 2264 ὑπερκεχυμένης
1945 2198 2183 2266 ποταμοὶ
2236 2195 2616 2268 ἐξερεύγονται
2669 2197 2782 2258 τοῖς
2831 2197 2927 2250 καὶ
2995 2195 3171 2249 τείνειν
3232 2195 3438 2263 ἀξίοις,
3500 2202 3597 2254 καὶ

346 2274 517 2337 ἄλλως
555 2275 614 2326 δὲ
641 2272 914 2338 ἐξαντλεῖν
944 2278 1024 2339 είς
1057 2281 1240 2346 κοινὴν
1278 2280 1571 2350 ὠφέλειαν.
1611 2285 1774 2339 Ἀλλὰ
1801 2287 1974 2340 ταῦτα
2007 2289 2104 2358 μὲν
2133 2288 2213 2351 είς
2253 2287 2504 2341 τοσοῦτον
2560 2288 2653 2342 καὶ
2699 2289 2791 2357 ὑφ’
2813 2287 2974 2357 ήμῶν
3026 2288 3452 2358 περιειργάσθω.

415 2371 515 2426 νϐ’.
557 2373 621 2424 Ἡ
659 2372 718 2425 δὲ
754 2371 901 2440 βιαία
931 2374 1070 2443 πνοὴ
1107 2373 1245 2443 πρὸς
1303 2375 1592 2444 διαστολὴν
1631 2376 1732 2445 μὲν
1769 2378 1922 2448 εἴρη-

345 2483 435 2517 ται
470 2465 547 2533 μὴ
577 2465 837 2534 τοιαύτης
871 2465 1064 2534 πνοῆς,
1092 2465 1255 2518 ὁποία
1285 2483 1371 2529 τις
1404 2465 1501 2519 καὶ
1531 2467 1564 2536 ἡ
1599 2469 1921 2539 καθωμιληο

349 2559 484 2625 μένη
516 2553 661 2626 αὖρα
693 2559 918 2626 πραεῖα,
969 2559 1065 2609 καὶ
1116 2557 1178 2610 τὸ
1207 2557 1523 2628 διασυρίζον
1565 2561 1788 2630 πνεῦμα
1821 2563 1920 2627 τῆς

346 2651 560 2718 δρόσου.
588 2649 744 2701 Ἐστι
775 2649 832 2701 δὲ
859 2650 956 2718 οὐχ
984 2648 1128 2702 οὕτω
1167 2650 1342 2719 βιαία,
1376 2651 1451 2713 ὡς
1481 2653 1516 2717 ή
1573 2653 1668 2706 τοῦ
1695 2653 1852 2707 νότου
1882 2656 1915 2724 ἠ

346 2743 440 2814 τὴν
479 2741 753 2821 Ἐρυθρὰν
780 2742 1058 2796 θάλασσαν
1086 2745 1476 2815 κατατεμοῦσα
1493 2746 1575 2810 είς
1597 2747 1920 2818 διαιρέσεις,

347 2835 439 2886 καὶ
469 2834 504 2902 ἠ
558 2834 670 2895 τοῖς
699 2833 910 2897 τέκνοις
955 2832 1051 2886 τοῦ
1110 2839 1552 2904 μακαριωτάτου
1613 2839 1737 2892 Ἰὼδ
1770 2836 1923 2892 οἷκον

348 2927 816 2979 ἑπικατασείσασα
849 2927 932 2988 είς
982 2925 1286 2980 ἀπώλειαν.
1332 2928 1426 2981 Διὸ
1461 2930 1582 2982 οὐδὲ
1618 2947 1926 3000 καταφορι-

348 3018 456 3079 κῶς
478 3015 575 3070 νῦν
603 3016 664 3070 τὸ
689 3017 825 3088 πνοὴ
855 3016 1005 3085 βιαία
1049 3019 1290 3088 εἴρηται,
1328 3020 1442 3072 ἀλλ’
1499 3022 1595 3074 ἐπὶ
1628 3023 1922 3091 σεμνότητι

351 3109 582 3176 μᾶλλον*
616 3109 765 3178 βιαία
791 3110 898 3180 γὰρ
928 3112 961 3179 ή
999 3111 1198 3180 ἰσχυρὰ
1228 3112 1324 3165 καὶ
1346 3112 1670 3184 ὲνδύναμος,
1707 3115 1804 3168 καὶ
1831 3115 1920 3170 λέ-

346 3220 504 3271 γεται
526 3201 668 3256 οὕτω
697 3203 849 3271 παρὰ
877 3200 977 3272 τὴν
1001 3200 1144 3271 βίαν,
1175 3204 1297 3270 ἣτις
1332 3199 1400 3273 ἦν
1433 3204 1662 3274 δύναμις
1711 3208 1770 3260 ὲν
1810 3209 1921 3270 τοῖς

2097 2380 2186 2434 59.
2230 2379 2510 2434 Violentus
2589 2395 2749 2448 porro
2787 2376 2980 2435 ventus
3023 2379 3092 2433 ab
3133 2395 3200 2434 eo
3243 2379 3600 2449 distinguitur

2024 2474 2116 2543 qui
2149 2470 2295 2527 dulci
2328 2487 2458 2526 aura
2493 2472 2645 2527 adest
2693 2479 2748 2526 et
2793 2472 2886 2540 qui
2922 2486 3110 2526 vocem
3152 2472 3338 2541 agitat.
3371 2472 3484 2526 Non
3512 2482 3598 2527 est

2026 2579 2207 2624 tamen
2239 2566 2498 2623 violentia
2527 2565 2675 2620 venti
2720 2565 2815 2634 qui
2855 2579 3006 2618 mare
3051 2562 3294 2618 Rubrum
3329 2564 3382 2617 iu
3414 2573 3599 2632 partes

2024 2659 2226 2722 divisit,
2291 2667 2348 2713 et
2409 2659 2503 2727 qui
2571 2656 2874 2711 beatissimi
2922 2654 3024 2709 Job
3063 2655 3202 2710 filios
3232 2657 3447 2710 :ediiicii
3492 2657 3596 2712 sub

2024 2749 2184 2804 ruina
2218 2747 2598 2817 consepe!ivit.
2633 2747 2814 2813 Quare
2842 2745 3006 2798 etiam
3041 2761 3187 2799 nunc
3233 2747 3448 2813 quidem
3488 2763 3596 2799 non

2025 2843 2095 2897 ob
2154 2840 2492 2903 violentiam,
2548 2838 2642 2892 sed
2679 2847 2900 2906 propter
2943 2837 3342 2892 solemnitatem
3402 2847 3598 2892 ventus

2026 2933 2384 3001 praedicatur.
2423 2929 2694 2985 Violentia
2723 2928 2870 2984 enim
2911 2927 3069 2983 furtis
3097 2936 3181 2984 est
3203 2937 3260 2983 et
3305 2943 3334 2981 a
3369 2930 3418 2981 vi
3456 2929 3601 2983 deri-«

2028 3034 2214 3088 vatur,
2263 3037 2385 3091 quae
2437 3021 2581 3092 apud
2623 3020 2882 3090 antiquos
2911 3019 3092 3073 virtus
3129 3027 3289 3074 sonat
3317 3027 3371 3072 et
3396 3019 3462 3074 de
3487 3036 3598 3089 quo

2029 3117 2230 3169 multus
2253 3128 2434 3170 sermo
2465 3123 2569 3168 est.
2591 3111 2733 3166 Hine
2771 3113 2917 3168 enim
2945 3112 3053 3167 vita
3085 3127 3302 3182 quoque
3331 3112 3596 3181 originem

2029 3207 2200 3260 ducit.
2241 3206 2343 3272 Qui
2389 3206 2533 3260 enim
2575 3207 2805 3259 multum
2851 3204 2976 3259 vitte
3033 3204 3285 3258 humana:
3337 3204 3516 3269 habet,
3555 3205 3602 3260 is

349 3295 536 3358 πίλαι,
563 3295 658 3346 καὶ
682 3291 900 3346 ἔπαινον
928 3288 1040 3364 εἶχε
1061 3293 1233 3347 πολύν
1257 3309 1272 3323 °
1301 3294 1381 3348 διὸ
1408 3295 1501 3348 καὶ
1523 3297 1613 3348 τὸν
1637 3297 1751 3367 βίον
1779 3299 1918 3370 αὑτὴ

2033 3314 2240 3370 quoque
2291 3299 2494 3354 virtute
2553 3313 2746 3367 magna
2784 3298 2974 3368 pollet.
3032 3297 3164 3364 Qua:
3240 3306 3421 3352 autem
3460 3297 3602 3365 apud

349 3386 608 3455 παράγει.
642 3385 704 3437 '0
736 3384 845 3452 γὰρ
881 3383 1006 3446 ἃλις
1039 3384 1182 3455 ἔχων
1226 3384 1320 3438 τοῦ
1354 3388 1499 3441 κατὰ
1530 3387 1739 3460 κόσμον
1771 3389 1911 3458 βίον,

350 3477 552 3536 ἐκεῖνος
585 3474 677 3528 καὶ
701 3473 933 3542 δύναμιν
977 3475 1199 3528 πλουτεῖ
1235 3475 1488 3545 πολυειδῆ
1517 3492 1529 3507 ·
1569 3477 1666 3546 τὴν
1723 3479 1922 3544 μέντοι

351 3567 502 3638 παρὰ
538 3567 648 3627 τοῖς
706 3565 830 3635 ἄρτι
869 3565 1174 3635 λεγομένην
1231 3566 1355 3636 βίαν
1394 3567 1493 3637 τὴν
1543 3567 1919 3640 ἀπάνθρωπον

350 3661 443 3713 καὶ
468 3657 822 3729 τυραννικὴν,
853 3657 951 3711 καὶ
982 3658 1050 3712 δι’
1083 3659 1252 3727 αὐτὴν
1283 3657 1658 3730 κολαζομένην
1686 3664 1811 3715 κατ’
1837 3663 1928 3716 ἑκ-

348 3753 584 3818 δὶκησιν,
615 3748 878 3819 ὑπέρϐιον
906 3748 1066 3819 ὓϐριν
1098 3750 1149 3801 οι
1197 3751 1351 3819 σοφοὶ
1378 3749 1568 3820 ελεγον
1596 3767 1610 3780 ·
1648 3753 1823 3806 οῐδασι
1865 3753 1924 3805 δὲ

351 3842 445 3894 καὶ
467 3841 517 3894 οἱ
540 3840 824 3908 πεζολόγοι
852 3841 1082 3911 ῥήτορες
1120 3842 1213 3894 ἐπὶ
1263 3842 1524 3914 ἐναρέτου
1557 3843 1841 3912 σημασίας
1866 3844 1928 3896 τὸ

353 3931 527 4002 βίαιον
553 3931 896 4001 ἐπιχείρησιν
919 3948 1042 3986 τινα
1068 3933 1322 4001 γενναίαν
1341 3932 1570 4005 λυτικὴν
1596 3933 1927 3999 ἀντιθέσεως

352 4023 430 4094 τῷ
461 4023 557 4077 τοῦ
590 4022 766 4094 βιαίου
798 4022 1093 4084 καλοῦντες
1125 4025 1351 4095 ὀνόματι
1374 4041 1387 4054 °
1430 4024 1529 4095 τὴν
1567 4025 1626 4079 δὲ
1657 4025 1802 4090 λέξιν
1831 4025 1926 4080 τοῦ

352 4115 746 4186 γλωττήματος
775 4117 900 4171 ὅθεν
933 4117 1160 4185 εἴληφεν
1209 4119 1238 4168 ὁ
1276 4116 1515 4186 μελῳδὸς
1545 4118 1646 4170 οὐκ
1671 4112 1807 4170 οἶδα.
1839 4117 1928 4171 Ei-

353 4207 521 4270 κὸςδὲ
566 4209 626 4260 ἑν
653 4206 732 4278 τῷ
763 4213 941 4280 μυρίῳ
989 4212 1086 4264 καὶ
1114 4210 1523 4280 ἀπεριελεύστῳ
1555 4209 1794 4281 λεκτικῷ
1829 4212 1924 4282 χύ-

353 4317 506 4370 ματι,
537 4300 702 4369 ψιάδα
740 4303 1191 4372 παρεγκεχύσθαι
1226 4319 1332 4356 που
1361 4305 1491 4372 ἡμῖν
1524 4303 1838 4374 ἀθεώρητον
1867 4305 1930 4358 τὸ

349 4394 577 4462 γλωττῶ
597 4394 929 4463 γλωττήσω·
970 4395 1031 4459 ἐξ
1062 4388 1124 4448 οὗ
1171 4397 1266 4448 καὶ
1315 4398 1349 4465 ἡ
1379 4397 1748 4466 γραμματικὴ
1785 4397 1927 4462 λέξις

347 4486 409 4538 τὸ
433 4487 910 4556 γλωσσηματικόν.
954 4486 1434 4555 Καταγλώττισμα
1480 4489 1668 4555 μέντοι
1699 4489 1926 4558 οἴδαμεν

347 4582 416 4633 ἐκ
439 4579 536 4633 τοῦ
563 4577 984 4648 καταγλωττίζω
1023 4580 1288 4647 ῥήματος,
1316 4579 1411 4630 καὶ
1438 4578 1573 4632 ἄλλα
1607 4578 1664 4630 δὲ
1698 4580 1929 4632 τοιαῦτά

2028 3396 2298 3445 nostrates
2326 3390 2405 3445 vis
2432 3390 2714 3460 tyrannica
2749 3399 2800 3442 et
2842 3388 3141 3442 inhumana
3169 3389 3342 3451 audit,
3371 3402 3600 3455 quaeque

2027 3493 2057 3534 a
2113 3479 2517 3551 legislatoribus
2573 3494 2792 3548 pmnam
2845 3479 2959 3543 dat,
3001 3494 3120 3533 eam
3158 3478 3462 3547 philosotthi
3518 3477 3603 3530 tti-

2028 3571 2191 3626 miam
2226 3571 2572 3627 insolentiam
2632 3571 2964 3627 vocitarunt.
3019 3570 3124 3625 Sed
3164 3569 3444 3639 pedestres
3471 3585 3604 3638 quo-

2028 3677 2136 3730 que
2189 3665 2482 3732 scriptores
2519 3678 2644 3717 eum
2710 3677 2840 3716 voce
2901 3661 3076 3736 βίαιον
3130 3661 3422 3715 antithesin
3474 3676 3606 3714 con~

2023 3753 2261 3823 jungunt
2332 3764 2386 3807 et
2459 3753 2560 3807 hoc
2624 3767 2791 3808 sensu
2870 3752 3150 3805 adhibent.
3240 3751 3394 3804 Unde
3472 3768 3602 3804 vero

2031 3844 2432 3914 γλωττήματος
2452 3859 2638 3898 vocem
2681 3856 2836 3912 poeta
2870 3843 3165 3912 sumpserit
3195 3843 3403 3912 ignoro.
3438 3841 3601 3896 Forte

2029 3944 2212 3991 autem
2247 3936 2301 3989 in
2333 3934 2726 3990 vocabulorum
2780 3935 2934 3989 turba
2979 3933 3188 4004 guttula
3239 3949 3339 4002 per
3377 3934 3601 4001 γλωττῶ

2029 4031 2324 4104 γλωττήσω
2360 4029 2666 4096 distillavit,
2721 4030 2869 4085 unde
2915 4031 3079 4085 etiam
3132 4029 3272 4099 apud
3324 4043 3608 4100 gramma-

2031 4123 2168 4180 tieos
2230 4121 2712 4193 γλωσσηματικόν.
2777 4121 3254 4190 Καταγλώττισμα
3293 4119 3509 4190 quidem
3575 4135 3605 4173 a

2032 4216 2196 4272 verbo
2232 4213 2658 4282 καταγλωττίζω
2680 4213 2986 4268 derivatum
3015 4210 3294 4277 novimus,
3334 4219 3393 4265 ut
3424 4209 3604 4264 etalia

2031 4307 2275 4373 similia,
2334 4316 2396 4361 ut
2460 4303 3029 4374 κατεγλωττισμένος.
3095 4303 3250 4370 Quod
3310 4303 3358 4356 si
3405 4302 3605 4357 alicubi

2033 4413 2172 4466 aqua
2202 4398 2428 4467 loquens
2463 4397 2683 4466 legitur,
2734 4403 2954 4450 ventum
3005 4408 3226 4464 quoque
3295 4393 3605 4462 loquentem

2033 4491 2298 4546 divinitus
2330 4498 2386 4546 et
2432 4489 2668 4544 mediate
2719 4486 2940 4549 dixerit,
2993 4486 3060 4541 ob
3096 4485 3608 4556 καταγλωττήματα

2039 4593 2221 4634 vocem
2253 4595 2374 4632 cum
2407 4589 2567 4632 vento
2595 4577 2788 4631 diviso.

345 4689 488 4739 τινα,
521 4674 582 4725 ἐν
612 4665 693 4734 οἷς
731 4671 826 4724 καὶ
874 4671 902 4722 ὁ
945 4669 1502 4740 κατεγλωττισμένος.
1557 4669 1620 4722 Ei.
1654 4671 1710 4723 δὲ
1735 4670 1897 4722 λάλον
1943 4670 2091 4740 ὕδωρ
2117 4671 2318 4741 ἐρρέθη
2362 4688 2464 4723 που
2495 4670 2702 4735 δεξιῶς,
2739 4667 2972 4722 είποιᾶν
2996 4684 3080 4731 τις
3107 4667 3203 4720 καὶ
3258 4667 3419 4719 λάλον
3479 4667 3610 4730 ταύ,

347 4784 450 4836 την
469 4766 570 4834 τὴν
602 4763 768 4834 πνοὴν
799 4763 1004 4824 ὲνθέως
1044 4780 1104 4816 τε
1135 4765 1229 4814 καὶ
1267 4761 1386 4815 οὐδὲ
1439 4762 1794 4831 ἀπροσφυῶς,
1833 4764 1921 4817 διὰ
1963 4765 2031 4816 τὰ
2057 4764 2329 4834 εἰρημένα
2361 4763 2872 4831 καταγλωττήματα
2947 4762 3085 4831 μετὰ
3123 4763 3220 4829 τῆς
3283 4757 3608 4829 διειλημμέ-

345 4875 447 4928 νης
479 4855 669 4924 πνοῆς-

420 4949 484 5016 ξ’.
516 4950 591 5003 Τὸ
619 4950 698 5014 δὲ,
735 4950 928 5018 νείμας
957 4947 1020 5000 τὸ
1055 4947 1305 5017 Πνεῦμα,
1328 4951 1524 5002 ταύτόν
1546 4952 1665 5004 ἐστι
1692 4949 1770 5020 τῷ
1802 4949 1920 5002 δια-

2103 4942 2192 4999 60.
2214 4941 2369 5008 Quod
2399 4938 3082 5009 deindevefpac'Spiritum
3105 4937 3323 5003 dicitur,
3355 4937 3495 4993 idem
3525 4949 3609 4993 est

351 5045 582 5112 μερίσας
605 5057 619 5072 ο
656 5042 936 5111 μερίζεται
962 5041 1019 5094 δὲ
1053 5041 1183 5094 αὐτὸ
1214 5042 1317 5094 οὐκ
1365 5042 1543 5104 ἄλλως
1567 5041 1685 5096 ἀλλ’
1724 5043 1757 5111 ἦ
1786 5045 1929 5096 κατὰ

345 5136 447 5205 τὴν
477 5136 698 5204 ἑκάστῳ
730 5135 824 5187 καὶ
870 5133 994 5187 τότε
1032 5132 1327 5202 δεδομένην
1381 5134 1476 5186 καὶ
1530 5135 1692 5204 μέχρι
1717 5134 1813 5200 νῦν
1845 5135 1925 5187 δι-

347 5227 582 5296 δομένην
626 5227 785 5295 χάριν
830 5227 894 5278 ἐκ
919 5224 1012 5277 τοῦ
1043 5223 1204 5287 Θεοῦ,
1241 5223 1300 5285 ὃς
1325 5224 1508 5286 ἄλλοις
1542 5223 1678 5277 ἄλλα
1711 5224 1929 5278 δίδωσιν

350 5321 426 5382 ὡς
470 5321 676 5381 ἐκεῖνος
707 5318 1001 5386 ἐπικρίνει,
1043 5318 1133 5368 καὶ
1176 5315 1288 5368 οὐδ’
1318 5315 1384 5368 ἂν
1417 5315 1697 5385 παύσηται
1758 5316 1931 5370 ποιῶν

350 5403 509 5464 τοῦτο
546 5411 862 5474 διαπαντός.
889 5411 951 5463 Εἰ
991 5411 1050 5464 δέ
1099 5427 1182 5474 τις
1217 5410 1374 5462 ἄλλον
1404 5410 1525 5462 τινὰ
1557 5409 1771 5477 βλέπων
1804 5409 1932 5462 πλε-

351 5502 681 5555 ονεκτοῦντα
711 5502 1016 5572 χαρίσμασι
1050 5499 1298 5571 βιάζεται
1339 5501 1398 5552 τὸ
1429 5503 1492 5553 ὲκ
1517 5503 1802 5570 περισσοῦ,
1834 5504 1935 5556 οὐκ

351 5590 418 5645 ἃ)
445 5590 656 5660 όκνήσῃ
681 5591 710 5642 ὀ
759 5589 1111 5660 χαριτοδότης
1139 5589 1271 5650 Θεὸς
1299 5589 1476 5640 εἰπεῖν
1499 5589 1590 5640 καὶ
1628 5588 1764 5654 πρὸς
1786 5591 1927 5642 ἐκεῖ-

354 5700 462 5750 νον,
485 5682 560 5745 ὼς
587 5683 646 5734 Ἀ
658 5685 776 5751 ρκεῖ
794 5699 878 5736 σοι
907 5684 942 5751 ἠ
965 5681 1126 5751 χάρις
1153 5696 1252 5750 μου
1274 5694 1287 5708 ·
1313 5679 1649 5748 προθέμενος
1681 5679 1809 5742 ίσως
1834 5681 1929 5733 καὶ

359 5774 440 5838 τὸ,
484 5775 549 5829 Ἡ
578 5775 808 5840 δύναμίς
850 5791 955 5838 μου
990 5774 1047 5826 ἐν
1081 5771 1337 5838 ἀσθενείᾳ
1369 5770 1693 5826 τελειοῦται.
1722 5773 1784 5825 Εἰ
1825 5771 1932 5836 γὰρ

2035 5051 2101 5092 ac
2157 5033 2504 5104 διαμερίσας.
2553 5031 2905 5085 Distribuitur
2961 5038 3141 5085 autem
3200 5044 3310 5083 non
3362 5029 3516 5082 aliter
3545 5045 3608 5083 ac

2036 5126 2333 5183 secundum
2352 5124 2578 5196 gratiam
2623 5139 2741 5192 quae
2772 5123 2970 5192 cuique
3001 5123 3124 5175 data
3159 5132 3245 5177 est
3277 5137 3306 5175 a
3340 5122 3469 5184 Deo,
3513 5120 3607 5188 qui

2039 5220 2164 5275 aliis
2215 5222 2317 5272 alia
2349 5215 2648 5281 distribuit,
2707 5215 2846 5268 sicut
2907 5214 2995 5269 ille
3030 5213 3498 5282 quidemjudicat,
3553 5220 3609 5263 et

2039 5311 2180 5384 quod
2211 5309 2388 5364 facere
2415 5307 2966 5376 uuuquamccssabit.
3005 5305 3060 5359 Si
3089 5306 3212 5375 quis
3237 5315 3414 5358 autem
3439 5302 3604 5355 alium

2040 5396 2215 5471 gratia
2273 5396 2806 5466 superabttndantem
2841 5395 3033 5451 videns
3069 5396 3174 5448 vim
3224 5395 3348 5448 inde
3385 5391 3606 5462 patitur,

2045 5497 2184 5548 Deus
2231 5491 2626 5545 charismatum
2669 5491 2836 5545 dator
2882 5489 3066 5543 dicere
3123 5486 3321 5552 poterit
3349 5484 3414 5538 ad
3445 5497 3604 5538 euut:

2042 5602 2060 5635 t
2103 5581 2312 5636 Sufﬁcit
2333 5579 2429 5636 tibi
2447 5581 2618 5651 gratia
2679 5596 2833 5644 mea;
2863 5599 2881 5631 ι
2924 5579 3128 5649 addens
3157 5577 3285 5631 illud
3316 5620 3318 5623 .
3350 5589 3601 5647 quoque:

2043 5698 2061 5728 ι
2094 5675 2277 5729 Virtus
2303 5689 2418 5728 mea
2445 5674 2497 5728 in
2516 5673 2790 5728 debilitate
2832 5672 3258 5741 perlicitttr.p-t
3295 5669 3351 5724 Si
3376 5677 3430 5722 tu
3461 5667 3604 5723 enim

2043 5770 2236 5826 debilis
2265 5784 2346 5833 cs,
2384 5768 2528 5823 nulla
2558 5781 2624 5822 ex
2654 5781 2740 5822 me
2771 5772 2988 5830 sumpta
3015 5763 3208 5829 gratia,
3240 5778 3359 5828 ego,
3403 5763 3597 5826 iuqutt.
