3996 6194
422 272 528 346 575
1162 283 1584 344 EUSTATIIH
1628 283 2390 348 TlIESSALONICENSIS
2428 283 2994 345 METROPOIJT/E
3589 281 3697 342 .576

420 400 478 452 in
527 403 729 456 virtute
783 417 902 457 mea
968 403 1305 458 debilitatem
1373 403 1628 470 implebo.
1663 421 1682 455 ι
1715 401 2004 457 Sciendum

2130 402 2208 454 ιαὶ
2241 401 2305 454 σὺ
2337 399 2592 453 ἀσθενεῖν
2623 399 2750 466 φὴς,
2805 397 2880 466 μὴ
2915 395 3099 449 λαϐὼν
3160 394 3219 459 ἐξ
3277 391 3416 462 ἐμοῦ
3474 391 3700 460 χάριτος

424 505 605 547 autem
663 494 807 561 quod
849 496 982 548 illud
1023 494 1239 562 νείμας,
1291 495 1436 564 quod
1474 496 1751 550 derivatur
1784 496 2004 561 ενέμω,

425 585 570 638 unde
587 597 640 638 et
657 587 846 654 νόμος,
868 586 1091 651 indicat,
1113 587 1257 653 quod
1281 587 1536 642 hodierna
1559 587 1798 656 Spiritus
1820 587 2005 642 distri-

428 677 580 730 butio
603 679 866 746 apostolis
880 687 934 732 et
955 677 1450 746 discipulisCltristi
1479 681 1531 734 in
1566 681 1734 746 legem
1778 678 2002 740 abierit,

426 777 521 827 ut,
566 770 948 826 distributione
1000 773 1106 826 rite
1177 772 1356 836 facta,
1429 773 1730 828 secundum
1798 787 2000 842 prame-

423 872 572 929 ptnm
611 872 880 930 nostrum,
943 867 1101 921 nobis
1155 867 1423 921 israelitis
1481 867 1820 935 legislatores
1881 865 2003 920 facti

424 963 578 1016 sunt,
635 953 729 1022 qui
788 970 884 1025 per
916 955 1062 1026 ipsos
1119 967 1332 1011 mentes
1366 957 1536 1012 Deum
1600 956 1843 1012 videntes
1875 954 2006 1010 facti

427 1058 640 1098 SIIIIIUS.

2113 493 2395 562 ἐπιϐολὴν,
2432 491 2547 546 ἀλλ’
2572 491 2703 559 ἐγὼ,
2733 491 2889 559 φησὶ,
2921 491 2987 560 τῇ
3021 490 3079 540 ὲν
3110 487 3234 556 ἐμοὶ
3282 485 3518 552 δυνάμει
3561 485 3697 536 ἀνα-

2117 585 2390 658 πληρώσω
2424 586 2523 656 τὴν
2549 585 2694 638 κατὰ
2718 583 3024 638 ἀσθένειαν.
3068 581 3271 634 Ίστέον
3299 578 3356 631 δὲ
3390 579 3486 632 καὶ
3531 577 3615 630 ὅτι
3639 576 3700 628 τὸ

2114 679 2334 746 νείμας,
2385 670 2448 729 οὗ
2479 676 2852 746 προκατάρχει
2899 673 2962 728 τὺ
3009 673 3183 742 νέμω,
3236 672 3297 736 ἐξ
3348 664 3409 724 οῦ
3441 671 3468 724 ὁ
3508 671 3696 737 νόμος,

2111 771 2378 839 ἐμφαίνει
2409 770 2505 822 καὶ
2547 771 2628 831 είς
2666 769 2830 836 νόμον
2881 766 3140 835 γενέσθαι
3174 767 3288 828 τοῖς
3345 763 3525 831 ἁγίοις
3562 764 3699 813 ἀπο-

2117 863 2324 924 στόλοις
2358 862 2451 914 καὶ
2481 861 2761 932 μαθηταῖς
2783 859 2878 913 τοῦ
2908 858 3150 926 Χριστοῦ
3177 858 3279 927 τὴν
3302 857 3549 924 σήμερον
3581 853 3705 906 δια-

2117 955 2291 1023 νομὴν
2340 953 2478 1022 πρὸς
2510 952 2709 1015 αὑτοὺς
2741 951 2836 1005 τοῦ
2870 949 3178 1018 ἁγιωτάτου
3231 946 3574 1017 Πνεύματος,
3624 944 3704 1006 ὼς

2116 1046 2212 1097 καὶ
2237 1046 2296 1096 έν
2320 1047 2432 1104 τοῖς
2474 1043 2602 1112 ἑξῆς
2639 1044 2943 1112 φανήσεται
2968 1056 2982 1070 ⁶
3014 1041 3158 1094 ὥστε
3187 1039 3395 1106 ταύτην
3423 1032 3482 1091 εῦ
3513 1035 3704 1089 διαθέ-

427 1154 582 1204 μενοι
615 1139 760 1194 καθὰ
789 1140 930 1210 ὑπὲρ
951 1140 1109 1210 ήμῶν
1145 1141 1536 1213 ὲνετάλοησαν,
1570 1142 1667 1196 καὶ
1697 1141 1990 1210 νομοθέται
2028 1139 2320 1209 γεγόνασιν
2362 1138 2496 1206 ἡμῖν
2541 1139 2651 1198 τοῖς
2694 1135 2903 1205 κυρίως
2940 1133 3332 1205 Ἰσραηλίταις,
3392 1130 3445 1183 οἲ
3510 1129 3696 1200 δηλονς

424 1236 509 1288 ότι
550 1237 638 1290 διὰ
689 1239 872 1306 μέσων
918 1239 1098 1293 αὐτῶν
1131 1242 1222 1294 καὶ
1257 1241 1324 1292 δι’
1357 1239 1558 1302 αὑτοὺς
1587 1238 1706 1302 νόες
1733 1239 1825 1292 τὸν
1865 1236 1999 1290 Θεὸν
2037 1235 2274 1303 ὁρῶντες
2306 1235 2636 1301 γεγόναμεν.

502 1327 594 1380 61.
641 1328 943 1398 ’Υπέσχετο
971 1328 1187 1392 deinde,
1209 1330 1347 1397 quod
1383 1330 1534 1392 dicit,
1562 1339 1855 1400 syntaxeos
1882 1341 2010 1381 nor-

431 1431 574 1470 mam
590 1420 1009 1487 transgreditur.
1025 1420 1156 1474 Illud
1169 1436 1387 1489 quoque
1399 1421 1560 1490 ἔργον
1573 1422 1682 1489 γὰρ
1699 1420 2010 1489 ὲκπεράνας

429 1523 624 1562 omnes
647 1509 827 1578 operis
853 1510 1019 1564 ditini
1053 1520 1234 1576 partes
1289 1520 1528 1580 superat.
1559 1510 1851 1565 Salutanda
1883 1521 2010 1562 vero

431 1613 538 1652 vox
567 1599 840 1669 ὑπέσχετο
869 1599 937 1654 ab
956 1599 1196 1670 ὑπέσχεν
1225 1601 1488 1665 derivata,
1516 1616 1623 1670 qua
1654 1599 1878 1658 utimur,
1910 1598 2011 1651 hu-

433 1691 682 1754 militatis
727 1694 830 1745 sub
861 1691 1065 1761 specie,
1105 1693 1157 1745 in
1191 1692 1427 1761 ὑπέσχεν
1457 1693 1682 1761 αὐχένα,
1701 1691 1799 1762 τὴν
1827 1692 2010 1760 χεῖρα,

2191 1327 2292 1390 Ea’.
2322 1327 2395 1379 Τὸ
2419 1326 2476 1380 δὲ
2513 1325 2784 1395 ὑπέσχετο
2803 1322 3039 1394 ἀναχθὲν
3065 1321 3208 1375 κατὰ
3229 1319 3536 1391 ὑπέρϐασιν
3573 1337 3703 1372 συν-ι

2115 1416 2341 1482 τάξεως·
2363 1419 2443 1481 είς
2471 1417 2532 1470 τὸ
2559 1418 2721 1488 ἔργον
2753 1415 2864 1486 γὰρ
2894 1415 3231 1484 ικπεράνας,
3259 1413 3531 1466 διαϐαίνει
3561 1413 3698 1463 ἐκεῖ·

2119 1511 2212 1564 θεν
2239 1511 2334 1563 καὶ
2361 1513 2442 1572 είς
2468 1511 2564 1564 ὅλα
2594 1509 2736 1562 κατὰ
2769 1507 2955 1560 κοινοῦ
2993 1506 3064 1560 τὰ
3095 1505 3189 1558 τοῦ
3227 1505 3372 1556 θείου
3403 1504 3568 1573 ἔργον
3602 1518 3709 1571 με-

2125 1601 2272 1670 ρικά.
2305 1601 2608 1671 Δεξιωτικὴ
2635 1601 2690 1652 δὲ
2723 1600 2870 1666 λέξις
2899 1599 2958 1652 τὸ
3003 1599 3292 1666 ὑπέσχετο,
3327 1595 3706 1665 ἑξωρμημένη

2117 1692 2214 1746 τοῦ
2248 1694 2505 1761 ὑπέσχεν,
2534 1691 2593 1745 οῦ
2623 1692 2820 1761 χρῆσις
2858 1693 2918 1743 ὲν
2946 1689 3025 1759 τῷ
3067 1689 3307 1758 ὑπέσχεν
3353 1688 3562 1756 αὐχένα
3608 1703 3710 1738 τα-

436 1783 487 1836 ἰιΙ
520 1792 624 1843 est,
654 1783 922 1838 salutandi
958 1784 1190 1838 formula
1223 1785 1458 1854 subjecit
1509 1799 1570 1840 se
1604 1783 1789 1838 manui
1825 1783 2015 1836 distri-

2130 1786 2436 1846 πεινώσεως
2493 1784 2673 1853 λόγῳ·
2725 1781 2818 1835 καὶ
2869 1784 2930 1834 ὲν
2988 1780 3064 1851 τῷ
3113 1779 3316 1848 ὑπέσχε
3370 1779 3472 1850 τὴν
3517 1781 3704 1847 χεῖρα,

434 1874 648 1929 buenti.
679 1875 772 1929 Sic
791 1877 932 1929 enint
955 1876 1356 1945 quodammodo
1373 1877 1536 1930 etiam
1561 1875 1811 1930 Christus
1836 1872 2020 1926 Salva-

437 1976 522 2018 tor
583 1969 684 2019 αἱς(
703 1967 865 2035 ipulis
895 1968 1010 2023 suis
1039 1967 1313 2038 proznisit,
1344 1983 1438 2036 per
1459 1963 2017 2022 condescendentiam

437 2071 560 2110 sese
593 2057 1076 2124 communicando,
1107 2069 1160 2113 et
1185 2059 1508 2112 beneficium
1549 2057 1855 2127 pollicendo
1884 2055 2022 2108 ami—

2123 1877 2295 1948 ἤγουν
2342 1876 2575 1928 ὑπέθετο
2626 1877 2718 1930 καὶ
2747 1875 3007 1929 ὑποκάτω
3034 1873 3158 1943 ἔσχε
3217 1873 3316 1940 τῆς
3352 1871 3708 1941 δωρουμένης

2124 1968 2308 2039 χειρὸς
2343 1968 2489 2038 λόγῳ
2523 1966 2854 2031 δεξιώσεως.
2889 1965 3048 2020 Οῦτω
3070 1967 3179 2034 γὰρ
3221 1966 3428 2034 τρόπον
3456 1963 3577 2016 τινὰ
3609 1965 3710 2015 καὶ

2118 2060 2148 2111 ὁ
2207 2057 2399 2128 Σωτὴρ
2461 2058 2700 2128 Χριστὸς
2759 2059 3031 2126 ὑπέσχετο
3086 2059 3201 2118 τοῖς
3256 2055 3550 2125 μαθηταῖς,
3614 2050 3710 2107 οἷα

437 2145 542 2210 cis,
603 2144 695 2212 qui
727 2147 826 2216 ipsi
859 2148 928 2201 ad
965 2149 1166 2203 bonum
1223 2148 1460 2204 oblatum
1500 2162 1562 2204 se
1608 2147 2020 2202 accommodare

2130 2151 2594 2218 συγκατασάσεως
2645 2150 3036 2204 ταπεινοποιοῦ
3096 2150 3260 2220 χάριν
3326 2150 3520 2202 ἑαυτὸν
3574 2148 3714 2200 ὑπο-

442 2246 498 2291 et
541 2239 751 2306 gratias
787 2238 990 2294 referre
1029 2240 1320 2295 debebant.
1367 2239 1522 2305 Quod
1581 2237 1630 2293 si
1695 2239 1854 2292 aliter
1917 2238 2020 2290 ista

2130 2242 2272 2312 σχὼν
2292 2259 2308 2275 ·
2345 2245 2439 2296 καὶ
2480 2243 2958 2312 ἐπαγγειλάμενος
2990 2241 3312 2313 εὐεργεσίαν
3344 2241 3522 2308 φίλοις
3550 2239 3713 2306 ὀφεί-

437 2329 598 2382 verba
626 2329 1023 2399 interpreteris,
1049 2330 1456 2400 conjunctivum
1487 2330 1755 2398 ὑπέσχετο
1796 2342 2017 2382 sensum

2130 2335 2311 2388 λουσιν
2345 2335 2575 2399 ἑαυτοὺς
2625 2333 2993 2405 ἁνθυποσχεῖν
3057 2337 3138 2397 είς
3185 2351 3244 2386 τε
3294 2331 3565 2400 ὑποδοχὴν
3612 2329 3713 2383 τοῦ

438 2417 623 2474 habet.
665 2421 818 2477 Patet
863 2424 1009 2477 enim
1071 2425 1217 2492 quod
1273 2424 1319 2478 is
1341 2423 1433 2494 qui
1459 2422 1666 2492 aliquid
1723 2420 2016 2489 promittit,

2130 2427 2403 2495 Ιδιδομένου
2439 2427 2684 2494 ἀγαθοῦ,
2722 2429 2815 2481 καὶ
2864 2429 2945 2492 είς
2996 2427 3253 2480 ἀπόδοσιν
3313 2425 3671 2494 ἁντιχάριτος
3699 2441 3714 2453 ο

440 2509 714 2578 praecipue
781 2524 963 2568 autem
1015 2515 1160 2570 veris
1204 2514 1416 2579 amicis,
1472 2513 1541 2566 ab
1579 2513 1664 2566 his
1718 2521 1932 2567 tenetur
1964 2521 2019 2566 et

2130 2521 2218 2571 καὶ
2243 2519 2419 2580 ἄλλως
2446 2519 2505 2572 δὲ
2528 2522 2593 2590 τῇ
2617 2520 2759 2582 λέξει
2793 2519 3098 2584 ém61).ei’v,
3137 2518 3457 2585 συνδετικὴν
3491 2517 3717 2568 ἔννοιαν

437 2599 600 2667 quasi
658 2602 841 2658 debito
875 2605 1166 2674 obligatur.
1216 2605 1352 2660 Cum
1407 2606 1494 2659 his
1537 2614 1720 2659 autem
1785 2603 2009 2657 vocibus

2130 2611 2238 2680 ἔχει
2272 2613 2332 2663 τὸ
2363 2613 2680 2682 ὑπέσχετο.’
2713 2612 2883 2682 Δῆλον
2925 2613 3033 2681 γὰρ
3061 2612 3135 2674 ὡς
3165 2613 3193 2662 ὁ
3227 2609 3606 2678 ὑποσχόμενός
3637 2624 3717 2670 τι,

446 2691 836 2762 ὑπισχνεῖσθαι
882 2713 1102 2768 quoque
1137 2699 1383 2768 ejusdem
1415 2710 1624 2754 naturae
1657 2705 1763 2754 est.
1795 2697 1942 2750 sicut
1961 2702 2017 2747 ct

2130 2704 2216 2755 καὶ
2248 2703 2485 2771 μάλιστα
2516 2705 2698 2772 φίλοις
2730 2705 3000 2774 γνησίοις,
3041 2706 3252 2773 ἴσχεται
3290 2703 3380 2754 ὑπ’
3412 2701 3648 2753 ἐκείνων
3681 2702 3714 2770 ἦ

441 2782 735 2856 ὑπέσχετο,
774 2799 828 2844 et
858 2789 962 2843 alia
987 2791 1210 2846 similia.
1276 2844 1277 2847 η

2130 2793 2310 2862 ἔχεται
2353 2795 2604 2860 ἐκείνων,
2631 2796 2664 2860 ἢ
2710 2797 2958 2865 ἐνέχεται
2992 2795 3389 2863 ὦσπερ-χρέει.
3424 2795 3722 2861 Συστοιχεῖ

439 2879 499 2932 δὲ
521 2883 635 2946 τοῖς
662 2882 929 2946 τοιούτοις
957 2885 1168 2953 ῥήμασι
1218 2883 1399 2937 καὶτὸ
1428 2884 1854 2955 ὑπισχνεῖσθαι·
1923 2882 2239 2949 ἀκολούθως
2305 2886 2364 2938 δὲ
2422 2887 2517 2940 καὶ
2567 2887 2628 2941 τὸ
2686 2887 2977 2956 ὑπέσχετο,
3069 2889 3166 2940 καὶ
3231 2887 3406 2940 ὁπόσα
3455 2885 3518 2938 δὲ
3578 2885 3722 2940 ἄλλα

439 2991 690 3030 τοιαῦτα.

945 3095 1165 3152 llirmus
1197 3099 1366 3153 tertia:
1385 3097 1518 3152 oriae.
2045 3077 2090 3136 θ

738 3208 961 3280 Effregit
988 3211 1196 3268 ventris
1231 3212 1432 3269 sterilis
1465 3211 1703 3276 vincula,

664 3299 1034 3370 lnjuriamque
1065 3300 1467 3354 intolerabilem
1498 3301 1744 3356 fecunda:

667 3391 794 3447 Sola
829 3395 1006 3448 oratio
1034 3394 1389 3464 pr0pltetissa:
1417 3394 1546 3448 olim

666 3489 860 3553 Annae,
893 3487 1119 3543 ferentis
1160 3487 1410 3557 spiritum
1445 3485 1741 3540 contritum

660 3581 740 3635 Ad
782 3589 1059 3650 potentem
1093 3588 1147 3634 et
1179 3579 1347 3634 Deum
1386 3578 1760 3634 scientiarum.
1872 3647 1875 3650 ί

519 3720 611 3777 62.
648 3718 821 3787 Hujus
851 3717 993 3771 tertii
1029 3713 1290 3770 carminis
1341 3728 1516 3766 nexus
1542 3711 1697 3778 juxta
1733 3712 2024 3780 quamdam

453 3812 834 3870 tenuissimam
870 3816 1113 3864 mentem
1139 3822 1168 3860 a
1196 3806 1390 3860 festivo
1415 3803 1664 3872 subjecto
1687 3802 2022 3871 dependens,

453 3911 508 3961 in
539 3915 733 3961 cetera
761 3904 936 3974 ipsius
976 3909 1194 3956 textura
1227 3901 1390 3954 rebus
1423 3911 1626 3957 sanctae
1671 3903 1842 3957 Annae
1893 3916 2026 3973 pro-

453 3998 705 4067 phetissa
767 3996 1152 4066 componitur:
1211 3995 1311 4048 hoc
1358 3993 1419 4048 fit
1465 4009 1532 4049 ex
1585 3985 1702 4064 lege
1762 3995 2028 4065 psallendi

456 4107 553 4160 per
606 4103 804 4143 nexum
829 4102 992 4156 quem
1031 4085 1178 4140 illius
1205 4087 1383 4139 oratio
1415 4095 1573 4154 parat
1595 4087 1753 4142 tertia
1782 4088 2026 4141 carmina

456 4181 833 4251 dirigentibus.
916 4177 1054 4232 Dicit
1099 4193 1232 4247 ergo
1281 4192 1442 4233 sacer
1494 4179 1583 4233 ille
1621 4189 1818 4248 poeta,
1863 4180 2026 4234 simul

459 4273 744 4342 pulchrum
777 4269 1093 4324 christiana:
1121 4268 1528 4338 consequentiae
1561 4284 1894 4340 precumque
1941 4285 2031 4342 sy-

2587 3093 2761 3166 ᾨδῆς
2791 3097 2995 3164 τρίτης
3036 3097 3257 3166 είρμός.

2199 3211 2286 3266 ιν.
2337 3211 2578 3282 Ἕρῤηξε
2602 3211 2841 3279 γαστρὸς
2865 3207 3252 3280 ὴτεκνωμένης
3284 3207 3471 3272 πέδας,

2341 3308 2542 3377 ’Υϐριν
2562 3323 2623 3360 τε
2653 3305 3022 3359 δυσκάθεκτον
3054 3304 3493 3372 εὑτεκνουμένης

2336 3399 2490 3466 Μόνη
2522 3397 2800 3469 προσευχὴ
2826 3397 2926 3466 τῆς
2954 3395 3289 3467 προφήτιδος
3323 3395 3495 3448 πάλαι

2345 3493 2569 3560 ’Λννηςς
2597 3492 2872 3562 φερούσης
2907 3491 3127 3560 πνεῦμα
3163 3488 3643 3558 συντετριμμένον

2345 3585 2486 3655 Πρὸς
2508 3567 2598 3636 τὸν
2634 3583 2904 3653 δυνάστην
2933 3586 3027 3638 καὶ
3055 3583 3188 3637 Θεὸν
3211 3581 3320 3635 τῶν
3355 3581 3640 3650 γνώσεων.

2203 3718 2304 3782 ξδ’.
2339 3719 2400 3771 ’0
2460 3718 2652 3788 είρμδς
2708 3719 2808 3787 τῆς
2867 3717 3104 3772 ἐνταῦθα
3157 3717 3350 3788 τρίτης
3385 3719 3534 3789 ᾠδῆς
3572 3721 3720 3774 κατὰ

2131 3813 2272 3864 πάνυ
2311 3811 2520 3880 βραχύν
2555 3827 2680 3864 τινα
2727 3810 2852 3862 νοῦν
2905 3809 3335 3879 παραπτόμενος
3384 3812 3485 3878 τῆς
3516 3811 3718 3880 ἑορτα-

2132 3903 2325 3972 πικῆς
2354 3903 2665 3964 ὑποθέσεως
2701 3901 2779 3971 τῷ
2820 3901 2994 3970 λοιπῷ
3033 3901 3202 3956 αὑτοῦ
3257 3902 3388 3972 ὕφει
3425 3905 3540 3957 τῶν
3568 3907 3714 3959 κατὰ

2129 3994 2230 4064 τὴν
2258 3993 2530 4062 προφῆτιν
2569 3994 2735 4061 ἁγίαν
2762 3995 2965 4064 ’Δννην
3010 3995 3217 4065 ἔχεται,
3267 3997 3419 4067 νόμῳ
3451 3997 3719 4067 εἰρμολο-

2131 4089 2256 4156 γίας
2292 4086 2673 4156 ψαλμῳδικῆς,
2727 4089 2795 4157 ἣν
2828 4089 2921 4140 καὶ
2953 4089 2986 4157 ὴ
3040 4087 3321 4160 προσευχὴ
3367 4089 3589 4159 ἐκείνης
3616 4092 3720 4158 ἀρ-

2132 4181 2252 4234 τύει
2279 4182 2394 4242 τοῖς
2421 4179 2960 4250 μεταχειριζομένοις
2990 4180 3090 4244 τὰς
3120 4183 3310 4248 τρίτας
3335 4182 3502 4250 ᾠδάς.
3547 4183 3720 4251 Λέγει

2133 4268 2228 4326 οὖν
2261 4275 2290 4325 ὁ
2327 4273 2472 4339 ἱερὸς
2494 4265 2652 4334 οὗτος
2680 4271 2934 4342 ποιητὴς,
2959 4273 3354 4341 ἀποσεμνύνων
3379 4272 3495 4342 ἃμα
3529 4273 3630 4327 καὶ
3657 4274 3720 4326 τὸ

458 4374 655 4426 stema,
680 4376 891 4416 necnon
920 4371 1163 4416 sanctam
1191 4364 1402 4414 Annam
1425 4374 1725 4426 exornans,
1749 4375 1862 4415 rem
1893 4363 2020 4416 adeo

2135 4364 2298 4416 καλὸν
2331 4363 2522 4433 χρῆμα
2555 4361 2654 4429 τῆς
2699 4362 3090 4432 Χριστιανικῆς
3120 4363 3438 4419 ἀκολουθίας
3470 4363 3572 4415 καὶ
3623 4364 3719 4416 εὑ-

459 4471 584 4514 esse
636 4456 918 4527 pulchram
987 4469 1166 4518 orare,
1188 4463 1242 4510 et
1264 4467 1292 4505 a
1329 4454 1439 4508 Deo
1469 4454 1693 4508 meliora
1719 4454 1954 4522 precati,
1973 4464 2020 4507 ut

2137 4455 2260 4524 κῆς.
2291 4429 2383 4507 καί
2428 4429 2532 4523 τὴν
2588 4429 2761 4520 ἁγίαν-
2804 4429 3124 4521 δεἊνναν,
3184 4456 3268 4508 ὅτι
3314 4453 3573 4507 τοσοῦτον
3619 4457 3720 4508 καὶ

459 4549 782 4605 insolubiles
826 4551 1114 4617 compedes
1158 4556 1214 4602 et
1257 4545 1475 4600 vincula
1511 4560 1618 4599 non
1657 4545 1918 4614 parientis
1955 4547 2026 4599 ob

461 4641 802 4698 sterilitatem
836 4638 1047 4694 ventris
1087 4639 1258 4693 Anna:
1283 4677 1298 4702 ,
1335 4653 1500 4708 quam
1538 4636 1821 4706 Scriptura
1855 4637 2036 4691 deela-

458 4741 542 4788 rat
593 4731 998 4804 prepbetissam
1062 4743 1170 4784 non
1229 4728 1505 4798 quoddam
1559 4728 1786 4792 donum,
1849 4729 2034 4798 qualia

459 4841 653 4894 magna
703 4825 838 4878 fiunt
879 4822 1019 4891 apud
1067 4819 1346 4885 homines,
1395 4819 1488 4874 sed
1522 4818 1637 4873 solo
1693 4819 1801 4872 Deo
1842 4822 2033 4884 chara,

458 4914 706 4985 precatio
751 4912 992 4968 mulieris
1045 4910 1410 4966 calamitatem
1459 4907 1737 4976 patientis,
1777 4908 2034 4975 disrupe-

459 4985 848 5076 rit,~illamque
907 5003 1126 5058 tandem
1172 5002 1398 5056 liberam
1431 4999 1484 5054 itt
1542 5015 1676 5068 pace
1712 5014 1807 5069 per
1862 4999 2027 5051 vitam

454 5104 526 5156 ob
563 5097 956 5153 fecunditatem
991 5094 1272 5150 ambulare
1311 5091 1642 5161 permiserit.
1675 5092 1872 5145 Statim
1923 5105 2028 5143 au-

457 5202 566 5246 tem
613 5189 803 5244 eadem
847 5187 1023 5242 oratio
1055 5185 1220 5241 simul
1275 5185 1496 5240 sustulit
1551 5195 1605 5238 et
1638 5183 1876 5252 injurias
1934 5191 2029 5237 aut

457 5281 912 5370 exprobrationes
963 5295 1100 5350 quas
1158 5293 1222 5332 ex
1273 5278 1476 5334 invidis
1513 5278 1822 5347 patiebatur
1845 5277 2026 5340 Anna,

458 5392 522 5430 ac
542 5367 863 5446 praesertim
895 5389 960 5427 ex
994 5371 1222 5426 fecunda
1255 5371 1526 5440 beataque
1550 5369 1622 5423 ob
1653 5371 1860 5438 prolem
1889 5367 2028 5422 Phea

459 5483 661 5523 nenna.
721 5465 826 5533 Qui
857 5463 991 5519 nihil
1021 5463 1164 5518 aliud
1193 5463 1434 5516 valentes
1477 5459 1806 5514 maledieere
1837 5469 2028 5513 contra

459 5568 666 5614 castam
700 5566 759 5614 et
815 5558 983 5613 Deum
1037 5556 1317 5610 timentem
1357 5553 1753 5624 prophetissam
1787 5553 2026 5619 Annam,

461 5664 525 5704 ex
564 5651 744 5719 inepta
802 5650 1105 5704 sterilitatis
1159 5647 1389 5713 ratione,
1443 5645 1600 5713 quasi
1652 5646 1791 5700 ratio
1844 5645 2030 5699 crimi-

466 5740 630 5796 nandi
661 5742 786 5798 inde
825 5743 1104 5813 penderet,
1136 5740 1614 5797 calumniabantur
1662 5754 1782 5794 eam
1813 5749 1871 5795 ut
1903 5755 2020 5796 uta-

2130 4545 2374 4598 τοιοῦτόν
2393 4546 2509 4597 ἑστι
2543 4545 2714 4598 καλὸν
2741 4545 2800 4598 τὸ
2829 4545 3239 4615 προσεύχεσθαι
3268 4586 3283 4609 ,
3308 4549 3406 4601 καὶ
3436 4547 3717 4601 αἰτεῖσθαι

2134 4638 2286 4706 παρὰ
2315 4635 2451 4688 Θεοῦ
2493 4637 2558 4689 τὰ
2613 4639 2923 4708 κρείττονα,
2956 4638 3098 4691 ὥστε
3130 4640 3231 4702 τὰς
3283 4638 3511 4701 ἀλύτους
3543 4641 3719 4703 πέδας

2131 4728 2316 4780 καὶτὰ
2346 4729 2523 4797 δεσμὰ
2549 4731 2646 4796 τῆς
2672 4729 2762 4782 διὰ
2789 4731 3078 4798 στείρωσιν
3107 4731 3446 4800 ἁτεκνούσης
3476 4732 3721 4801 γαστρὸς

2131 4819 2229 4886 τῆς
2255 4819 2394 4870 κατὰ
2423 4820 2522 4885 τὴν
2551 4820 2749 4871 ’Ἄνναν
2783 4821 2906 4889 τὴν,
2939 4820 3015 4881 ὡς
3051 4821 3082 4886 ὴ
3108 4820 3302 4890 Γραφὴ
3337 4821 3717 4884 ἀποδείκνυσι,

2135 4907 2432 4977 προφῆτιν,
2461 4907 2524 4961 οὑ
2553 4908 2730 4978 δωρεά
2755 4925 2860 4974 τις,
2887 4910 3086 4962 ὁπόσαι
3111 4909 3244 4980 παρ’
3275 4909 3588 4980 ἀνθρώποις
3615 4927 3718 4978 με-

2135 5001 2323 5068 γάλαι,
2351 5000 2490 5053 ἀλλὰ
2523 5000 2664 5070 μόνη
2699 5000 2827 5070 φίλη
2861 5000 2981 5072 Θεῷ
3013 5001 3294 5072 προσευχὴ
3331 5001 3434 5072 τῆς
3471 5001 3721 5072 πασχού-

2137 5107 2239 5159 σης
2265 5090 2326 5142 τὸ
2355 5091 2524 5144 κακὸν
2544 5091 2804 5160 γυναικὸς
2833 5091 3106 5163 διέρρηξε,
3133 5094 3229 5145 καὶ
3258 5093 3499 5145 ἀπέλυσε
3522 5092 3718 5144 λοιπὸν

2133 5179 2352 5249 ἐκείνην
2389 5181 2686 5252 ἐλευθέραν
2719 5181 2776 5232 ὲν
2818 5179 3012 5255 εἰρήνῃ
3041 5183 3186 5235 κατὰ
3219 5181 3334 5250 βίον
3381 5182 3721 5251 πορεύεσθαι

2132 5273 2222 5327 διὰ
2249 5273 2341 5325 τοῦ
2362 5273 2878 5342 τεκνοποιήσασθαι.
2913 5275 3126 5328 Αὐτίκα
3147 5275 3205 5328 δὲ
3231 5278 3722 5345 συναπεφόρτισεν

2136 5369 2168 5436 ὴ
2203 5367 2339 5435 αὑτὴ
2370 5367 2646 5437 προσευχὴ
2683 5368 2775 5420 καὶ
2803 5365 2901 5430 τὰς
2922 5366 3112 5438 ὕϐρεις
3139 5371 3319 5422 εῖτουν
3345 5371 3722 5438 ὀνειδισμοὺς,

2133 5463 2228 5526 οὓς
2250 5466 2283 5534 ὴ
2315 5465 2482 5517 Ἅννα
2513 5465 2576 5514 ἐκ
2603 5464 2710 5514 τῶν
2735 5462 3095 5528 ἔριθευόντων
3125 5462 3445 5534 κακοζήλως
3481 5465 3726 5534 ἔπασχε,

2136 5557 2231 5610 καὶ
2265 5555 2502 5626 μάλιστα
2535 5559 2598 5608 ὲκ
2625 5555 2724 5622 τῆς
2755 5553 3014 5608 εὐτέκνου
3045 5555 3456 5626 Φενάννης,τῆς
3491 5558 3590 5609 καὶ
3624 5575 3728 5611 πο-

2135 5651 2431 5703 λυτέκνου’
2480 5649 2532 5703 οἳ
2589 5649 2718 5704 ἄλλο
2782 5652 3068 5701 κατειπεῖν
3117 5650 3287 5718 μηδὲν
3344 5649 3560 5719 ἔχοντες
3626 5653 3731 5720 τῆς

2134 5741 2384 5812 καθαρᾶς
2435 5743 2528 5795 καὶ
2577 5740 2712 5795 θεὸν
2753 5740 3150 5812 διοπτευούσης
3198 5743 3420 5813 Ἀννης,
3486 5744 3579 5796 καὶ
3633 5743 3730 5798 διὰ
