3996 6194
409 295 518 362 579
1120 294 1538 355 EUS'I‘ATHII
1583 289 1987 353 THESSALO‘

2109 286 2346 347 iENSlS
2387 281 2962 344 METROPOLITI’E
3581 281 3687 340 580

407 409 547 464 valet
569 410 633 464 ad
667 423 852 464 eorum
879 423 1000 478 qua:
1029 407 1134 462 sibi
1176 407 1392 475 propria
1416 415 1543 462 sunt
1574 405 1891 462 efﬁcaciam.
1929 402 1985 456 Si

2105 399 2349 453 Ξιτεκνοῦν
2378 401 2482 468 τὴν
2532 399 2805 468 προφῆτιν
2830 415 2844 429 ο
2878 397 3101 459 πάντως
3131 396 3244 464 γὰρ
3270 395 3416 450 καθά
3448 397 3510 448 τὸ
3559 398 3683 449 ἀτε-

408 502 532 571 quis
565 509 744 556 autem
771 514 1014 570 quaerere
1039 500 1152 552 vult
1179 499 1309 569 quid
1335 499 1730 568 prophetissam
1756 495 1976 551 orbarct

2105 491 2242 544 ινοῦν
2280 493 2505 544 ἀτεκνοῖ
2548 507 2672 542 τινα
2699 528 2713 550 .
2747 491 2822 552 ὡς
2857 489 3107 558 οἴδαμεν,
3145 489 3210 542 ὲκ
3239 488 3350 541 τῶν
3380 489 3683 541 ἁτεκνούν-

410 594 598 664 prole;
639 592 784 647 sicut
804 594 950 644 enim
984 594 1210 645 omnino
1241 590 1504 644 sterilitas
1526 588 1785 642 feminam
1812 585 1973 640 steri-

2106 602 2188 637 των
2220 583 2459 645 ὑδάτων,
2493 581 2638 634 οὕτω
2675 582 2774 634 καὶ
2826 583 2888 632 τὸ
2921 580 3330 650 ἀτεκνούμενον
3362 581 3474 634 ὑπό
3531 598 3684 645 τινος

411 685 512 738 lem
547 683 738 746 reddit,
777 691 835 736 ut
869 683 1095 746 scimus,
1129 697 1198 736 ex
1258 680 1579 735 humoribus
1635 677 1976 734 sterilitatem

2108 673 2438 737 ιτεκνοῦντος
2489 673 2863 727 ἀτεκνοῦται·
2928 671 3247 743 μαθήσεται
3305 672 3385 737 ὡς
3419 675 3686 743 πήρωσις

409 773 821 844 generantibus,
858 774 939 828 sic
976 774 1140 827 etiam
1176 773 1319 841 quod
1354 781 1437 826 est
1465 771 1651 826 sterile
1684 784 1712 823 a
1741 767 1977 838 quodam

2105 767 2185 819 ιὲν
2217 765 2432 835 φύσεως
2470 765 2786 836 ῆτέκνωσεν
2845 763 3087 834 ἐκείνην,
3135 764 3334 828 όποίας
3375 765 3591 828 πολλὰς
3625 769 3683 820 αἱ

409 864 714 920 sterilitatis
737 873 960 919 auctore
977 867 1160 919 sterile
1186 864 1390 917 factum
1415 871 1498 917 est
1521 878 1536 927 ;
1565 861 1743 915 discet
1770 870 1981 912 natura

2106 859 2290 927 ιῆτραι
2317 858 2624 928 πάσχουσιν
2644 873 2657 888 ’
2689 860 2719 911 ό
2744 855 2802 910 δὲ
2837 856 2971 921 Θεὸς
2999 857 3244 926 ὕγιῶσας
3274 858 3356 922 είς
3383 857 3684 912 εὐτεκνίαν

410 953 626 1021 quidem
670 954 932 1024 paralysi,
985 969 1093 1024 qua
1140 952 1670 1011 multae'afiiciuntur
1704 949 1979 1010 matrices,
2085 948 2425 1020 ἐπέρρωσεν.

411 1055 528 1096 eam
561 1043 730 1097 fuisse
763 1044 1003 1097 sterilem
1049 1043 1270 1106 faetam,
1304 1041 1396 1096 sed
1427 1056 1455 1094 a
1491 1041 1599 1094 Deo
1651 1048 1839 1092 sanata
1889 1050 1985 1105 per

411 1133 654 1188 sobolem
691 1135 987 1188 convaluit.

481 1227 571 1280 65.
606 1225 999 1280 lntoleraudam
1033 1232 1216 1278 autem
1245 1223 1522 1293 iniuriam,
1566 1221 1858 1282 violentas,
1926 1226 1988 1270 ut

2161 1220 2253 1284 Ea'.
2277 1221 2476 1289 ’Ὕϐριν
2524 1221 2579 1273 δὲ
2609 1220 2982 1272 δυσκάθεκτον
3029 1223 3157 1283 τοὺς
3189 1222 3285 1274 ἐπὶ
3318 1225 3384 1292 τῇ
3422 1223 3683 1290 ἀτεκνίᾳ,

412 1318 614 1372 dictum
640 1327 760 1387 est.
786 1318 854 1370 de
877 1316 1119 1369 carentia
1147 1315 1317 1383 prolis
1370 1312 1846 1382 exprobrationes,
1909 1309 1990 1362 in-

2107 1313 2164 1374 b;
2223 1313 2450 1382 ἐρῤἐθη,
2513 1313 2928 1380 καταφορικοὺς
2996 1312 3348 1382 ὀνειδισμοὺς
3418 1315 3685 1382 νοητέον·

414 1409 760 1477 telligendum
783 1415 866 1461 est
889 1424 901 1461 :
922 1407 1135 1475 injuria:
1167 1405 1433 1473 siquidem
1460 1404 1562 1458 illa:
1591 1411 1721 1458 sunt
1749 1401 1984 1470 species.

2109 1401 2304 1472 56pm);
2327 1402 2438 1469 γάρ
2463 1418 2516 1453 τι
2547 1402 2647 1454 καὶ
2694 1402 2853 1453 αὐτοὶ
2899 1397 3063 1465 εἶδος,
3090 1404 3188 1456 καὶ
3222 1403 3444 1471 μάλισθ’
3467 1407 3603 1458 ὅταν
3627 1406 3687 1458 ἒν

414 1501 646 1553 maxime
676 1513 799 1551 cum
837 1499 888 1550 in
915 1506 1039 1551 cute
1060 1497 1308 1550 mordent
1346 1495 1655 1561 audientes,
1679 1494 1732 1547 in
1764 1491 1990 1562 profun-

2103 1493 2208 1563 χρῷ
2232 1493 2492 1547 δάκνουσι
2524 1491 2652 1554 τοὺς
2706 1491 3034 1556 ἀκούοντας,
3064 1493 3124 1554 ἐς
3154 1492 3360 1562 βάθους
3391 1493 3681 1565 παραδυό-

413 1590 540 1644 dum
575 1588 770 1643 animae
799 1594 1118 1657 penetrant;
1148 1597 1201 1641 et
1225 1597 1357 1642 tunc
1407 1587 1786 1642 intolerabiles
1821 1594 1988 1650 sunt;

2111 1601 2249 1638 ιενοι
2291 1583 2508 1653 ψυχῆςο
2543 1583 2638 1635 ὅτε
2689 1583 2786 1635 καὶ
2815 1580 3113 1636 ἀκάθεκτοί
3149 1585 3328 1637 εἰσιν·
3365 1585 3443 1648 ὡς
3485 1586 3689 1655 δυσχε-

417 1693 542 1734 nam
574 1679 788 1734 diilicile
812 1687 894 1734 est
929 1688 986 1732 et
1014 1679 1496 1749 exprobrationem
1526 1691 1714 1748 passo,
1743 1677 1988 1732 dolorem

2113 1676 2188 1738 at;
2213 1676 2276 1728 ὸν
2304 1674 2384 1744 τῷ
2423 1672 2806 1742 όνειδιζομένῳ
2843 1673 3176 1742 κατασχόντι
3214 1672 3317 1743 τὴν
3342 1675 3550 1743 λύπην,
3591 1677 3691 1730 καὶ

415 1770 717 1824 continenti
741 1769 1012 1840 quasique
1041 1769 1365 1838 decoquenti
1420 1783 1531 1824 non
1585 1769 1765 1838 aliquo
1828 1767 1991 1822 modo

2102 1769 2168 1829 ὥς
2213 1761 2326 1818 οἷον
2382 1763 2786 1832 καταπέψαντι,
2841 1765 2918 1833 μὴ
2961 1763 3340 1833 ἀντιλυπῆσαι
3397 1767 3680 1823 ὁπωσοῦν.

416 1865 660 1919 vicissim
683 1865 1023 1920 contristari.
1074 1863 1226 1918 Alias
1246 1872 1425 1918 autem
1463 1862 1587 1916 talis
1634 1861 1830 1929 injuria
1878 1849 1989 1915 dici

2110 1859 2253 1911 Ἐστι
2272 1858 2328 1911 δὲ
2353 1856 2450 1911 καὶ
2467 1857 2646 1919 ἄλλως
2681 1853 3057 1910 δυσκάθεκτον
3098 1855 3261 1928 ὓϐριν
3291 1857 3392 1927 τὴν
3422 1859 3688 1929 τοιαύτην

416 1965 597 2024 potest
637 1956 926 2019 infrenata,
965 1971 1070 2010 nou
1121 1955 1384 2020 audienti,
1417 1953 1507 2008 sed
1543 1954 1824 2022 loquenti:
1857 1953 1986 2021 quia

2113 1951 2289 2014 εἰπεῖν,
2321 1950 2382 2000 ού
2429 1946 2508 2017 τῷ
2555 1947 2837 2010 ἀκούοντι,
2865 1947 3005 2000 ἀλλά
3029 1947 3106 2016 τῷ
3139 1948 3394 2003 λαλοῦντι
3420 1965 3435 1980 ⁸
3477 1949 3559 2003 διὸ
3589 1951 3691 2004 καὶ

416 2047 599 2102 cuncti
621 2047 836 2117 quidem
866 2061 1146 2101 sermones
1167 2045 1297 2099 alati
1330 2054 1482 2108 sunt,
1528 2054 1582 2098 et
1609 2045 1699 2098 citi
1747 2044 1993 2099 veloces-

2115 2043 2304 2104 τάντας
2331 2041 2454 2108 ,μὲν
2484 2039 2678 2106 λόγους
2711 2038 3044 2108 πτερόεντας
3072 2035 3237 2103 εἶναι,
3275 2040 3372 2093 καὶ
3405 2039 3552 2104 όξεῖς
3590 2042 3693 2094 καὶ

417 2156 526 2210 que
587 2154 652 2194 ex
683 2138 966 2193 hominum
998 2151 1092 2191 ore
1119 2136 1338 2202 volant,
1359 2145 1414 2190 et
1443 2135 1532 2190 hic
1551 2135 1714 2189 etiam
1769 2148 1991 2188 manum

2112 2133 2275 2200 ιαχεῖς
2299 2129 2625 2183 ὲκπέτεσθαι
2663 2128 2758 2181 τοῦ
2806 2130 2931 2182 κατ’
2960 2129 3254 2200 ἄνθρωπον
3282 2132 3396 2184 τῶν
3444 2132 3690 2188 ὀδόντων

418 2233 668 2286 admovet
695 2239 750 2285 et
775 2230 1032 2285 convolat
1061 2229 1331 2291 diabolus,
1357 2227 1616 2298 gaudenti
1635 2228 1989 2295 congaudens

2109 2224 2326 2294 ἕρκους·
2365 2220 2892 2292 ἐπιλαμϐανομένου
2942 2239 2995 2275 τι
3027 2222 3315 2277 κάνταῦθα
3341 2225 3437 2278 καὶ⁵
3461 2242 3687 2294 συμπε-

417 2324 834 2379 contumelioso.
867 2321 1020 2376 Sicut
1045 2323 1188 2373 enim
1240 2319 1287 2371 ei
1329 2333 1418 2387 qut
1459 2319 1713 2373 irascitur
1764 2327 1818 2373 et
1875 2333 1995 2373 ver-

2111 2315 2324 2384 ιομένου
2377 2314 2472 2368 τοῦ
2525 2315 2810 2384 δαίμονος,
2865 2315 2961 2368 καὶ
3005 2317 3259 2386 χαίροντι
3304 2317 3386 2386 τῷ
3446 2319 3689 2390 ὑϐριστῇ

417 2415 549 2469 bera
577 2414 851 2483 impingit,
879 2415 960 2467 ira
985 2412 1143 2466 melle
1172 2410 1383 2465 dulcior
1406 2410 1630 2465 distillat
1659 2411 1711 2464 in
1749 2417 1990 2479 pectore,

2116 2405 2489 2475 ιυγχαίροντος
2509 2420 2525 2436 ο
2559 2405 2670 2470 ἵνα,
2689 2405 2880 2475 ὥσπερ
2906 2405 2987 2475 τῷ
3013 2405 3358 2477 ὀργιζομένῳ
3385 2409 3480 2461 καὶ
3515 2410 3694 2478 πλήτ-

419 2508 491 2559 ita
521 2507 684 2560 etiam
725 2505 775 2559 ei
804 2506 895 2574 qui
927 2519 1050 2558 cum
1083 2503 1160 2556 ira
1195 2502 1420 2557 insultat
1442 2520 1456 2567 ;
1481 2502 1554 2557 ita
1584 2511 1641 2557 ut
1662 2517 1782 2557 cum
1819 2502 1990 2556 llero-

2117 2511 2239 2548 :ov-rt
2259 2495 2500 2562 γλυκίων
2538 2496 2754 2565 μέλιτος
2780 2497 2810 2549 ὁ
2841 2498 3012 2566 θυμὸς
3061 2499 3120 2550 έν
3158 2497 3384 2568 στήθεσι
3419 2501 3695 2554 καταλεί-

417 2605 546 2658 doto
571 2601 750 2655 dicere
776 2600 1052 2668 possimus
1076 2596 1242 2666 quod,
1271 2596 1416 2651 sicut
1447 2594 1536 2650 ubi
1581 2596 1767 2649 vinum
1793 2595 1995 2650 bibitur

2116 2589 2272 2653 Ξεται,
2302 2588 2443 2641 οὕτω
2475 2590 2570 2642 καὶ
2619 2589 2699 2657 τῷ
2737 2591 2876 2658 μετά
2906 2590 3080 2660 θυμοῦ
3112 2591 3434 2662 ὑϐρίζοντιο
3467 2594 3569 2647 καὶ
3594 2595 3694 2662 γέ-

418 2697 578 2752 verba
605 2693 976 2764 proferuntur,
1006 2691 1104 2752 ita,
1129 2689 1352 2759 quando
1385 2689 1462 2742 ira
1493 2687 1656 2743 melle
1683 2688 1898 2742 dulcior
1929 2688 1984 2741 in

2116 2696 2253 2745 ιηται
2281 2678 2489 2746 λέγειν,
2513 2677 2707 2744 ῶσπερ
2743 2679 2868 2732 καθ’
2913 2680 3224 2749 Ἡρόδοτον,
3271 2680 3420 2735 οἴνου
3463 2685 3694 2737 κατιόν-

418 2788 540 2856 ejus
567 2787 733 2840 corde
779 2783 1008 2853 liquelit,
1037 2781 1422 2836 insultationes
1453 2790 1831 2848 prorumpunt.
1863 2778 1996 2834 Vota

2114 2788 2190 2832 ιος
2218 2771 2530 2824 ἀναπλώειν
2561 2771 2722 2832 ἔπεα,
2752 2772 2894 2824 οὕτω
2945 2773 3044 2825 καὶ
3097 2772 3194 2826 ἐπὶ
3229 2773 3325 2826 τοῦ
3359 2775 3692 2840 ὲνδιαθέτως

418 2885 600 2931 autem
623 2873 769 2944 quod
802 2881 960 2942 poeta
987 2870 1317 2925 calumniam
1351 2868 1677 2922 infrenatam
1739 2869 1995 2937 rhythmo

2106 2862 2433 2931 ὑϐρίζοντος,
2467 2863 2552 2916 ὅτι
2594 2862 2821 2930 γλύκιον
2851 2865 2997 2935 ἥπερ
3048 2865 3173 2933 μέλι
3199 2865 3684 2938 καταλειϐομένου

419 2965 660 3036 subiicit,
694 2963 840 3032 quod
861 2960 1082 3032 quidem
1115 2976 1146 3014 e
1177 2959 1420 3013 secundo
1455 2971 1616 3013 versu
1651 2967 1824 3026 patet,
1848 2957 1997 3012 l’ost-

2109 2954 2248 3022 αύτῷ
2279 2953 2456 3024 θυμοῦ
2485 2956 2542 3008 ὲν
2571 2955 2791 3026 καρδίᾳ,
2820 2955 3013 3026 ὕϐρεις
3042 2959 3397 3014 ἀναπλέουσι.
3429 2946 3687 3031 Σημείω-

420 3073 581 3128 quam
606 3057 751 3110 euim
778 3054 831 3108 in
861 3053 1036 3122 primo
1061 3052 1315 3116 dixisset,
1347 3050 1551 3104 ventris
1574 3048 1852 3105 vinculum
1893 3066 1991 3104 ru-

2112 3061 2194 3098 ῖαι
2235 3043 2291 3097 δὲ
2327 3045 2408 3099 ὃτι
2456 3045 2647 3116 δεσμῷ
2699 3065 2807 3100 τινι
2847 3051 2876 3101 ό
2934 3048 3173 3118 μελῳδὸς
3207 3049 3410 3119 ὑπάγει
3459 3053 3558 3105 καὶ
3586 3053 3690 3124 τὴν

420 3149 518 3218 pit,
557 3158 668 3201 tum
702 3145 1053 3216 opprobrium
1090 3143 1433 3198 intolerabile
1452 3142 1699 3213 subjicit,
1739 3153 1795 3198 et
1819 3143 1995 3197 insul-

2115 3137 2402 3190 ὶκάθεκτον
2429 3136 2588 3207 ὓϐριν
2613 3153 2628 3168 σ
2663 3139 2759 3192 καὶ
2784 3137 2949 3207 δῆλον
2981 3139 3114 3194 αὐτὸ
3147 3141 3215 3194 ὲκ
3243 3141 3346 3211 τῆς
3374 3143 3693 3208 συντάξεως

422 3239 613 3294 tationi
677 3250 866 3291 vocem
921 3237 1061 3305 rupit
1095 3235 1266 3302 addit,
1301 3244 1355 3290 et
1386 3250 1482 3289 nos
1539 3233 1834 3290 subaudire
1883 3235 1997 3290 vult

2112 3227 2198 3281 τοῦ
2227 3227 2480 3298 δευτέρου
2514 3229 2720 3299 στίχου.
2749 3229 2934 3285 Εἰπὼν
2957 3233 3064 3302 γὰρ
3091 3233 3149 3286 ὲν
3185 3233 3264 3303 τῷ
3291 3234 3520 3304 πρώτῳ,
3553 3235 3690 3308 Ἐῤ-

422 3329 564 3399 quod
595 3327 736 3383 sicut
764 3328 909 3398 quod
943 3328 1097 3396 prius
1118 3335 1340 3396 ruptum
1368 3339 1471 3386 est,
1496 3336 1684 3381 catena
1747 3326 1870 3390 fuit,
1919 3326 1992 3380 ita

2115 3318 2237 3390 ῥῆξε
2265 3321 2504 3391 γαστρὸς
2525 3320 2716 3386 πέδας,
2745 3315 2866 3374 εἶτα
2890 3322 3194 3391 ἐπαγαγὼν
3223 3323 3383 3395 ὕϐριν
3404 3343 3462 3378 τε
3483 3327 3693 3380 δυσκά-

423 3419 751 3489 etiamquod
785 3429 969 3487 postea
1014 3429 1233 3487 ruptum
1298 3418 1418 3480 fuit,
1475 3417 1722 3472 eumdem
1775 3431 2000 3473 sensum

2111 3411 2320 3479 θεκτον,
2361 3413 2458 3466 καὶ
2494 3413 2894 3484 προσαρμόσας
2942 3414 3129 3468 κοινοῦ
3168 3418 3266 3469 καὶ
3329 3418 3398 3486 τῇ
3447 3416 3689 3488 τοιαύτῃ

427 3514 607 3571 habet.
632 3520 683 3563 et
719 3510 863 3580 quod
895 3510 1012 3566 sine
1043 3510 1210 3565 dubio
1261 3525 1468 3564 mceror
1527 3523 1670 3577 saepe
1717 3507 1996 3564 hominem

2115 3503 2268 3574 ὕϐρει
2295 3505 2358 3558 τὸ
2389 3503 2642 3576 ἔρρηξεν,
2673 3506 2888 3574 ἀφῆκεν
2932 3506 3086 3576 ἡμᾶς
3120 3509 3262 3560 νοεῖν
3284 3508 3368 3560 ὅτι
3411 3508 3602 3579 ὥσπερ
3631 3511 3693 3561 τὸ

427 3605 635 3674 pungit,
669 3603 828 3673 idque
854 3617 996 3672 saepe
1018 3603 1190 3673 magis
1217 3617 1379 3670 quam
1416 3600 1642 3655 ferrum.

2115 3598 2274 3667 ραγὲν
2322 3597 2583 3668 ἀνωτέρω
2613 3597 2809 3666 δεσμὸς
2850 3594 2918 3669 ἦν
2941 3638 2956 3662 ,
2988 3596 3130 3650 οὓτω
3159 3599 3256 3651 καὶ
3298 3600 3360 3652 τὸ
3389 3600 3693 3669 κατωτέρω

428 3698 770 3769 ὲρῤηγμένον
799 3697 985 3766 ὅμοιον
1029 3695 1143 3766 ἔχει
1181 3695 1342 3762 λόγον
1367 3711 1380 3725 ο
1422 3694 1515 3748 καὶ
1551 3695 1650 3748 οὐκ
1683 3695 1834 3759 ἔστιν
1859 3693 2148 3749 ἀντειπεῖν
2177 3690 2253 3754 ῶς
2277 3690 2338 3744 οὗ
2370 3690 2541 3744 θλίϐει
2573 3690 2834 3754 πολλάκις
2896 3691 2966 3746 τά
3027 3691 3254 3763 λυπηρά
3316 3693 3410 3745 τὸν
3474 3692 3695 3762 ἀνθρω-

429 3805 548 3848 πον,
578 3789 672 3840 καὶ
699 3787 880 3858 χεῖρον
909 3783 1134 3854 δεσμοῦ.

498 3882 585 3937 66.
611 3879 726 3934 Vox
751 3889 931 3934 autem
962 3878 1107 3948 prole
1146 3878 1313 3949 felicis
1377 3878 1769 3934 convenienter
1816 3877 1999 3948 specie

2179 3874 2285 3938 ξςν.
2313 3872 2388 3925 Τὸ
2409 3871 2466 3925 δὲ
2491 3871 2970 3940 εὐτεκνουμένης
3002 3869 3225 3924 ἰδικεύει
3250 3870 3349 3941 τὴν
3379 3871 3539 3942 ὕϐριν
3570 3874 3693 3927 επί-

428 3974 710 4044 distinguit
741 3972 1018 4040 injuriam,
1051 3981 1239 4025 utnon
1306 3981 1561 4041 putemus
1620 3973 1834 4025 Annam
1868 3971 1999 4024 sim-

2117 3965 2268 4034 τηδες
2289 4001 2305 4024 ,
2347 3963 2436 4017 ἵνα
2471 3962 2546 4032 μὴ
2579 3962 2770 4025 άπλῶς
2811 3961 3137 4032 ὑϐρίζεσθαι
3171 3963 3386 4033 νοῶμεν
3416 3964 3516 4032 τὴν
3560 3966 3695 4019 'Av-

432 4067 650 4133 pliciter
680 4065 931 4117 alicunde
959 4062 1346 4117 contumeliam
1403 4067 1536 4133 pati,
1576 4065 1669 4118 sed
1695 4063 1999 4133 praesertim

2115 4075 2208 4111 ναν
2247 4057 2355 4110 ἀπὸ
2384 4055 2493 4107 τῶν
2518 4053 2813 4123 τυχόντων,
2837 4054 2978 4106 ἀλλά
3020 4055 3114 4107 καὶ
3153 4053 3390 4124 μάλιστα
3438 4055 3549 4108 ὑπὸ
3576 4057 3693 4110 τῶν

433 4175 462 4212 a
496 4157 815 4210 mulieribus
848 4154 999 4224 prole
1035 4153 1308 4210 felicibus.
1338 4155 1593 4210 Attamen
1623 4155 1757 4225 ipsis
1826 4153 2007 4209 fuerat

2119 4147 2554 4215 εύτεκνουμένων
2611 4144 2892 4213 γυναικῶν
2915 4162 2930 4179 ο
2983 4147 3079 4200 καὶ
3114 4147 3224 4218 μὴν
3266 4149 3435 4219 ἐχρῆν
3471 4151 3697 4214 ἐκείνας

433 4247 785 4315 cogitandum
811 4245 1107 4301 secundam
1138 4245 1417 4300 fortunam
1458 4262 1564 4299 non
1599 4261 1722 4300 esse
1751 4260 2006 4301 necessa-

2119 4241 2462 4310 ἐνθυμεῖσθαι
2509 4238 2586 4302 ὡς
2613 4239 2713 4291 οὐκ
2767 4237 2828 4301 ἐξ
2871 4239 3119 4308 ἀνάγκης
3163 4240 3218 4293 αἱ
3251 4239 3551 4308 εὐπραγίαι
3580 4242 3697 4294 τῶν

435 4338 518 4391 rio
549 4338 811 4390 bonorum
839 4343 1050 4388 tantum
1090 4335 1397 4400 hominum,
1455 4333 1549 4390 sed
1604 4333 1905 4403 aliquando
1955 4340 2011 4388 et

2120 4331 2385 4400 ὲναρέτων
2410 4330 2572 4399 μόνον
2603 4329 2916 4400 προσώπων
2943 4331 3104 4395 εἰσὶν,
3128 4329 3267 4383 ἀλλά
3293 4347 3424 4384 ποτε
3456 4333 3553 4384 καὶ
3584 4333 3698 4386 τῶν

437 4423 830 4495 improborum,
867 4433 926 4479 ut
955 4424 1192 4479 ostendit
1216 4423 1348 4478 illud
1379 4442 1392 4478 :
1428 4443 1446 4473 ι
1475 4423 1769 4492 Accepisti,
1829 4422 2006 4489 dives,

2121 4423 2194 4494 μὴ
2211 4421 2490 4488 τοιούτων,
2513 4420 2586 4484 ὡς
2605 4421 2754 4492 δηλοί
2773 4422 2866 4476 καὶ
2888 4422 2969 4486 τὸ,
2996 4420 3348 4484 (Ἀπέλαϐες,
3382 4415 3426 4474 ὦ
3445 4423 3697 4489 πλούσιε,

438 4523 577 4573 bona
615 4528 706 4572 tua
739 4517 868 4571 dum
899 4517 1137 4579 viveres,
1167 4523 1222 4570 et
1248 4516 1482 4572 Lazarus
1505 4515 1760 4571 similiter
1795 4515 1953 4570 mala.
1982 4533 2002 4567 ι

2120 4513 2184 4564 τὰ
2210 4510 2391 4578 ἀγαθά
2415 4527 2509 4563 σου
2542 4513 2600 4564 ὲν
2651 4513 2716 4580 τῇ
2746 4512 2860 4581 ζωῇ
2893 4527 3010 4578 σου,
3068 4513 3162 4564 καὶ
3211 4511 3461 4581 Λάζαρος
3491 4515 3698 4580 ὁμοίως

439 4609 547 4666 Vos
580 4611 765 4681 igitur,
796 4609 1024 4663 muliere
1051 4617 1208 4678 partu
1238 4606 1446 4673 felices,
1512 4621 1718 4676 vosque
1744 4645 1758 4670 ,
1823 4616 2008 4676 patres

2122 4599 2285 4656 κακά.
2316 4618 2335 4652 ι
2372 4595 2448 4651 Ὠ
2479 4599 2611 4668 γοῦν
2643 4601 2900 4668 γυναῖκες
2923 4599 3367 4670 εύτεκνούμεναι,
3391 4601 3485 4654 καὶ
3515 4595 3562 4654 ὦ
3595 4621 3700 4654 πα-

438 4701 588 4770 prole
625 4699 944 4770 gaudentes,
972 4713 1039 4752 ne
1063 4697 1143 4752 sic
1169 4698 1386 4752 incaute
1435 4695 1764 4750 invehamini
1821 4705 2010 4750 contra

2118 4692 2270 4762 τέρες
2298 4689 2567 4756 εὔτεκνοι,
2599 4667 2675 4762 μῆ
2707 4691 3110 4762 κατεπαίρεσθε
3138 4667 3515 4763 ἀπραγμόνως
3549 4693 3696 4748 οὔτω

438 4793 534 4846 eos
555 4792 645 4860 qui
679 4790 898 4858 quidem
924 4789 1052 4843 boni
1094 4797 1245 4852 sunt,
1283 4788 1381 4843 sed
1403 4788 1640 4843 orbitate
1667 4787 2008 4858 afﬂiguntur,

2121 4784 2220 4837 τῶν
2272 4785 2527 4855 φανερῶς
2576 4786 2675 4852 μὲν
2723 4784 2965 4853 ἀγαθῶν,
3000 4785 3461 4854 δυσπραγούντων
3487 4785 3545 4838 δὲ
3572 4787 3699 4840 ἀτε-

428 4899 530 4946 νηθ,
566 4891 854 4950 postquam
898 4880 1162 4948 Spiritum
1230 4887 1478 4934 sanctum
1534 4877 2006 4943 contristaveritis,

2123 4875 2291 4941 κνίαν,
2311 4877 2398 4929 ἴνα
2417 4875 2512 4946 μὴ,
2533 4877 2594 4928 τὸ
2623 4877 2848 4946 Πνεῦμα
2874 4877 2934 4930 τὸ
2961 4877 3116 4945 ἆγιον
3144 4878 3291 4948 λυπή
3303 4895 3511 4941 σαντες,
3531 4896 3701 4947 μετα-

399 4993 402 5000 ·
440 4973 792 5026 mutationem
824 4971 878 5024 in
916 4971 1000 5026 his
1027 4985 1148 5040 quae
1179 4977 1308 5025 sunt
1334 4970 1400 5022 ad
1432 4983 1528 5026 vos
1545 4967 1824 5033 sentiatis,
1854 4981 1977 5037 prou

2119 4966 2386 5036 στρέψητε
2415 4967 2481 5020 τὰ
2525 4965 2648 5020 καθ’
2683 4967 2846 5034 ὑμᾶς,
2883 4965 2960 5030 ὡς
2992 4970 3021 5020 ὁ
3041 4966 3172 5031 Θεὸς
3220 4969 3513 5038 διακρινεῖ,
3545 4969 3573 5020 ό
3597 4968 3697 5020 καὶ

436 5061 703 5132 iudicabit
734 5060 902 5125 Deus,
947 5063 1041 5131 qui
1077 5061 1280 5130 prolem
1306 5060 1398 5115 dat
1428 5067 1482 5114 et
1513 5058 1710 5114 aufert.
1749 5058 2014 5114 Memento

2118 5057 2295 5121 διδοὺς
2337 5059 2535 5122 παῖδας
2565 5058 2661 5114 καὶ
2691 5059 3118 5130 ἀφαιρούμενος.
3182 5061 3378 5112 Ἰστέον
3406 5059 3462 5112 δὲ
3491 5061 3587 5112 καὶ
3617 5060 3696 5122 ὡς

439 5165 618 5208 autem
678 5152 823 5222 quod
877 5167 984 5206 non
1048 5152 1272 5207 omnino
1332 5153 1496 5207 unius
1555 5151 1712 5206 bona:
1773 5150 2017 5205 mulieris

2121 5149 2222 5202 οὐκ
2263 5147 2560 5214 ὲξάπαντος
2590 5152 2724 5220 μιᾶς
2766 5151 2978 5220 ἀγαθῆς
3023 5151 3284 5219 γυναικὸς
3317 5151 3474 5220 ὖερις
3501 5151 3698 5205 ἐλύπει

439 5247 638 5313 injuria
671 5243 1033 5299 contristabat
1057 5246 1269 5298 Annam
1303 5260 1319 5301 :
1350 5243 1553 5299 etenim
1596 5242 1746 5297 illinc
1796 5243 2017 5296 demon-

2123 5241 2219 5309 τὴν
2252 5242 2473 5308 Ἅνναν,
2500 5241 2634 5296 ἀλλά
2661 5243 2693 5314 ἢ
2728 5244 2792 5295 ὲκ
2818 5244 3020 5313 μέρους
3045 5244 3262 5315 ἐκείνης
3305 5245 3402 5299 καὶ
3431 5244 3570 5298 ἀλλα
3601 5246 3701 5314 δη-

439 5346 680 5391 strantur
706 5337 847 5401 aliae,
881 5349 981 5389 nec
1007 5350 1101 5405 per
1121 5335 1282 5390 istam
1305 5335 1479 5389 solum
1506 5334 1788 5390 molestari
1816 5333 2017 5388 dicitur

2127 5331 2338 5386 λοῦνται
2368 5334 2656 5402 πρόσωπα,
2695 5336 2728 5403 ἢ
2754 5335 2824 5388 δι’
2867 5335 3081 5405 ἐκείνην
3107 5337 3207 5408 τὴν
3241 5336 3373 5406 μίαν
3403 5335 3630 5406 λέγεται
3661 5339 3705 5408 ἠ

442 5428 823 5499 prophetissa,
881 5426 1150 5497 siquidem
1199 5427 1384 5481 multa:
1454 5427 1505 5482 ei
1565 5427 2015 5496 exprobrabant,

2121 5426 2392 5494 προφῆτις
2422 5425 2752 5496 βαρύνεσθαι
2773 5465 2789 5490 ,
2813 5427 2890 5489 ὡς
2921 5427 3134 5484 πολλῶν
3167 5430 3559 5499 προφερόντων
3610 5430 3699 5492 είς

444 5516 750 5572 l'beuenuae
786 5515 1194 5583 fecunditatem,
1222 5515 1470 5572 dicentes
1500 5523 1731 5570 matrem
1761 5524 1815 5571 et
1841 5517 2014 5588 ipsam

2126 5515 2423 5586 ὀνειδισμὸν
2452 5518 2590 5588 αὐτῇ
2640 5519 2700 5572 τὸ
2737 5522 2837 5589 τῆς
2862 5521 3132 5591 Φενάννης
3179 5520 3457 5588 εὔτεκνον,
3488 5521 3587 5574 καὶ
3609 5521 3704 5574 λε-

446 5606 681 5662 futuram
703 5607 894 5676 fuisse,
926 5609 972 5664 si
995 5607 1088 5666 Dei
1118 5621 1296 5672 serva,
1313 5615 1373 5663 ut
1400 5607 1525 5675 ista,
1554 5606 1767 5666 fuisset.

2127 5605 2332 5672 γόντων
2365 5607 2580 5677 μητέρα
2612 5611 2710 5662 καὶ
2761 5612 2932 5680 αὐτὴν
2976 5611 3235 5682 γενέσθαι
3295 5612 3362 5667 ἂν
3386 5651 3401 5680 ,
3435 5611 3600 5684 εἰπερ
3629 5608 3705 5685 ἦν

2126 5697 2433 5767 θεράπαινα
2455 5699 2589 5754 Θεοῦ
2624 5701 2742 5755 κατ’
2767 5702 2996 5772 ἐκείνην.
