3996 6194
297 312 395 372 581

1094 314 1177 375 1N
1212 313 1554 377 IIYMNUM
1596 309 2251 374 PENTECOSTALEM
2282 312 2748 378 DAMASCENI.

3464 309 3574 373 582

356 427 452 491 ξξυ.
479 424 555 479 τὸ
571 426 629 481 δὲ
659 431 799 498 μόνη
826 429 1117 501 προσευχὴ
1140 430 1241 499 τῆς
1281 430 1613 499 προφήτιδας
1649 427 1873 494 ὑπεξαι.

2054 427 2147 485 67.
2180 427 2294 485 Hoc
2323 438 2509 499 autem
2539 429 2658 487 sola
2725 427 3089 499 prophetissae
3150 427 3418 499 precatio.
3487 444 3576 483 se-

286 537 371 589 ρει
392 519 502 573 τῶν
541 519 719 574 ἄλλων
752 520 915 575 θείων
938 523 1272 594 προσφορῶν
1294 522 1396 595 τὴν
1422 522 1671 594 καθαρὰν
1701 539 1878 595 προσ-

282 609 467 680 ευχὴν,
495 610 565 679 ἢν
599 612 692 665 καὶ
723 610 858 665 αὐτὸ
888 612 1144 682 σεμνύνει
1195 614 1259 665 τὸ
1297 612 1418 666 κατ’
1444 612 1617 684 αὐτὴν
1661 613 1836 683 δνομα
1856 626 1874 644 ’

283 703 417 774 εὐχὴ
448 703 559 775 γὰρ
580 702 898 775 ὠνόμασται
928 706 1084 777 παρὰ
1115 707 1175 758 τδ
1204 704 1297 759 re?)
1321 700 1416 770 εὖ,
1435 706 1607 778 ἤγουν
1633 705 1729 760 τοῦ
1754 706 1875 775 ἀρί-

290 811 434 862 στου,
458 795 727 863 ἔχεσθαι.
783 791 856 850 Εὖ
893 795 951 850 δὲ
978 795 1075 850 καὶ
1106 795 1330 867 ἀριστον
1361 797 1459 851 καὶ
1486 796 1549 851 τδ
1572 794 1874 850 τελικὼτα-

286 905 378 942 τον
399 888 459 942 ἐν
484 890 602 952 ταῖς
629 889 874 958 ἀρεταῖς,
902 888 1139 959 μάλιστα
1158 889 1213 943 δὲ
1233 891 1263 943 6
1288 889 1418 953 Θεός
1441 904 1456 921 ⁸
1476 889 1611 961 πρὸς
1642 883 1686 958 ᾧ
1712 889 1870 958 γενό-

292 998 449 1052 μενος
478 983 507 1035 6
532 981 786 1053 θεοφιλὴς
815 981 1109 1052 ἄνθρωπος
1153 981 1251 1036 τοῦ
1282 984 1628 1055 κυριωτάτου
1659 978 1720 1038 εὖ
1754 982 1877 1054 ἔχε-

284 1090 396 1138 ται,
461 1072 584 1145 ἦτοι
654 1073 750 1127 τοῦ
802 1073 941 1130 Θεοῦ
993 1076 1365 1147 προσιεμένου
1437 1074 1539 1147 τὴν
1606 1074 1872 1146 τοιαύτην

285 1165 621 1237 προσευχήν.
667 1166 871 1222 ’ἰστέον
927 1168 987 1223 δέ
1039 1168 1126 1222 δτι
1156 1169 1219 1222 οὐ
1272 1170 1507 1223 πάντοτε
1549 1169 1630 1231 είς
1670 1167 1870 1221 ταυτὸν

286 1257 565 1327 σημασίας
594 1257 826 1330 ἥκουσιν
852 1260 989 1332 εὐχὴ
1017 1261 1107 1314 καὶ
1142 1261 1452 1331 προσευχή·
1486 1259 1623 1315 ἀλλά
1646 1260 1736 1314 ὅτε
1773 1261 1875 1330 μὲν

283 1350 460 1404 δέεται
487 1368 573 1415 τις
601 1350 696 1405 τοῦ
727 1350 891 1416 Θεοῦ,
925 1353 1228 1407 ἀνατείνων
1259 1354 1360 1423 τὴν
1405 1352 1586 1424 ψυχὴν
1613 1355 1695 1416 εἷς
1724 1354 1874 1408 ἐκεῖ-

284 1460 372 1496 νον
402 1443 499 1498 καὶ
527 1444 731 1516 τρόπον
786 1446 918 1501 τινὰ
964 1447 1379 1518 παριστάμενος
1405 1488 1421 1513 ,
1470 1447 1644 1521 ἤγουν
1703 1448 1875 1517 ἐγγυς

287 1536 601 1607 ἱστάμενος,
655 1540 939 1610 προσευχή
976 1540 1094 1593 ἐστι
1139 1538 1502 1606 τδτοιοῦτον,
1560 1540 1766 1596 αὐτίκα
1816 1540 1876 1594 δὲ

286 1631 379 1685 καὶ
421 1630 559 1703 εὐχή
585 1647 603 1665 ο
658 1631 749 1686 δτε
791 1631 848 1687 δὲ
880 1633 1237 1703 ἀναπολήσας
1283 1632 1468 1703 ἀγαθά
1504 1634 1575 1688 τὰ
1627 1636 1693 1688 ἐκ
1736 1632 1872 1688 Θεοῦ

285 1723 630 1793 ὑπισχνεῖται
656 1724 803 1797 ἅπερ
831 1724 1109 1797 ἐναρέτως
1139 1726 1316 1782 ἐθέλει
1351 1726 1435 1790 ὡς
1462 1729 1545 1791 είς
1572 1727 1870 1796 ἀντίδοσιν,

1983 526 2173 590 gregat
2211 520 2282 574 ah
2310 518 2438 574 aliis
2460 518 2667 575 divinis
2696 518 3074 576 oblationibus
3131 531 3326 586 puram
3383 525 3574 587 prma-

1984 607 2214 674 tionem,
2245 623 2409 677 quam
2464 608 2642 677 ipsum
2695 609 2815 680 ejus
2871 624 3067 665 nomen
3126 618 3376 665 exornat.
3427 608 3577 678 Εὐχὴ

1979 710 2224 769 namque
2290 706 2375 754 est
2426 704 2621 753 vocata
2682 697 2751 754 ab
2805 696 2866 750 εὖ
2917 696 3162 767 ἔχεσθαι.
3208 694 3319 751 lloc
3388 703 3574 749 autem

1980 798 2067 847 est
2128 791 2267 845 bene
2328 800 2383 846 et
2436 790 2705 861 optimum
2762 790 2819 846 in
2875 790 3195 853 virtutibus,
3232 798 3288 845 et
3335 789 3574 844 maxime

1981 882 2126 939 Deus
2167 900 2181 938 :
2211 882 2358 954 apud
2384 898 2546 954 quem
2566 882 2747 938 factus
2778 882 2946 938 homo
2977 883 3124 951 pius,
3158 882 3299 937 bene
3335 881 3578 936 adhaeret

1978 976 2464 1044 praestantissimo,
2490 977 2609 1032 sive
2630 974 2767 1042 Deo,
2799 975 2894 1045 qui
2960 975 3121 1031 talem
3178 976 3419 1031 admittit
3454 990 3577 1045 pre-

1979 1064 2277 1121 cationem.
2309 1064 2606 1122 Sciendum
2644 1076 2730 1122 est
2758 1074 2943 1123 autem
2988 1080 3101 1121 non
3164 1082 3393 1133 prorsus
3429 1066 3574 1121 idem

1980 1156 2289 1228 signiﬁcare
2344 1159 2479 1230 εὐχὴ
2522 1170 2575 1214 et
2633 1157 3105 1232 προσευχή.ί]υηι
3157 1159 3358 1228 aliquis
3410 1156 3580 1212 Deum

1977 1250 2297 1319 suppliciter
2324 1250 2767 1320 regat,animam
2799 1253 2866 1307 ad
2889 1251 3047 1306 illum
3084 1250 3282 1305 tollens
3307 1259 3363 1303 et
3392 1249 3580 1319 aliquo

1980 1345 2141 1398 modo
2168 1352 2297 1413 ante
2330 1342 2527 1399 faciem
2572 1344 2749 1414 ipsius
2784 1353 2961 1411 stans,
2994 1345 3101 1399 hoc
3148 1354 3233 1398 est
3275 1343 3581 1413 προσευχὴ,

1980 1430 2075 1487 sed
2107 1431 2273 1487 simul
2302 1433 2470 1487 etiam
2498 1434 2665 1505 εὐχή.
2694 1433 2833 1490 Cum
2868 1442 3052 1488 autem
3104 1432 3290 1488 divina
3356 1433 3573 1502 recogi-

1980 1534 2104 1582 tans
2136 1526 2279 1583 bona
2315 1527 2607 1596 pollicetur
2637 1542 2700 1582 ea
2727 1541 2853 1596 qua:
2898 1525 3006 1582 sibi
3039 1526 3295 1597 proponit
3323 1525 3378 1580 in
3409 1525 3576 1580 retri-

1977 1615 2282 1685 butionem,
2313 1626 2446 1674 tunc
2473 1628 2657 1674 votum
2684 1618 2896 1690 (εὐχὴν)
2926 1616 3095 1685 facit;
3119 1619 3344 1690 jamque
3360 1631 3473 1672 non
3493 1623 3578 1671 est

1977 1708 2212 1780 simplex
2241 1709 2551 1782 προσευχὴ,
2581 1710 2677 1766 sed
2712 1710 2803 1766 illa
2836 1725 2960 1782 quae
3011 1713 3379 1767 communiter
3439 1709 3578 1765 dici-

284 1814 405 1870 τότε
438 1814 662 1887 εὔχεται
696 1816 799 1886 μὲν
827 1817 925 1872 καὶ
955 1817 1126 1891 εὐχὴν
1159 1821 1419 1884 ποιεῖται,
1450 1819 1513 1873 οὐ
1541 1818 1651 1890 μὴν
1681 1818 1870 1884 ἁπλῶς
1908 1798 1950 1856 Β
1977 1809 2067 1857 ων
2092 1804 2415 1872 βτοωίεείον
2459 1818 2585 1860 δθεθ
2618 1804 3027 1874 (Ιιιοάηηὶωοάθ
3087 1804 3332 1875 Ῑυηιῖθηθ
3382 1818 3575 1874 P'eca'

289 1906 623 1978 προσευχὴν,
672 1906 810 1962 ἀλλά
839 1909 940 1982 τὴν
971 1908 1118 1963 οὕτω
1145 1908 1347 1972 κοινῶς
1395 1909 1711 1981 λεγομένην
1740 1910 1872 1966 ὑπό-

288 2014 493 2069 σχεσιν,
528 1999 855 2069 ἐγγίζουσαν
893 2019 1012 2066 πως
1074 2004 1170 2056 καὶ
1219 2002 1394 2074 αὐτὴν
1447 2005 1515 2074 τῇ
1556 2006 1865 2075 προσευχῇ,

289 2092 378 2145 καὶ
416 2091 508 2147 διά
534 2092 693 2148 τοῦτο
740 2095 1047 2167 λεγομένην
1099 2095 1283 2167 εὐχήν.
1326 2096 1435 2149 Καὶ
1470 2097 1650 2160 ἄλλως
1683 2097 1742 2152 δὲ
1794 2097 1873 2151 εί-

290 2186 448 2247 πεῖν,
506 2185 541 2256 ἡ
591 2186 874 2258 προσευχὴ
928 2187 1280 2242 πλεονεκτεῖν
1328 2188 1481 2244 δοκεῖ
1528 2189 1628 2261 τὴν
1680 2190 1871 2260 εὐχήν.

292 2274 443 2344 Ἔχει
481 2275 583 2345 μὲν
611 2274 720 2348 γάρ
758 2277 944 2331 καὶτὸ
997 2277 1213 2347 ἐκείνης
1263 2277 1323 2331 τὸ
1385 2280 1564 2332 ἅπαν·
1609 2278 1876 2333 ἐπέκεινα

286 2365 340 2419 δέ
361 2365 626 2438 εὐκληρεῖ
654 2368 752 2421 καὶ
776 2366 836 2421 τὸ
868 2367 1067 2439 δηλοῦν
1092 2368 1377 2438 ἐγγύτητα
1405 2367 1494 2423 διά
1530 2368 1873 2440 προθέσεως,

287 2456 354 2511 δι’
376 2453 448 2530 ἦς
476 2458 739 2530 ἐμφαίνει
766 2458 843 2523 ὡς
886 2458 1026 2530 πρὸς
1052 2457 1131 2530 τῷ
1170 2458 1294 2530 Θεῷ
1327 2460 1624 2530 ἱστάμενος
1657 2462 1687 2514 6
1717 2461 1873 2531 εὐχό-

292 2561 456 2617 μενος
499 2549 595 2601 κα)⁸
627 2545 869 2619 θαρρῶν,
901 2547 977 2612 ὡς
1002 2541 1092 2602 οἷα
1122 2548 1219 2603 καὶ
1277 2549 1372 2603 ἐπὶ
1415 2550 1578 2620 φίλῳ,
1609 2551 1875 2621 ἀναφέρει

291 2638 487 2710 ἐκείνῳ
514 2637 585 2692 τὰ
614 2637 852 2711 βουλητά
874 2656 891 2672 ο
930 2641 991 2692 ὲν
1018 2633 1100 2703 οἷς
1130 2638 1394 2705 πολλάκις
1431 2642 1525 2695 καί⁵
1564 2641 1875 2713 δωρεατική

290 2747 373 2796 τις
417 2728 711 2803 βούλησις·
745 2732 837 2784 Διὸ
879 2732 1112 2802 αὐχήσοι
1164 2733 1231 2787 ἂν
1281 2733 1308 2785 6
1332 2732 1574 2797 τοιοῦτος
1608 2733 1877 2789 εἰσελθεῖν

291 2820 350 2875 τδ
393 2822 614 2892 ἀξίωμα
663 2821 830 2877 αὑτοῦ
867 2822 1103 2879 ἐνώπιον
1148 2822 1246 2879 τοῦ
1300 2821 1460 2890 Θεοῦ,
1522 2826 1619 2880 καὶ
1658 2824 1877 2895 ἐγγίσαι

294 2913 393 2984 τὴν
422 2912 591 2967 αὑτοῦ
624 2905 812 2979 δέησιν
862 2914 1098 2970 ἐνώπιον
1130 2915 1370 2970 ἐκείνου.
1397 2916 1474 2969 Τὸ
1501 2915 1560 2970 δέ
1599 2915 1738 2988 μόνη
1778 2917 1878 2989 οὐχ

294 3008 481 3072 ἁπλῶς
504 3007 741 3064 ἐνταῦθα
769 3009 1017 3065 τέθεικεν
1045 3012 1074 3064 6
1111 3010 1350 3083 μελῳδὸς
1395 3010 1540 3083 λόγῳ
1581 3013 1749 3083 κοινῷ
1784 3015 1880 3069 καὶ

291 3100 503 3170 ἀφελεῖ,
532 3101 669 3155 ἀλλὰ
718 3102 1163 3174 φιλοσοφωτάτῳ.
1209 3103 1353 3172 Πρδς
1391 3103 1575 3173 νόησιν
1609 3104 1718 3176 γὰρ
1747 3105 1881 3158 αὐτὸ

293 3189 397 3260 ἔφη
424 3190 555 3258 τῶν,
596 3190 672 3255 ὡς
702 3192 869 3262 φασὶν
901 3192 950 3247 oi
984 3194 1160 3262 σοφοὶ,
1194 3192 1574 3263 συζυγούντων
1605 3196 1673 3264 τῇ
1708 3210 1880 3264 προσ-

293 3283 428 3353 ευχῇ
451 3296 467 3311 ·
506 3282 807 3352 συζυγοῦσι
844 3283 901 3338 δὲ
935 3284 1071 3356 αὐτῇ
1139 3286 1487 3356 θυμιάματα,
1514 3286 1763 3351 σπονδαὶ,
1792 3285 1886 3341 θυ-

294 3373 430 3438 σίαι,
461 3374 789 3444 ἀναθήματα
817 3376 1097 3448 πολυειδῆ.
1127 3377 1292 3448 Λέγει
1311 3373 1406 3431 οὖν
1433 3377 1517 3432 ὅτι
1546 3378 1881 3451 ἐτερατοῦρο

294 3482 431 3537 τησε
474 3465 566 3519 διὰ
590 3465 687 3519 τοῦ
717 3466 854 3521 Θεοῦ
892 3468 926 3537 ἡ
957 3468 1057 3537 τῆς
1103 3468 1438 3540 προφήτιδος
1471 3468 1775 3540 προσευχὴ,
1813 3469 1876 3522 οὐ

298 3556 440 3628 μετά
469 3573 617 3620 τινος
653 3554 893 3625 συζύγου
921 3557 1016 3610 καὶ
1053 3557 1339 3628 συστοίχου
1372 3557 1534 3629 αὐτῇ,
1568 3556 1703 3613 ἀλλά
1735 3558 1872 3629 μόνη

1979 1893 2140 1960 tioni,
2163 1904 2217 1950 et
2244 1894 2367 1951 ideo
2392 1896 2535 1953 dicta
2566 1898 2727 1968 εὐχή.
2750 1897 2892 1954 Aliis
2919 1906 3105 1953 autem
3148 1896 3354 1964 verbis,
3390 1912 3578 1968 preca-

1977 1986 2054 2041 tio
2088 1987 2304 2044 videtur
2336 1998 2598 2058 praestare
2650 2001 2823 2046 voto:
2886 1990 3053 2045 habet
3102 1989 3248 2045 enim
3300 1990 3572 2059 quidquid

1977 2076 2046 2131 ad
2088 2077 2194 2133 hoc
2226 2080 2506 2147 pertinet;
2569 2079 2673 2139 sed
2721 2080 2947 2151 insuper
2991 2080 3221 2150 gloriam
3289 2079 3573 2135 indicandi

1978 2170 2448 2240 propinquitatem
2490 2185 2588 2240 per
2648 2171 3101 2241 praepositionem
3154 2186 3264 2241 qua
3326 2172 3575 2227 declarat

1977 2262 2119 2329 apud
2154 2261 2324 2333 Deum
2350 2263 2572 2318 adstare
2627 2262 2782 2318 iilum
2816 2262 2910 2334 qui
2960 2272 3244 2333 precatur,
3273 2272 3330 2319 et
3393 2265 3572 2320 conli-

1978 2355 2196 2411 dentem
2231 2364 2492 2426 tanquam
2517 2357 2724 2421 amico,
2773 2356 2879 2426 ipsi
2912 2355 3196 2412 desideria
3262 2356 3572 2412 communi-

1977 2462 2125 2503 care.
2150 2449 2209 2504 In
2248 2449 2333 2504 his
2362 2448 2528 2504 etiam
2566 2463 2715 2520 saepe
2750 2449 3000 2520 quaedam
3029 2458 3113 2505 est
3146 2449 3566 2505 mutterahuntla

1976 2541 2271 2609 voluntas;
2308 2542 2541 2613 ideoque
2564 2543 2687 2598 talis
2719 2544 2938 2613 gloriari
2971 2554 3155 2613 posset
3210 2545 3360 2616 quod
3409 2558 3573 2599 suum

1979 2639 2165 2687 votum
2199 2646 2385 2688 coram
2410 2630 2523 2688 Deo
2549 2635 2721 2698 venit,
2757 2648 2859 2689 sua
2894 2633 3209 2704 deprecatio
3231 2635 3286 2690 in
3340 2650 3577 2703 conspe-

1979 2736 2126 2780 ctum
2159 2724 2281 2794 ejus
2312 2726 2662 2796 propinquat.
2698 2725 2899 2781 Vocem
2938 2736 3122 2781 autem
3173 2726 3290 2781 sola
3335 2742 3445 2782 non
3489 2728 3578 2783 hic

1980 2817 2305 2888 simpliciter
2330 2819 2614 2874 communi
2654 2819 2941 2888 tenuique,
2997 2818 3098 2873 sed
3157 2819 3573 2889 sapientissima

1979 2910 2196 2966 ratione
2228 2910 2429 2966 artifex
2468 2912 2655 2981 posuit
2689 2928 2706 2965 :
2748 2911 2821 2965 ob
2849 2906 3189 2968 intellectum
3256 2911 3404 2968 enim
3473 2913 3579 2968 hoc

1980 3001 2120 3060 dixit
2147 3018 2338 3059 eorum
2362 3018 2504 3074 quat,
2526 3005 2669 3060 sicut
2691 3005 2849 3061 aiunt
2881 3004 3212 3075 philosophi,
3233 3003 3579 3075 subjungun-

1989 3105 2076 3152 tur
2092 3097 2416 3166 precationi.
2447 3096 2874 3169 Suhjunguutur
2896 3106 3081 3153 autem
3119 3098 3224 3171 ipsi
3248 3098 3484 3165 sulIitus,
3517 3100 3582 3155 li-

1993 3189 2239 3254 bamina,
2258 3189 2518 3253 victimae,
2542 3189 2771 3246 donaria
2800 3191 3035 3248 diversa.
3062 3190 3200 3249 Dicit
3233 3191 3398 3263 igitur
3430 3191 3580 3263 quod

1992 3297 2089 3353 per
2113 3281 2286 3336 Deum
2311 3282 2556 3351 prodigia
2594 3282 2725 3338 fecit
2754 3282 3119 3352 prophetissa:
3157 3283 3423 3352 precatio,
3469 3299 3579 3339 non

1988 3390 2112 3430 cum
2146 3374 2332 3446 aliquo
2353 3376 2651 3447 subjuncto
2677 3376 2762 3433 vel
2800 3377 2970 3444 aiiini,
3021 3378 3118 3435 sed
3149 3377 3267 3449 ipsa
3315 3379 3437 3433 sola
3484 3392 3584 3448 per

1984 3470 2157 3535 ipsam
2181 3481 2321 3537 ;qua
2336 3469 2498 3539 digne
2514 3483 2739 3540 prorsus
2770 3470 2974 3535 oblata,
2996 3472 3237 3526 salvatur
3258 3470 3443 3537 homo,
3462 3471 3587 3527 nul-

1984 3545 2096 3614 lam
2130 3559 2338 3613 habens
2369 3558 2424 3614 in
2448 3561 2652 3615 mundo
2693 3560 3048 3616 eminentiam
3073 3562 3578 3632 autprazstanliam.

292 3653 433 3725 αὑτὴ
460 3651 586 3708 κατ’
605 3654 797 3725 αὐτὴν,
832 3652 902 3709 δι’
927 3648 995 3727 ἦς
1027 3652 1250 3717 δικαίως
1285 3655 1503 3718 πάντως
1565 3656 2003 3728 ἀναφερομένης,
2081 3654 2677 3739 σώζεταιάνθρωπος,
2729 3658 3001 3730 μηδεμίαν
3055 3658 3195 3729 ἔχων
3261 3660 3320 3711 ἐν
3387 3660 3579 3731 κόσμῳ

292 3749 610 3823 περιϐολὴν,
640 3748 819 3804 εῖτουν
849 3750 1214 3823 περιττότητα
1245 3751 1536 3822 βιωτικήν.

365 3847 466 3918 ξη⁶.
483 3847 559 3900 Τὸ
583 3846 642 3901 δὲ
690 3845 803 3915 τῆς
863 3846 1235 3917 προφήτιδος
1265 3845 1495 3915 "Aw-nc
1538 3848 1639 3918 τὴν
1695 3849 1759 3901 ἐκ
1787 3846 1881 3900 τοῦ

294 3938 433 3994 Θεοῦ
464 3938 574 3993 τῶν
626 3935 901 4008 γνώσεων,
939 3939 998 3991 ἐν
1035 3941 1101 4011 τῇ
1153 3938 1300 4010 ψυχῇ
1332 3941 1430 4009 τῆς
1483 3938 1643 4008 ἁγίας
1678 3939 1883 4007 γνῶσιν

294 4034 419 4102 ἦτοι
445 4032 755 4105 πρόγνωσιν
796 4031 965 4102 δηλοῖ,
993 4033 1089 4086 καὶ
1114 4032 1175 4086 τὸ
1195 4031 1403 4086 ἐκεῖθεν
1437 4030 1649 4086 εὔελπι.
1678 4032 1751 4086 Εὖ
1772 4034 1881 4102 γάρ

297 4123 472 4179 είδυῖα
496 4125 581 4179 ὅτι
610 4124 715 4180 κᾶν
740 4124 924 4179 ἀλυτοι
939 4118 1075 4180 ὦσιν
1104 4124 1283 4190 άλλως
1308 4126 1357 4179 oi
1382 4124 1575 4195 δεσμοὶ
1603 4126 1704 4195 τῆς
1733 4142 1879 4178 στει-

300 4220 549 4286 ρὼσεως,
598 4216 747 4285 ὅμως
780 4215 1099 4271 λελύσονται
1137 4216 1303 4287 αὐτῇ,
1348 4216 1502 4271 οὐδὲν
1537 4212 1702 4288 ἦττον
1729 4217 1878 4288 ἥπερ

292 4310 365 4379 τῇ
396 4306 643 4377 μακαρίᾳ
676 4308 888 4380 Σάρρᾳ,
920 4308 973 4361 εί
1005 4306 1146 4379 μετά
1193 4309 1667 4378 συντετριμμένον
1710 4307 1878 4362 πνεύ-

295 4416 468 4469 ματος
496 4397 712 4464 εΰξεται
741 4400 821 4469 τῷ
841 4399 981 4467 Θεῷ,
1007 4401 1307 4470 πεποίηκεν
1332 4400 1477 4454 οὕτω
1499 4416 1515 4433 ⁸
1548 4403 1644 4456 καὶ
1666 4395 1793 4471 εὗρε
1819 4402 1882 4453 τὸ

2065 3847 2152 3903 68.
2175 3847 2289 3903 Vox
2342 3846 2678 3916 prophetissa:
2705 3846 2891 3910 Attum,
2924 3844 3068 3899 illam
3096 3844 3451 3899 scientiarum
3482 3846 3575 3903 Dei

1990 3941 2280 3995 scientiam
2303 3942 2418 3994 sive
2445 3937 2848 4007 praescientiatn
2875 3946 2931 3992 et
2952 3937 3157 3991 exinde
3193 3938 3390 3992 bonam
3419 3954 3572 4007 spem

1992 4031 2046 4085 in
2080 4030 2266 4085 anima
2302 4038 2506 4084 sanctae
2565 4026 2846 4083 ostendit:
2907 4029 3046 4083 bene
3101 4043 3339 4099 namque
3392 4030 3574 4086 sciens

1985 4120 2293 4175 sterilitatis
2316 4119 2553 4185 vincula,
2582 4116 3062 4185 licetinsolubilia,
3096 4128 3278 4173 tamen
3317 4118 3435 4175 fore
3464 4119 3576 4175 sol-

1987 4214 2161 4267 venda
2189 4212 2317 4274 sibi,
2352 4225 2458 4265 non
2488 4210 2673 4264 minus
2699 4223 2865 4278 quam
2900 4208 3072 4264 beatae
3102 4209 3273 4275 Sane,
3336 4212 3382 4267 si
3441 4226 3567 4267 eum

1988 4303 2186 4376 spiritu
2215 4302 2453 4359 contrito
2506 4310 2823 4371 precaretur
2884 4300 3055 4357 Deum
3088 4339 3104 4365 ,
3170 4304 3243 4357 ita
3323 4303 3474 4369 fecit,
3519 4314 3578 4361 et

1991 4401 2137 4470 quod
2170 4398 2518 4454 desiderabat
2537 4399 2673 4452 citra
2724 4411 2876 4467 spem
2919 4406 3142 4466 experta
3196 4407 3302 4454 est.
3376 4397 3509 4453 Illud
3555 4415 3569 4454 :

296 4491 491 4559 ἐφετὸν
515 4489 815 4562 ἐκϐεϐηκὸς
850 4491 989 4561 αὐτῇ
1016 4491 1138 4545 κατ’
1169 4491 1383 4547 ἐλπίδα.
1411 4491 1485 4544 Τὸ
1518 4492 1573 4545 δὲ
1602 4492 1882 4563 φερούσης

1990 4492 2214 4549 ferentis
2235 4491 2306 4546 ad
2342 4489 2510 4545 Deum
2543 4488 2807 4559 spiritum
2839 4490 3163 4554 contritum,
3203 4490 3386 4546 ionico
3416 4506 3568 4548 more

298 4583 522 4651 πνεῦμα
559 4583 1022 4653 συντετριμμένον
1051 4583 1190 4653 πρὸς
1216 4584 1311 4638 τὸν
1331 4584 1486 4651 Θεὸν,
1510 4583 1758 4639 διάλυσιν
1781 4588 1880 4638 πέ-

294 4675 502 4730 πονθεν
538 4677 636 4746 τῆς
688 4677 1011 4747 προσφορᾶς
1067 4675 1467 4747 ίωνικωτέρως.
1536 4676 1627 4741 Ὧς
1662 4676 1772 4747 γάρ
1820 4676 1885 4730 τὸ

289 4767 411 4829 ζῶα
449 4766 702 4837 γράφειν
727 4767 1123 4837 διαλελυμένως
1147 4765 1336 4837 ῥηθὲν,
1381 4766 1573 4821 ταυτὸν
1604 4769 1723 4821 ἐστι
1755 4784 1885 4820 συν-

292 4861 440 4929 θέτῳ
462 4859 541 4931 τῷ
575 4858 899 4930 ζωγραφεῖν
920 4897 936 4925 ,
965 4859 1110 4914 οὕτω
1152 4862 1248 4915 καὶ
1286 4860 1347 4914 τὸ
1380 4860 1572 4929 φέρειν
1621 4859 1761 4931 πρὸς
1792 4860 1886 4914 τὸν

290 4953 468 5017 δεῖνα,
526 4955 609 5017 είς
658 4954 776 5007 ῖσον
821 4952 1042 5024 ἔρχεται
1086 4952 1163 5021 τῷ
1222 4952 1560 5024 προσφέρειν
1593 4951 1672 5020 τῷ
1724 4953 1881 5009 δεῖνι.

292 5044 529 5114 Πνεῦμα
554 5046 612 5099 δέ
637 5045 1108 5117 συντετριμμένον
1132 5039 1290 5098 εἶπεν
1310 5044 1371 5096 οὐ
1404 5044 1548 5097 κατά
1580 5045 1641 5098 τὸ
1676 5059 1883 5114 σημαι-

292 5136 535 5205 νόμενον
567 5134 663 5187 τοῦ
694 5137 1165 5207 συντετριμμένου
1221 5133 1514 5205 γραφικῶς
1548 5134 1822 5204 καλάμου,
1850 5134 1884 5206 ἢ

290 5228 410 5283 τῶν
434 5225 688 5298 ψυχικῶν
713 5227 911 5292 ὀστῶν,
951 5226 987 5281 ἃ
1039 5227 1396 5297 συντριϐῆναι
1426 5226 1723 5296 ψάλλονται
1778 5228 1887 5282 ὑπὸ

299 5320 507 5392 βάρους
551 5318 790 5392 ἡδονῶν,
843 5319 979 5374 ἀλλὰ
1035 5318 1135 5399 τὴν
1164 5319 1650 5391 τεταπεινωμένην
1709 5319 1888 5392 ψυχὴν

298 5415 450 5468 κατὰ
472 5413 677 5484 ἀρετάς
696 5429 711 5444 ·
739 5413 829 5468 ὅτε
850 5412 1053 5484 δηλαδὴ
1083 5411 1267 5479 ἀγαθά
1290 5412 1549 5482 πράττων
1573 5411 1884 5481 ἄνθρωπος,

296 5506 368 5557 τὸ
394 5504 564 5576 μηδὲν
583 5502 779 5557 ἐαυτὸν
808 5500 949 5559 εἶναι
979 5502 1256 5572 λογίζεται
1278 5520 1293 5535 ’
1323 5502 1561 5572 ὁπηνίκα
1593 5500 1690 5556 καί
1738 5502 1890 5556 κάτω

295 5596 482 5651 νεύειν
518 5596 615 5650 καὶ
641 5594 1139 5665 κατακάμπτεσθαι
1197 5595 1382 5649 κλοιοῦ
1414 5595 1573 5667 δίκην
1607 5595 1825 5663 λέγεται
1851 5597 1885 5665 ὴ

294 5691 474 5763 ψυχὴ,
497 5693 591 5746 καὶ
621 5691 1049 5762 συγκεκυφέναι,
1083 5691 1158 5757 ὡς
1192 5693 1289 5746 καὶ
1318 5692 1513 5755 ἄλλους
1561 5690 1890 5762 εξανορθοῦν

300 5784 694 5856 σωτηριωδῶς,
755 5786 817 5840 οὺ
888 5785 996 5856 μὴν
1057 5772 1285 5858 πάσχειν
1341 5785 1462 5840 κατ’
1526 5787 1742 5854 ἐκείνην
1788 5784 1887 5856 τὴν

1987 4583 2387 4651 seiunctionem
2411 4582 2711 4638 oblationis
2746 4581 2938 4637 subiit.
2973 4581 3128 4638 Sicut
3164 4586 3333 4648 enim,
3366 4583 3574 4640 dictum

1988 4675 2307 4746 seiunctim,
2371 4673 2485 4738 ζῶα
2514 4673 2751 4745 γράφειν
2811 4673 2955 4729 idem
2997 4684 3083 4729 est
3114 4689 3179 4730 ac
3207 4676 3572 4745 compositum

1987 4766 2320 4837 ζωγριφεῐν,
2342 4764 2422 4820 sic
2436 4765 2603 4820 etiam
2624 4765 2767 4823 ferre
2814 4766 2879 4835 ad
2893 4766 3131 4836 aliquem
3164 4767 3307 4822 idem
3348 4778 3430 4822 est
3448 4783 3513 4823 ac
3529 4768 3580 4824 ei

1992 4860 2212 4917 offerre.
2249 4857 2523 4929 Spiritum
2550 4866 2736 4914 autem
2771 4859 3077 4913 contritum
3108 4860 3248 4914 dixit
3280 4876 3388 4914 non
3423 4859 3579 4931 juxta

1987 4966 2208 5009 sensum
2237 4951 2433 5008 calami
2470 4950 2769 5021 Scriptura:
2798 4950 3083 5018 confracti,
3115 4954 3580 5024 velspiritualinm

1988 5046 2218 5108 ossium,
2248 5059 2371 5114 quae
2400 5044 2613 5099 conteri
2645 5044 2988 5113 voluptatum
3024 5045 3267 5115 pondere
3319 5048 3576 5117 psallun-

1990 5145 2102 5200 tur,
2129 5133 2224 5190 sed
2254 5132 2607 5189 humiliatam
2634 5135 2940 5190 secundum
3004 5138 3263 5192 virtutem
3332 5139 3576 5193 animam

1989 5224 2358 5296 signiﬁcavit;
2394 5228 2541 5296 quod
2566 5226 2648 5294 lit,
2678 5242 2803 5284 cum
2842 5231 2979 5285 bene
3011 5244 3181 5300 agens
3219 5230 3410 5297 homo,
3441 5230 3580 5284 nihil

1989 5319 2341 5391 semetipsum
2363 5333 2489 5376 esse
2506 5330 2685 5391 putat,
2725 5336 2937 5379 necnon
2965 5325 3407 5394 quotiescunque
3425 5323 3581 5377 deor-

1988 5429 2112 5471 sum
2145 5413 2418 5469 incurvari
2452 5422 2715 5485 tanquam
2746 5415 2950 5472 collare
3017 5426 3074 5470 et
3106 5416 3358 5471 inclinari
3391 5415 3573 5470 anima

1989 5504 2297 5570 dicitur,ut
2327 5505 2464 5561 alios
2493 5507 2814 5564 salutariter
2863 5509 3057 5580 erigat,
3112 5522 3222 5563 non
3285 5516 3469 5562 tamen
3516 5516 3582 5564 ut

1990 5597 2254 5655 adiciatur
2289 5599 2430 5655 sicut
2463 5600 2554 5656 illa
2577 5602 2928 5670 quammisere
2958 5600 3198 5667 corruit};
3258 5608 3425 5671 atque
3476 5601 3580 5656 htt-

1985 5691 2076 5764 jus
2127 5692 2199 5746 rei
2228 5691 2603 5749 manil‘estatio
2645 5704 2777 5750 sunt
2827 5692 3221 5764 prostrationes
3245 5702 3302 5749 et
3331 5692 3574 5763 genuﬂe-

1992 5785 2203 5852 xiones,
2239 5786 2566 5846 humiliante
2598 5801 2658 5845 se
2687 5800 2814 5846 cum
2842 5785 3027 5844 anima
3061 5800 3315 5855 corpore.
3376 5785 3584 5845 Trans-
