3926 6200
495 315 603 376 583

1171 299 1590 364 EUSTATHII
1629 298 2077 358 THESSAIDN
2092 299 2104 356 Ι
2118 297 2385 358 CENSIS
2430 302 2480 359 M
2497 303 2587 361 ET
2599 301 3000 362 ROI‘OLlTXE
3576 318 3655 381 5g;

495 429 615 482 latae
649 433 776 480 sunt
809 431 986 478 autem
1038 421 1154 490 ipsa
1209 416 1470 473 contritio
1515 428 1582 469 ac
1637 411 1948 467 humiliatio
2009 404 2077 466 ab

2191 412 2374 482 οἰκτρὰ
2407 414 2828 481 συγκύπτουσαν
2847 432 2860 445 ·
2891 415 2987 467 καὶ
3016 415 3198 470 τούτου
3229 422 3500 489 παράδειξις
3517 431 3591 479 v.1".
3614 434 3654 483 αἱ

497 518 784 574 arboribus
818 554 832 578 ,
859 527 1091 584 quarum
1121 511 1308 565 multae
1338 507 1558 578 quidem
1614 505 1929 564 ﬂectuntur,
1965 519 2072 557 non

496 625 681 680 paucae
708 621 835 662 vero
863 603 1216 660 cremationis
1247 616 1412 654 causa
1445 598 1918 661 comminuuntur,
1975 609 2070 651 seu

495 711 753 756 teruntur
769 698 1009 762 siccata;
1043 696 1187 766 quod
1223 693 1386 746 etiam
1419 691 1700 761 patiuntur
1725 704 1914 744 eorum
1945 703 2072 742 ossa

501 795 590 862 qui
626 790 880 845 Davidico
914 802 1062 842 more
1087 801 1183 857 per
1222 783 1385 837 Deum
1433 781 1704 836 humiliati
1738 777 2074 849 sunt;'quasi

498 894 744 954 oporteat
777 883 830 935 in
870 882 954 936 his
971 895 1090 949 qua:
1117 879 1269 946 juxta
1307 877 1414 929 vim
1447 874 1691 928 errantia
1728 883 1881 937 sunt,
1915 871 2076 926 fortia

496 991 617 1031 esse
667 971 1019 1034 conterenda,
1076 967 1336 1038 quoniam
1389 963 1549 1019 facile
1605 964 1967 1017 humiliantur
2021 969 2077 1017 et

500 1065 700 1121 mollia.
729 1063 967 1118 Rursum
1026 1061 1188 1130 igitur
1243 1056 1579 1127 spiritualem
1635 1056 1922 1109 sanitatem
1995 1051 2079 1107 af-

501 1155 827 1210 fectantibus
860 1153 1119 1207 interiora
1153 1165 1376 1205 necessu
1429 1157 1512 1203 est
1561 1147 1766 1202 conteri
1826 1162 1922 1216 per
1979 1146 2080 1199 hu-

503 1247 858 1305 miliationem
887 1253 940 1299 et
966 1245 1034 1298 ab
1084 1244 1296 1297 inteusa
1345 1242 1606 1311 lahilique
1656 1239 1943 1294 altitudine
1983 1242 2081 1293 de-
2131 1288 2134 1289 ν

505 1341 665 1400 mitti,
697 1348 776 1398 ut,
805 1336 1159 1389 interioribus
1212 1333 1442 1395 sanatis.
1475 1349 1540 1387 ac
1601 1333 1868 1386 restitutis
1894 1332 1946 1384 in
1983 1345 2073 1385 re-

501 1440 648 1486 ctum
681 1430 951 1482 hominem
989 1427 1327 1492 interiorem,
1395 1425 1586 1479 ﬁrmus
1641 1424 1805 1478 etiam
1867 1430 2082 1478 constet

503 1523 759 1582 exterior,
785 1520 1023 1574 carnalis
1048 1529 1100 1570 et
1130 1517 1454 1572 materialis.
1483 1516 1574 1570 Sic
1598 1516 1743 1570 enim
1765 1531 1889 1569 cum
1910 1516 2080 1570 arbor

503 1630 665 1669 curva
705 1614 928 1665 dextere
953 1610 1203 1678 erigitur,
1239 1609 1355 1678 ipse
1381 1618 1569 1662 cortex
1602 1607 1653 1660 in
1715 1607 1950 1660 similem
1978 1607 2079 1660 ha-

504 1705 647 1758 bitus
675 1702 1052 1756 rectitudinem
1077 1699 1409 1754 extenditur.
1437 1699 1543 1753 Cor
1569 1699 1737 1768 igitur
1762 1699 2080 1761 contritum,

2178 507 2581 576 προσκυνήσεις
2609 508 2702 559 καὶ
2731 507 2786 559 αἱ
2813 508 3202 578 γονυπετήσεις
3237 522 3658 584 συνταπεινωμένου

2176 600 2242 668 τῇ
2273 597 2419 668 ψυχῇ
2453 603 2546 652 καὶ
2575 598 2666 651 τοῦ
2709 599 2965 668 σώματος
2989 615 3006 632 ο
3044 600 3136 654 καὶ
3171 605 3460 676 μετῆκταιή
3495 628 3662 682 συντρι-

2181 691 2251 761 δὴ
2280 690 2420 758 αὕτη
2454 693 2550 745 καὶ
2603 693 2636 758 ἡ
2692 691 3070 762 κατάκαμψις,
3108 697 3210 747 ἀπὸ
3253 699 3416 764 φυτῶν
3445 693 3508 755 ὧν
3534 707 3665 761 πολλὰ

2182 784 2282 853 μὲν
2310 783 2673 852 κάμπτονται,
2700 783 2797 835 οὐκ
2815 782 2970 850 ὀλίγα
3000 784 3058 836 δὲ
3085 787 3174 838 καὶ
3200 786 3541 860 ἀποφρυγῆναι
3563 799 3667 864 apd.

2181 890 2350 928 σαντα
2379 874 2779 944 συντρίὸονται,
2818 871 2988 945 ἤγουν
3015 877 3151 948 ὁμοῦ
3183 878 3435 948 τρίϐονται
3465 886 3667 953 τειρόμεο

2180 984 2270 1032 να,
2299 967 2327 1020 ὃ
2359 968 2627 1036 πάσχουσι
2650 969 2743 1023 καὶ
2769 970 2837 1022 τὰ
2863 969 2998 1025 ὀστᾶ
3028 970 3135 1024 τῶν
3171 975 3442 1039 Δαυῖτικῶς
3468 994 3670 1034 τεταπει-

2180 1062 2438 1129 νωμένων
2466 1063 2554 1116 δ;ἀ
2598 1064 2689 1117 τὸν
2732 1063 2898 1118 Θεόν·
2942 1065 3018 1130 ὡς
3070 1068 3184 1122 δέον
3235 1068 3291 1122 ὃν
3344 1072 3405 1126 τὰ
3438 1076 3557 1126 κατὰ
3583 1075 3673 1143 βίαν

2183 1150 2537 1221 ἀμαρτητικᾰ
2568 1156 2867 1224 στερέμνια
2897 1155 3234 1224 θρύπτεσθαι
3257 1173 3271 1189 ο
3304 1157 3377 1224 οἷς
3401 1164 3512 1232 ῥᾷον
3532 1180 3675 1216 cmm-

2183 1243 2498 1298 ⁴ιιιεινοῦνται
2533 1247 2624 1297 καὶ
2663 1245 2729 1298 τὰ
2763 1247 3039 1316 μαλθακά.
3078 1248 3279 1303 Οὐκοῦν
3315 1252 3554 1306 ἀνάπαλιν
3593 1261 3676 1319 τοῖς

2184 1335 2647 1405 ἐκθεραπεύουσιν
2699 1339 2930 1402 ἑαυτοὺς
2961 1341 3040 1403 είς
3093 1340 3297 1409 ὑγιείαν
3350 1351 3674 1415 πνευματικὴν,

2184 1428 2253 1479 τὰ
2282 1427 2430 1489 ἐντὸς
2461 1428 2565 1498 χρὴ
2604 1429 2908 1495 συντρίϐειν
2935 1429 3022 1483 διὰ
3055 1431 3443 1496 ταπεινώσεως,
3473 1436 3551 1486 καὶ
3575 1435 3678 1486 ὑπο·

2188 1518 2577 1582 καταϐιϐάζειν
2633 1520 2728 1573 τοῦ
2769 1522 2997 1586 ἀτενοῦς
3047 1523 3143 1576 καὶ
3191 1524 3496 1595 ἐφαμάρτως
3521 1525 3677 1595 ὀρθίου,

2187 1605 2274 1660 ῐνα
2304 1610 2414 1662 τῶν
2442 1611 2597 1674 ἐντὸς
2627 1611 2998 1679 ὑγιασθέντων
3031 1614 3128 1666 καὶ
3159 1613 3604 1666 ἀποκαταστάντων
3624 1614 3681 1674 είς

2187 1701 2279 1752 τὸν
2300 1700 2477 1770 ὀρθῶς
2503 1702 2796 1772 ἄνθρωπον
2818 1705 2912 1756 τὸν
2935 1703 3112 1770 ἐντὸς,
3141 1705 3331 1775 ἀτενὴς
3351 1704 3593 1775 ἑστήξεται
3614 1704 3684 1758 καὶ

506 1795 557 1847 id
587 1802 690 1858 est,
729 1802 786 1846 ut
819 1792 1211 1860 interpretatur
1241 1791 1432 1854 David,
1472 1790 1725 1859 spiritum
1777 1791 2078 1844 contritum

2191 1795 2214 1847 δ
2246 1793 2425 1859 ἐκτὸς,
2456 1795 2486 1846 δ
2515 1771 2780 1864 σαρκικδς
2823 1796 2918 1849 καὶ
2949 1771 3299 1867 δερμάτινος,
3321 1771 3464 1849 Οὗτοί
3493 1794 3582 1864 γὰρ
3618 1795 3685 1846 καὶ

505 1902 568 1940 ac
591 1886 933 1939 humiliatum
978 1885 1068 1955 qui
1103 1886 1262 1954 gerit,
1291 1883 1374 1938 his
1399 1898 1518 1952 qua:
1541 1891 1672 1937 sunt
1709 1898 1737 1936 a
1794 1882 1922 1948 Deo,
1971 1897 2080 1938 non

507 1975 880 2032 lrustrahitur.

504 2074 895 2142 τετριμμένην,
928 2072 1124 2124 ταυτὸν
1154 2071 1198 2125 δ’
1231 2071 1427 2136 εἰπεῖν,
1455 2071 1529 2134 ὡς
1561 2071 1852 2141 ἐρμηνεύει
1917 2071 2107 2136 Δαϐὶδ,

508 2161 737 2231 σάμενός
766 2179 850 2222 τις
875 2162 976 2214 οὐκ
998 2160 1487 2231 ἐξουδενωθήσεται
1511 2163 1578 2216 τὰ
1612 2163 1764 2234 παρὰ
1789 2162 1883 2217 τοῦ
1914 2162 2074 2217 Θεοῦ.

577 2264 666 2320 69.
711 2263 809 2317 llic
844 2271 1022 2316 autem
1061 2261 1223 2315 etiam
1252 2262 1354 2315 alia
1419 2261 1766 2331 recogitauda
1794 2271 1922 2317 sunt
1953 2276 2078 2317 ossa

510 2355 786 2420 Davidica,
815 2369 1045 2426 quorum
1102 2369 1201 2409 nec
1235 2369 1403 2407 unum
1452 2363 1784 2410 conteretur.
1817 2354 2081 2418 Quasnam

507 2465 638 2504 vero
665 2450 838 2504 sunt?
875 2451 947 2503 Ea
986 2448 1188 2517 quibus
1207 2463 1372 2518 pr0pe
1401 2457 1486 2503 est
1509 2447 1675 2511 Deus,
1704 2463 1770 2502 eo
1809 2451 1951 2518 quo‘l
1984 2448 2086 2502 hu-

509 2542 656 2596 milia
678 2553 803 2595 sunt
827 2541 1042 2610 spiritu,
1075 2541 1266 2608 sicque
1306 2540 1466 2610 digna
1500 2539 1695 2596 salute.
1721 2539 1823 2605 Qui
1848 2555 2084 2610 namque

508 2636 659 2702 quasi
709 2636 897 2688 leones
933 2643 1082 2698 sunt,
1135 2641 1189 2686 et
1241 2632 1380 2686 adeo
1431 2632 1809 2703 Spiritualibus
1855 2632 2074 2688 ossibus

457 2715 460 2718 ’
510 2725 718 2780 fortiter
772 2724 1158 2794 compaginati,
1195 2733 1253 2776 ut
1309 2730 1565 2789 tanquam
1606 2723 1947 2791 ignivomum
1997 2723 2086 2776 in-

517 2827 883 2873 strumentum
907 2817 1018 2870 sint
1051 2816 1278 2869 istorum
1307 2814 1634 2868 contritione
1678 2825 1868 2868 contra
1904 2828 2090 2883 perse-

510 2920 738 2978 quentes
773 2909 940 2976 ipsos,
975 2920 1084 2959 non
1118 2913 1315 2974 egeant
1339 2904 1672 2959 contritione
1703 2904 1910 2959 ossium
1931 2905 2089 2974 juxta

510 3017 606 3056 eos
635 3002 727 3069 qui
761 3000 838 3056 sic
869 2999 977 3070 pati
1011 3008 1138 3053 sunt
1168 2997 1342 3066 digni.
1368 2997 1424 3050 Si
1449 2996 1573 3065 quis
1609 3005 1790 3050 autem
1827 3007 2090 3065 reputans

512 3094 693 3148 animo
747 3090 985 3144 contrito
1016 3097 1070 3142 et
1114 3088 1406 3142 humiliato
1457 3088 1658 3156 opponi
1692 3086 1834 3156 quod
1875 3098 2084 3141 rectum

511 3193 617 3247 est,
651 3184 781 3238 etin
809 3190 1042 3236 mentem
1081 3195 1343 3235 revocans
1397 3181 1646 3250 spiritum
1681 3191 1908 3246 rectum,
1947 3195 2088 3248 prm-
2117 3205 2159 3258 ρ

514 3277 653 3332 ferre
683 3291 740 3331 se
767 3275 948 3344 potius
1003 3272 1151 3328 dicat
1171 3274 1371 3328 habere
1398 3282 1608 3327 rectum
1645 3273 1896 3342 spiritum
1921 3287 2085 3342 quam

512 3367 761 3436 spiritum
780 3364 1074 3419 contritum
1115 3374 1168 3418 et
1218 3363 1592 3429 humiliatum,
1631 3365 1816 3419 audiet
1839 3364 1941 3434 ipsi
2003 3363 2088 3418 di-

515 3457 798 3510 midiatum
828 3468 950 3508 esse
1004 3453 1112 3508 tale
1157 3452 1359 3506 bonum
1400 3451 1768 3507 desiderium:
1837 3458 2088 3518 oportere

513 3549 658 3602 enim
683 3549 859 3615 ipsum
881 3543 1062 3599 dicere
1081 3559 1140 3597 se
1155 3557 1261 3596 non
1284 3542 1457 3610 magis
1479 3557 1641 3610 quam
1659 3541 1910 3611 spiritum
1953 3554 2088 3595 con-

517 3639 701 3693 tritum
743 3650 927 3690 amare
943 3638 1172 3700 rectum,
1195 3634 1287 3688 sed
1307 3634 1588 3702 mqualiter
1609 3642 1929 3702 utrumque.
1976 3629 2090 3684 Ma-

515 3731 658 3785 xime
695 3730 859 3798 igitur
885 3729 1307 3798 praestatipsum
1363 3727 1506 3781 scire
1537 3726 1679 3796 quod
1739 3724 1915 3795 primo
1959 3739 2090 3779 con-

513 3823 796 3880 terendum
855 3829 938 3878 est
971 3835 1068 3874 cor
1093 3819 1236 3874 sicut
1266 3826 1471 3888 petram
1500 3828 1802 3873 montosam
1843 3825 1898 3872 et
1931 3831 2089 3886 aspe-

513 3933 650 3980 ram,
685 3917 736 3970 in
769 3914 1030 3985 ιιι·ωοίρίιὶ
1055 3914 1372 3976 minantem,
1430 3920 1885 3980 respuentemque
1939 3908 2088 3978 quod

511 4018 595 4061 est
620 4015 923 4075 campestre
948 4007 1285 4074 proindeque
1343 4001 1548 4056 humile
1589 4016 1656 4057 ac
1712 4002 1932 4070 planum
2004 4000 2092 4055 vel

511 4114 762 4168 acquum;
799 4097 990 4151 deinde
1047 4096 1287 4151 studium
1345 4096 1413 4150 de
1480 4104 1630 4150 recto
1697 4093 2085 4149 instruendum

514 4187 1199 4259 procedendumquejuxta
1228 4188 1370 4242 viam
1412 4187 1519 4242 illis
1571 4188 1797 4242 charam
1845 4187 1940 4257 qui
1999 4201 2089 4242 se-

513 4280 751 4336 cundum
792 4277 958 4333 Deum
989 4279 1273 4333 ambulant
1307 4279 1362 4332 in
1395 4277 1526 4332 vita.
1549 4280 1699 4333 Alias
1723 4278 1871 4334 enim
1903 4278 2089 4332 anima

519 4387 623 4425 non
655 4369 887 4424 contrita
924 4384 1030 4423 non
1080 4376 1224 4422 recte
1279 4367 1538 4438 dirigetur
1593 4367 1662 4421 ad
1695 4369 1919 4433 bonum,
1945 4367 2090 4421 sicut

522 4478 618 4519 nec
648 4477 776 4517 saxa
803 4460 1069 4524 scandali,
1101 4475 1222 4529 quae
1250 4474 1357 4514 non
1387 4467 1595 4514 remota
1625 4458 1694 4514 ad
1730 4457 1834 4514 iter
1867 4472 2088 4527 aquan-

513 4553 668 4619 dum,
702 4553 849 4606 viam
893 4549 1050 4622 sequi
1110 4558 1310 4605 rectam
1359 4549 1558 4605 sinent.

583 4825 673 4881 70.
713 4824 784 4880 Ut
819 4835 996 4889 autem
1023 4831 1078 4879 et
1108 4823 1266 4880 aliter
1282 4837 1430 4878 nunc
1449 4836 1764 4879 sermonem
1787 4836 2087 4889 resumam,

514 4928 753 4980 contere,
783 4919 1003 4982 dilecte,
1037 4917 1239 4972 dictam
1273 4918 1412 4970 hanc
1439 4915 1688 4981 arduam,
1717 4914 1872 4970 collis
1891 4915 2089 4984 instar,

511 5020 716 5078 petram
745 5017 798 5062 et
831 5010 882 5062 in
913 5011 1120 5064 minuta
1144 5009 1474 5064 dissecatam
1514 5017 1740 5075 exporta
1773 5007 2088 5078 diligenter,

512 5116 560 5158 et
581 5104 866 5158 observata
895 5105 1214 5173 operatione
1237 5115 1568 5174 opportuna,
1591 5103 1997 5173 recogitataque
2033 5103 2088 5158 in

516 5195 800 5262 temetipso
860 5195 1226 5250 aediﬁcatione
1280 5204 1492 5258 sancta,
1561 5194 1705 5249 sicut
1748 5194 2090 5248 divinissima

519 5287 806 5356 Scriptura
859 5288 1124 5356 praecipit,
1155 5295 1210 5341 et
1254 5287 1477 5340 materia
1541 5286 1884 5340 convenienti
1924 5300 2086 5355 agge-

517 5393 655 5442 rata,
702 5390 1029 5434 structuram
1086 5378 1314 5432 Domino
1359 5378 1580 5447 auSpice
1637 5377 1870 5446 incipias
1898 5377 1953 5431 in
1993 5392 2095 5432 no-

521 5477 666 5526 mine
704 5473 819 5531 Dei,
851 5473 1108 5541 illamque
1133 5471 1185 5524 in
1219 5471 1599 5526 rectiludinem
1630 5473 1824 5540 partim
1868 5484 2098 5539 perpen-

516 5565 727 5629 diculu,
783 5567 981 5635 partim
1037 5567 1246 5618 amussi
1311 5563 1612 5633 spiritualis
1672 5563 2093 5632 artisdirigens,

526 5659 874 5710 accommoda
900 5657 1122 5710 domum
1157 5654 1210 5707 in
1237 5652 1492 5723 templum
1512 5651 1623 5706 Deo
1653 5652 1907 5722 dignum,
1933 5665 1989 5707 ut
2017 5656 2100 5709 in-

526 5741 734 5801 habitet
762 5747 839 5803 ibi
859 5747 1087 5818 spiritus
1123 5755 1308 5806 rectus
1341 5766 1354 5805 :
1387 5745 1468 5804 sic
1495 5744 1639 5803 enim
1697 5755 1752 5801 et
1794 5761 1902 5803 non
1945 5746 2101 5804 aliter

2195 1884 2441 1955 στρεϐλῷ
2469 1886 2624 1955 φυτῷ
2653 1886 3012 1957 ἐξορθωθέντι
3071 1888 3279 1955 δεξιῶς,
3313 1891 3399 1941 καὶ
3428 1886 3616 1956 ὀφλοιὸς
3630 1884 3688 1940 είς

2192 1979 2378 2044 ὅμοιον
2406 1978 2635 2047 εὐφυΐαν
2679 1978 3167 2050 παρεκταθήσεται
3196 1999 3209 2012 ·
3243 1979 3454 2048 καρδίαν
3489 1973 3566 2030 οὖν
3593 1993 3689 2028 συν-

2185 2074 2410 2146 πνεῦμα
2465 2077 2933 2146 συντετριμμένον
2987 2080 3088 2131 καὶ
3132 2077 3560 2144 τεταπεινωμένον
3594 2091 3692 2143 κτη-

2265 2263 2362 2330 ξθ¹.
2407 2265 2772 2336 Ἐνθυμητέον
2797 2265 2844 2319 δ’
2867 2264 3103 2320 ἐνταῦθα
3133 2269 3225 2328 καὶ
3249 2268 3398 2336 ἕτερα
3417 2266 3556 2319 ὀστέα
3574 2267 3694 2319 Δανῖ-

2192 2355 2343 2419 τικὰ,
2374 2351 2448 2408 ὢν
2473 2354 2597 2409 οὐδὲ
2631 2354 2691 2408 ἓν
2749 2355 3205 2428 ωντριὸήσεται.
3263 2358 3386 2409 Ποῖα
3439 2357 3487 2410 δὲ
3520 2359 3692 2419 ἐκείνας

2192 2442 2286 2510 Οἷς
2309 2448 2477 2516 ἐγγύς
2509 2451 2656 2501 ἐστιν
2679 2449 2706 2501 ὀ
2733 2448 2863 2511 Θεὸς
2891 2452 3172 2512 ταπεινοῖς
3203 2445 3316 2504 οὖσι
3353 2449 3423 2519 τῷ
3451 2449 3694 2516 πνεύματι,

2192 2541 2286 2593 καὶ
2313 2537 2457 2592 οὕτω
2484 2542 2758 2609 σωτηρίας
2805 2542 3001 2606 ἀξίοις.
3055 2545 3126 2597 Οἱ
3158 2545 3261 2613 γὰρ
3293 2529 3506 2597 τοιοῦτοι
3536 2541 3696 2600 λέοντες

2194 2629 2308 2684 οἷον
2341 2631 2514 2696 ὄντες,
2547 2630 2641 2684 καὶ⁵
2670 2633 2749 2696 είς
2779 2633 3485 2704 τοσοῦτοψέστεγανωμένοι
3509 2633 3698 2705 στερρὦ

2194 2724 2436 2804 meme
2485 2723 2666 2794 ψυχὴν
2695 2725 2851 2789 ὀστᾶ,
2901 2726 2976 2789 ὡς
3031 2729 3134 2780 καὶ
3166 2726 3492 2797 πυρεκόολὴν
3533 2727 3586 2792 τῇ
3611 2721 3698 2774 κατ’

2194 2817 2339 2869 αὐτὰ
2378 2817 2659 2888 συντρίψει
2722 2824 2862 2872 κατὰ
2891 2820 3000 2872 τῶν
3045 2820 3236 2883 αὐτοῖς
3265 2820 3588 2890 ἐγκειμένων,
3626 2815 3696 2868 οὐκ

2195 2908 2262 2960 ἂν
2290 2907 2494 2961 δέοιντο
2521 2909 2817 2981 συντριϐἧς
2841 2911 3044 2964 ὀστέων
3069 2893 3220 2967 κατὰ
3235 2913 3357 2976 τοὺς
3379 2909 3506 2963 οὕτω
3525 2908 3698 2974 πάσχειν

2195 2995 2402 3059 ἀξίους.
2433 2996 2493 3048 El
2521 2997 2578 3050 δέ
2599 3015 2682 3061 τις
2713 2998 3162 3069 ὲντεθυμημένος
3189 2997 3595 3068 ἀντικεῖσθαιτῷ
3614 3011 3701 3049 συν-

2195 3088 2546 3158 τετριμμένῳ
2577 3090 2670 3142 καὶ
2693 3093 3188 3164 κατακεκαμμὲνῳ
3207 3094 3303 3162 τὴν
3326 3092 3492 3163 ψυχὴν
3511 3090 3562 3143 τὸ
3586 3087 3697 3146 εὐθὺ.

2197 3178 2291 3232 καὶ
2323 3180 2710 3251 προσειληφὼς
2738 3184 2817 3244 είς
2864 3183 2989 3237 νοῦν
3017 3184 3078 3237 τὸ
3145 3186 3302 3248 eoos;
3328 3182 3544 3255 πνεῦμα,
3577 3180 3704 3252 αἱρεῖ·

2196 3270 2319 3324 σθαι
2348 3271 2553 3341 μᾶλλον
2584 3273 2728 3327 εἴποι
2764 3274 2984 3346 πνεῦμα
3019 3276 3188 3342 eoat;
3238 3279 3376 3347 ἔχειν
3408 3278 3536 3347 ἥπερ
3560 3288 3702 3326 συντε-

2193 3364 2497 3433 τριμμένον
2529 3367 2622 3418 καὶ
2677 3370 3209 3437 κατακεκαμμένον,
3259 3370 3471 3423 ἀκούσαι
3513 3367 3567 3420 ἂν
3610 3364 3708 3432 ἡμι-

2195 3455 2450 3508 σεύεσθαι
2522 3455 2674 3525 αὐτῷ
2726 3459 2827 3526 τὴν
2888 3461 3160 3532 τοιαύτην
3226 3461 3430 3528 ἀγαθὴν
3467 3454 3706 3522 ἐπιθυμίαν

2193 3546 2463 3601 ἐνταῦθα’
2501 3547 2700 3617 χρῆναι
2729 3552 2836 3618 γὰρ
2886 3551 3050 3604 αὑτὸν
3114 3554 3295 3606 εἰπεῖν
3335 3552 3406 3622 μὴ
3441 3549 3609 3620 μᾶλλον
3635 3539 3705 3595 τοῦ

2196 3640 2662 3708 συντετριμμένου
2719 3640 3026 3709 πνεύματος
3077 3643 3308 3713 ἀγαπᾷν
3363 3641 3420 3692 τὸ
3461 3638 3588 3699 εὐθὺ,
3624 3629 3709 3687 ἀλλ’

2193 3727 2390 3797 ἐπίσης
2428 3728 2523 3781 καὶ
2575 3730 2885 3800 ἀμφότερα,
2941 3731 3136 3801 ἐπειδὴ
3177 3733 3272 3784 καὶ
3319 3732 3396 3794 είς
3425 3731 3527 3783 ίσον
3566 3723 3705 3777 τέλους

2193 3817 2403 3887 ἀγαθοῦ
2444 3820 2884 3874 ἀποτελευτῶσιν
2937 3822 3208 3894 ἑκάτερα.
3268 3822 3508 3878 Μάλιστα
3537 3817 3620 3885 μὲν
3645 3804 3708 3862 οὖν

2195 3912 2414 3966 κάλλιόν
2443 3912 2591 3965 ἐστιν
2625 3913 2825 3966 εἰδέναι
2848 3914 3010 3967 αὑτὸν
3044 3913 3132 3966 ὃτι
3168 3914 3388 3983 πρῶτον
3417 3905 3704 3975 συντριπτὶον

2191 4003 2293 4073 τὴν
2347 4003 2601 4073 καρδίαν,
2633 4003 2768 4056 ὡσεὶ
2805 4004 2898 4058 καὶ
2935 4004 3148 4075 πέτραν
3204 4004 3420 4075 ὀρεινὴν
3461 3997 3706 4061 ἀπόκροτον

2192 4095 2374 4164 δχθοις
2407 4095 2880 4164 ἐκτραχυνομένην
2906 4097 3000 4149 καὶ
3023 4100 3282 4164 ἀπαρνου
3289 4096 3451 4164 μένην
3471 4088 3525 4142 τὸ
3549 4077 3708 4137 πεδινὸν

2194 4186 2292 4238 κα)⁴
2323 4184 2468 4238 οὕτω
2495 4184 2749 4236 ταπεινὸν
2784 4186 2880 4238 καὶ
2916 4184 3126 4255 ὁμαλὸν
3162 4184 3196 4255 ἢ
3254 4179 3582 4253 ἀγχώμαλον.
3619 4169 3711 4224 Εἶτα

2195 4273 2650 4344 πραγματευτέον
2685 4273 2746 4326 τὸ
2791 4272 2921 4326 εὐθὺ
2955 4275 3050 4328 καὶ
3080 4272 3518 4343 ἀνεπιπρόθητον
3543 4265 3609 4323 είς
3630 4259 3712 4310 ὁδίν

2195 4366 2357 4436 φίλην
2413 4368 2526 4430 τοῖς
2559 4366 2825 4435 θεοφιλῶς
2869 4367 3256 4436 ὁδοιποροῦσιν
3315 4368 3373 4420 ἐν
3405 4364 3515 4434 βίῳ.
3553 4352 3712 4408 Ἄλλως

2194 4457 2305 4528 γὰρ
2334 4457 2703 4529 ἁσύντριπτος
2732 4457 2879 4529 ψυχὴ
2909 4461 2971 4511 οὐ
3002 4458 3504 4527 κατευθυνθήσεται
3533 4452 3596 4509 εἰς
3617 4447 3715 4507 (λίπ’

2123 4541 2169 4598 D
2199 4549 2421 4621 θύτητα,
2453 4550 2528 4614 ὡς
2553 4551 2674 4603 οὐδὲ
2704 4551 2904 4621 πέτραι
2931 4551 3360 4604 σκανδαλοποιοὶ
3388 4546 3461 4618 μὴ
3480 4532 3716 4608 ἐξαιρεθείι

2200 4655 2290 4694 σαι
2331 4640 2468 4711 πρὸς
2495 4639 2773 4709 λεωφόρον
2803 4639 3240 4695 κατευθύνεσθαι
3263 4640 3363 4708 τὴν
3390 4631 3591 4705 πορείαν
3609 4621 3717 4690 ἀφήδ

2200 4748 2407 4787 σουσιν.

2270 4832 2334 4880 o'.
2372 4825 2488 4880 ἰνα
2512 4826 2572 4879 δὲ
2595 4826 2692 4880 καὶ
2722 4825 2898 4889 ἄλλως
2928 4827 3242 4895 κορυφὼσω
3270 4827 3364 4880 τὸν
3394 4824 3540 4890 λόγον
3556 4813 3718 4895 τοῦτον,

2200 4916 2518 4987 σύντριψον,
2550 4911 2596 4971 ὧ
2648 4918 2893 4988 φιλότης,
2943 4918 3046 4989 τὴν
3067 4894 3379 4989 εἰρημένην
3427 4910 3613 4984 ὀχθώδη
3631 4894 3720 4956 κατ’

2200 5012 2434 5080 ἔπαρσιν
2467 5013 2696 5079 πέτραν,
2749 5012 2845 5066 καὶ
2874 5008 3184 5080 διατμήξας
3221 5011 3307 5072 είς
3342 5005 3509 5059 λεπτὰ
3533 4993 3726 5065 eaput“:-

2203 5121 2364 5175 μισον
2393 5103 2696 5173 ἐπιμελῶς,
2721 5105 2814 5156 καὶ
2846 5102 3233 5172 φυλαξάμενος
3265 5096 3548 5172 ἐργατείαν
3584 5086 3726 5141 εὐκαι-

2205 5212 2318 5264 ρον,
2354 5193 2448 5247 καὶ
2473 5195 2836 5262 λογισάμενος
2871 5193 2994 5246 καθ’
3024 5193 3222 5246 ἐαυτὸν
3257 5188 3540 5258 οἰκοδομὴν
3585 5180 3734 5246 tiriin

2205 5285 2282 5348 ὡς
2321 5288 2354 5356 ὴ
2391 5286 2641 5354 θειοτάτη
2666 5285 2859 5354 Γραφὴ
2888 5285 3268 5352 ἐγκελεύεται,
3303 5284 3399 5336 καὶ
3425 5281 3547 5346 ὓλην
3571 5277 3731 5326 imm-

2208 5377 2406 5447 ρεύσας
2476 5375 2684 5447 ἱκανὴν,
2751 5376 2911 5445 ἄρξαι
2973 5376 3356 5442 θεοφυλάκτου
3406 5366 3663 5433 οἰκοδομῆς
3691 5359 3733 5407 ἐν

2203 5466 2430 5534 ὀνόματι
2480 5465 2639 5530 Θεοῦ,
2700 5470 2793 5518 καὶ
2825 5468 3148 5528 ἀπευθύνων
3199 5466 3375 5534 αὐτὴν
3407 5465 3481 5524 εἰς
3511 5456 3733 5528 ὀρθότητα

2205 5560 2282 5634 πῆ
2309 5559 2410 5630 μὲν
2443 5561 2659 5627 καθέτῳ
2685 5560 2883 5630 τέχνης
2917 5561 3324 5630 πνευματικῆς,
3363 5559 3436 5626 πῆ
3480 5555 3533 5606 δὲ
3561 5547 3734 5610 στάθμῃ

2203 5653 2508 5721 ἀπάρτισον
2555 5653 2648 5707 τὸν
2704 5648 2853 5707 οἶκον
2886 5655 2964 5717 εἰς
2995 5654 3130 5707 Θεοῦ
3177 5655 3311 5706 ναὸν
3362 5634 3738 5717 ἐπιτήδειονοὼῖ

2203 5747 2482 5818 ἐνοικῆσαι
2513 5746 2662 5818 αὐτῷ
2719 5747 2940 5819 πνεῦμα
2976 5747 3127 5812 εὐθές
3152 5763 3168 5776 ι
3229 5744 3376 5801 οὕτω
3405 5745 3510 5813 γὰρ
3541 5739 3625 5793 καὶ
3660 5733 3738 5786 οὐκ
