3996 6194
351 332 464 397 585

1157 341 1235 402 ΙΝ
1277 344 1612 406 HYMNUM
1657 347 2317 416 PENTECOSTAIJBM
2355 357 2814 422 DAMASCENI.

3498 361 3604 424 586

352 449 528 512 ἄλλως
562 451 623 504 τδ
678 451 944 521 πανάγιον
995 454 1220 527 Πνεῦμα
1253 461 1333 524 εῖς
1384 460 1476 515 τὸν
1518 461 1610 516 σὺν
1642 457 1790 517 οἷκον
1820 465 1918 533 τὴν
1951 512 1954 520 λ

2045 470 2400 527 ιοηριῐεείηιιιε
2435 472 2671 544 Spiritus
2734 475 2788 529 in
2822 474 3045 531 domum
3083 484 3254 543 tuam,
3295 473 3346 529 id
3372 486 3456 530 est
3485 492 3602 543 c0r,

354 541 580 610 καρδίαν
609 543 994 602 εἰσελεύσεται.
1013 544 1181 601 Τοῦτο
1212 565 1294 602 σοι
1321 552 1688 621 κερδήσαντες
1714 554 1771 620 ἑξ
1805 558 1925 606 επι-

356 633 730 703 στημονάρχου
761 633 854 688 τοῦ
892 638 1131 705 μεγάλου
1161 640 1325 694 Δαυτδ
1375 641 1486 694 ίδοὺ
1539 644 1925 712 παραδεδώκα-

357 739 457 792 μεν
487 723 566 786 είς
597 723 890 791 ὠφέλειαν,
919 727 980 791 δς
1001 729 1192 794 εἰπὼν,
1225 731 1489 798 Καρδίαν
1508 735 1776 802 καθαρὰν
1799 737 1922 788 xtl-

353 828 470 866 σον
493 815 564 866 ἐν
590 814 744 882 ἐμοὶ,
779 819 812 870 ό
853 819 1018 885 Θεὸς,
1063 821 1138 883 ὡς
1185 823 1241 886 ἐξ
1272 823 1524 893 ὑπαρχῆς
1583 825 1698 893 βίον
1728 825 1926 897 δηῦαδὴ

350 907 570 973 ἐπάγει,
625 910 741 972 καὶ,
794 911 1038 981 Πνεῦμα
1062 915 1238 981 εὺθές
1298 917 1650 983 ἐγκαίνισον
1680 921 1750 972 ἐν
1804 919 1928 984 τοῖς

350 997 625 1066 ἐγκάτοις
654 1018 794 1070 μου.
825 1002 942 1057 Ἵνα
969 1005 1021 1056 τί
1056 1005 1224 1070 ποιῶ;
1254 1007 1372 1060 Ἰνα
1403 1007 1575 1070 οὕτως
1599 1010 1928 1080 ἐστηριγμέ-

353 1103 446 1138 νου
480 1105 570 1156 μοι
596 1091 688 1142 τοῦ
720 1090 867 1161 ίεροῦ
897 1093 1048 1146 οῐκου
1078 1095 1172 1147 καὶ
1218 1095 1487 1161 ἀϐλαϐοῦς
1521 1099 1770 1168 μένοντος
1795 1099 1926 1152 ἀνέ-

358 1195 476 1247 μων
507 1197 566 1233 τε
601 1186 937 1248 καταπνοαῖς
973 1185 1069 1238 καὶ
1099 1189 1362 1256 ποταμῶν
1384 1192 1667 1260 ἐπιρροαῖς
1693 1193 1787 1242 καὶ
1819 1208 1928 1242 σει-

357 1271 514 1338 σμῶν
539 1275 846 1343 τιναγμοῖς,
882 1276 1199 1345 ὴγεμονεύω
1246 1282 1387 1333 κατὰ
1435 1281 1645 1344 παθῶν,
1695 1282 1788 1336 καὶ
1853 1285 1926 1352 μὴ

353 1360 615 1427 δουλικῶς
658 1363 750 1417 ὑπ’
779 1367 960 1430 αὐτοῖς
988 1368 1250 1440 γένωμαι,
1305 1372 1619 1443 ἡγεμονικῷ
1653 1375 1929 1440 πνεύματι

357 1453 748 1522 στηριζόμενος
779 1456 866 1511 διὰ
898 1457 1016 1512 σού.
1053 1460 1558 1529 Κεφαλαιώσασθαι
1582 1461 1678 1519 οὖν
1709 1465 1772 1518 τὸ
1825 1468 1931 1520 πᾶν

356 1546 414 1595 εν
442 1544 658 1615 βραχεῖ,
682 1549 977 1619 συντριϐἧς
999 1551 1108 1621 πρὸ
1139 1552 1356 1607 πάντων
1382 1555 1561 1624 χρεία,
1582 1556 1655 1620 ὡς
1681 1558 1896 1626 εἴρηται
1913 1572 1929 1589 ο

356 1631 477 1690 εἶτα
529 1639 836 1710 οίκοδομῆς,
895 1642 1015 1711 μεθ’
1055 1645 1121 1713 ἢν
1184 1644 1401 1715 πνεῦμα
1445 1646 1604 1710 eoos;
1636 1649 1746 1710 τοῖς
1777 1647 1933 1716 ἡμῶν

2031 560 2281 618 intrabit.
2331 561 2442 617 Hoc
2476 564 2573 618 tibi
2609 565 2802 620 lucrati
2831 582 2895 621 ex
2946 567 3212 634 magistro
3248 564 3602 621 scientiarum

2029 665 2228 720 magno
2248 651 2438 715 David,
2459 654 2780 710 tradidimus
2805 656 2869 710 ad
2900 655 3183 710 utilitatem
3208 672 3224 722 ;
3254 653 3344 726 qui
3375 654 3602 709 dicens:

2029 739 2135 794 Cor
2167 744 2415 796 "tundunt
2450 759 2569 798 crea
2599 744 2653 797 in
2681 761 2783 812 me,
2816 744 2974 810 Deus,
3000 753 3255 814 tanquam
3273 759 3339 799 ex
3362 742 3608 798 vimini-

2031 828 2106 882 tio
2137 831 2364 898 repetit;
2396 843 2468 897 et,
2497 831 2753 898 Spiritum
2787 845 2983 889 rectum
3030 837 3221 890 innova
3243 836 3296 888 in
3325 834 3604 889 visceribus

2032 918 2198 970 meis:
2234 929 2291 972 ut
2353 921 2482 988 quid
2544 921 2772 975 facium?
2798 921 2864 976 Ut
2888 923 2967 975 sic
3003 922 3136 976 mihi
3174 921 3410 977 stabilita
3443 934 3601 974 sacra

2031 1007 2211 1074 domo,
2233 1009 2571 1080 immunique
2595 1024 2847 1066 manente
2879 1028 2909 1066 a
2943 1023 3226 1066 ventorum
3247 1013 3466 1066 ﬂatibus
3494 1023 3548 1067 et
3574 1026 3603 1064 a

2031 1099 2572 1166 li‘utninumllueutis,
2613 1114 2665 1158 et
2695 1119 2723 1157 a
2763 1114 2920 1157 terra:
2952 1113 3194 1158 motuum
3222 1103 3607 1172 procellis,ego

2031 1191 2140 1245 dux
2157 1192 2258 1246 sim
2277 1193 2535 1248 adversus
2555 1195 2859 1262 passiones.
2877 1203 2930 1250 et
2949 1209 3052 1248 non
3073 1193 3179 1248 illis
3196 1193 3462 1248 serviliter
3482 1192 3612 1246 sub-

2029 1281 2211 1350 jiciar,
2246 1284 2438 1353 spiritu
2472 1286 2752 1354 principali
2798 1300 2889 1354 per
2917 1294 2968 1339 te
2997 1286 3306 1340 roboratus.
3345 1283 3413 1340 Ut
3443 1283 3609 1352 igitur

2033 1374 2269 1428 breviter
2297 1382 2467 1429 totum
2500 1377 2814 1430 summatim
2845 1384 3106 1446 repetam,
3134 1375 3464 1430 contritione
3485 1381 3610 1427 ante

2036 1468 2221 1521 omnia
2270 1481 2408 1538 Opus
2443 1477 2548 1534 est,
2591 1475 2650 1521 ut
2701 1467 2980 1534 diximus;
3045 1467 3240 1522 deinde
3289 1476 3414 1536 apta
3481 1480 3610 1522 con-

2037 1561 2360 1625 structione,
2394 1567 2701 1628 postquam
2759 1557 2986 1628 spiritus
3055 1567 3240 1612 rectus
3279 1557 3331 1610 in
3383 1555 3609 1611 visceri-

2039 1650 2142 1704 bus
2195 1651 2397 1704 nostris
2455 1649 2797 1704 iultabitabit.
2849 1647 2946 1701 Est
2995 1647 3158 1717 igitur
3220 1645 3604 1702 desiderabilis

357 1729 611 1797 ιγκάτοις
639 1733 1138 1806 ιγκαινισθήσεται.
1161 1739 1382 1806 Αίρετὺν
1403 1738 1494 1792 οὖν
1525 1740 1721 1808 ἐπίσης
1745 1741 1933 1811 ὥσπερ

2045 1739 2182 1794 sicut
2210 1739 2432 1810 spiritus
2457 1739 2746 1805 contritus,
2779 1739 2860 1794 sic
2886 1747 2939 1794 et
2979 1747 3184 1794 rectus.

359 1822 422 1874 τὸ
452 1827 909 1893 συντετριμμένον
948 1827 1190 1896 πνεῦμα,
1235 1829 1378 1883 οὕτω
1411 1831 1505 1884 καὶ
1535 1831 1595 1885 τὸ
1625 1832 1800 1896 εὐθές·.

429 1921 530 1968 οα’.
575 1916 882 1989 Συντριϐὴν
929 1918 988 1971 δὲ
1041 1920 1135 1973 καὶ
1161 1921 1324 1974 πάλιν
1371 1923 1512 1993 φημὶ
1547 1925 1646 1996 τὴν
1679 1925 1930 1994 ἐνάρετον

358 2005 484 2059 καθ’
511 2005 786 2072 ἑκούσιον,
841 2009 1034 2063 ὁποίαν
1093 2013 1380 2082 μακαρίως
1438 2013 1709 2085 πάσχουσι
1748 2015 1842 2069 καὶ
1878 2018 1926 2070 oi

359 2094 616 2164 λέγοντες
668 2096 874 2165 πρῶτοι
938 2098 1036 2162 τὰς
1090 2102 1365 2170 ἁμαρτίας
1418 2103 1598 2158 αὐτῶν
1656 2104 1751 2158 καὶ
1789 2105 1931 2174 σφᾶς

360 2186 555 2248 αὐτοὺς
591 2189 1027 2258 κατακρίνοντες.
1068 2191 1136 2248 Oi
1169 2195 1277 2262 γὰρ
1303 2193 1476 2257 ἄλλως
1496 2194 1764 2264 ἑτέρωθεν
1793 2213 1920 2248 συν-

360 2277 674 2348 τριϐόμενοι
729 2283 824 2334 καὶ
883 2284 1428 2354 κατακαμπτόμενοι,
1503 2285 1565 2339 οὐ
1638 2288 1927 2358 μακαρίως

357 2370 567 2438 ιχουσι.
596 2371 662 2424 Τί
689 2372 799 2440 γὰρ
827 2373 992 2428 καλὸν
1036 2375 1192 2428 ἔσται
1238 2375 1464 2447 πονηρῷ
1512 2376 1784 2449 ἀνθρώπῳ
1837 2380 1931 2433 καὶ

360 2459 674 2531 ἁμαρτωλῷ
721 2465 1057 2530 συντριϐέντι
1113 2467 1207 2520 τὸν
1255 2467 1516 2538 βραχίονα
1553 2470 1929 2542 ψαλμικῶςνη

358 2549 440 2619 τῷ
461 2550 742 2620 ἑναχθέντι
781 2554 842 2616 ἐς
864 2555 1087 2623 παγίδα,
1111 2560 1207 2612 καὶ
1234 2561 1684 2634 κατακαμφθέντι
1707 2563 1803 2634 τὴν
1827 2564 1932 2632 ψυ-

361 2645 496 2712 χήν;
540 2642 866 2715 Ἐπιστῆσαι
899 2647 956 2700 δι
1003 2649 1108 2720 χρὴ
1147 2651 1225 2714 ὡς
1284 2653 1378 2705 καὶ
1411 2654 1445 2724 η
1474 2655 1695 2725 τοιαύτη
1733 2656 1931 2724 εὐαγε-

364 2737 531 2806 στάτη
571 2737 835 2808 συντριϐὴ
857 2737 947 2792 διὰ
985 2741 1080 2794 τοῦ
1113 2741 1249 2795 Θεοῦ
1279 2745 1490 2812 γίνεται
1523 2745 1614 2798 τοῦ
1640 2747 1934 2817 προσιεμέ-

364 2845 476 2893 νου,
501 2829 598 2882 καὶ
631 2829 708 2899 μὴ
740 2830 1144 2896 ὲξουδενοῦντος
1189 2835 1250 2887 τὸ
1279 2839 1742 2908 συντετριμμένον
1774 2839 1925 2893 πνεῦ-

367 2938 465 2990 μα,
495 2922 572 2987 ὠς
599 2923 748 2988 ἄξιον
777 2925 1112 2980 οἰκειοῦσθαι
1145 2929 1311 2998 αὐτῷ.
1345 2931 1452 2984 Καὶ
1470 2932 1552 3000 εἴη
1577 2931 1642 2984 ἂν
1674 2932 1936 3002 συντριϐὴ

365 3011 502 3081 αὓτη
538 3014 805 3084 λεγομένη
839 3013 929 3068 διὰ
975 3015 1039 3068 τὸ
1088 3019 1186 3070 σὺν
1218 3018 1389 3088 ἑτέρῳ
1419 3019 1516 3090 τὴν
1557 3022 1735 3092 ψυχὴν
1765 3040 1935 3076 κατα-

364 3101 569 3171 τρίϐειν
609 3102 810 3173 ἑαυτὴν
839 3105 934 3157 καὶ
965 3104 1219 3175 συνθλᾷν,
1253 3107 1349 3160 καὶ
1384 3109 1676 3178 ἐπισχνοῦν
1723 3111 1781 3162 τὸ
1816 3111 1937 3163 κατ’
1963 3125 2009 3188 C

364 3194 534 3263 αὐτὴν
571 3194 810 3264 σκληρὸν
831 3197 926 3250 καὶ
946 3195 1342 3250 ἀπολεπτύνειν
1366 3200 1447 3262 είς
1476 3199 1697 3270 πνεῦμα
1724 3201 1938 3270 σώματι

367 3283 753 3339 ἀσυνδύαστον.
794 3286 952 3349 [lotos
985 3286 1046 3339 δὲ
1077 3287 1286 3351 ἐκεῖνος
1333 3289 1561 3360 ἓτερος;
1609 3291 1668 3344 ’0
1700 3291 1852 3357 Θεὸς,
1877 3289 1938 3344 οὗ

369 3374 975 3446 συνεπιλαμϐανομένου
1025 3377 1105 3449 τῷ
1153 3378 1269 3449 ίδίῳ
1321 3379 1626 3450 πλάσματι,
1660 3381 1733 3442 ti);
1761 3381 1940 3454 ψυχὴν

371 3469 540 3536 μόνην
565 3465 633 3519 δι’
660 3467 824 3521 αὐτοῦ
855 3469 1234 3525 ἀποτελεῖσθαί
1257 3471 1350 3526 τὸν
1374 3472 1627 3528 σύνθετον
1648 3474 1940 3545 ἄνθρωπον

368 3558 423 3619 ὃς
452 3557 625 3611 ἐθέλει
656 3559 1041 3629 συντρίϐεσθαι
1081 3563 1162 3624 είς
1183 3561 1364 3632 εὐαφῆ
1400 3563 1729 3617 ταπείνωσιν
1755 3565 1854 3636 τὴν
1881 3567 1939 3619 έν

368 3648 505 3717 Θεῷ,
527 3647 810 3714 ὲξανύεται
830 3650 959 3720 ῥᾷον
980 3650 1040 3702 τὸ
1063 3649 1164 3720 τῆς
1195 3667 1322 3703 συντ
1333 3651 1488 3721 ριϐῆς
1511 3651 1736 3720 ἀγαθόν.
1779 3653 1943 3706 Ἀ).λᾶ

367 3735 539 3790 ταῦτα
583 3735 684 3805 μὲν
725 3739 1050 3808 πεπόρισται
1082 3739 1465 3809 μεταφορικῶς
1496 3741 1604 3793 ἀπὸ
1647 3741 1940 3812 συντριϐἧς

368 3826 482 3898 ἅμα
539 3829 633 3881 καὶ
681 3829 1089 3900 κατακάμψεως
1127 3831 1400 3901 φυτικῆ;’
1458 3832 1632 3895 ἄλλως
1680 3833 1739 3886 δὲ
1785 3834 1878 3888 καὶ
1906 3834 1940 3904 ἡ

371 3914 684 3984 καταμόνας
710 3915 943 3986 τροπικὴ
986 3919 1268 3988 συντριϐὴ,
1317 3919 1457 3983 ὅπερ
1486 3923 1602 3972 ἐστὶ
1635 3920 1937 3994 σύντριψις,

371 4007 617 4075 χρησίμη
659 4006 909 4075 φαίνεται
951 4004 1092 4062 εῖναι
1141 4011 1222 4072 είς
1251 4011 1313 4063 τὸ
1345 4011 1446 4083 τὴν
1471 4015 1942 4088 συντετριμμένην

371 4097 510 4150 κατὰ
537 4095 673 4150 Θεὸν
701 4097 903 4168 ψυχὴν,
932 4100 1025 4152 καὶ
1048 4097 1222 4164 οὕτως
1245 4101 1584 4172 ἀτράχυντον
1609 4107 1703 4157 καὶ
1733 4103 1944 4174 ἁσκλὴο

373 4203 586 4255 ρυντον,
643 4189 741 4240 καὶ
785 4188 909 4242 οὐδὲ
967 4191 1306 4262 ἐπηρμένην,
1366 4193 1750 4247 κατανοεῖσθαι
1782 4195 1944 4264 φίλην

369 4272 510 4329 εἶναι
563 4275 644 4343 τῷ
692 4277 834 4349 Θεῷ.
865 4279 1201 4335 Βούλεταιδὲ
1225 4284 1318 4335 καὶ
1361 4283 1535 4346 ἄλλως
1575 4287 1608 4354 ἠ
1654 4286 1796 4340 κατὰ
1842 4287 1943 4356 τὴν

373 4365 666 4436 συντριϐὴν
688 4369 886 4438 τροπὴ,
925 4369 955 4422 ὅ
978 4369 1098 4423 εστι
1128 4372 1436 4444 μεταφορὰ,
1481 4373 1680 4444 δηλοῦν
1706 4374 1942 4428 ἐνταῦθα

2109 1913 2198 1968 71.
2229 1913 2626 1970 Comi-itionem
2662 1930 2882 1972 rursum
2915 1916 3039 1971 dico
3071 1914 3396 1971 laudabilem
3422 1930 3486 1970 ac
3514 1930 3612 1971 vo-

2036 2004 2354 2070 luntariam,
2391 2021 2554 2076 quam
2630 2004 2862 2064 feliciter
2899 2007 3252 2076 experiuntur
3299 2007 3392 2078 qui
3448 2005 3608 2077 primi

2035 2112 2165 2154 suas
2197 2083 2384 2168 culpas
2423 2098 2681 2155 dicuntet
2714 2097 3608 2170 semetipsosjudicant.Quienirn

2035 2192 2171 2249 alias
2217 2201 2271 2249 et
2323 2192 2544 2249 aliunde
2587 2203 2946 2250 conteruntur
2991 2202 3046 2248 et
3093 2193 3474 2258 humiliantur,
3500 2207 3610 2248 non

2035 2283 2265 2338 feliciter
2318 2283 2640 2340 adiciuntur.
2705 2284 2846 2350 Quid
2887 2286 3032 2340 enim
3056 2285 3162 2341 erit
3226 2285 3351 2339 boni
3399 2282 3608 2338 homini

2035 2389 2268 2444 nequam
2298 2383 2354 2430 et
2412 2375 2681 2444 peecatori
2707 2376 2862 2445 juxta
2896 2376 3135 2446 psalmos
3200 2376 3424 2430 brachio
3475 2388 3610 2429 con-

2037 2466 2159 2531 teri,
2181 2467 2266 2522 vel
2297 2466 2372 2520 illi
2401 2466 2492 2536 qui
2545 2465 2796 2522 inductus
2827 2477 2912 2522 est
2937 2467 2990 2520 in
3042 2466 3320 2536 laqueum.
3345 2474 3400 2520 et
3429 2465 3611 2519 anima

2036 2557 2353 2614 humiliatus
2372 2568 2457 2611 est
2479 2556 2502 2610 ?
2526 2553 2836 2612 Meminisse
2871 2571 3000 2611 vero
3051 2566 3264 2626 oportet
3298 2557 3442 2610 illam
3482 2571 3610 2611 san-

2036 2649 2337 2705 ctissimam
2368 2646 2750 2702 contritionem
2779 2661 2878 2716 per
2907 2645 3077 2700 Deum
3131 2645 3244 2700 lieri
3277 2645 3370 2715 qui
3417 2645 3611 2714 probat

2037 2752 2212 2808 neque
2264 2737 2440 2808 rejicit
2493 2735 2742 2807 spiritum
2779 2735 3096 2802 contritum,
3147 2743 3205 2788 ut
3235 2734 3454 2802 dignum
3515 2734 3609 2803 qui

2039 2829 2141 2884 sibi
2189 2829 2588 2899 conjungatut‘;
2618 2836 2672 2883 ct
2702 2828 2806 2883 ista
2838 2828 3092 2882 contritio
3147 2829 3228 2883 sic
3253 2827 3450 2882 dicitur
3484 2827 3611 2895 quia

2041 2934 2164 2973 cum
2193 2919 2366 2972 altero
2420 2919 2600 2973 anima
2651 2918 2998 2987 semetipsam
3051 2918 3232 2973 atterit
3295 2927 3352 2972 et
3387 2916 3607 2987 frangit,

2041 3017 2095 3062 et
2134 3007 2279 3078 quod
2332 3007 2384 3060 in
2437 3022 2496 3062 se
2534 3011 2730 3062 durum
2769 3019 2874 3072 est,
2927 3015 3196 3072 attenuat,
3235 3018 3289 3061 et
3340 3007 3533 3060 tninuit
3557 3009 3611 3060 in

2042 3099 2292 3170 spiritum
2341 3084 2566 3164 corpori
2624 3098 3001 3155 dissociatum.
3032 3098 3266 3164 Quinam
3294 3109 3471 3154 autem
3528 3111 3615 3155 est

2043 3191 2132 3246 ille
2169 3191 2346 3246 alter?
2389 3191 2554 3254 Deus,
2605 3207 2714 3260 quo
2750 3191 3026 3262 pr0priam
3098 3201 3408 3248 creaturam
3459 3193 3586 3258 adju

2041 3291 2220 3349 vante,
2242 3281 2316 3336 ita
2346 3291 2406 3338 ut
2436 3283 2614 3337 anima
2645 3283 2761 3338 sola
2794 3299 2886 3353 per
2916 3283 3093 3352 ipsum
3119 3282 3434 3353 perﬁciatur
3459 3297 3613 3337 com-

2043 3375 2255 3444 positus
2290 3375 2453 3428 homo
2476 3375 2567 3444 qui
2603 3374 2714 3428 vult
2765 3373 2817 3427 in
2873 3375 3106 3430 decilem
3153 3373 3610 3437 liumiliationem,

2040 3467 2191 3520 illam
2222 3467 2411 3535 quaeiu
2441 3465 2550 3519 Deo
2590 3475 2694 3529 est,
2716 3466 2948 3531 conteri,
2968 3467 3268 3534 completur
3289 3463 3446 3520 facile
3480 3480 3615 3520 con-

2043 3558 2282 3613 tritiouis
2337 3558 2558 3612 bonum.
2602 3555 2725 3610 Haec
2748 3565 2931 3611 autem
2983 3557 3354 3626 metaphorice
3391 3557 3614 3624 quidem

2043 3647 2274 3704 deducta
2307 3658 2432 3703 sunt
2467 3665 2494 3701 a
2527 3647 2856 3702 contritione
2875 3657 2929 3702 et
2976 3647 3352 3702 incurvatione
3402 3646 3587 3716 planta
3604 3663 3621 3688 -‘

2045 3752 2212 3791 rum:
2250 3737 2343 3790 sed
2389 3737 2546 3790 aliter
2602 3737 2828 3790 seorsim
2865 3737 3068 3804 tropica
3124 3734 3412 3806 συντριϐή,
3469 3737 3614 3805 quod

2045 3836 2129 3881 est
2152 3825 2433 3896 σύντριψις
2454 3826 2798 3880 contribuere
2830 3826 3063 3892 videtur,
3100 3837 3158 3879 ut
3203 3827 3384 3881 anima
3414 3841 3614 3880 secun-

2046 3914 2173 3968 dum
2218 3913 2384 3967 Deum
2417 3917 2748 3974 contrita,et
2811 3912 2881 3966 ita
2935 3925 3036 3966 nec
3067 3926 3259 3980 aspera
3305 3927 3405 3966 nec
3450 3912 3614 3979 dura,

2045 4021 2146 4061 nec
2171 4007 2421 4072 superba,
2453 4015 2740 4068 censeatur
2766 4020 2889 4061 esse
2908 4003 3014 4059 Deo
3031 4004 3216 4059 chara.
3248 4003 3418 4060 Aliter
3433 4012 3613 4059 autem

2047 4097 2411 4166 contritionis}
2424 4105 2634 4166 tropus,
2670 4095 2718 4149 id
2743 4104 2825 4150 est
2855 4096 3194 4164 metaphora,
3223 4095 3310 4148 hic
3330 4095 3618 4149 ostendere

2045 4187 2322 4260 vultquod
2364 4189 2418 4243 in
2455 4195 2624 4242 totum
2651 4197 2733 4242 est
2759 4189 2984 4253 tritum;
3031 4188 3101 4240 ita
3133 4195 3190 4240 ut
3228 4186 3454 4256 spiritus
3479 4199 3612 4240 con-

2047 4282 2336 4337 tribulutus
2363 4281 2526 4336 etiam
2591 4288 2922 4343 conteratur,
2954 4278 3108 4349 quasi
3151 4294 3244 4348 per
3282 4277 3614 4332 humiliatio-

2047 4389 2170 4430 nem
2211 4374 2369 4445 plane
2393 4371 2633 4438 fractus;
2682 4371 2809 4429 aliis
2853 4383 3034 4426 autem
3064 4370 3264 4435 verbis,
3313 4369 3616 4424 conteritur

369 4457 433 4510 τὸ
454 4458 575 4512 καθ’
602 4459 832 4531 ὀλότητα
863 4461 1268 4532 συλληπτικῶς,
1295 4465 1372 4528 ὡς
1397 4469 1599 4532 εἰπεῖν,
1625 4468 1834 4539 τριϐέν’
1856 4469 1943 4523 ῖνα

2053 4467 2196 4537 quod
2222 4465 2406 4521 multis
2447 4464 2648 4531 modis,
2678 4463 2766 4520 vel
2802 4477 2910 4518 uno
2939 4462 3121 4532 aliquo
3147 4461 3338 4534 majori
3369 4461 3439 4516 ab
3467 4461 3613 4516 omni

368 4549 434 4600 τὸ
462 4549 743 4607 mone»
763 4551 990 4623 πνεῦμα
1003 4555 1177 4608 έκεῖνο
1206 4555 1300 4609 καὶ
1322 4558 1703 4628 συντρίϐηται,
1726 4559 1802 4622 ὡς
1826 4553 1940 4614 οἷον

2045 4567 2200 4630 parte
2259 4559 2470 4616 teritur.

369 4640 644 4708 θραυσθὲν
673 4643 764 4697 διὰ
798 4645 1183 4710 ταπεινώσεως
1213 4648 1292 4706 είς
1319 4649 1581 4713 παντελές
1606 4666 1622 4682 ο
1653 4649 1748 4704 καὶ
1769 4649 1944 4717 ἄλλως
1977 4651 2036 4706 δὲ
2070 4650 2304 4721 φράσαι,
2347 4647 2696 4720 συντρίϐεται
2760 4647 2822 4701 τὸ
2856 4645 3095 4710 συνόλως
3156 4645 3345 4719 τριϐὲν
3392 4648 3616 4716 τρόποις

367 4737 588 4804 πολλοῖς
616 4739 648 4811 ἢ
680 4740 771 4795 καί
801 4759 907 4796 τινι
936 4741 1204 4815 ἀξιολόγῳ
1233 4743 1335 4799 ἑνί.

444 4839 541 4906 οβ’.
571 4836 854 4907 Δυνάστην
889 4835 948 4888 δδ
991 4835 1280 4906 γραφικῶς
1310 4837 1457 4907 λέγει
1491 4839 1581 4893 τὸν
1611 4843 1946 4897 παντοδύνα-

373 4944 477 4999 μον
498 4926 636 4980 Θεὸν
655 4927 683 4978 ὁ
712 4925 966 4995 μελῳδὸς,
989 4923 1024 4993 ἢ
1051 4924 1125 4987 ὡς
1144 4924 1329 4988 ἁπλῶς
1355 4926 1613 4996 ἄρχοντα,
1647 4927 1678 4996 ἢ
1707 4929 1828 4980 ἀντὶ
1850 4927 1945 4979 τοῦ

371 5018 673 5089 ὲνδύναμον
712 5018 808 5070 καὶ
837 5017 1075 5086 ἰσχυρὸν,
1113 5009 1202 5068 οἷα
1228 5017 1328 5086 τῆς
1356 5016 1556 5083 λέξεως
1590 5016 1685 5070 τοῦ
1713 5015 1947 5070 δυνατοῦ

374 5105 517 5176 μήτε
567 5105 707 5160 κατὰ
761 5105 980 5175 μέτρον,
1035 5107 1174 5175 μήτε
1231 5108 1372 5159 κατὰ
1417 5105 1596 5175 μέλος,
1645 5107 1947 5178 εὐχρήστου

369 5195 608 5251 ινταῦθα
635 5195 712 5264 τῷ
743 5198 940 5268 ποιητῇ
962 5197 1134 5259 ὄντος.
1157 5197 1272 5250 Οὐκ
1295 5198 1381 5252 ἀεὶ
1402 5197 1458 5251 δὲ
1491 5198 1523 5267 ἠ
1550 5198 1772 5268 τοιαύτη
1805 5197 1948 5264 λέξις

371 5287 600 5341 ἔπαινον
637 5286 750 5357 ιχει
775 5290 928 5358 παρὰ
963 5289 1076 5350 τοῖς
1108 5287 1510 5359 παλαιοτέροις,
1537 5289 1650 5342 ἀλλ’
1674 5288 1780 5342 εισι
1807 5305 1950 5351 τινες

372 5378 428 5434 οῖ
463 5377 636 5448 βίαιόν
664 5395 784 5432 τινα
811 5379 902 5432 τὸν
932 5379 1206 5448 δυνάστην
1235 5380 1421 5448 φασιν,
1455 5380 1515 5433 ού
1538 5380 1951 5451 κυριολεκτοῦν-

371 5488 468 5535 τες
501 5471 678 5538 αὐτοὶ,
735 5469 880 5525 ἀλλὰ·
925 5471 1099 5542 μέσην
1150 5471 1317 5540 λέξιν,
1374 5473 1468 5526 καὶ
1511 5472 1602 5526 τὸν
1656 5473 1947 5542 δυνάστην,

373 5564 522 5617 καθὰ
561 5564 656 5618 καὶ
689 5563 781 5617 τὸν
809 5565 1057 5629 δυνατὸν,
1088 5565 1387 5635 τιθέμενοι.
1429 5566 1675 5637 Εὕρηται
1702 5565 1807 5635 γὰρ
1857 5566 1952 5618 καὶ

371 5656 402 5706 δ
429 5654 650 5718 δυνατὸς
681 5657 740 5709 ἐν
771 5658 838 5726 τῇ
880 5657 1132 5729 θειοτάτῃ
1162 5658 1352 5730 Γραφῇ
1393 5659 1452 5711 οὺ
1479 5658 1640 5730 μόνον
1698 5657 1952 5711 ἐπαινούο

379 5761 539 5818 μενος
574 5747 719 5802 κατὰ
753 5747 835 5814 sb,
874 5751 1086 5819 Κύριος
1130 5753 1412 5819 κραταιὸς
1446 5751 1544 5807 καί
1599 5749 1858 5817 δυνατὸς
1887 5749 1956 5804 ἐν

660 5844 935 5907 Panos.
985 5846 1102 5908 Gs.
1145 5840 1361 5910 CXXX
1379 5846 1476 5912 Vl.

2123 4837 2213 4892 72.
2244 4835 2540 4905 Dynasmm
2563 4843 2743 4890 autem
2775 4833 3029 4906 graphice
3081 4832 3248 4889 Deum
3279 4833 3623 4906 omnipoten-

2056 4942 2164 4987 tem
2193 4925 2590 4996 dicitscriptor,
2620 4925 2699 4981 vel
2718 4933 2773 4980 ut
2801 4926 3523 4996 simpliciterdominantem,
3544 4929 3626 4984 vel

2057 5028 2332 5092 potentem
2362 5031 2426 5072 ac
2469 5016 2688 5081 fortem,
2716 5027 2983 5087 quatenus
2997 5032 3098 5072 vox
3122 5025 3326 5087 potens,
3354 5035 3452 5074 nec
3472 5021 3627 5090 juxta

2058 5125 2316 5178 metrum,
2339 5124 2436 5166 nec
2461 5108 2761 5165 secundum
2776 5108 3066 5163 melodiam
3093 5110 3180 5164 hic
3202 5127 3262 5165 ex
3274 5112 3416 5180 pedit
3434 5124 3625 5184 pactae.

2059 5203 2173 5259 Non
2207 5212 2388 5258 autem
2414 5214 2628 5270 semper
2646 5198 3156 5269 hujusmodidictio
3183 5199 3394 5256 laudem
3425 5204 3631 5256 invenit

2060 5296 2201 5366 apud
2219 5289 2612 5362 antiquos,sed
2632 5289 2797 5358 aliqui
2841 5291 3085 5361 suntqui
3128 5293 3305 5346 virum
3333 5293 3629 5348 violentum

2061 5389 2345 5458 dynastam
2387 5393 2605 5449 vocant,
2647 5397 2753 5438 non
2779 5397 2940 5438 sensu
2965 5384 3184 5456 proprio
3211 5385 3515 5454 loquentes,
3535 5383 3630 5438 sed

2061 5478 2294 5533 mediam
2333 5476 2627 5531 dictionem
2667 5483 2720 5531 et
2749 5473 3029 5546 dynastam
3082 5484 3355 5546 potentem
3413 5490 3632 5544 ponen-

2061 5573 2161 5621 tes.
2185 5565 2461 5619 Invenitur
2480 5564 2623 5619 enim
2645 5573 2700 5619 et
2715 5574 2906 5633 potens
2929 5565 2982 5618 in
3008 5565 3186 5619 divina
3213 5563 3492 5633 Scriptura
3523 5579 3630 5618 non

2061 5665 2268 5712 tantum
2299 5671 2419 5711 cum
2441 5655 2601 5711 laude
2621 5655 2818 5723 dictus,
2834 5663 2923 5709 ut:
2946 5654 3201 5709 Dominus
3221 5655 3379 5724 fortis
3394 5666 3442 5710 et
3457 5667 3636 5727 potens

2064 5749 2118 5804 in
2140 5747 2367 5818 pmlio;
2401 5756 2475 5817 et,
2508 5747 2789 5817 Accingere
2824 5744 3059 5816 gladium
3094 5753 3242 5802 tuum
3279 5765 3436 5820 super
3465 5750 3640 5822 femur

3233 5843 3308 5904 19
