  <div class='ocr_page' id='page_1' title='image "/cluster/home/n/w/nwhite01/storage/ocr_20150623/136/hvd.32044054100201/302.png"; bbox 0 0 3996 6194; ppageno 0'>
   <div class='ocr_carea' id='block_1_1' title="bbox 383 253 490 315">
    <p class='ocr_par' dir='ltr' id='par_1_1' title="bbox 383 253 490 315">
     <span class='ocr_line' id='line_1_1' title="bbox 383 253 490 315; baseline 0 -1"><span class='ocrx_word' id='word_1_1' title='bbox 383 253 490 315; x_wconf 74' lang='lat'><strong>583</strong></span> 
     </span>
    </p>
   </div>
   <div class='ocr_carea' id='block_1_2' title="bbox 1211 249 2852 316">
    <p class='ocr_par' dir='ltr' id='par_1_2' title="bbox 1211 249 2852 316">
     <span class='ocr_line' id='line_1_2' title="bbox 1211 249 2852 316; baseline -0.001 -4"><span class='ocrx_word' id='word_1_2' title='bbox 1211 254 1292 313; x_wconf 81' lang='grc' dir='ltr'>ΙΝ</span> <span class='ocrx_word' id='word_1_3' title='bbox 1320 254 1658 316; x_wconf 80' lang='lat' dir='ltr'><strong>HYMNUM</strong></span> <span class='ocrx_word' id='word_1_4' title='bbox 1689 252 2342 316; x_wconf 78' lang='lat' dir='ltr'><strong>PENTECOSTALEM</strong></span> <span class='ocrx_word' id='word_1_5' title='bbox 2381 249 2852 313; x_wconf 78' lang='lat' dir='ltr'><strong>DAMASCENI.</strong></span> 
     </span>
    </p>
   </div>
   <div class='ocr_carea' id='block_1_3' title="bbox 3529 246 3642 308">
    <p class='ocr_par' dir='ltr' id='par_1_3' title="bbox 3529 246 3642 308">
     <span class='ocr_line' id='line_1_3' title="bbox 3529 246 3642 308; baseline -0.018 0"><span class='ocrx_word' id='word_1_6' title='bbox 3529 246 3642 308; x_wconf 54' lang='grc'><strong>’590</strong></span> 
     </span>
    </p>
   </div>
   <div class='ocr_carea' id='block_1_4' title="bbox 383 358 1984 436">
    <p class='ocr_par' dir='ltr' id='par_1_4' title="bbox 383 363 1963 436">
     <span class='ocr_line' id='line_1_4' title="bbox 383 363 1963 436; baseline 0.009 -21"><span class='ocrx_word' id='word_1_7' title='bbox 383 365 449 417; x_wconf 75' lang='grc' dir='ltr'>ὲκ</span> <span class='ocrx_word' id='word_1_8' title='bbox 505 363 722 416; x_wconf 79' lang='grc' dir='ltr'>πάντων</span> <span class='ocrx_word' id='word_1_9' title='bbox 747 364 1061 419; x_wconf 81' lang='grc' dir='ltr'>ἀπαιτεῖται</span> <span class='ocrx_word' id='word_1_10' title='bbox 1095 367 1400 435; x_wconf 40' lang='grc' dir='ltr'>ἀνθρῖλύττων</span> <span class='ocrx_word' id='word_1_11' title='bbox 1423 382 1437 397; x_wconf 83' lang='lat'><strong><em>°</em></strong></span> <span class='ocrx_word' id='word_1_12' title='bbox 1478 365 1666 428; x_wconf 74' lang='grc' dir='ltr'><strong>Ἴδετε,</strong></span> <span class='ocrx_word' id='word_1_13' title='bbox 1702 366 1830 436; x_wconf 70' lang='grc' dir='ltr'><strong>γὰρ,</strong></span> <span class='ocrx_word' id='word_1_14' title='bbox 1862 383 1963 434; x_wconf 63' lang='grc' dir='ltr'><strong>φτΓ</strong></span> 
     </span>
    </p>
   </div>
   <div class='ocr_carea' id='block_1_5' title="bbox 2074 358 3644 436">
    <p class='ocr_par' dir='ltr' id='par_1_5' title="bbox 2074 358 3644 429">
     <span class='ocr_line' id='line_1_5' title="bbox 2074 358 3644 429; baseline 0 -13"><span class='ocrx_word' id='word_1_15' title='bbox 2074 363 2139 416; x_wconf 87' lang='lat' dir='ltr'><strong>ab</strong></span> <span class='ocrx_word' id='word_1_16' title='bbox 2175 363 2429 416; x_wconf 57' lang='lat' dir='ltr'><strong>omnibus</strong></span> <span class='ocrx_word' id='word_1_17' title='bbox 2469 361 2768 428; x_wconf 71' lang='lat' dir='ltr'><strong>requiritur</strong></span> <span class='ocrx_word' id='word_1_18' title='bbox 2826 358 3140 414; x_wconf 81' lang='lat' dir='ltr'><strong>hominibus</strong></span> <span class='ocrx_word' id='word_1_19' title='bbox 3173 379 3184 415; x_wconf 91' lang='lat'><strong>:</strong></span> <span class='ocrx_word' id='word_1_20' title='bbox 3215 359 3422 416; x_wconf 87' lang='lat' dir='ltr'><strong>Scitote</strong></span> <span class='ocrx_word' id='word_1_21' title='bbox 3471 363 3644 429; x_wconf 87' lang='lat' dir='ltr'><strong>enim,</strong></span> 
     </span>
    </p>
   </div>
   <div class='ocr_carea' id='block_1_6' title="bbox 384 455 1964 527">
    <p class='ocr_par' dir='ltr' id='par_1_6' title="bbox 384 455 1964 527">
     <span class='ocr_line' id='line_1_6' title="bbox 384 455 1964 527; baseline 0 -17"><span class='ocrx_word' id='word_1_22' title='bbox 384 459 494 518; x_wconf 74' lang='lat' dir='ltr'><strong>a‘w,</strong></span> <span class='ocrx_word' id='word_1_23' title='bbox 529 457 611 509; x_wconf 83' lang='grc' dir='ltr'>ὃτι</span> <span class='ocrx_word' id='word_1_24' title='bbox 637 455 751 524; x_wconf 79' lang='grc' dir='ltr'><strong>ἐγώ</strong></span> <span class='ocrx_word' id='word_1_25' title='bbox 779 458 895 525; x_wconf 85' lang='grc' dir='ltr'>είμι</span> <span class='ocrx_word' id='word_1_26' title='bbox 917 457 1080 518; x_wconf 74' lang='grc' dir='ltr'><strong>Θεός’</strong></span> <span class='ocrx_word' id='word_1_27' title='bbox 1111 460 1249 527; x_wconf 81' lang='grc' dir='ltr'>ὅπερ</span> <span class='ocrx_word' id='word_1_28' title='bbox 1280 459 1396 511; x_wconf 72' lang='grc' dir='ltr'>ἐστὶ</span> <span class='ocrx_word' id='word_1_29' title='bbox 1423 497 1438 521; x_wconf 94' lang='grc'><strong>,</strong></span> <span class='ocrx_word' id='word_1_30' title='bbox 1473 457 1674 520; x_wconf 85' lang='grc' dir='ltr'>Γνῶτε,</span> <span class='ocrx_word' id='word_1_31' title='bbox 1712 459 1964 524; x_wconf 78' lang='grc' dir='ltr'>νοήσατε.</span> 
     </span>
    </p>
   </div>
   <div class='ocr_carea' id='block_1_7' title="bbox 397 540 1966 617">
    <p class='ocr_par' dir='ltr' id='par_1_7' title="bbox 397 540 1966 617">
     <span class='ocr_line' id='line_1_7' title="bbox 397 540 1966 617; baseline -0.003 -16"><span class='ocrx_word' id='word_1_32' title='bbox 397 547 562 601; x_wconf 78' lang='grc' dir='ltr'><strong>’Δλλὰ</strong></span> <span class='ocrx_word' id='word_1_33' title='bbox 590 548 804 615; x_wconf 80' lang='grc' dir='ltr'>πρῶται</span> <span class='ocrx_word' id='word_1_34' title='bbox 841 548 942 617; x_wconf 79' lang='grc' dir='ltr'>μὲν</span> <span class='ocrx_word' id='word_1_35' title='bbox 971 540 1155 613; x_wconf 78' lang='grc' dir='ltr'>αὗται,</span> <span class='ocrx_word' id='word_1_36' title='bbox 1190 549 1286 601; x_wconf 65' lang='grc' dir='ltr'><strong>δια)⁵</strong></span> <span class='ocrx_word' id='word_1_37' title='bbox 1320 548 1574 616; x_wconf 84' lang='grc' dir='ltr'>δεύτεραι</span> <span class='ocrx_word' id='word_1_38' title='bbox 1605 546 1840 614; x_wconf 83' lang='grc' dir='ltr'><strong>γνώσεις</strong></span> <span class='ocrx_word' id='word_1_39' title='bbox 1861 563 1876 576; x_wconf 91' lang='grc'><strong>·</strong></span> <span class='ocrx_word' id='word_1_40' title='bbox 1911 545 1966 598; x_wconf 81' lang='grc' dir='ltr'>αἱ</span> 
     </span>
    </p>
   </div>
   <div class='ocr_carea' id='block_1_8' title="bbox 388 637 1966 710">
    <p class='ocr_par' dir='ltr' id='par_1_8' title="bbox 388 637 1966 710">
     <span class='ocr_line' id='line_1_8' title="bbox 388 637 1966 710; baseline -0.003 -17"><span class='ocrx_word' id='word_1_41' title='bbox 388 641 489 710; x_wconf 69' lang='grc' dir='ltr'><strong>μὲν</strong></span> <span class='ocrx_word' id='word_1_42' title='bbox 516 639 682 692; x_wconf 74' lang='grc' dir='ltr'>αὑτοῦ</span> <span class='ocrx_word' id='word_1_43' title='bbox 730 638 984 708; x_wconf 80' lang='grc' dir='ltr'><strong>φανερῶς</strong></span> <span class='ocrx_word' id='word_1_44' title='bbox 1024 638 1182 692; x_wconf 80' lang='grc' dir='ltr'>οὖσαι</span> <span class='ocrx_word' id='word_1_45' title='bbox 1214 637 1374 704; x_wconf 88' lang='grc' dir='ltr'>Θεού,</span> <span class='ocrx_word' id='word_1_46' title='bbox 1406 641 1462 690; x_wconf 81' lang='grc' dir='ltr'>αἱ</span> <span class='ocrx_word' id='word_1_47' title='bbox 1493 639 1550 690; x_wconf 82' lang='grc' dir='ltr'><strong>δὲ</strong></span> <span class='ocrx_word' id='word_1_48' title='bbox 1584 639 1714 707; x_wconf 74' lang='grc' dir='ltr'><strong>ἡμῖν</strong></span> <span class='ocrx_word' id='word_1_49' title='bbox 1734 637 1792 704; x_wconf 77' lang='grc' dir='ltr'><strong>ἐξ</strong></span> <span class='ocrx_word' id='word_1_50' title='bbox 1821 638 1966 688; x_wconf 77' lang='grc' dir='ltr'>ἐκεί-</span> 
     </span>
    </p>
   </div>
   <div class='ocr_carea' id='block_1_9' title="bbox 384 726 1966 800">
    <p class='ocr_par' dir='ltr' id='par_1_9' title="bbox 384 726 1966 800">
     <span class='ocr_line' id='line_1_9' title="bbox 384 726 1966 800; baseline -0.004 -16"><span class='ocrx_word' id='word_1_51' title='bbox 384 748 480 784; x_wconf 83' lang='grc' dir='ltr'>νου</span> <span class='ocrx_word' id='word_1_52' title='bbox 529 732 926 800; x_wconf 80' lang='grc' dir='ltr'>ὲλλάμπουσαι.</span> <span class='ocrx_word' id='word_1_53' title='bbox 957 730 1082 784; x_wconf 80' lang='grc' dir='ltr'><strong>Εἰσὶ</strong></span> <span class='ocrx_word' id='word_1_54' title='bbox 1110 731 1168 784; x_wconf 79' lang='grc' dir='ltr'><strong>δὲ</strong></span> <span class='ocrx_word' id='word_1_55' title='bbox 1216 732 1310 783; x_wconf 79' lang='grc' dir='ltr'>καὶ</span> <span class='ocrx_word' id='word_1_56' title='bbox 1361 729 1516 784; x_wconf 81' lang='grc' dir='ltr'><strong>ἄλλαι</strong></span> <span class='ocrx_word' id='word_1_57' title='bbox 1558 731 1708 798; x_wconf 74' lang='grc' dir='ltr'>παρὰ</span> <span class='ocrx_word' id='word_1_58' title='bbox 1761 726 1966 788; x_wconf 87' lang='grc' dir='ltr'>ταύτας</span> 
     </span>
    </p>
   </div>
   <div class='ocr_carea' id='block_1_10' title="bbox 386 819 1966 894">
    <p class='ocr_par' dir='ltr' id='par_1_10' title="bbox 386 819 1966 894">
     <span class='ocr_line' id='line_1_10' title="bbox 386 819 1966 894; baseline -0.002 -19"><span class='ocrx_word' id='word_1_59' title='bbox 386 825 618 892; x_wconf 82' lang='grc' dir='ltr'><strong>γνώσεις</strong></span> <span class='ocrx_word' id='word_1_60' title='bbox 653 823 810 886; x_wconf 82' lang='grc' dir='ltr'>Θεοῦ,</span> <span class='ocrx_word' id='word_1_61' title='bbox 842 825 1028 877; x_wconf 85' lang='grc' dir='ltr'>αἰτῶν</span> <span class='ocrx_word' id='word_1_62' title='bbox 1059 824 1296 894; x_wconf 83' lang='grc' dir='ltr'><strong>καρδιῶν</strong></span> <span class='ocrx_word' id='word_1_63' title='bbox 1321 823 1478 892; x_wconf 76' lang='grc' dir='ltr'>ἡμῶν</span> <span class='ocrx_word' id='word_1_64' title='bbox 1504 824 1595 874; x_wconf 74' lang='grc' dir='ltr'><strong>καὶ</strong></span> <span class='ocrx_word' id='word_1_65' title='bbox 1625 821 1734 873; x_wconf 84' lang='grc' dir='ltr'>τῶν</span> <span class='ocrx_word' id='word_1_66' title='bbox 1763 819 1966 889; x_wconf 70' lang='grc' dir='ltr'>τρίϐων</span> 
     </span>
    </p>
   </div>
   <div class='ocr_carea' id='block_1_11' title="bbox 389 911 1965 983">
    <p class='ocr_par' dir='ltr' id='par_1_11' title="bbox 389 911 1965 983">
     <span class='ocr_line' id='line_1_11' title="bbox 389 911 1965 983; baseline -0.001 -20"><span class='ocrx_word' id='word_1_67' title='bbox 389 914 567 982; x_wconf 76' lang='grc' dir='ltr'>ἡμῶν,</span> <span class='ocrx_word' id='word_1_68' title='bbox 593 915 673 975; x_wconf 87' lang='grc' dir='ltr'><strong>είς</strong></span> <span class='ocrx_word' id='word_1_69' title='bbox 691 912 758 976; x_wconf 79' lang='grc' dir='ltr'><strong>ἃς</strong></span> <span class='ocrx_word' id='word_1_70' title='bbox 777 913 874 966; x_wconf 76' lang='grc' dir='ltr'>καὶ</span> <span class='ocrx_word' id='word_1_71' title='bbox 891 913 1061 976; x_wconf 82' lang='grc' dir='ltr'>αὐτὰς</span> <span class='ocrx_word' id='word_1_72' title='bbox 1088 916 1121 982; x_wconf 79' lang='grc' dir='ltr'><strong>ἡ</strong></span> <span class='ocrx_word' id='word_1_73' title='bbox 1143 913 1417 983; x_wconf 79' lang='grc' dir='ltr'><strong>προφῆτις</strong></span> <span class='ocrx_word' id='word_1_74' title='bbox 1443 912 1805 973; x_wconf 77' lang='grc' dir='ltr'>ἀπονεύουσα,</span> <span class='ocrx_word' id='word_1_75' title='bbox 1835 911 1965 962; x_wconf 77' lang='grc' dir='ltr'>ὐπο-</span> 
     </span>
    </p>
   </div>
   <div class='ocr_carea' id='block_1_12' title="bbox 389 1002 1963 1073">
    <p class='ocr_par' dir='ltr' id='par_1_12' title="bbox 389 1002 1963 1073">
     <span class='ocr_line' id='line_1_12' title="bbox 389 1002 1963 1073; baseline -0.003 -16"><span class='ocrx_word' id='word_1_76' title='bbox 389 1006 726 1073; x_wconf 77' lang='grc' dir='ltr'>μιμνήσκειν</span> <span class='ocrx_word' id='word_1_77' title='bbox 751 1005 901 1057; x_wconf 84' lang='grc' dir='ltr'>δοκεῖ</span> <span class='ocrx_word' id='word_1_78' title='bbox 924 1005 1016 1058; x_wconf 75' lang='grc' dir='ltr'><strong>τὸν</strong></span> <span class='ocrx_word' id='word_1_79' title='bbox 1041 1005 1196 1070; x_wconf 81' lang='grc' dir='ltr'>Θεὸν,</span> <span class='ocrx_word' id='word_1_80' title='bbox 1225 1005 1300 1065; x_wconf 87' lang='grc' dir='ltr'><strong>ὼς</strong></span> <span class='ocrx_word' id='word_1_81' title='bbox 1326 1004 1420 1058; x_wconf 74' lang='grc' dir='ltr'><strong>καὶ</strong></span> <span class='ocrx_word' id='word_1_82' title='bbox 1447 1004 1676 1072; x_wconf 81' lang='grc' dir='ltr'><strong>καρδίαν</strong></span> <span class='ocrx_word' id='word_1_83' title='bbox 1712 1002 1963 1070; x_wconf 70' lang='grc' dir='ltr'>καθαρὰν</span> 
     </span>
    </p>
   </div>
   <div class='ocr_carea' id='block_1_13' title="bbox 384 1091 1964 1166">
    <p class='ocr_par' dir='ltr' id='par_1_13' title="bbox 384 1091 1964 1166">
     <span class='ocr_line' id='line_1_13' title="bbox 384 1091 1964 1166; baseline -0.001 -18"><span class='ocrx_word' id='word_1_84' title='bbox 384 1098 532 1166; x_wconf 74' lang='grc' dir='ltr'><strong>ἔχειν</strong></span> <span class='ocrx_word' id='word_1_85' title='bbox 565 1097 734 1165; x_wconf 79' lang='grc' dir='ltr'>αὐτὴν</span> <span class='ocrx_word' id='word_1_86' title='bbox 766 1093 898 1160; x_wconf 80' lang='grc' dir='ltr'>οἶδε,</span> <span class='ocrx_word' id='word_1_87' title='bbox 932 1097 1024 1148; x_wconf 80' lang='grc' dir='ltr'>καὶ</span> <span class='ocrx_word' id='word_1_88' title='bbox 1054 1096 1467 1166; x_wconf 79' lang='grc' dir='ltr'>εὐθυποροῦσαν</span> <span class='ocrx_word' id='word_1_89' title='bbox 1502 1095 1774 1164; x_wconf 78' lang='grc' dir='ltr'>εναρέτως</span> <span class='ocrx_word' id='word_1_90' title='bbox 1797 1091 1964 1162; x_wconf 85' lang='grc' dir='ltr'><strong>γινώ-</strong></span> 
     </span>
    </p>
   </div>
   <div class='ocr_carea' id='block_1_14' title="bbox 387 1185 1966 1257">
    <p class='ocr_par' dir='ltr' id='par_1_14' title="bbox 387 1185 1966 1257">
     <span class='ocr_line' id='line_1_14' title="bbox 387 1185 1966 1257; baseline 0.001 -20"><span class='ocrx_word' id='word_1_91' title='bbox 387 1202 531 1240; x_wconf 83' lang='grc' dir='ltr'><strong>σκει.</strong></span> <span class='ocrx_word' id='word_1_92' title='bbox 555 1187 648 1237; x_wconf 81' lang='grc' dir='ltr'><strong>Διὸ</strong></span> <span class='ocrx_word' id='word_1_93' title='bbox 675 1185 774 1238; x_wconf 80' lang='grc' dir='ltr'>καὶ</span> <span class='ocrx_word' id='word_1_94' title='bbox 797 1187 951 1254; x_wconf 79' lang='grc' dir='ltr'>ζητεῖ</span> <span class='ocrx_word' id='word_1_95' title='bbox 976 1186 1033 1252; x_wconf 78' lang='grc' dir='ltr'>ἐξ</span> <span class='ocrx_word' id='word_1_96' title='bbox 1066 1187 1276 1239; x_wconf 77' lang='grc' dir='ltr'>ἐκείνου</span> <span class='ocrx_word' id='word_1_97' title='bbox 1305 1188 1613 1257; x_wconf 83' lang='grc' dir='ltr'>ἀντίχαριν,</span> <span class='ocrx_word' id='word_1_98' title='bbox 1648 1187 1724 1249; x_wconf 83' lang='grc' dir='ltr'><strong>ὡς</strong></span> <span class='ocrx_word' id='word_1_99' title='bbox 1742 1186 1966 1254; x_wconf 79' lang='grc' dir='ltr'>ἑτοιμά-</span> 
     </span>
    </p>
   </div>
   <div class='ocr_carea' id='block_1_15' title="bbox 386 1276 1964 1348">
    <p class='ocr_par' dir='ltr' id='par_1_15' title="bbox 386 1276 1964 1348">
     <span class='ocr_line' id='line_1_15' title="bbox 386 1276 1964 1348; baseline 0.001 -20"><span class='ocrx_word' id='word_1_100' title='bbox 386 1292 515 1340; x_wconf 87' lang='grc' dir='ltr'>σαι,</span> <span class='ocrx_word' id='word_1_101' title='bbox 576 1277 748 1346; x_wconf 79' lang='grc' dir='ltr'>ῆγουν</span> <span class='ocrx_word' id='word_1_102' title='bbox 797 1276 1031 1345; x_wconf 73' lang='grc' dir='ltr'>ἑτοίμως</span> <span class='ocrx_word' id='word_1_103' title='bbox 1089 1278 1182 1330; x_wconf 81' lang='grc' dir='ltr'>καὶ</span> <span class='ocrx_word' id='word_1_104' title='bbox 1214 1278 1545 1331; x_wconf 83' lang='grc' dir='ltr'><strong>ἀπεντεῦθεν</strong></span> <span class='ocrx_word' id='word_1_105' title='bbox 1582 1278 1746 1330; x_wconf 71' lang='grc' dir='ltr'>αὑτὸν</span> <span class='ocrx_word' id='word_1_106' title='bbox 1777 1279 1964 1348; x_wconf 84' lang='grc' dir='ltr'>ἐπιτη-</span> 
     </span>
    </p>
   </div>
   <div class='ocr_carea' id='block_1_16' title="bbox 384 1367 1963 1440">
    <p class='ocr_par' dir='ltr' id='par_1_16' title="bbox 384 1367 1963 1440">
     <span class='ocr_line' id='line_1_16' title="bbox 384 1367 1963 1440; baseline 0.001 -20"><span class='ocrx_word' id='word_1_107' title='bbox 384 1367 680 1420; x_wconf 85' lang='grc' dir='ltr'>δεύσασθαι</span> <span class='ocrx_word' id='word_1_108' title='bbox 723 1368 903 1421; x_wconf 76' lang='grc' dir='ltr'>καὶτὸ</span> <span class='ocrx_word' id='word_1_109' title='bbox 939 1367 1008 1419; x_wconf 82' lang='grc' dir='ltr'><strong>δι’</strong></span> <span class='ocrx_word' id='word_1_110' title='bbox 1038 1368 1202 1437; x_wconf 80' lang='grc' dir='ltr'><strong>εὐχῆς</strong></span> <span class='ocrx_word' id='word_1_111' title='bbox 1233 1369 1368 1440; x_wconf 75' lang='grc' dir='ltr'>αὐτῇ</span> <span class='ocrx_word' id='word_1_112' title='bbox 1394 1383 1410 1399; x_wconf 78' lang='grc' dir='ltr'><strong><em>ο</em></strong></span> <span class='ocrx_word' id='word_1_113' title='bbox 1442 1370 1536 1422; x_wconf 74' lang='grc' dir='ltr'><strong>καὶ</strong></span> <span class='ocrx_word' id='word_1_114' title='bbox 1577 1369 1755 1421; x_wconf 79' lang='grc' dir='ltr'>τοίνυν</span> <span class='ocrx_word' id='word_1_115' title='bbox 1785 1367 1963 1421; x_wconf 82' lang='grc' dir='ltr'>πείθει</span> 
     </span>
    </p>
   </div>
   <div class='ocr_carea' id='block_1_17' title="bbox 385 1459 1964 1531">
    <p class='ocr_par' dir='ltr' id='par_1_17' title="bbox 385 1459 1964 1531">
     <span class='ocr_line' id='line_1_17' title="bbox 385 1459 1964 1531; baseline 0.001 -19"><span class='ocrx_word' id='word_1_116' title='bbox 385 1459 830 1530; x_wconf 75' lang='grc' dir='ltr'>προσευξαμένη,</span> <span class='ocrx_word' id='word_1_117' title='bbox 867 1461 963 1513; x_wconf 78' lang='grc' dir='ltr'>καὶ</span> <span class='ocrx_word' id='word_1_118' title='bbox 993 1462 1348 1531; x_wconf 77' lang='grc' dir='ltr'><strong>ἐπιτυγχάνει</strong></span> <span class='ocrx_word' id='word_1_119' title='bbox 1380 1463 1473 1514; x_wconf 81' lang='grc' dir='ltr'>τοῦ</span> <span class='ocrx_word' id='word_1_120' title='bbox 1508 1461 1699 1530; x_wconf 76' lang='grc' dir='ltr'>ἐφετοῦ</span> <span class='ocrx_word' id='word_1_121' title='bbox 1725 1463 1964 1529; x_wconf 64' lang='grc' dir='ltr'>αίτήμαυ</span> 
     </span>
    </p>
   </div>
   <div class='ocr_carea' id='block_1_18' title="bbox 385 1567 499 1613">
    <p class='ocr_par' dir='ltr' id='par_1_18' title="bbox 385 1567 499 1613">
     <span class='ocr_line' id='line_1_18' title="bbox 385 1567 499 1613; baseline 0.018 -10"><span class='ocrx_word' id='word_1_122' title='bbox 385 1567 499 1613; x_wconf 76' lang='grc' dir='ltr'>τος.</span> 
     </span>
    </p>
   </div>
   <div class='ocr_carea' id='block_1_19' title="bbox 459 1726 2040 1801">
    <p class='ocr_par' dir='ltr' id='par_1_19' title="bbox 459 1726 2040 1801">
     <span class='ocr_line' id='line_1_19' title="bbox 459 1726 2040 1801; baseline -0.003 -20"><span class='ocrx_word' id='word_1_123' title='bbox 459 1734 550 1781; x_wconf 78' lang='grc' dir='ltr'><strong>σε’.</strong></span> <span class='ocrx_word' id='word_1_124' title='bbox 599 1729 662 1782; x_wconf 76' lang='lat' dir='ltr'><strong>Et</strong></span> <span class='ocrx_word' id='word_1_125' title='bbox 713 1729 771 1782; x_wconf 76' lang='grc' dir='ltr'><strong>δὲ</strong></span> <span class='ocrx_word' id='word_1_126' title='bbox 821 1730 914 1782; x_wconf 82' lang='grc' dir='ltr'>καὶ</span> <span class='ocrx_word' id='word_1_127' title='bbox 973 1729 1212 1799; x_wconf 83' lang='grc' dir='ltr'>ὲτεροῖαι</span> <span class='ocrx_word' id='word_1_128' title='bbox 1255 1727 1486 1793; x_wconf 81' lang='grc' dir='ltr'><strong>γνώσεις</strong></span> <span class='ocrx_word' id='word_1_129' title='bbox 1530 1727 1640 1778; x_wconf 76' lang='grc' dir='ltr'>εἰσὶ</span> <span class='ocrx_word' id='word_1_130' title='bbox 1690 1726 1840 1795; x_wconf 84' lang='grc' dir='ltr'>παρά</span> <span class='ocrx_word' id='word_1_131' title='bbox 1888 1726 1965 1796; x_wconf 82' lang='grc' dir='ltr'>τῷ</span> <span class='ocrx_word' id='word_1_132' title='bbox 1999 1747 2040 1801; x_wconf 76' lang='grc' dir='ltr'><strong>Β</strong></span> 
     </span>
    </p>
   </div>
   <div class='ocr_carea' id='block_1_20' title="bbox 397 1819 1962 1891">
    <p class='ocr_par' dir='ltr' id='par_1_20' title="bbox 397 1819 1962 1891">
     <span class='ocr_line' id='line_1_20' title="bbox 397 1819 1962 1891; baseline -0.001 -18"><span class='ocrx_word' id='word_1_133' title='bbox 397 1821 642 1891; x_wconf 73' lang='grc' dir='ltr'>’Υψίστῳ</span> <span class='ocrx_word' id='word_1_134' title='bbox 679 1821 752 1889; x_wconf 82' lang='grc' dir='ltr'>μὴ</span> <span class='ocrx_word' id='word_1_135' title='bbox 785 1820 853 1873; x_wconf 79' lang='grc' dir='ltr'><strong>ἂν</strong></span> <span class='ocrx_word' id='word_1_136' title='bbox 879 1820 1358 1890; x_wconf 83' lang='grc' dir='ltr'>συνηριθμημέναι</span> <span class='ocrx_word' id='word_1_137' title='bbox 1386 1821 1503 1880; x_wconf 89' lang='grc' dir='ltr'>ταῖς</span> <span class='ocrx_word' id='word_1_138' title='bbox 1544 1820 1736 1889; x_wconf 75' lang='grc' dir='ltr'>ἐκείνῳ</span> <span class='ocrx_word' id='word_1_139' title='bbox 1758 1819 1962 1886; x_wconf 82' lang='grc' dir='ltr'>φίλαις,</span> 
     </span>
    </p>
   </div>
   <div class='ocr_carea' id='block_1_21' title="bbox 388 1911 1964 1980">
    <p class='ocr_par' dir='ltr' id='par_1_21' title="bbox 388 1911 1964 1980">
     <span class='ocr_line' id='line_1_21' title="bbox 388 1911 1964 1980; baseline -0.001 -16"><span class='ocrx_word' id='word_1_140' title='bbox 388 1915 485 1965; x_wconf 82' lang='grc' dir='ltr'>καὶ</span> <span class='ocrx_word' id='word_1_141' title='bbox 506 1914 730 1965; x_wconf 70' lang='grc' dir='ltr'>ἐκείνων</span> <span class='ocrx_word' id='word_1_142' title='bbox 755 1915 972 1969; x_wconf 74' lang='grc' dir='ltr'>πάντως</span> <span class='ocrx_word' id='word_1_143' title='bbox 997 1913 1156 1973; x_wconf 68' lang='grc' dir='ltr'>αὐτὸς</span> <span class='ocrx_word' id='word_1_144' title='bbox 1187 1912 1376 1980; x_wconf 84' lang='grc' dir='ltr'>κύριος</span> <span class='ocrx_word' id='word_1_145' title='bbox 1409 1911 1833 1978; x_wconf 76' lang='grc' dir='ltr'>μετασκευαζων</span> <span class='ocrx_word' id='word_1_146' title='bbox 1863 1911 1964 1963; x_wconf 80' lang='grc' dir='ltr'>αύ-</span> 
     </span>
    </p>
   </div>
   <div class='ocr_carea' id='block_1_22' title="bbox 389 2001 1968 2072">
    <p class='ocr_par' dir='ltr' id='par_1_22' title="bbox 389 2001 1968 2072">
     <span class='ocr_line' id='line_1_22' title="bbox 389 2001 1968 2072; baseline 0 -18"><span class='ocrx_word' id='word_1_147' title='bbox 389 2006 487 2064; x_wconf 79' lang='grc' dir='ltr'><strong>τάς</strong></span> <span class='ocrx_word' id='word_1_148' title='bbox 508 2004 656 2065; x_wconf 75' lang='grc' dir='ltr'>ὅπως</span> <span class='ocrx_word' id='word_1_149' title='bbox 685 2003 750 2056; x_wconf 79' lang='grc' dir='ltr'><strong>ἂν</strong></span> <span class='ocrx_word' id='word_1_150' title='bbox 773 2003 965 2066; x_wconf 75' lang='grc' dir='ltr'><strong>ἐθέλοι,</strong></span> <span class='ocrx_word' id='word_1_151' title='bbox 995 2003 1088 2054; x_wconf 74' lang='grc' dir='ltr'>καὶ</span> <span class='ocrx_word' id='word_1_152' title='bbox 1115 2001 1540 2072; x_wconf 79' lang='grc' dir='ltr'>κατακυριεύειν</span> <span class='ocrx_word' id='word_1_153' title='bbox 1555 2002 1658 2054; x_wconf 83' lang='grc' dir='ltr'>οὐκ</span> <span class='ocrx_word' id='word_1_154' title='bbox 1685 2002 1840 2068; x_wconf 80' lang='grc' dir='ltr'>ἀφεὶς</span> <span class='ocrx_word' id='word_1_155' title='bbox 1872 2001 1968 2054; x_wconf 74' lang='grc' dir='ltr'>καὶ</span> 
     </span>
    </p>
   </div>
   <div class='ocr_carea' id='block_1_23' title="bbox 389 2093 1968 2163">
    <p class='ocr_par' dir='ltr' id='par_1_23' title="bbox 389 2093 1968 2163">
     <span class='ocr_line' id='line_1_23' title="bbox 389 2093 1968 2163; baseline -0.003 -15"><span class='ocrx_word' id='word_1_156' title='bbox 389 2097 751 2163; x_wconf 80' lang='grc' dir='ltr'><strong>λυμαίνεσθαι</strong></span> <span class='ocrx_word' id='word_1_157' title='bbox 801 2099 914 2158; x_wconf 84' lang='grc' dir='ltr'>τοῖς</span> <span class='ocrx_word' id='word_1_158' title='bbox 965 2096 1127 2148; x_wconf 72' lang='grc' dir='ltr'>αὑτὸν</span> <span class='ocrx_word' id='word_1_159' title='bbox 1191 2094 1586 2162; x_wconf 82' lang='grc' dir='ltr'><strong>θεραπεύουσιν</strong></span> <span class='ocrx_word' id='word_1_160' title='bbox 1615 2109 1630 2126; x_wconf 79' lang='grc' dir='ltr'><strong><em>ο</em></strong></span> <span class='ocrx_word' id='word_1_161' title='bbox 1691 2094 1827 2147; x_wconf 76' lang='grc' dir='ltr'><strong>ἀλλὰ</strong></span> <span class='ocrx_word' id='word_1_162' title='bbox 1873 2093 1968 2146; x_wconf 75' lang='grc' dir='ltr'><strong>καὶ</strong></span> 
     </span>
    </p>
   </div>
   <div class='ocr_carea' id='block_1_24' title="bbox 391 2184 1968 2255">
    <p class='ocr_par' dir='ltr' id='par_1_24' title="bbox 391 2184 1968 2255">
     <span class='ocr_line' id='line_1_24' title="bbox 391 2184 1968 2255; baseline -0.003 -17"><span class='ocrx_word' id='word_1_163' title='bbox 391 2186 608 2248; x_wconf 72' lang='grc' dir='ltr'>ὲκείνας·</span> <span class='ocrx_word' id='word_1_164' title='bbox 639 2187 864 2252; x_wconf 81' lang='grc' dir='ltr'><strong>ἀπάγων</strong></span> <span class='ocrx_word' id='word_1_165' title='bbox 899 2185 931 2255; x_wconf 78' lang='grc' dir='ltr'>ἢ</span> <span class='ocrx_word' id='word_1_166' title='bbox 966 2184 1212 2247; x_wconf 80' lang='grc' dir='ltr'><strong>ἀλλοιῶν,</strong></span> <span class='ocrx_word' id='word_1_167' title='bbox 1249 2185 1344 2238; x_wconf 73' lang='grc' dir='ltr'>καὶ</span> <span class='ocrx_word' id='word_1_168' title='bbox 1377 2184 1474 2246; x_wconf 83' lang='grc' dir='ltr'><strong>τὰς</strong></span> <span class='ocrx_word' id='word_1_169' title='bbox 1505 2184 1712 2245; x_wconf 79' lang='grc' dir='ltr'>οἰκείας</span> <span class='ocrx_word' id='word_1_170' title='bbox 1739 2199 1968 2252; x_wconf 85' lang='grc' dir='ltr'>παρεισ-</span> 
     </span>
    </p>
   </div>
   <div class='ocr_carea' id='block_1_25' title="bbox 392 2270 1968 2342">
    <p class='ocr_par' dir='ltr' id='par_1_25' title="bbox 392 2270 1968 2342">
     <span class='ocr_line' id='line_1_25' title="bbox 392 2270 1968 2342; baseline 0 -17"><span class='ocrx_word' id='word_1_171' title='bbox 392 2272 541 2338; x_wconf 85' lang='grc' dir='ltr'><strong>άγων</strong></span> <span class='ocrx_word' id='word_1_172' title='bbox 574 2273 944 2341; x_wconf 82' lang='grc' dir='ltr'>ἀκαταλήπτῳ</span> <span class='ocrx_word' id='word_1_173' title='bbox 977 2273 1178 2340; x_wconf 85' lang='grc' dir='ltr'>χάριτι,</span> <span class='ocrx_word' id='word_1_174' title='bbox 1207 2273 1272 2340; x_wconf 81' lang='grc' dir='ltr'>ἢν</span> <span class='ocrx_word' id='word_1_175' title='bbox 1305 2275 1333 2324; x_wconf 98' lang='lat'><strong>6</strong></span> <span class='ocrx_word' id='word_1_176' title='bbox 1383 2273 1523 2342; x_wconf 71' lang='grc' dir='ltr'>ἔχων</span> <span class='ocrx_word' id='word_1_177' title='bbox 1555 2273 1800 2340; x_wconf 89' lang='grc' dir='ltr'><strong>θεολογεῖ</strong></span> <span class='ocrx_word' id='word_1_178' title='bbox 1825 2270 1968 2325; x_wconf 82' lang='grc' dir='ltr'>κατὰ</span> 
     </span>
    </p>
   </div>
   <div class='ocr_carea' id='block_1_26' title="bbox 390 2362 1967 2434">
    <p class='ocr_par' dir='ltr' id='par_1_26' title="bbox 390 2362 1967 2434">
     <span class='ocr_line' id='line_1_26' title="bbox 390 2362 1967 2434; baseline 0.001 -18"><span class='ocrx_word' id='word_1_179' title='bbox 390 2366 518 2427; x_wconf 79' lang='grc' dir='ltr'>τοὺς</span> <span class='ocrx_word' id='word_1_180' title='bbox 550 2367 835 2434; x_wconf 75' lang='grc' dir='ltr'>προφήτας</span> <span class='ocrx_word' id='word_1_181' title='bbox 883 2366 976 2416; x_wconf 81' lang='grc' dir='ltr'>καὶ</span> <span class='ocrx_word' id='word_1_182' title='bbox 1021 2364 1144 2424; x_wconf 76' lang='grc' dir='ltr'>τοὺς</span> <span class='ocrx_word' id='word_1_183' title='bbox 1177 2363 1424 2434; x_wconf 84' lang='grc' dir='ltr'>μαθητὰς</span> <span class='ocrx_word' id='word_1_184' title='bbox 1478 2362 1572 2416; x_wconf 84' lang='grc' dir='ltr'>τοῦ</span> <span class='ocrx_word' id='word_1_185' title='bbox 1617 2364 1878 2434; x_wconf 80' lang='grc' dir='ltr'>Χριστοῦ,</span> <span class='ocrx_word' id='word_1_186' title='bbox 1905 2366 1967 2418; x_wconf 81' lang='grc' dir='ltr'>οὐ</span> 
     </span>
    </p>
   </div>
   <div class='ocr_carea' id='block_1_27' title="bbox 394 2455 1968 2526">
    <p class='ocr_par' dir='ltr' id='par_1_27' title="bbox 394 2455 1968 2526">
     <span class='ocr_line' id='line_1_27' title="bbox 394 2455 1968 2526; baseline 0.001 -19"><span class='ocrx_word' id='word_1_187' title='bbox 394 2457 835 2524; x_wconf 82' lang='grc' dir='ltr'>καταπνεόμενος</span> <span class='ocrx_word' id='word_1_188' title='bbox 868 2457 1120 2524; x_wconf 83' lang='grc' dir='ltr'>πονηροῖς</span> <span class='ocrx_word' id='word_1_189' title='bbox 1141 2455 1412 2525; x_wconf 83' lang='grc' dir='ltr'><strong>πνεύμασι</strong></span> <span class='ocrx_word' id='word_1_190' title='bbox 1438 2455 1831 2526; x_wconf 80' lang='grc' dir='ltr'>παρενοχλοῦσι</span> <span class='ocrx_word' id='word_1_191' title='bbox 1856 2460 1968 2520; x_wconf 86' lang='grc' dir='ltr'>τοῖς</span> 
     </span>
    </p>
   </div>
   <div class='ocr_carea' id='block_1_28' title="bbox 393 2546 1968 2618">
    <p class='ocr_par' dir='ltr' id='par_1_28' title="bbox 393 2546 1968 2618">
     <span class='ocr_line' id='line_1_28' title="bbox 393 2546 1968 2618; baseline 0.003 -19"><span class='ocrx_word' id='word_1_192' title='bbox 393 2547 768 2617; x_wconf 71' lang='grc' dir='ltr'>θεωρητικοῖς,</span> <span class='ocrx_word' id='word_1_193' title='bbox 815 2546 953 2601; x_wconf 75' lang='grc' dir='ltr'><strong>ἀλλὰ</strong></span> <span class='ocrx_word' id='word_1_194' title='bbox 1007 2548 1435 2616; x_wconf 77' lang='grc' dir='ltr'>σκεπαζὸμενος,</span> <span class='ocrx_word' id='word_1_195' title='bbox 1495 2547 1570 2610; x_wconf 81' lang='grc' dir='ltr'>ὡς</span> <span class='ocrx_word' id='word_1_196' title='bbox 1624 2548 1734 2601; x_wconf 73' lang='grc' dir='ltr'>ἔσω</span> <span class='ocrx_word' id='word_1_197' title='bbox 1788 2549 1968 2618; x_wconf 82' lang='grc' dir='ltr'>μένων</span> 
     </span>
    </p>
   </div>
   <div class='ocr_carea' id='block_1_29' title="bbox 395 2637 1970 2710">
    <p class='ocr_par' dir='ltr' id='par_1_29' title="bbox 395 2637 1970 2710">
     <span class='ocr_line' id='line_1_29' title="bbox 395 2637 1970 2710; baseline 0.001 -18"><span class='ocrx_word' id='word_1_198' title='bbox 395 2639 604 2710; x_wconf 77' lang='grc' dir='ltr'>σκηνῆς</span> <span class='ocrx_word' id='word_1_199' title='bbox 629 2638 778 2700; x_wconf 79' lang='grc' dir='ltr'><strong>θείας</strong></span> <span class='ocrx_word' id='word_1_200' title='bbox 803 2638 836 2708; x_wconf 86' lang='grc' dir='ltr'>ἢ</span> <span class='ocrx_word' id='word_1_201' title='bbox 863 2637 1019 2705; x_wconf 83' lang='grc' dir='ltr'>ἁγίου</span> <span class='ocrx_word' id='word_1_202' title='bbox 1045 2639 1199 2704; x_wconf 82' lang='grc' dir='ltr'>ναοῦ,</span> <span class='ocrx_word' id='word_1_203' title='bbox 1227 2638 1335 2692; x_wconf 85' lang='grc' dir='ltr'>τῶν</span> <span class='ocrx_word' id='word_1_204' title='bbox 1360 2639 1687 2708; x_wconf 83' lang='grc' dir='ltr'><strong>κρειττόνων</strong></span> <span class='ocrx_word' id='word_1_205' title='bbox 1724 2640 1818 2693; x_wconf 82' lang='grc' dir='ltr'>τοῦ</span> <span class='ocrx_word' id='word_1_206' title='bbox 1843 2640 1970 2694; x_wconf 77' lang='grc' dir='ltr'><strong>Μω-</strong></span> 
     </span>
    </p>
   </div>
   <div class='ocr_carea' id='block_1_30' title="bbox 395 2730 1967 2804">
    <p class='ocr_par' dir='ltr' id='par_1_30' title="bbox 395 2730 1967 2804">
     <span class='ocr_line' id='line_1_30' title="bbox 395 2730 1967 2804; baseline 0.001 -18"><span class='ocrx_word' id='word_1_207' title='bbox 395 2731 587 2786; x_wconf 80' lang='grc' dir='ltr'>σαῖκοῦ</span> <span class='ocrx_word' id='word_1_208' title='bbox 618 2732 841 2801; x_wconf 85' lang='grc' dir='ltr'>γνόφου,</span> <span class='ocrx_word' id='word_1_209' title='bbox 885 2733 978 2784; x_wconf 84' lang='grc' dir='ltr'>καὶ</span> <span class='ocrx_word' id='word_1_210' title='bbox 1012 2731 1110 2796; x_wconf 84' lang='grc' dir='ltr'>ὠς,</span> <span class='ocrx_word' id='word_1_211' title='bbox 1147 2730 1322 2795; x_wconf 77' lang='grc' dir='ltr'>οὕτως</span> <span class='ocrx_word' id='word_1_212' title='bbox 1352 2733 1550 2796; x_wconf 76' lang='grc' dir='ltr'>εἰπεῖν,</span> <span class='ocrx_word' id='word_1_213' title='bbox 1578 2731 1736 2784; x_wconf 81' lang='grc' dir='ltr'>θείων</span> <span class='ocrx_word' id='word_1_214' title='bbox 1766 2734 1967 2804; x_wconf 76' lang='grc' dir='ltr'>ἡσυχα-</span> 
     </span>
    </p>
   </div>
   <div class='ocr_carea' id='block_1_31' title="bbox 396 2825 1968 2896">
    <p class='ocr_par' dir='ltr' id='par_1_31' title="bbox 396 2825 1968 2896">
     <span class='ocr_line' id='line_1_31' title="bbox 396 2825 1968 2896; baseline -0.002 -15"><span class='ocrx_word' id='word_1_215' title='bbox 396 2826 635 2896; x_wconf 80' lang='grc' dir='ltr'>στηρίων</span> <span class='ocrx_word' id='word_1_216' title='bbox 655 2843 672 2860; x_wconf 76' lang='grc' dir='ltr'><strong>ο</strong></span> <span class='ocrx_word' id='word_1_217' title='bbox 701 2825 971 2878; x_wconf 81' lang='grc' dir='ltr'>Σκεπάσω</span> <span class='ocrx_word' id='word_1_218' title='bbox 1006 2825 1135 2894; x_wconf 79' lang='grc' dir='ltr'>γὰρ,</span> <span class='ocrx_word' id='word_1_219' title='bbox 1189 2826 1376 2894; x_wconf 83' lang='grc' dir='ltr'>φησὶν,</span> <span class='ocrx_word' id='word_1_220' title='bbox 1428 2825 1594 2877; x_wconf 71' lang='grc' dir='ltr'>αὐτὸν</span> <span class='ocrx_word' id='word_1_221' title='bbox 1622 2826 1704 2878; x_wconf 85' lang='grc' dir='ltr'><strong>ὅτι</strong></span> <span class='ocrx_word' id='word_1_222' title='bbox 1737 2825 1878 2892; x_wconf 72' lang='grc' dir='ltr'><strong>ἔγνω</strong></span> <span class='ocrx_word' id='word_1_223' title='bbox 1908 2825 1968 2878; x_wconf 85' lang='grc' dir='ltr'>τὸ</span> 
     </span>
    </p>
   </div>
   <div class='ocr_carea' id='block_1_32' title="bbox 393 2916 1969 2986">
    <p class='ocr_par' dir='ltr' id='par_1_32' title="bbox 393 2916 1969 2986">
     <span class='ocr_line' id='line_1_32' title="bbox 393 2916 1969 2986; baseline 0 -15"><span class='ocrx_word' id='word_1_224' title='bbox 393 2917 565 2986; x_wconf 71' lang='grc' dir='ltr'>ὄνομα</span> <span class='ocrx_word' id='word_1_225' title='bbox 591 2934 714 2985; x_wconf 82' lang='grc' dir='ltr'>μου.</span> <span class='ocrx_word' id='word_1_226' title='bbox 739 2916 972 2986; x_wconf 81' lang='grc' dir='ltr'><strong>Τοιαύτη</strong></span> <span class='ocrx_word' id='word_1_227' title='bbox 1016 2916 1070 2968; x_wconf 86' lang='grc' dir='ltr'>δὲ</span> <span class='ocrx_word' id='word_1_228' title='bbox 1096 2918 1128 2986; x_wconf 81' lang='grc' dir='ltr'>ἡ</span> <span class='ocrx_word' id='word_1_229' title='bbox 1162 2917 1432 2986; x_wconf 72' lang='grc' dir='ltr'>προφῆτις</span> <span class='ocrx_word' id='word_1_230' title='bbox 1455 2917 1645 2980; x_wconf 73' lang='grc' dir='ltr'>Ἅννα,</span> <span class='ocrx_word' id='word_1_231' title='bbox 1671 2917 1969 2986; x_wconf 82' lang='grc' dir='ltr'>γινώσκου-</span> 
     </span>
    </p>
   </div>
   <div class='ocr_carea' id='block_1_33' title="bbox 398 3007 1968 3078">
    <p class='ocr_par' dir='ltr' id='par_1_33' title="bbox 398 3007 1968 3078">
     <span class='ocr_line' id='line_1_33' title="bbox 398 3007 1968 3078; baseline 0 -16"><span class='ocrx_word' id='word_1_232' title='bbox 398 3027 466 3062; x_wconf 90' lang='grc' dir='ltr'><strong>σα</strong></span> <span class='ocrx_word' id='word_1_233' title='bbox 496 3010 586 3062; x_wconf 80' lang='grc' dir='ltr'>τὸν</span> <span class='ocrx_word' id='word_1_234' title='bbox 626 3009 756 3062; x_wconf 80' lang='grc' dir='ltr'><strong>Θεὸν</strong></span> <span class='ocrx_word' id='word_1_235' title='bbox 781 3009 838 3061; x_wconf 81' lang='grc' dir='ltr'><strong>ὲν</strong></span> <span class='ocrx_word' id='word_1_236' title='bbox 866 3008 946 3078; x_wconf 83' lang='grc' dir='ltr'>τῷ</span> <span class='ocrx_word' id='word_1_237' title='bbox 979 3007 1352 3072; x_wconf 73' lang='grc' dir='ltr'><strong>σκεπάζεσθαι</strong></span> <span class='ocrx_word' id='word_1_238' title='bbox 1407 3007 1499 3060; x_wconf 82' lang='grc' dir='ltr'><strong>ὑπ’</strong></span> <span class='ocrx_word' id='word_1_239' title='bbox 1534 3007 1722 3074; x_wconf 81' lang='grc' dir='ltr'>αὑτοῦ,</span> <span class='ocrx_word' id='word_1_240' title='bbox 1755 3010 1849 3062; x_wconf 76' lang='grc' dir='ltr'>καὶ</span> <span class='ocrx_word' id='word_1_241' title='bbox 1877 3009 1968 3062; x_wconf 81' lang='grc' dir='ltr'><strong>οὓ-</strong></span> 
     </span>
    </p>
   </div>
   <div class='ocr_carea' id='block_1_34' title="bbox 2076 449 3646 522">
    <p class='ocr_par' dir='ltr' id='par_1_34' title="bbox 2076 449 3646 522">
     <span class='ocr_line' id='line_1_34' title="bbox 2076 449 3646 522; baseline 0.002 -18"><span class='ocrx_word' id='word_1_242' title='bbox 2076 454 2270 520; x_wconf 81' lang='lat' dir='ltr'><strong>inquit,</strong></span> <span class='ocrx_word' id='word_1_243' title='bbox 2295 453 2436 521; x_wconf 87' lang='lat' dir='ltr'><strong>quod</strong></span> <span class='ocrx_word' id='word_1_244' title='bbox 2483 468 2583 522; x_wconf 71' lang='lat' dir='ltr'><strong>ego</strong></span> <span class='ocrx_word' id='word_1_245' title='bbox 2637 468 2755 506; x_wconf 91' lang='lat' dir='ltr'><strong>sum</strong></span> <span class='ocrx_word' id='word_1_246' title='bbox 2807 451 2948 506; x_wconf 89' lang='lat' dir='ltr'><strong>Deus</strong></span> <span class='ocrx_word' id='word_1_247' title='bbox 2993 468 3008 505; x_wconf 86' lang='lat'><strong>:</strong></span> <span class='ocrx_word' id='word_1_248' title='bbox 3070 449 3120 505; x_wconf 87' lang='lat' dir='ltr'><strong>id</strong></span> <span class='ocrx_word' id='word_1_249' title='bbox 3156 460 3258 513; x_wconf 85' lang='lat' dir='ltr'><strong>est,</strong></span> <span class='ocrx_word' id='word_1_250' title='bbox 3308 452 3646 521; x_wconf 71' lang='lat' dir='ltr'><strong>cognoscite,</strong></span> 
     </span>
    </p>
   </div>
   <div class='ocr_carea' id='block_1_35' title="bbox 2076 541 3648 612">
    <p class='ocr_par' dir='ltr' id='par_1_35' title="bbox 2076 541 3648 612">
     <span class='ocr_line' id='line_1_35' title="bbox 2076 541 3648 612; baseline 0.002 -16"><span class='ocrx_word' id='word_1_251' title='bbox 2076 545 2381 611; x_wconf 83' lang='lat' dir='ltr'><strong>intelligite.</strong></span> <span class='ocrx_word' id='word_1_252' title='bbox 2418 541 2521 596; x_wconf 76' lang='lat' dir='ltr'><strong>Sed</strong></span> <span class='ocrx_word' id='word_1_253' title='bbox 2551 545 2668 596; x_wconf 72' lang='lat' dir='ltr'><strong>alim</strong></span> <span class='ocrx_word' id='word_1_254' title='bbox 2701 543 2920 612; x_wconf 79' lang='lat' dir='ltr'><strong>quidem</strong></span> <span class='ocrx_word' id='word_1_255' title='bbox 2954 543 3164 610; x_wconf 60' lang='lat' dir='ltr'><strong>prince,</strong></span> <span class='ocrx_word' id='word_1_256' title='bbox 3224 542 3344 598; x_wconf 69' lang='lat' dir='ltr'><strong>alia:</strong></span> <span class='ocrx_word' id='word_1_257' title='bbox 3389 558 3519 600; x_wconf 84' lang='lat' dir='ltr'><strong>vero</strong></span> <span class='ocrx_word' id='word_1_258' title='bbox 3564 559 3648 599; x_wconf 86' lang='lat' dir='ltr'><strong>se-</strong></span> 
     </span>
    </p>
   </div>
   <div class='ocr_carea' id='block_1_36' title="bbox 2073 633 3644 704">
    <p class='ocr_par' dir='ltr' id='par_1_36' title="bbox 2073 633 3644 704">
     <span class='ocr_line' id='line_1_36' title="bbox 2073 633 3644 704; baseline 0.001 -17"><span class='ocrx_word' id='word_1_259' title='bbox 2073 636 2263 688; x_wconf 74' lang='lat' dir='ltr'><strong>cunda:</strong></span> <span class='ocrx_word' id='word_1_260' title='bbox 2281 643 2406 687; x_wconf 87' lang='lat' dir='ltr'><strong>sunt</strong></span> <span class='ocrx_word' id='word_1_261' title='bbox 2423 633 2778 702; x_wconf 82' lang='lat' dir='ltr'><strong>cognitiones,</strong></span> <span class='ocrx_word' id='word_1_262' title='bbox 2804 635 3072 702; x_wconf 82' lang='lat' dir='ltr'><strong>siquidem</strong></span> <span class='ocrx_word' id='word_1_263' title='bbox 3095 635 3212 687; x_wconf 69' lang='lat' dir='ltr'><strong>alite</strong></span> <span class='ocrx_word' id='word_1_264' title='bbox 3236 635 3451 704; x_wconf 89' lang='lat' dir='ltr'><strong>quidem</strong></span> <span class='ocrx_word' id='word_1_265' title='bbox 3469 634 3644 704; x_wconf 78' lang='lat' dir='ltr'><strong>ipsius</strong></span> 
     </span>
    </p>
   </div>
   <div class='ocr_carea' id='block_1_37' title="bbox 2075 725 3646 787">
    <p class='ocr_par' dir='ltr' id='par_1_37' title="bbox 2075 725 3646 787">
     <span class='ocr_line' id='line_1_37' title="bbox 2075 725 3646 787; baseline 0.004 -11"><span class='ocrx_word' id='word_1_266' title='bbox 2075 725 2165 777; x_wconf 86' lang='lat' dir='ltr'><strong>Dei</strong></span> <span class='ocrx_word' id='word_1_267' title='bbox 2194 725 2478 779; x_wconf 73' lang='lat' dir='ltr'><strong>manifeste</strong></span> <span class='ocrx_word' id='word_1_268' title='bbox 2510 735 2638 778; x_wconf 90' lang='lat' dir='ltr'><strong>sunt</strong></span> <span class='ocrx_word' id='word_1_269' title='bbox 2664 741 2676 787; x_wconf 89' lang='lat'><strong>;</strong></span> <span class='ocrx_word' id='word_1_270' title='bbox 2714 725 2832 779; x_wconf 63' lang='lat' dir='ltr'><strong>alite</strong></span> <span class='ocrx_word' id='word_1_271' title='bbox 2862 741 2988 779; x_wconf 81' lang='lat' dir='ltr'><strong>vero</strong></span> <span class='ocrx_word' id='word_1_272' title='bbox 3017 727 3176 780; x_wconf 86' lang='lat' dir='ltr'><strong>nobis</strong></span> <span class='ocrx_word' id='word_1_273' title='bbox 3223 742 3290 780; x_wconf 79' lang='lat' dir='ltr'><strong>ex</strong></span> <span class='ocrx_word' id='word_1_274' title='bbox 3321 727 3414 780; x_wconf 90' lang='lat' dir='ltr'><strong>illo</strong></span> <span class='ocrx_word' id='word_1_275' title='bbox 3448 727 3646 782; x_wconf 76' lang='lat' dir='ltr'><strong>illuxe-</strong></span> 
     </span>
    </p>
   </div>
   <div class='ocr_carea' id='block_1_38' title="bbox 2074 817 3646 886">
    <p class='ocr_par' dir='ltr' id='par_1_38' title="bbox 2074 817 3646 886">
     <span class='ocr_line' id='line_1_38' title="bbox 2074 817 3646 886; baseline 0.003 -18"><span class='ocrx_word' id='word_1_276' title='bbox 2074 827 2222 870; x_wconf 90' lang='lat' dir='ltr'><strong>runt.</strong></span> <span class='ocrx_word' id='word_1_277' title='bbox 2251 817 2382 870; x_wconf 81' lang='lat' dir='ltr'><strong>Sunl</strong></span> <span class='ocrx_word' id='word_1_278' title='bbox 2409 827 2592 871; x_wconf 86' lang='lat' dir='ltr'><strong>autem</strong></span> <span class='ocrx_word' id='word_1_279' title='bbox 2627 819 2790 871; x_wconf 84' lang='lat' dir='ltr'><strong>etiam</strong></span> <span class='ocrx_word' id='word_1_280' title='bbox 2818 826 3012 886; x_wconf 71' lang='lat' dir='ltr'><strong>praeter</strong></span> <span class='ocrx_word' id='word_1_281' title='bbox 3073 820 3193 874; x_wconf 88' lang='lat' dir='ltr'><strong>illas</strong></span> <span class='ocrx_word' id='word_1_282' title='bbox 3247 822 3365 873; x_wconf 77' lang='lat' dir='ltr'><strong>alia:</strong></span> <span class='ocrx_word' id='word_1_283' title='bbox 3394 820 3485 874; x_wconf 87' lang='lat' dir='ltr'><strong>Dei</strong></span> <span class='ocrx_word' id='word_1_284' title='bbox 3553 835 3646 874; x_wconf 88' lang='lat' dir='ltr'><strong>co-</strong></span> 
     </span>
    </p>
   </div>
   <div class='ocr_carea' id='block_1_39' title="bbox 2073 909 3645 978">
    <p class='ocr_par' dir='ltr' id='par_1_39' title="bbox 2073 909 3645 978">
     <span class='ocr_line' id='line_1_39' title="bbox 2073 909 3645 978; baseline 0.004 -16"><span class='ocrx_word' id='word_1_285' title='bbox 2073 909 2366 978; x_wconf 84' lang='lat' dir='ltr'><strong>gnitiones,</strong></span> <span class='ocrx_word' id='word_1_286' title='bbox 2401 909 2650 963; x_wconf 89' lang='lat' dir='ltr'><strong>cordium</strong></span> <span class='ocrx_word' id='word_1_287' title='bbox 2681 911 2898 977; x_wconf 72' lang='lat' dir='ltr'><strong>inquam</strong></span> <span class='ocrx_word' id='word_1_288' title='bbox 2936 921 3247 966; x_wconf 80' lang='lat' dir='ltr'><strong>nostrorum</strong></span> <span class='ocrx_word' id='word_1_289' title='bbox 3301 928 3364 966; x_wconf 88' lang='lat' dir='ltr'><strong>ac</strong></span> <span class='ocrx_word' id='word_1_290' title='bbox 3410 913 3645 970; x_wconf 78' lang='lat' dir='ltr'><strong>viarum.</strong></span> 
     </span>
    </p>
   </div>
   <div class='ocr_carea' id='block_1_40' title="bbox 2076 1002 3646 1074">
    <p class='ocr_par' dir='ltr' id='par_1_40' title="bbox 2076 1002 3646 1074">
     <span class='ocr_line' id='line_1_40' title="bbox 2076 1002 3646 1074; baseline 0.001 -19"><span class='ocrx_word' id='word_1_291' title='bbox 2076 1002 2142 1055; x_wconf 87' lang='lat' dir='ltr'><strong>ad</strong></span> <span class='ocrx_word' id='word_1_292' title='bbox 2172 1017 2310 1070; x_wconf 83' lang='lat' dir='ltr'><strong>quas</strong></span> <span class='ocrx_word' id='word_1_293' title='bbox 2365 1002 2512 1070; x_wconf 76' lang='lat' dir='ltr'><strong>ipsas</strong></span> <span class='ocrx_word' id='word_1_294' title='bbox 2568 1003 2815 1057; x_wconf 89' lang='lat' dir='ltr'><strong>alludeus</strong></span> <span class='ocrx_word' id='word_1_295' title='bbox 2869 1003 3229 1074; x_wconf 86' lang='lat' dir='ltr'><strong>prophetissa,</strong></span> <span class='ocrx_word' id='word_1_296' title='bbox 3295 1005 3350 1058; x_wconf 87' lang='lat' dir='ltr'><strong>in</strong></span> <span class='ocrx_word' id='word_1_297' title='bbox 3411 1015 3646 1060; x_wconf 88' lang='lat' dir='ltr'><strong>mentem</strong></span> 
     </span>
    </p>
   </div>
   <div class='ocr_carea' id='block_1_41' title="bbox 2074 1092 3651 1166">
    <p class='ocr_par' dir='ltr' id='par_1_41' title="bbox 2074 1092 3651 1166">
     <span class='ocr_line' id='line_1_41' title="bbox 2074 1092 3651 1166; baseline 0.004 -22"><span class='ocrx_word' id='word_1_298' title='bbox 2074 1092 2169 1146; x_wconf 89' lang='lat' dir='ltr'><strong>Dei</strong></span> <span class='ocrx_word' id='word_1_299' title='bbox 2206 1107 2465 1148; x_wconf 74' lang='lat' dir='ltr'><strong>revocare</strong></span> <span class='ocrx_word' id='word_1_300' title='bbox 2495 1096 2726 1157; x_wconf 84' lang='lat' dir='ltr'><strong>videtur,</strong></span> <span class='ocrx_word' id='word_1_301' title='bbox 2763 1097 2906 1165; x_wconf 87' lang='lat' dir='ltr'><strong>quod</strong></span> <span class='ocrx_word' id='word_1_302' title='bbox 2934 1099 3105 1166; x_wconf 85' lang='lat' dir='ltr'><strong>ipsam</strong></span> <span class='ocrx_word' id='word_1_303' title='bbox 3160 1112 3280 1151; x_wconf 88' lang='lat' dir='ltr'><strong>esse</strong></span> <span class='ocrx_word' id='word_1_304' title='bbox 3308 1112 3444 1166; x_wconf 92' lang='lat' dir='ltr'><strong>puro</strong></span> <span class='ocrx_word' id='word_1_305' title='bbox 3487 1099 3651 1151; x_wconf 82' lang='lat' dir='ltr'><strong>corde</strong></span> 
     </span>
    </p>
   </div>
   <div class='ocr_carea' id='block_1_42' title="bbox 2074 1184 3646 1255">
    <p class='ocr_par' dir='ltr' id='par_1_42' title="bbox 2074 1184 3646 1255">
     <span class='ocr_line' id='line_1_42' title="bbox 2074 1184 3646 1255; baseline 0.003 -19"><span class='ocrx_word' id='word_1_306' title='bbox 2074 1184 2241 1246; x_wconf 86' lang='lat' dir='ltr'><strong>novit,</strong></span> <span class='ocrx_word' id='word_1_307' title='bbox 2265 1193 2317 1237; x_wconf 92' lang='lat' dir='ltr'><strong>et</strong></span> <span class='ocrx_word' id='word_1_308' title='bbox 2350 1185 2652 1240; x_wconf 85' lang='lat' dir='ltr'><strong>secundum</strong></span> <span class='ocrx_word' id='word_1_309' title='bbox 2686 1187 2937 1240; x_wconf 74' lang='lat' dir='ltr'><strong>virtutem</strong></span> <span class='ocrx_word' id='word_1_310' title='bbox 2998 1188 3276 1242; x_wconf 87' lang='lat' dir='ltr'><strong>ambulare</strong></span> <span class='ocrx_word' id='word_1_311' title='bbox 3319 1191 3597 1255; x_wconf 79' lang='lat' dir='ltr'><strong>cognoscit</strong></span> <span class='ocrx_word' id='word_1_312' title='bbox 3633 1208 3646 1241; x_wconf 90' lang='lat'><strong>:</strong></span> 
     </span>
    </p>
   </div>
   <div class='ocr_carea' id='block_1_43' title="bbox 2074 1271 3652 1344">
    <p class='ocr_par' dir='ltr' id='par_1_43' title="bbox 2074 1271 3652 1344">
     <span class='ocr_line' id='line_1_43' title="bbox 2074 1271 3652 1344; baseline 0.001 -19"><span class='ocrx_word' id='word_1_313' title='bbox 2074 1271 2300 1342; x_wconf 86' lang='lat' dir='ltr'><strong>ideoque</strong></span> <span class='ocrx_word' id='word_1_314' title='bbox 2341 1277 2832 1328; x_wconf 75' lang='lat' dir='ltr'><strong>remunerationem</strong></span> <span class='ocrx_word' id='word_1_315' title='bbox 2871 1275 2938 1329; x_wconf 85' lang='lat' dir='ltr'><strong>ab</strong></span> <span class='ocrx_word' id='word_1_316' title='bbox 2972 1275 3065 1328; x_wconf 86' lang='lat' dir='ltr'><strong>illo</strong></span> <span class='ocrx_word' id='word_1_317' title='bbox 3103 1275 3321 1344; x_wconf 56' lang='lat' dir='ltr'><strong>quaerit.</strong></span> <span class='ocrx_word' id='word_1_318' title='bbox 3362 1275 3431 1328; x_wconf 88' lang='lat' dir='ltr'><strong>ita</strong></span> <span class='ocrx_word' id='word_1_319' title='bbox 3463 1274 3652 1328; x_wconf 86' lang='lat' dir='ltr'><strong>utdis—</strong></span> 
     </span>
    </p>
   </div>
   <div class='ocr_carea' id='block_1_44' title="bbox 2072 1364 3650 1434">
    <p class='ocr_par' dir='ltr' id='par_1_44' title="bbox 2072 1364 3650 1434">
     <span class='ocr_line' id='line_1_44' title="bbox 2072 1364 3650 1434; baseline 0.001 -19"><span class='ocrx_word' id='word_1_320' title='bbox 2072 1372 2258 1432; x_wconf 90' lang='lat' dir='ltr'><strong>ponat,</strong></span> <span class='ocrx_word' id='word_1_321' title='bbox 2298 1379 2392 1418; x_wconf 86' lang='lat' dir='ltr'><strong>seu</strong></span> <span class='ocrx_word' id='word_1_322' title='bbox 2434 1376 2680 1434; x_wconf 87' lang='lat' dir='ltr'><strong>prompte</strong></span> <span class='ocrx_word' id='word_1_323' title='bbox 2709 1377 2759 1419; x_wconf 86' lang='lat' dir='ltr'><strong>et</strong></span> <span class='ocrx_word' id='word_1_324' title='bbox 2797 1364 2992 1418; x_wconf 84' lang='lat' dir='ltr'><strong>exinde</strong></span> <span class='ocrx_word' id='word_1_325' title='bbox 3012 1367 3244 1418; x_wconf 86' lang='lat' dir='ltr'><strong>adducat</strong></span> <span class='ocrx_word' id='word_1_326' title='bbox 3271 1365 3513 1432; x_wconf 89' lang='lat' dir='ltr'><strong>illum,et</strong></span> <span class='ocrx_word' id='word_1_327' title='bbox 3544 1364 3650 1418; x_wconf 87' lang='lat' dir='ltr'><strong>hoc</strong></span> 
     </span>
    </p>
   </div>
   <div class='ocr_carea' id='block_1_45' title="bbox 2073 1455 3651 1524">
    <p class='ocr_par' dir='ltr' id='par_1_45' title="bbox 2073 1455 3651 1524">
     <span class='ocr_line' id='line_1_45' title="bbox 2073 1455 3651 1524; baseline 0.003 -18"><span class='ocrx_word' id='word_1_328' title='bbox 2073 1466 2170 1520; x_wconf 89' lang='lat' dir='ltr'><strong>per</strong></span> <span class='ocrx_word' id='word_1_329' title='bbox 2199 1468 2439 1522; x_wconf 86' lang='lat' dir='ltr'><strong>precem,</strong></span> <span class='ocrx_word' id='word_1_330' title='bbox 2473 1455 2538 1508; x_wconf 91' lang='lat' dir='ltr'><strong>ad</strong></span> <span class='ocrx_word' id='word_1_331' title='bbox 2565 1470 2752 1508; x_wconf 90' lang='lat' dir='ltr'><strong>curam</strong></span> <span class='ocrx_word' id='word_1_332' title='bbox 2784 1457 2847 1509; x_wconf 91' lang='lat' dir='ltr'><strong>de</strong></span> <span class='ocrx_word' id='word_1_333' title='bbox 2872 1455 2986 1524; x_wconf 89' lang='lat' dir='ltr'><strong>ipsa</strong></span> <span class='ocrx_word' id='word_1_334' title='bbox 3025 1456 3353 1512; x_wconf 74' lang='lat' dir='ltr'><strong>habendam.</strong></span> <span class='ocrx_word' id='word_1_335' title='bbox 3392 1457 3454 1511; x_wconf 82' lang='lat' dir='ltr'><strong>Et</strong></span> <span class='ocrx_word' id='word_1_336' title='bbox 3503 1467 3651 1512; x_wconf 87' lang='lat' dir='ltr'><strong>certe</strong></span> 
     </span>
    </p>
   </div>
   <div class='ocr_carea' id='block_1_46' title="bbox 2072 1546 3654 1615">
    <p class='ocr_par' dir='ltr' id='par_1_46' title="bbox 2072 1546 3654 1615">
     <span class='ocr_line' id='line_1_46' title="bbox 2072 1546 3654 1615; baseline 0.004 -19"><span class='ocrx_word' id='word_1_337' title='bbox 2072 1546 2349 1612; x_wconf 89' lang='lat' dir='ltr'><strong>precando</strong></span> <span class='ocrx_word' id='word_1_338' title='bbox 2435 1547 2726 1615; x_wconf 86' lang='lat' dir='ltr'><strong>persuadet</strong></span> <span class='ocrx_word' id='word_1_339' title='bbox 2805 1557 2859 1601; x_wconf 89' lang='lat' dir='ltr'><strong>et</strong></span> <span class='ocrx_word' id='word_1_340' title='bbox 2916 1548 3275 1602; x_wconf 86' lang='lat' dir='ltr'><strong>desideratam</strong></span> <span class='ocrx_word' id='word_1_341' title='bbox 3336 1564 3449 1603; x_wconf 88' lang='lat' dir='ltr'><strong>rem</strong></span> <span class='ocrx_word' id='word_1_342' title='bbox 3510 1550 3654 1606; x_wconf 86' lang='lat' dir='ltr'><strong>obti-</strong></span> 
     </span>
    </p>
   </div>
   <div class='ocr_carea' id='block_1_47' title="bbox 2073 1640 2184 1686">
    <p class='ocr_par' dir='ltr' id='par_1_47' title="bbox 2073 1640 2184 1686">
     <span class='ocr_line' id='line_1_47' title="bbox 2073 1640 2184 1686; baseline 0.018 -2"><span class='ocrx_word' id='word_1_343' title='bbox 2073 1640 2184 1686; x_wconf 87' lang='lat' dir='ltr'><strong>net.</strong></span> 
     </span>
    </p>
   </div>
   <div class='ocr_carea' id='block_1_48' title="bbox 2143 1725 3649 1804">
    <p class='ocr_par' dir='ltr' id='par_1_48' title="bbox 2143 1725 3649 1804">
     <span class='ocr_line' id='line_1_48' title="bbox 2143 1725 3649 1804; baseline 0.008 -28"><span class='ocrx_word' id='word_1_344' title='bbox 2143 1725 2232 1780; x_wconf 82' lang='lat'><strong>75.</strong></span> <span class='ocrx_word' id='word_1_345' title='bbox 2263 1725 2318 1780; x_wconf 87' lang='lat' dir='ltr'><strong>Si</strong></span> <span class='ocrx_word' id='word_1_346' title='bbox 2345 1742 2472 1782; x_wconf 85' lang='lat' dir='ltr'><strong>vero</strong></span> <span class='ocrx_word' id='word_1_347' title='bbox 2507 1743 2726 1798; x_wconf 89' lang='lat' dir='ltr'><strong>quoque</strong></span> <span class='ocrx_word' id='word_1_348' title='bbox 2781 1739 2909 1785; x_wconf 91' lang='lat' dir='ltr'><strong>sunt</strong></span> <span class='ocrx_word' id='word_1_349' title='bbox 2935 1731 3052 1785; x_wconf 84' lang='lat' dir='ltr'><strong>aliae</strong></span> <span class='ocrx_word' id='word_1_350' title='bbox 3101 1732 3443 1800; x_wconf 77' lang='lat' dir='ltr'><strong>cognitiones</strong></span> <span class='ocrx_word' id='word_1_351' title='bbox 3507 1736 3649 1804; x_wconf 87' lang='lat' dir='ltr'><strong>apud</strong></span> 
     </span>
    </p>
   </div>
   <div class='ocr_carea' id='block_1_49' title="bbox 2069 1818 3646 1894">
    <p class='ocr_par' dir='ltr' id='par_1_49' title="bbox 2069 1818 3646 1894">
     <span class='ocr_line' id='line_1_49' title="bbox 2069 1818 3646 1894; baseline 0.006 -23"><span class='ocrx_word' id='word_1_352' title='bbox 2069 1818 2436 1884; x_wconf 83' lang='lat' dir='ltr'><strong>Altissimum,</strong></span> <span class='ocrx_word' id='word_1_353' title='bbox 2495 1836 2616 1889; x_wconf 81' lang='lat' dir='ltr'><strong>quae</strong></span> <span class='ocrx_word' id='word_1_354' title='bbox 2669 1824 3054 1877; x_wconf 84' lang='lat' dir='ltr'><strong>connumerari</strong></span> <span class='ocrx_word' id='word_1_355' title='bbox 3103 1834 3465 1894; x_wconf 88' lang='lat' dir='ltr'><strong>nonpossent</strong></span> <span class='ocrx_word' id='word_1_356' title='bbox 3522 1842 3646 1882; x_wconf 92' lang='lat' dir='ltr'><strong>cum</strong></span> 
     </span>
    </p>
   </div>
   <div class='ocr_carea' id='block_1_50' title="bbox 2069 1908 3651 1985">
    <p class='ocr_par' dir='ltr' id='par_1_50' title="bbox 2069 1908 3651 1985">
     <span class='ocr_line' id='line_1_50' title="bbox 2069 1908 3651 1985; baseline 0.006 -23"><span class='ocrx_word' id='word_1_357' title='bbox 2069 1908 2179 1964; x_wconf 89' lang='lat' dir='ltr'><strong>illis</strong></span> <span class='ocrx_word' id='word_1_358' title='bbox 2208 1910 2309 1977; x_wconf 86' lang='lat' dir='ltr'><strong>ipsi</strong></span> <span class='ocrx_word' id='word_1_359' title='bbox 2344 1911 2550 1976; x_wconf 82' lang='lat' dir='ltr'><strong>charis,</strong></span> <span class='ocrx_word' id='word_1_360' title='bbox 2584 1912 2809 1966; x_wconf 87' lang='lat' dir='ltr'><strong>istarum</strong></span> <span class='ocrx_word' id='word_1_361' title='bbox 2845 1915 3006 1968; x_wconf 89' lang='lat' dir='ltr'><strong>etiam</strong></span> <span class='ocrx_word' id='word_1_362' title='bbox 3039 1914 3152 1984; x_wconf 86' lang='lat' dir='ltr'><strong>ipse</strong></span> <span class='ocrx_word' id='word_1_363' title='bbox 3202 1930 3432 1985; x_wconf 87' lang='lat' dir='ltr'><strong>prorsus</strong></span> <span class='ocrx_word' id='word_1_364' title='bbox 3466 1917 3651 1972; x_wconf 82' lang='lat' dir='ltr'><strong>Domi-</strong></span> 
     </span>
    </p>
   </div>
   <div class='ocr_carea' id='block_1_51' title="bbox 2069 2002 3659 2072">
    <p class='ocr_par' dir='ltr' id='par_1_51' title="bbox 2069 2002 3659 2072">
     <span class='ocr_line' id='line_1_51' title="bbox 2069 2002 3659 2072; baseline 0.009 -20"><span class='ocrx_word' id='word_1_365' title='bbox 2069 2015 2174 2055; x_wconf 91' lang='lat' dir='ltr'><strong>nus</strong></span> <span class='ocrx_word' id='word_1_366' title='bbox 2195 2013 2300 2066; x_wconf 88' lang='lat' dir='ltr'><strong>est,</strong></span> <span class='ocrx_word' id='word_1_367' title='bbox 2329 2002 2625 2071; x_wconf 88' lang='lat' dir='ltr'><strong>disponens</strong></span> <span class='ocrx_word' id='word_1_368' title='bbox 2648 2003 2766 2058; x_wconf 88' lang='lat' dir='ltr'><strong>illas</strong></span> <span class='ocrx_word' id='word_1_369' title='bbox 2798 2004 2939 2059; x_wconf 89' lang='lat' dir='ltr'><strong>sicut</strong></span> <span class='ocrx_word' id='word_1_370' title='bbox 2965 2007 3099 2072; x_wconf 88' lang='lat' dir='ltr'><strong>vult,</strong></span> <span class='ocrx_word' id='word_1_371' title='bbox 3132 2022 3231 2062; x_wconf 87' lang='lat' dir='ltr'><strong>nec</strong></span> <span class='ocrx_word' id='word_1_372' title='bbox 3257 2007 3444 2064; x_wconf 87' lang='lat' dir='ltr'><strong>sinens</strong></span> <span class='ocrx_word' id='word_1_373' title='bbox 3471 2010 3659 2066; x_wconf 77' lang='lat' dir='ltr'><strong>domi-&#39;</strong></span> 
     </span>
    </p>
   </div>
   <div class='ocr_carea' id='block_1_52' title="bbox 2070 2092 3650 2162">
    <p class='ocr_par' dir='ltr' id='par_1_52' title="bbox 2070 2092 3650 2162">
     <span class='ocr_line' id='line_1_52' title="bbox 2070 2092 3650 2162; baseline 0.008 -18"><span class='ocrx_word' id='word_1_374' title='bbox 2070 2092 2186 2145; x_wconf 86' lang='lat' dir='ltr'><strong>nari</strong></span> <span class='ocrx_word' id='word_1_375' title='bbox 2215 2104 2309 2146; x_wconf 89' lang='lat' dir='ltr'><strong>aut</strong></span> <span class='ocrx_word' id='word_1_376' title='bbox 2343 2109 2539 2148; x_wconf 83' lang='lat' dir='ltr'><strong>nocere</strong></span> <span class='ocrx_word' id='word_1_377' title='bbox 2567 2093 2814 2150; x_wconf 83' lang='lat' dir='ltr'><strong>ﬁdelibus</strong></span> <span class='ocrx_word' id='word_1_378' title='bbox 2848 2099 3021 2152; x_wconf 85' lang='lat' dir='ltr'><strong>servis</strong></span> <span class='ocrx_word' id='word_1_379' title='bbox 3046 2135 3062 2162; x_wconf 91' lang='lat'><strong>,</strong></span> <span class='ocrx_word' id='word_1_380' title='bbox 3098 2099 3191 2153; x_wconf 89' lang='lat' dir='ltr'><strong>sed</strong></span> <span class='ocrx_word' id='word_1_381' title='bbox 3219 2110 3275 2153; x_wconf 88' lang='lat' dir='ltr'><strong>et</strong></span> <span class='ocrx_word' id='word_1_382' title='bbox 3329 2099 3451 2156; x_wconf 90' lang='lat' dir='ltr'><strong>illas</strong></span> <span class='ocrx_word' id='word_1_383' title='bbox 3481 2103 3650 2156; x_wconf 89' lang='lat' dir='ltr'><strong>abdu-</strong></span> 
     </span>
    </p>
   </div>
   <div class='ocr_carea' id='block_1_53' title="bbox 2069 2185 3649 2258">
    <p class='ocr_par' dir='ltr' id='par_1_53' title="bbox 2069 2185 3649 2258">
     <span class='ocr_line' id='line_1_53' title="bbox 2069 2185 3649 2258; baseline 0.006 -22"><span class='ocrx_word' id='word_1_384' title='bbox 2069 2197 2197 2237; x_wconf 87' lang='lat' dir='ltr'><strong>cens</strong></span> <span class='ocrx_word' id='word_1_385' title='bbox 2230 2185 2314 2239; x_wconf 84' lang='lat' dir='ltr'><strong>vel</strong></span> <span class='ocrx_word' id='word_1_386' title='bbox 2348 2185 2667 2252; x_wconf 89' lang='lat' dir='ltr'><strong>immutans,</strong></span> <span class='ocrx_word' id='word_1_387' title='bbox 2697 2199 2749 2242; x_wconf 90' lang='lat' dir='ltr'><strong>et</strong></span> <span class='ocrx_word' id='word_1_388' title='bbox 2783 2189 3031 2258; x_wconf 88' lang='lat' dir='ltr'><strong>proprias</strong></span> <span class='ocrx_word' id='word_1_389' title='bbox 3065 2193 3424 2250; x_wconf 89' lang='lat' dir='ltr'><strong>introducens</strong></span> <span class='ocrx_word' id='word_1_390' title='bbox 3457 2196 3649 2250; x_wconf 67' lang='lat' dir='ltr'><strong>inetia-</strong></span> 
     </span>
    </p>
   </div>
   <div class='ocr_carea' id='block_1_54' title="bbox 2071 2275 3647 2359">
    <p class='ocr_par' dir='ltr' id='par_1_54' title="bbox 2071 2275 3647 2359">
     <span class='ocr_line' id='line_1_54' title="bbox 2071 2275 3647 2359; baseline 0.008 -32"><span class='ocrx_word' id='word_1_391' title='bbox 2071 2275 2160 2328; x_wconf 85' lang='lat' dir='ltr'><strong>bili</strong></span> <span class='ocrx_word' id='word_1_392' title='bbox 2194 2277 2390 2344; x_wconf 73' lang='lat' dir='ltr'><strong>gratia,</strong></span> <span class='ocrx_word' id='word_1_393' title='bbox 2421 2295 2526 2346; x_wconf 90' lang='lat' dir='ltr'><strong>qua</strong></span> <span class='ocrx_word' id='word_1_394' title='bbox 2558 2281 2818 2348; x_wconf 59' lang='lat' dir='ltr'><strong>praeditus</strong></span> <span class='ocrx_word' id='word_1_395' title='bbox 2848 2282 3033 2344; x_wconf 89' lang='lat' dir='ltr'><strong>homo,</strong></span> <span class='ocrx_word' id='word_1_396' title='bbox 3068 2285 3368 2341; x_wconf 86' lang='lat' dir='ltr'><strong>secundum</strong></span> <span class='ocrx_word' id='word_1_397' title='bbox 3411 2289 3647 2359; x_wconf 73' lang='lat' dir='ltr'><strong>prophe-</strong></span> 
     </span>
    </p>
   </div>
   <div class='ocr_carea' id='block_1_55' title="bbox 2071 2367 3648 2445">
    <p class='ocr_par' dir='ltr' id='par_1_55' title="bbox 2071 2367 3648 2445">
     <span class='ocr_line' id='line_1_55' title="bbox 2071 2367 3648 2445; baseline 0.011 -27"><span class='ocrx_word' id='word_1_398' title='bbox 2071 2373 2152 2418; x_wconf 86' lang='lat' dir='ltr'><strong>tas</strong></span> <span class='ocrx_word' id='word_1_399' title='bbox 2184 2376 2238 2418; x_wconf 91' lang='lat' dir='ltr'><strong>et</strong></span> <span class='ocrx_word' id='word_1_400' title='bbox 2264 2367 2561 2436; x_wconf 82' lang='lat' dir='ltr'><strong>discipulos</strong></span> <span class='ocrx_word' id='word_1_401' title='bbox 2591 2368 2825 2436; x_wconf 88' lang='lat' dir='ltr'><strong>Christi,</strong></span> <span class='ocrx_word' id='word_1_402' title='bbox 2854 2371 2920 2425; x_wconf 84' lang='lat' dir='ltr'><strong>de</strong></span> <span class='ocrx_word' id='word_1_403' title='bbox 2951 2372 3062 2427; x_wconf 89' lang='lat' dir='ltr'><strong>Deo</strong></span> <span class='ocrx_word' id='word_1_404' title='bbox 3126 2376 3387 2445; x_wconf 81' lang='lat' dir='ltr'><strong>loquitur.</strong></span> <span class='ocrx_word' id='word_1_405' title='bbox 3452 2396 3558 2434; x_wconf 92' lang='lat' dir='ltr'><strong>non</strong></span> <span class='ocrx_word' id='word_1_406' title='bbox 3620 2398 3648 2435; x_wconf 93' lang='lat' dir='ltr'><strong>a</strong></span> 
     </span>
    </p>
   </div>
   <div class='ocr_carea' id='block_1_56' title="bbox 2070 2457 3651 2533">
    <p class='ocr_par' dir='ltr' id='par_1_56' title="bbox 2070 2457 3651 2533">
     <span class='ocr_line' id='line_1_56' title="bbox 2070 2457 3651 2533; baseline 0.011 -24"><span class='ocrx_word' id='word_1_407' title='bbox 2070 2457 2323 2525; x_wconf 75' lang='lat' dir='ltr'><strong>malignis</strong></span> <span class='ocrx_word' id='word_1_408' title='bbox 2357 2459 2640 2528; x_wconf 86' lang='lat' dir='ltr'><strong>spiritibus</strong></span> <span class='ocrx_word' id='word_1_409' title='bbox 2670 2463 2762 2531; x_wconf 88' lang='lat' dir='ltr'><strong>qui</strong></span> <span class='ocrx_word' id='word_1_410' title='bbox 2815 2466 3161 2533; x_wconf 87' lang='lat' dir='ltr'><strong>speculantes</strong></span> <span class='ocrx_word' id='word_1_411' title='bbox 3191 2471 3519 2526; x_wconf 88' lang='lat' dir='ltr'><strong>conturbant</strong></span> <span class='ocrx_word' id='word_1_412' title='bbox 3569 2473 3651 2526; x_wconf 75' lang='lat' dir='ltr'><strong>in-</strong></span> 
     </span>
    </p>
   </div>
   <div class='ocr_carea' id='block_1_57' title="bbox 2069 2546 3650 2623">
    <p class='ocr_par' dir='ltr' id='par_1_57' title="bbox 2069 2546 3650 2623">
     <span class='ocr_line' id='line_1_57' title="bbox 2069 2546 3650 2623; baseline 0.011 -24"><span class='ocrx_word' id='word_1_413' title='bbox 2069 2546 2330 2614; x_wconf 89' lang='lat' dir='ltr'><strong>spiratus,</strong></span> <span class='ocrx_word' id='word_1_414' title='bbox 2361 2550 2452 2602; x_wconf 88' lang='lat' dir='ltr'><strong>sed</strong></span> <span class='ocrx_word' id='word_1_415' title='bbox 2482 2549 2536 2602; x_wconf 91' lang='lat' dir='ltr'><strong>in</strong></span> <span class='ocrx_word' id='word_1_416' title='bbox 2575 2560 2689 2605; x_wconf 91' lang='lat' dir='ltr'><strong>tuto</strong></span> <span class='ocrx_word' id='word_1_417' title='bbox 2741 2555 2970 2620; x_wconf 88' lang='lat' dir='ltr'><strong>positus,</strong></span> <span class='ocrx_word' id='word_1_418' title='bbox 3021 2559 3178 2623; x_wconf 89' lang='lat' dir='ltr'><strong>quasi</strong></span> <span class='ocrx_word' id='word_1_419' title='bbox 3229 2575 3458 2616; x_wconf 90' lang='lat' dir='ltr'><strong>manens</strong></span> <span class='ocrx_word' id='word_1_420' title='bbox 3508 2563 3650 2617; x_wconf 70' lang='lat' dir='ltr'><strong>intra</strong></span> 
     </span>
    </p>
   </div>
   <div class='ocr_carea' id='block_1_58' title="bbox 2073 2635 3651 2721">
    <p class='ocr_par' dir='ltr' id='par_1_58' title="bbox 2073 2635 3651 2721">
     <span class='ocr_line' id='line_1_58' title="bbox 2073 2635 3651 2721; baseline 0.01 -31"><span class='ocrx_word' id='word_1_421' title='bbox 2073 2635 2317 2691; x_wconf 89' lang='lat' dir='ltr'><strong>divinum</strong></span> <span class='ocrx_word' id='word_1_422' title='bbox 2357 2639 2770 2694; x_wconf 84' lang='lat' dir='ltr'><strong>tabernaculum</strong></span> <span class='ocrx_word' id='word_1_423' title='bbox 2804 2659 2900 2697; x_wconf 87' lang='lat' dir='ltr'><strong>seu</strong></span> <span class='ocrx_word' id='word_1_424' title='bbox 2929 2655 3178 2699; x_wconf 81' lang='lat' dir='ltr'><strong>sanctum</strong></span> <span class='ocrx_word' id='word_1_425' title='bbox 3213 2649 3500 2718; x_wconf 87' lang='lat' dir='ltr'><strong>templum,</strong></span> <span class='ocrx_word' id='word_1_426' title='bbox 3529 2669 3651 2721; x_wconf 70' lang='lat' dir='ltr'><strong>qua:</strong></span> 
     </span>
    </p>
   </div>
   <div class='ocr_carea' id='block_1_59' title="bbox 2069 2725 3648 2804">
    <p class='ocr_par' dir='ltr' id='par_1_59' title="bbox 2069 2725 3648 2804">
     <span class='ocr_line' id='line_1_59' title="bbox 2069 2725 3648 2804; baseline 0.01 -26"><span class='ocrx_word' id='word_1_427' title='bbox 2069 2725 2315 2780; x_wconf 16' lang='lat' dir='ltr'><strong>Mosaicae</strong></span> <span class='ocrx_word' id='word_1_428' title='bbox 2339 2729 2480 2782; x_wconf 89' lang='lat' dir='ltr'><strong>nube</strong></span> <span class='ocrx_word' id='word_1_429' title='bbox 2512 2729 2737 2784; x_wconf 88' lang='lat' dir='ltr'><strong>meliora</strong></span> <span class='ocrx_word' id='word_1_430' title='bbox 2765 2740 2912 2799; x_wconf 84' lang='lat' dir='ltr'><strong>sunt,</strong></span> <span class='ocrx_word' id='word_1_431' title='bbox 2941 2743 3017 2796; x_wconf 89' lang='lat' dir='ltr'><strong>et,</strong></span> <span class='ocrx_word' id='word_1_432' title='bbox 3059 2743 3115 2788; x_wconf 92' lang='lat' dir='ltr'><strong>ut</strong></span> <span class='ocrx_word' id='word_1_433' title='bbox 3146 2735 3218 2788; x_wconf 82' lang='lat' dir='ltr'><strong>ita</strong></span> <span class='ocrx_word' id='word_1_434' title='bbox 3241 2737 3441 2804; x_wconf 86' lang='lat' dir='ltr'><strong>dicam,</strong></span> <span class='ocrx_word' id='word_1_435' title='bbox 3476 2742 3648 2795; x_wconf 71' lang='lat' dir='ltr'><strong>dit-iui</strong></span> 
     </span>
    </p>
   </div>
   <div class='ocr_carea' id='block_1_60' title="bbox 2072 2821 3649 2899">
    <p class='ocr_par' dir='ltr' id='par_1_60' title="bbox 2072 2821 3649 2899">
     <span class='ocr_line' id='line_1_60' title="bbox 2072 2821 3649 2899; baseline 0.009 -29"><span class='ocrx_word' id='word_1_436' title='bbox 2072 2832 2360 2874; x_wconf 85' lang='lat' dir='ltr'><strong>recessus:</strong></span> <span class='ocrx_word' id='word_1_437' title='bbox 2397 2821 2676 2890; x_wconf 74' lang='lat' dir='ltr'><strong>Protegam</strong></span> <span class='ocrx_word' id='word_1_438' title='bbox 2732 2824 2901 2885; x_wconf 90' lang='lat' dir='ltr'><strong>enim,</strong></span> <span class='ocrx_word' id='word_1_439' title='bbox 2954 2825 3133 2891; x_wconf 87' lang='lat' dir='ltr'><strong>inquit</strong></span> <span class='ocrx_word' id='word_1_440' title='bbox 3177 2842 3326 2894; x_wconf 84' lang='lat' dir='ltr'><strong>eum,</strong></span> <span class='ocrx_word' id='word_1_441' title='bbox 3391 2834 3649 2899; x_wconf 72' lang='lat' dir='ltr'><strong>quoniam</strong></span> 
     </span>
    </p>
   </div>
   <div class='ocr_carea' id='block_1_61' title="bbox 2069 2911 3652 2992">
    <p class='ocr_par' dir='ltr' id='par_1_61' title="bbox 2069 2911 3652 2992">
     <span class='ocr_line' id='line_1_61' title="bbox 2069 2911 3652 2992; baseline 0.009 -30"><span class='ocrx_word' id='word_1_442' title='bbox 2069 2911 2324 2979; x_wconf 79' lang='lat' dir='ltr'><strong>cognovit</strong></span> <span class='ocrx_word' id='word_1_443' title='bbox 2355 2926 2553 2965; x_wconf 88' lang='lat' dir='ltr'><strong>nomen</strong></span> <span class='ocrx_word' id='word_1_444' title='bbox 2585 2927 2788 2968; x_wconf 84' lang='lat' dir='ltr'><strong>meum.</strong></span> <span class='ocrx_word' id='word_1_445' title='bbox 2827 2913 2975 2969; x_wconf 88' lang='lat' dir='ltr'><strong>Talis</strong></span> <span class='ocrx_word' id='word_1_446' title='bbox 3006 2924 3188 2970; x_wconf 86' lang='lat' dir='ltr'><strong>autem</strong></span> <span class='ocrx_word' id='word_1_447' title='bbox 3246 2928 3366 2972; x_wconf 87' lang='lat' dir='ltr'><strong>erat</strong></span> <span class='ocrx_word' id='word_1_448' title='bbox 3417 2926 3652 2992; x_wconf 85' lang='lat' dir='ltr'><strong>pr0pl.c-</strong></span> 
     </span>
    </p>
   </div>
   <div class='ocr_carea' id='block_1_62' title="bbox 2073 2999 3653 3084">
    <p class='ocr_par' dir='ltr' id='par_1_62' title="bbox 2073 2999 3653 3084">
     <span class='ocr_line' id='line_1_62' title="bbox 2073 2999 3653 3084; baseline 0.011 -32"><span class='ocrx_word' id='word_1_449' title='bbox 2073 3000 2201 3053; x_wconf 82' lang='lat' dir='ltr'><strong>tissa</strong></span> <span class='ocrx_word' id='word_1_450' title='bbox 2229 2999 2407 3066; x_wconf 83' lang='lat' dir='ltr'><strong>Anna,</strong></span> <span class='ocrx_word' id='word_1_451' title='bbox 2440 3017 2561 3070; x_wconf 71' lang='lat' dir='ltr'><strong>qua:</strong></span> <span class='ocrx_word' id='word_1_452' title='bbox 2596 3007 2961 3073; x_wconf 81' lang='lat' dir='ltr'><strong>cognoscebat</strong></span> <span class='ocrx_word' id='word_1_453' title='bbox 3001 3005 3192 3073; x_wconf 85' lang='lat' dir='ltr'><strong>Deum,</strong></span> <span class='ocrx_word' id='word_1_454' title='bbox 3218 3013 3358 3076; x_wconf 16' lang='lat' dir='ltr'><strong>quodI</strong></span> <span class='ocrx_word' id='word_1_455' title='bbox 3410 3012 3479 3067; x_wconf 89' lang='lat' dir='ltr'><strong>ab</strong></span> <span class='ocrx_word' id='word_1_456' title='bbox 3535 3016 3653 3084; x_wconf 83' lang='lat' dir='ltr'><strong>ipso</strong></span> 
     </span>
    </p>
   </div>
   <div class='ocr_carea' id='block_1_63' title="bbox 393 3094 1984 3170">
    <p class='ocr_par' dir='ltr' id='par_1_63' title="bbox 393 3099 1963 3170">
     <span class='ocr_line' id='line_1_63' title="bbox 393 3099 1963 3170; baseline 0.001 -18"><span class='ocrx_word' id='word_1_457' title='bbox 393 3118 498 3163; x_wconf 84' lang='grc' dir='ltr'><strong>τως</strong></span> <span class='ocrx_word' id='word_1_458' title='bbox 523 3102 581 3152; x_wconf 78' lang='grc' dir='ltr'><strong>ἐν</strong></span> <span class='ocrx_word' id='word_1_459' title='bbox 613 3100 812 3169; x_wconf 82' lang='grc' dir='ltr'>ἡσυχίᾳ</span> <span class='ocrx_word' id='word_1_460' title='bbox 848 3099 1159 3170; x_wconf 84' lang='grc' dir='ltr'>καρδιακῶς</span> <span class='ocrx_word' id='word_1_461' title='bbox 1210 3099 1361 3168; x_wconf 83' lang='grc' dir='ltr'>αὑτῷ</span> <span class='ocrx_word' id='word_1_462' title='bbox 1407 3100 1834 3168; x_wconf 79' lang='grc' dir='ltr'>ὲντυγχάνονσα,</span> <span class='ocrx_word' id='word_1_463' title='bbox 1869 3105 1963 3154; x_wconf 79' lang='grc' dir='ltr'>καὶ</span> 
     </span>
    </p>
   </div>
   <div class='ocr_carea' id='block_1_64' title="bbox 2074 3094 3655 3170">
    <p class='ocr_par' dir='ltr' id='par_1_64' title="bbox 2074 3094 3655 3168">
     <span class='ocr_line' id='line_1_64' title="bbox 2074 3094 3655 3168; baseline 0.009 -24"><span class='ocrx_word' id='word_1_464' title='bbox 2074 3099 2458 3161; x_wconf 79' lang='lat' dir='ltr'><strong>protegeretur,</strong></span> <span class='ocrx_word' id='word_1_465' title='bbox 2509 3103 2565 3147; x_wconf 91' lang='lat' dir='ltr'><strong>et</strong></span> <span class='ocrx_word' id='word_1_466' title='bbox 2602 3094 2679 3148; x_wconf 88' lang='lat' dir='ltr'><strong>sic</strong></span> <span class='ocrx_word' id='word_1_467' title='bbox 2731 3095 2785 3148; x_wconf 89' lang='lat' dir='ltr'><strong>in</strong></span> <span class='ocrx_word' id='word_1_468' title='bbox 2843 3098 3136 3152; x_wconf 84' lang='lat' dir='ltr'><strong>securitate</strong></span> <span class='ocrx_word' id='word_1_469' title='bbox 3188 3100 3290 3168; x_wconf 87' lang='lat' dir='ltr'><strong>ipsi</strong></span> <span class='ocrx_word' id='word_1_470' title='bbox 3352 3117 3420 3157; x_wconf 78' lang='lat' dir='ltr'><strong>ex</strong></span> <span class='ocrx_word' id='word_1_471' title='bbox 3467 3107 3655 3160; x_wconf 85' lang='lat' dir='ltr'><strong>animo</strong></span> 
     </span>
    </p>
   </div>
   <div class='ocr_carea' id='block_1_65' title="bbox 392 3193 1966 3264">
    <p class='ocr_par' dir='ltr' id='par_1_65' title="bbox 392 3193 1966 3264">
     <span class='ocr_line' id='line_1_65' title="bbox 392 3193 1966 3264; baseline 0.002 -19"><span class='ocrx_word' id='word_1_472' title='bbox 392 3193 598 3263; x_wconf 81' lang='grc' dir='ltr'>κραγδν</span> <span class='ocrx_word' id='word_1_473' title='bbox 635 3193 733 3262; x_wconf 84' lang='grc' dir='ltr'><strong>μὲν</strong></span> <span class='ocrx_word' id='word_1_474' title='bbox 773 3194 832 3246; x_wconf 81' lang='grc' dir='ltr'><strong>ού</strong></span> <span class='ocrx_word' id='word_1_475' title='bbox 859 3194 1136 3262; x_wconf 68' lang='grc' dir='ltr'>κράζοντα</span> <span class='ocrx_word' id='word_1_476' title='bbox 1167 3195 1262 3246; x_wconf 81' lang='grc' dir='ltr'>καὶ</span> <span class='ocrx_word' id='word_1_477' title='bbox 1293 3194 1491 3264; x_wconf 86' lang='grc' dir='ltr'>τρανὲς</span> <span class='ocrx_word' id='word_1_478' title='bbox 1543 3196 1637 3246; x_wconf 82' lang='grc' dir='ltr'>καὶ</span> <span class='ocrx_word' id='word_1_479' title='bbox 1665 3196 1847 3263; x_wconf 75' lang='grc' dir='ltr'>τορὸν,</span> <span class='ocrx_word' id='word_1_480' title='bbox 1875 3197 1966 3250; x_wconf 75' lang='grc' dir='ltr'><strong>ἄλ-</strong></span> 
     </span>
    </p>
   </div>
   <div class='ocr_carea' id='block_1_66' title="bbox 390 3282 1968 3357">
    <p class='ocr_par' dir='ltr' id='par_1_66' title="bbox 390 3282 1968 3357">
     <span class='ocr_line' id='line_1_66' title="bbox 390 3282 1968 3357; baseline 0.004 -22"><span class='ocrx_word' id='word_1_481' title='bbox 390 3287 498 3349; x_wconf 84' lang='grc' dir='ltr'>λως</span> <span class='ocrx_word' id='word_1_482' title='bbox 543 3286 620 3348; x_wconf 77' lang='grc' dir='ltr'><strong>δὲ,</strong></span> <span class='ocrx_word' id='word_1_483' title='bbox 673 3282 816 3337; x_wconf 85' lang='grc' dir='ltr'>καθὰ</span> <span class='ocrx_word' id='word_1_484' title='bbox 846 3286 873 3336; x_wconf 88' lang='lat'><strong>6</strong></span> <span class='ocrx_word' id='word_1_485' title='bbox 905 3283 1057 3352; x_wconf 73' lang='grc' dir='ltr'>ἅγιος</span> <span class='ocrx_word' id='word_1_486' title='bbox 1101 3285 1284 3345; x_wconf 82' lang='grc' dir='ltr'>Ἰωνᾶς</span> <span class='ocrx_word' id='word_1_487' title='bbox 1311 3286 1376 3336; x_wconf 79' lang='grc' dir='ltr'>ἐκ</span> <span class='ocrx_word' id='word_1_488' title='bbox 1412 3284 1507 3336; x_wconf 83' lang='grc' dir='ltr'>τοῦ</span> <span class='ocrx_word' id='word_1_489' title='bbox 1543 3287 1760 3356; x_wconf 79' lang='grc' dir='ltr'>κήτους,</span> <span class='ocrx_word' id='word_1_490' title='bbox 1789 3287 1968 3357; x_wconf 75' lang='grc' dir='ltr'>βοῶσα</span> 
     </span>
    </p>
   </div>
   <div class='ocr_carea' id='block_1_67' title="bbox 391 3375 1968 3446">
    <p class='ocr_par' dir='ltr' id='par_1_67' title="bbox 391 3375 1968 3446">
     <span class='ocr_line' id='line_1_67' title="bbox 391 3375 1968 3446; baseline 0.002 -16"><span class='ocrx_word' id='word_1_491' title='bbox 391 3380 458 3430; x_wconf 79' lang='grc' dir='ltr'>ἐκ</span> <span class='ocrx_word' id='word_1_492' title='bbox 479 3376 714 3446; x_wconf 80' lang='grc' dir='ltr'>συνοχῆς</span> <span class='ocrx_word' id='word_1_493' title='bbox 737 3375 959 3444; x_wconf 78' lang='grc' dir='ltr'>καρδίας</span> <span class='ocrx_word' id='word_1_494' title='bbox 989 3376 1302 3446; x_wconf 81' lang='grc' dir='ltr'>ὲνδόμυχος.</span> <span class='ocrx_word' id='word_1_495' title='bbox 1355 3377 1447 3429; x_wconf 78' lang='grc' dir='ltr'><strong>Διὸ</strong></span> <span class='ocrx_word' id='word_1_496' title='bbox 1491 3380 1783 3446; x_wconf 83' lang='grc' dir='ltr'>πανσὸφως</span> <span class='ocrx_word' id='word_1_497' title='bbox 1813 3383 1908 3432; x_wconf 75' lang='grc' dir='ltr'>καὶ</span> <span class='ocrx_word' id='word_1_498' title='bbox 1938 3382 1968 3433; x_wconf 86' lang='lat'><strong>6</strong></span> 
     </span>
    </p>
   </div>
   <div class='ocr_carea' id='block_1_68' title="bbox 392 3465 1968 3535">
    <p class='ocr_par' dir='ltr' id='par_1_68' title="bbox 392 3465 1968 3535">
     <span class='ocr_line' id='line_1_68' title="bbox 392 3465 1968 3535; baseline 0.003 -17"><span class='ocrx_word' id='word_1_499' title='bbox 392 3468 559 3522; x_wconf 78' lang='grc' dir='ltr'><strong>Δαόὶδ</strong></span> <span class='ocrx_word' id='word_1_500' title='bbox 591 3468 732 3535; x_wconf 84' lang='grc' dir='ltr'>μετὰ</span> <span class='ocrx_word' id='word_1_501' title='bbox 760 3466 822 3518; x_wconf 84' lang='grc' dir='ltr'>τὸ</span> <span class='ocrx_word' id='word_1_502' title='bbox 877 3467 1172 3535; x_wconf 74' lang='grc' dir='ltr'>σκέπασμα</span> <span class='ocrx_word' id='word_1_503' title='bbox 1223 3465 1286 3518; x_wconf 84' lang='grc' dir='ltr'>τὸ</span> <span class='ocrx_word' id='word_1_504' title='bbox 1337 3465 1428 3519; x_wconf 81' lang='grc' dir='ltr'>διὰ</span> <span class='ocrx_word' id='word_1_505' title='bbox 1477 3468 1577 3535; x_wconf 82' lang='grc' dir='ltr'><strong>τὴν</strong></span> <span class='ocrx_word' id='word_1_506' title='bbox 1623 3468 1824 3534; x_wconf 85' lang='grc' dir='ltr'><strong>γνῶσιν</strong></span> <span class='ocrx_word' id='word_1_507' title='bbox 1875 3469 1968 3522; x_wconf 83' lang='grc' dir='ltr'>τοῦ</span> 
     </span>
    </p>
   </div>
   <div class='ocr_carea' id='block_1_69' title="bbox 388 3553 1968 3626">
    <p class='ocr_par' dir='ltr' id='par_1_69' title="bbox 388 3553 1968 3626">
     <span class='ocr_line' id='line_1_69' title="bbox 388 3553 1968 3626; baseline 0.001 -16"><span class='ocrx_word' id='word_1_508' title='bbox 388 3557 547 3624; x_wconf 77' lang='grc' dir='ltr'>Θεοῦ,</span> <span class='ocrx_word' id='word_1_509' title='bbox 581 3556 830 3626; x_wconf 73' lang='grc' dir='ltr'><strong>ἐπήγαγε</strong></span> <span class='ocrx_word' id='word_1_510' title='bbox 859 3555 938 3623; x_wconf 74' lang='grc' dir='ltr'><strong>τὸ,</strong></span> <span class='ocrx_word' id='word_1_511' title='bbox 969 3553 1328 3623; x_wconf 73' lang='grc' dir='ltr'>Κεκρὰξεται</span> <span class='ocrx_word' id='word_1_512' title='bbox 1379 3556 1531 3623; x_wconf 82' lang='grc' dir='ltr'>πρός</span> <span class='ocrx_word' id='word_1_513' title='bbox 1564 3573 1662 3624; x_wconf 81' lang='grc' dir='ltr'><strong>με,</strong></span> <span class='ocrx_word' id='word_1_514' title='bbox 1697 3559 1796 3611; x_wconf 75' lang='grc' dir='ltr'>καὶ</span> <span class='ocrx_word' id='word_1_515' title='bbox 1823 3559 1968 3612; x_wconf 82' lang='grc' dir='ltr'>ἑπα-</span> 
     </span>
    </p>
   </div>
   <div class='ocr_carea' id='block_1_70' title="bbox 389 3649 1968 3724">
    <p class='ocr_par' dir='ltr' id='par_1_70' title="bbox 389 3649 1968 3724">
     <span class='ocr_line' id='line_1_70' title="bbox 389 3649 1968 3724; baseline 0.003 -19"><span class='ocrx_word' id='word_1_516' title='bbox 389 3653 689 3720; x_wconf 78' lang='grc' dir='ltr'>κούσομαι</span> <span class='ocrx_word' id='word_1_517' title='bbox 719 3649 905 3705; x_wconf 77' lang='grc' dir='ltr'>αὑτοῦ</span> <span class='ocrx_word' id='word_1_518' title='bbox 931 3667 945 3680; x_wconf 81' lang='grc'><em>’</em></span> <span class='ocrx_word' id='word_1_519' title='bbox 983 3651 1040 3714; x_wconf 85' lang='grc' dir='ltr'>ὃς</span> <span class='ocrx_word' id='word_1_520' title='bbox 1063 3666 1127 3718; x_wconf 90' lang='grc' dir='ltr'><strong>γε</strong></span> <span class='ocrx_word' id='word_1_521' title='bbox 1157 3651 1251 3703; x_wconf 77' lang='grc' dir='ltr'>καὶ</span> <span class='ocrx_word' id='word_1_522' title='bbox 1290 3650 1371 3703; x_wconf 80' lang='grc' dir='ltr'>ἐτι</span> <span class='ocrx_word' id='word_1_523' title='bbox 1396 3651 1684 3716; x_wconf 84' lang='grc' dir='ltr'>λαλοῦντος</span> <span class='ocrx_word' id='word_1_524' title='bbox 1711 3655 1806 3707; x_wconf 81' lang='grc' dir='ltr'>τοῦ</span> <span class='ocrx_word' id='word_1_525' title='bbox 1833 3659 1968 3724; x_wconf 83' lang='grc' dir='ltr'><strong>ἀγα-</strong></span> 
     </span>
    </p>
   </div>
   <div class='ocr_carea' id='block_1_71' title="bbox 391 3741 1968 3814">
    <p class='ocr_par' dir='ltr' id='par_1_71' title="bbox 391 3741 1968 3814">
     <span class='ocr_line' id='line_1_71' title="bbox 391 3741 1968 3814; baseline 0.004 -18"><span class='ocrx_word' id='word_1_526' title='bbox 391 3745 488 3796; x_wconf 80' lang='grc' dir='ltr'><strong>θοῦ</strong></span> <span class='ocrx_word' id='word_1_527' title='bbox 525 3741 839 3813; x_wconf 78' lang='grc' dir='ltr'>ἀνθρώπου,</span> <span class='ocrx_word' id='word_1_528' title='bbox 889 3743 985 3795; x_wconf 71' lang='grc' dir='ltr'>καὶ</span> <span class='ocrx_word' id='word_1_529' title='bbox 1029 3743 1197 3814; x_wconf 83' lang='grc' dir='ltr'>πρινὴ</span> <span class='ocrx_word' id='word_1_530' title='bbox 1238 3742 1295 3796; x_wconf 76' lang='grc' dir='ltr'><strong>δὲ</strong></span> <span class='ocrx_word' id='word_1_531' title='bbox 1333 3742 1535 3810; x_wconf 86' lang='grc' dir='ltr'><strong>λαλεῖν,</strong></span> <span class='ocrx_word' id='word_1_532' title='bbox 1578 3747 1752 3800; x_wconf 87' lang='grc' dir='ltr'><strong>κλίνει</strong></span> <span class='ocrx_word' id='word_1_533' title='bbox 1779 3752 1839 3801; x_wconf 82' lang='grc' dir='ltr'>τὸ</span> <span class='ocrx_word' id='word_1_534' title='bbox 1873 3748 1968 3812; x_wconf 80' lang='grc' dir='ltr'>οὖς</span> 
     </span>
    </p>
   </div>
   <div class='ocr_carea' id='block_1_72' title="bbox 389 3833 999 3906">
    <p class='ocr_par' dir='ltr' id='par_1_72' title="bbox 389 3833 999 3906">
     <span class='ocr_line' id='line_1_72' title="bbox 389 3833 999 3906; baseline 0.002 -19"><span class='ocrx_word' id='word_1_535' title='bbox 389 3838 488 3887; x_wconf 75' lang='grc' dir='ltr'>καὶ</span> <span class='ocrx_word' id='word_1_536' title='bbox 517 3833 780 3906; x_wconf 78' lang='grc' dir='ltr'>ὑπακούει</span> <span class='ocrx_word' id='word_1_537' title='bbox 813 3834 999 3888; x_wconf 81' lang='grc' dir='ltr'>αὑτοῦ.</span> 
     </span>
    </p>
   </div>
   <div class='ocr_carea' id='block_1_73' title="bbox 463 3925 1969 4001">
    <p class='ocr_par' dir='ltr' id='par_1_73' title="bbox 463 3925 1969 4001">
     <span class='ocr_line' id='line_1_73' title="bbox 463 3925 1969 4001; baseline 0.004 -22"><span class='ocrx_word' id='word_1_538' title='bbox 463 3933 570 3991; x_wconf 86' lang='grc' dir='ltr'>ος’.</span> <span class='ocrx_word' id='word_1_539' title='bbox 597 3925 813 3980; x_wconf 82' lang='grc' dir='ltr'>Τούτων</span> <span class='ocrx_word' id='word_1_540' title='bbox 837 3926 892 3980; x_wconf 74' lang='grc' dir='ltr'>δὲ</span> <span class='ocrx_word' id='word_1_541' title='bbox 921 3925 1095 3988; x_wconf 73' lang='grc' dir='ltr'>οὕτως</span> <span class='ocrx_word' id='word_1_542' title='bbox 1136 3925 1388 3996; x_wconf 82' lang='grc' dir='ltr'>ἐχόντων,</span> <span class='ocrx_word' id='word_1_543' title='bbox 1427 3930 1606 3992; x_wconf 65' lang='grc' dir='ltr'>καλῶς</span> <span class='ocrx_word' id='word_1_544' title='bbox 1648 3931 1716 3984; x_wconf 86' lang='grc' dir='ltr'><strong>ἂν</strong></span> <span class='ocrx_word' id='word_1_545' title='bbox 1757 3931 1872 4001; x_wconf 76' lang='grc' dir='ltr'>ἔχοι</span> <span class='ocrx_word' id='word_1_546' title='bbox 1895 3933 1969 3985; x_wconf 86' lang='grc' dir='ltr'><strong>εἰ·</strong></span> 
     </span>
    </p>
   </div>
   <div class='ocr_carea' id='block_1_74' title="bbox 390 4017 1967 4094">
    <p class='ocr_par' dir='ltr' id='par_1_74' title="bbox 390 4017 1967 4094">
     <span class='ocr_line' id='line_1_74' title="bbox 390 4017 1967 4094; baseline 0.004 -25"><span class='ocrx_word' id='word_1_547' title='bbox 390 4019 517 4072; x_wconf 80' lang='grc' dir='ltr'>πεῖν</span> <span class='ocrx_word' id='word_1_548' title='bbox 551 4018 700 4088; x_wconf 80' lang='grc' dir='ltr'>ἡμᾶς</span> <span class='ocrx_word' id='word_1_549' title='bbox 746 4019 839 4071; x_wconf 70' lang='grc' dir='ltr'>καὶ</span> <span class='ocrx_word' id='word_1_550' title='bbox 873 4018 955 4071; x_wconf 82' lang='grc' dir='ltr'><strong>ὅτι</strong></span> <span class='ocrx_word' id='word_1_551' title='bbox 998 4017 1253 4086; x_wconf 85' lang='grc' dir='ltr'>φθάσασα</span> <span class='ocrx_word' id='word_1_552' title='bbox 1298 4020 1330 4090; x_wconf 79' lang='grc' dir='ltr'><strong>ἠ</strong></span> <span class='ocrx_word' id='word_1_553' title='bbox 1381 4020 1660 4091; x_wconf 81' lang='grc' dir='ltr'>θαυμασία</span> <span class='ocrx_word' id='word_1_554' title='bbox 1697 4026 1967 4094; x_wconf 76' lang='grc' dir='ltr'>προφῆτις</span> 
     </span>
    </p>
   </div>
   <div class='ocr_carea' id='block_1_75' title="bbox 390 4107 1968 4185">
    <p class='ocr_par' dir='ltr' id='par_1_75' title="bbox 390 4107 1968 4185">
     <span class='ocr_line' id='line_1_75' title="bbox 390 4107 1968 4185; baseline 0.003 -23"><span class='ocrx_word' id='word_1_555' title='bbox 390 4112 453 4162; x_wconf 76' lang='grc' dir='ltr'><strong>ὲν</strong></span> <span class='ocrx_word' id='word_1_556' title='bbox 481 4113 548 4179; x_wconf 82' lang='grc' dir='ltr'><strong>τῇ</strong></span> <span class='ocrx_word' id='word_1_557' title='bbox 598 4108 717 4162; x_wconf 85' lang='grc' dir='ltr'>κατ’</span> <span class='ocrx_word' id='word_1_558' title='bbox 744 4107 913 4179; x_wconf 81' lang='grc' dir='ltr'>αὐτὴν</span> <span class='ocrx_word' id='word_1_559' title='bbox 946 4107 1056 4179; x_wconf 80' lang='grc' dir='ltr'><strong>ᾠδῇ</strong></span> <span class='ocrx_word' id='word_1_560' title='bbox 1089 4110 1446 4165; x_wconf 82' lang='grc' dir='ltr'>ἀποκωλύσαι</span> <span class='ocrx_word' id='word_1_561' title='bbox 1496 4113 1624 4172; x_wconf 78' lang='grc' dir='ltr'>τοὺς</span> <span class='ocrx_word' id='word_1_562' title='bbox 1675 4114 1768 4167; x_wconf 75' lang='grc' dir='ltr'><strong>ὑπ’</strong></span> <span class='ocrx_word' id='word_1_563' title='bbox 1800 4115 1968 4185; x_wconf 84' lang='grc' dir='ltr'>αὐτῆς</span> 
     </span>
    </p>
   </div>
   <div class='ocr_carea' id='block_1_76' title="bbox 389 4200 1967 4273">
    <p class='ocr_par' dir='ltr' id='par_1_76' title="bbox 389 4200 1967 4273">
     <span class='ocr_line' id='line_1_76' title="bbox 389 4200 1967 4273; baseline 0.001 -17"><span class='ocrx_word' id='word_1_564' title='bbox 389 4203 810 4272; x_wconf 82' lang='grc' dir='ltr'>διδασκομένους</span> <span class='ocrx_word' id='word_1_565' title='bbox 859 4200 953 4254; x_wconf 77' lang='grc' dir='ltr'>τοῦ</span> <span class='ocrx_word' id='word_1_566' title='bbox 986 4200 1166 4270; x_wconf 79' lang='grc' dir='ltr'>ὑψηλὰ</span> <span class='ocrx_word' id='word_1_567' title='bbox 1193 4204 1274 4265; x_wconf 88' lang='grc' dir='ltr'><strong>είς</strong></span> <span class='ocrx_word' id='word_1_568' title='bbox 1307 4202 1580 4273; x_wconf 84' lang='grc' dir='ltr'>ὑπεροχὴν</span> <span class='ocrx_word' id='word_1_569' title='bbox 1612 4203 1815 4268; x_wconf 89' lang='grc' dir='ltr'><strong>λαλεῖν,</strong></span> <span class='ocrx_word' id='word_1_570' title='bbox 1873 4206 1967 4258; x_wconf 70' lang='grc' dir='ltr'>καὶ</span> 
     </span>
    </p>
   </div>
   <div class='ocr_carea' id='block_1_77' title="bbox 391 4295 1969 4367">
    <p class='ocr_par' dir='ltr' id='par_1_77' title="bbox 391 4295 1969 4367">
     <span class='ocr_line' id='line_1_77' title="bbox 391 4295 1969 4367; baseline 0.001 -17"><span class='ocrx_word' id='word_1_571' title='bbox 391 4297 495 4360; x_wconf 83' lang='grc' dir='ltr'><strong>τῆς</strong></span> <span class='ocrx_word' id='word_1_572' title='bbox 544 4295 1106 4366; x_wconf 78' lang='grc' dir='ltr'>μεγαλοῤῥημοσύνης</span> <span class='ocrx_word' id='word_1_573' title='bbox 1167 4295 1234 4366; x_wconf 81' lang='grc' dir='ltr'>ἢν</span> <span class='ocrx_word' id='word_1_574' title='bbox 1260 4298 1325 4366; x_wconf 82' lang='grc' dir='ltr'><strong>τῇ</strong></span> <span class='ocrx_word' id='word_1_575' title='bbox 1365 4297 1630 4367; x_wconf 80' lang='grc' dir='ltr'>καυχήσει</span> <span class='ocrx_word' id='word_1_576' title='bbox 1674 4298 1872 4351; x_wconf 85' lang='grc' dir='ltr'>ὀπαδὸν</span> <span class='ocrx_word' id='word_1_577' title='bbox 1893 4299 1969 4351; x_wconf 87' lang='grc' dir='ltr'><strong>οῖ-</strong></span> 
     </span>
    </p>
   </div>
   <div class='ocr_carea' id='block_1_78' title="bbox 389 4386 1966 4457">
    <p class='ocr_par' dir='ltr' id='par_1_78' title="bbox 389 4386 1966 4457">
     <span class='ocr_line' id='line_1_78' title="bbox 389 4386 1966 4457; baseline -0.001 -13"><span class='ocrx_word' id='word_1_578' title='bbox 389 4389 587 4454; x_wconf 80' lang='grc' dir='ltr'>δαμεν,</span> <span class='ocrx_word' id='word_1_579' title='bbox 642 4389 719 4449; x_wconf 82' lang='grc' dir='ltr'>ὡς</span> <span class='ocrx_word' id='word_1_580' title='bbox 755 4389 996 4457; x_wconf 78' lang='grc' dir='ltr'><strong>ἀνοήτων</strong></span> <span class='ocrx_word' id='word_1_581' title='bbox 1024 4387 1192 4441; x_wconf 76' lang='grc' dir='ltr'>ὄντων</span> <span class='ocrx_word' id='word_1_582' title='bbox 1239 4387 1348 4440; x_wconf 86' lang='grc' dir='ltr'>τῶν</span> <span class='ocrx_word' id='word_1_583' title='bbox 1391 4386 1618 4441; x_wconf 84' lang='grc' dir='ltr'>τοιαῦτα</span> <span class='ocrx_word' id='word_1_584' title='bbox 1667 4388 1966 4442; x_wconf 84' lang='grc' dir='ltr'>ποιούντων</span> 
     </span>
    </p>
   </div>
   <div class='ocr_carea' id='block_1_79' title="bbox 390 4477 1970 4548">
    <p class='ocr_par' dir='ltr' id='par_1_79' title="bbox 390 4477 1970 4548">
     <span class='ocr_line' id='line_1_79' title="bbox 390 4477 1970 4548; baseline 0.001 -15"><span class='ocrx_word' id='word_1_585' title='bbox 390 4481 492 4534; x_wconf 80' lang='grc' dir='ltr'>καὶ</span> <span class='ocrx_word' id='word_1_586' title='bbox 515 4479 637 4533; x_wconf 79' lang='grc' dir='ltr'><strong>νοῦν</strong></span> <span class='ocrx_word' id='word_1_587' title='bbox 672 4477 748 4548; x_wconf 82' lang='grc' dir='ltr'>μὴ</span> <span class='ocrx_word' id='word_1_588' title='bbox 775 4479 1006 4548; x_wconf 77' lang='grc' dir='ltr'>ἐχόντων</span> <span class='ocrx_word' id='word_1_589' title='bbox 1041 4480 1133 4530; x_wconf 82' lang='grc' dir='ltr'>καὶ</span> <span class='ocrx_word' id='word_1_590' title='bbox 1158 4479 1379 4546; x_wconf 86' lang='grc' dir='ltr'><strong>γνῶσιν,</strong></span> <span class='ocrx_word' id='word_1_591' title='bbox 1412 4479 1505 4532; x_wconf 78' lang='grc' dir='ltr'><strong>καὶ</strong></span> <span class='ocrx_word' id='word_1_592' title='bbox 1531 4479 1622 4532; x_wconf 81' lang='grc' dir='ltr'><strong>διὰ.</strong></span> <span class='ocrx_word' id='word_1_593' title='bbox 1649 4479 1808 4533; x_wconf 85' lang='grc' dir='ltr'>τοῦτο</span> <span class='ocrx_word' id='word_1_594' title='bbox 1830 4482 1970 4534; x_wconf 79' lang='grc' dir='ltr'><strong>ἀπε·-</strong></span> 
     </span>
    </p>
   </div>
   <div class='ocr_carea' id='block_1_80' title="bbox 390 4568 1973 4643">
    <p class='ocr_par' dir='ltr' id='par_1_80' title="bbox 390 4568 1973 4643">
     <span class='ocr_line' id='line_1_80' title="bbox 390 4568 1973 4643; baseline 0.016 -26"><span class='ocrx_word' id='word_1_595' title='bbox 390 4573 768 4643; x_wconf 81' lang='grc' dir='ltr'>στραμμὲνων</span> <span class='ocrx_word' id='word_1_596' title='bbox 791 4568 868 4639; x_wconf 81' lang='grc' dir='ltr'>τῷ</span> <span class='ocrx_word' id='word_1_597' title='bbox 893 4569 1010 4638; x_wconf 85' lang='grc' dir='ltr'><strong>Θεῴ</strong></span> <span class='ocrx_word' id='word_1_598' title='bbox 1031 4586 1044 4600; x_wconf 78' lang='grc' dir='ltr'><strong>ο</strong></span> <span class='ocrx_word' id='word_1_599' title='bbox 1078 4569 1276 4623; x_wconf 81' lang='grc' dir='ltr'>αὐτίκα</span> <span class='ocrx_word' id='word_1_600' title='bbox 1310 4571 1590 4638; x_wconf 82' lang='grc' dir='ltr'>φιλοσοφεῖ</span> <span class='ocrx_word' id='word_1_601' title='bbox 1612 4570 1687 4633; x_wconf 81' lang='grc' dir='ltr'>ὡς</span> <span class='ocrx_word' id='word_1_602' title='bbox 1706 4570 1973 4640; x_wconf 62' lang='grc' dir='ltr'><strong>αὐτόχρη-</strong></span> 
     </span>
    </p>
   </div>
   <div class='ocr_carea' id='block_1_81' title="bbox 391 4661 1973 4736">
    <p class='ocr_par' dir='ltr' id='par_1_81' title="bbox 391 4661 1973 4736">
     <span class='ocr_line' id='line_1_81' title="bbox 391 4661 1973 4736; baseline -0.003 -18"><span class='ocrx_word' id='word_1_603' title='bbox 391 4683 476 4736; x_wconf 82' lang='grc' dir='ltr'><strong>μα</strong></span> <span class='ocrx_word' id='word_1_604' title='bbox 503 4664 705 4732; x_wconf 83' lang='grc' dir='ltr'>γνῶσίς</span> <span class='ocrx_word' id='word_1_605' title='bbox 730 4665 880 4716; x_wconf 77' lang='grc' dir='ltr'>ἐστιν</span> <span class='ocrx_word' id='word_1_606' title='bbox 913 4662 941 4714; x_wconf 88' lang='lat'><strong>6</strong></span> <span class='ocrx_word' id='word_1_607' title='bbox 974 4661 1123 4724; x_wconf 83' lang='grc' dir='ltr'>Θεὸς,</span> <span class='ocrx_word' id='word_1_608' title='bbox 1169 4663 1264 4715; x_wconf 80' lang='grc' dir='ltr'>καὶ</span> <span class='ocrx_word' id='word_1_609' title='bbox 1293 4662 1426 4724; x_wconf 84' lang='grc' dir='ltr'><strong>Θεὸς</strong></span> <span class='ocrx_word' id='word_1_610' title='bbox 1454 4661 1729 4730; x_wconf 81' lang='grc' dir='ltr'>γνώσεων,</span> <span class='ocrx_word' id='word_1_611' title='bbox 1760 4662 1854 4716; x_wconf 76' lang='grc' dir='ltr'>καὶ</span> <span class='ocrx_word' id='word_1_612' title='bbox 1884 4681 1973 4730; x_wconf 85' lang='grc' dir='ltr'>φι-</span> 
     </span>
    </p>
   </div>
   <div class='ocr_carea' id='block_1_82' title="bbox 386 4754 1972 4824">
    <p class='ocr_par' dir='ltr' id='par_1_82' title="bbox 386 4754 1972 4824">
     <span class='ocr_line' id='line_1_82' title="bbox 386 4754 1972 4824; baseline -0.003 -13"><span class='ocrx_word' id='word_1_613' title='bbox 386 4757 502 4811; x_wconf 85' lang='grc' dir='ltr'><strong>λῶν</strong></span> <span class='ocrx_word' id='word_1_614' title='bbox 525 4757 651 4819; x_wconf 77' lang='grc' dir='ltr'>τοὺς</span> <span class='ocrx_word' id='word_1_615' title='bbox 685 4756 852 4820; x_wconf 79' lang='grc' dir='ltr'>ὅντως</span> <span class='ocrx_word' id='word_1_616' title='bbox 884 4754 1034 4824; x_wconf 87' lang='grc' dir='ltr'><strong>αύτῷ</strong></span> <span class='ocrx_word' id='word_1_617' title='bbox 1063 4754 1362 4823; x_wconf 87' lang='grc' dir='ltr'>γνωστούς.</span> <span class='ocrx_word' id='word_1_618' title='bbox 1387 4755 1479 4807; x_wconf 86' lang='grc' dir='ltr'><strong>Διὸ</strong></span> <span class='ocrx_word' id='word_1_619' title='bbox 1500 4756 1725 4824; x_wconf 76' lang='grc' dir='ltr'>τοιαύτῃ</span> <span class='ocrx_word' id='word_1_620' title='bbox 1760 4756 1972 4822; x_wconf 84' lang='grc' dir='ltr'>φιλοσό-</span> 
     </span>
    </p>
   </div>
   <div class='ocr_carea' id='block_1_83' title="bbox 388 4848 1970 4921">
    <p class='ocr_par' dir='ltr' id='par_1_83' title="bbox 388 4848 1970 4921">
     <span class='ocr_line' id='line_1_83' title="bbox 388 4848 1970 4921; baseline -0.003 -18"><span class='ocrx_word' id='word_1_621' title='bbox 388 4868 480 4920; x_wconf 74' lang='grc' dir='ltr'>φῳ</span> <span class='ocrx_word' id='word_1_622' title='bbox 507 4849 898 4921; x_wconf 85' lang='grc' dir='ltr'>προσεσχηκὼς</span> <span class='ocrx_word' id='word_1_623' title='bbox 925 4849 954 4899; x_wconf 87' lang='lat'><strong>6</strong></span> <span class='ocrx_word' id='word_1_624' title='bbox 986 4849 1118 4911; x_wconf 79' lang='grc' dir='ltr'><strong>Θεὸς</strong></span> <span class='ocrx_word' id='word_1_625' title='bbox 1163 4849 1257 4902; x_wconf 80' lang='grc' dir='ltr'>καὶ</span> <span class='ocrx_word' id='word_1_626' title='bbox 1287 4848 1362 4910; x_wconf 85' lang='grc' dir='ltr'>ὡς</span> <span class='ocrx_word' id='word_1_627' title='bbox 1409 4849 1489 4910; x_wconf 81' lang='grc' dir='ltr'><strong>εἰς</strong></span> <span class='ocrx_word' id='word_1_628' title='bbox 1535 4848 1797 4918; x_wconf 83' lang='grc' dir='ltr'>κήρυγμα</span> <span class='ocrx_word' id='word_1_629' title='bbox 1823 4848 1970 4914; x_wconf 86' lang='grc' dir='ltr'><strong>λογι-</strong></span> 
     </span>
    </p>
   </div>
   <div class='ocr_carea' id='block_1_84' title="bbox 388 4939 1968 5012">
    <p class='ocr_par' dir='ltr' id='par_1_84' title="bbox 388 4939 1968 5012">
     <span class='ocr_line' id='line_1_84' title="bbox 388 4939 1968 5012; baseline -0.004 -16"><span class='ocrx_word' id='word_1_630' title='bbox 388 4946 631 5012; x_wconf 81' lang='grc' dir='ltr'>σάμενος</span> <span class='ocrx_word' id='word_1_631' title='bbox 656 4943 750 4994; x_wconf 76' lang='grc' dir='ltr'>καὶ</span> <span class='ocrx_word' id='word_1_632' title='bbox 785 4941 957 5010; x_wconf 85' lang='grc' dir='ltr'>αὐτὴν</span> <span class='ocrx_word' id='word_1_633' title='bbox 991 4941 1088 4994; x_wconf 82' lang='grc' dir='ltr'>καὶ</span> <span class='ocrx_word' id='word_1_634' title='bbox 1117 4940 1463 5003; x_wconf 79' lang='grc' dir='ltr'>διδάσκαλον,</span> <span class='ocrx_word' id='word_1_635' title='bbox 1507 4939 1837 4992; x_wconf 82' lang='grc' dir='ltr'>ἀποδίδωσιν</span> <span class='ocrx_word' id='word_1_636' title='bbox 1867 4941 1968 4992; x_wconf 54' lang='lat' dir='ltr'><strong>at»</strong></span> 
     </span>
    </p>
   </div>
   <div class='ocr_carea' id='block_1_85' title="bbox 384 5029 1969 5102">
    <p class='ocr_par' dir='ltr' id='par_1_85' title="bbox 384 5029 1969 5102">
     <span class='ocr_line' id='line_1_85' title="bbox 384 5029 1969 5102; baseline -0.004 -15"><span class='ocrx_word' id='word_1_637' title='bbox 384 5037 460 5102; x_wconf 77' lang='grc' dir='ltr'>τῇ</span> <span class='ocrx_word' id='word_1_638' title='bbox 519 5036 578 5087; x_wconf 83' lang='grc' dir='ltr'>τὸ</span> <span class='ocrx_word' id='word_1_639' title='bbox 634 5033 699 5086; x_wconf 77' lang='grc' dir='ltr'><strong>δι’</strong></span> <span class='ocrx_word' id='word_1_640' title='bbox 747 5032 934 5102; x_wconf 82' lang='grc' dir='ltr'>εὐχῆς,</span> <span class='ocrx_word' id='word_1_641' title='bbox 975 5032 1064 5084; x_wconf 81' lang='grc' dir='ltr'><strong>τὸν</strong></span> <span class='ocrx_word' id='word_1_642' title='bbox 1120 5032 1400 5100; x_wconf 75' lang='grc' dir='ltr'>ἀγαπητὸν</span> <span class='ocrx_word' id='word_1_643' title='bbox 1426 5031 1628 5100; x_wconf 79' lang='grc' dir='ltr'><strong>δηλαδὴ</strong></span> <span class='ocrx_word' id='word_1_644' title='bbox 1679 5033 1860 5091; x_wconf 81' lang='grc' dir='ltr'>τόκον,</span> <span class='ocrx_word' id='word_1_645' title='bbox 1909 5029 1969 5081; x_wconf 86' lang='grc' dir='ltr'><strong>ὃν</strong></span> 
     </span>
    </p>
   </div>
   <div class='ocr_carea' id='block_1_86' title="bbox 383 5119 1969 5192">
    <p class='ocr_par' dir='ltr' id='par_1_86' title="bbox 383 5119 1969 5192">
     <span class='ocr_line' id='line_1_86' title="bbox 383 5119 1969 5192; baseline 0 -20"><span class='ocrx_word' id='word_1_646' title='bbox 383 5122 654 5192; x_wconf 66' lang='grc' dir='ltr'>ᾐτήσατο.</span> <span class='ocrx_word' id='word_1_647' title='bbox 692 5120 816 5174; x_wconf 74' lang='grc' dir='ltr'><strong>Ἐπὶ</strong></span> <span class='ocrx_word' id='word_1_648' title='bbox 847 5122 1056 5182; x_wconf 81' lang='grc' dir='ltr'>τούτοις</span> <span class='ocrx_word' id='word_1_649' title='bbox 1089 5121 1203 5172; x_wconf 81' lang='grc' dir='ltr'>ἔστι</span> <span class='ocrx_word' id='word_1_650' title='bbox 1235 5119 1450 5190; x_wconf 83' lang='grc' dir='ltr'>γυργῶς</span> <span class='ocrx_word' id='word_1_651' title='bbox 1484 5123 1689 5189; x_wconf 73' lang='grc' dir='ltr'>φράσαι</span> <span class='ocrx_word' id='word_1_652' title='bbox 1725 5121 1799 5180; x_wconf 82' lang='grc' dir='ltr'>ὡς</span> <span class='ocrx_word' id='word_1_653' title='bbox 1838 5121 1969 5176; x_wconf 84' lang='grc' dir='ltr'><strong>Θεὸν</strong></span> 
     </span>
    </p>
   </div>
   <div class='ocr_carea' id='block_1_87' title="bbox 384 5211 1965 5284">
    <p class='ocr_par' dir='ltr' id='par_1_87' title="bbox 384 5211 1965 5284">
     <span class='ocr_line' id='line_1_87' title="bbox 384 5211 1965 5284; baseline -0.001 -20"><span class='ocrx_word' id='word_1_654' title='bbox 384 5215 644 5281; x_wconf 79' lang='grc' dir='ltr'>γνὼσεων</span> <span class='ocrx_word' id='word_1_655' title='bbox 678 5215 712 5284; x_wconf 82' lang='grc' dir='ltr'>ὴ</span> <span class='ocrx_word' id='word_1_656' title='bbox 737 5215 1134 5284; x_wconf 75' lang='grc' dir='ltr'>μακαριωτάτη</span> <span class='ocrx_word' id='word_1_657' title='bbox 1165 5213 1334 5265; x_wconf 75' lang='grc' dir='ltr'>’Λννα</span> <span class='ocrx_word' id='word_1_658' title='bbox 1365 5211 1595 5266; x_wconf 81' lang='grc' dir='ltr'>εἰποῦσα</span> <span class='ocrx_word' id='word_1_659' title='bbox 1617 5216 1708 5264; x_wconf 86' lang='grc' dir='ltr'><strong>τὸν</strong></span> <span class='ocrx_word' id='word_1_660' title='bbox 1738 5211 1965 5282; x_wconf 77' lang='grc' dir='ltr'>Κύριον,</span> 
     </span>
    </p>
   </div>
   <div class='ocr_carea' id='block_1_88' title="bbox 385 5303 1968 5373">
    <p class='ocr_par' dir='ltr' id='par_1_88' title="bbox 385 5303 1968 5373">
     <span class='ocr_line' id='line_1_88' title="bbox 385 5303 1968 5373; baseline -0.001 -17"><span class='ocrx_word' id='word_1_661' title='bbox 385 5304 701 5373; x_wconf 81' lang='grc' dir='ltr'>φιλοσόφως</span> <span class='ocrx_word' id='word_1_662' title='bbox 736 5305 1050 5357; x_wconf 82' lang='grc' dir='ltr'>ἀντιπίπτει</span> <span class='ocrx_word' id='word_1_663' title='bbox 1077 5307 1189 5367; x_wconf 87' lang='grc' dir='ltr'>τοῖς</span> <span class='ocrx_word' id='word_1_664' title='bbox 1231 5303 1569 5373; x_wconf 83' lang='grc' dir='ltr'>βλασφήμως</span> <span class='ocrx_word' id='word_1_665' title='bbox 1611 5305 1878 5373; x_wconf 80' lang='grc' dir='ltr'>φαμένοις</span> <span class='ocrx_word' id='word_1_666' title='bbox 1919 5305 1968 5355; x_wconf 77' lang='grc' dir='ltr'><strong>εἰ</strong></span> 
     </span>
    </p>
   </div>
   <div class='ocr_carea' id='block_1_89' title="bbox 384 5393 1968 5465">
    <p class='ocr_par' dir='ltr' id='par_1_89' title="bbox 384 5393 1968 5465">
     <span class='ocr_line' id='line_1_89' title="bbox 384 5393 1968 5465; baseline 0.001 -20"><span class='ocrx_word' id='word_1_667' title='bbox 384 5394 508 5447; x_wconf 75' lang='grc' dir='ltr'>ἐστι</span> <span class='ocrx_word' id='word_1_668' title='bbox 537 5395 735 5461; x_wconf 84' lang='grc' dir='ltr'><strong>γνῶσις</strong></span> <span class='ocrx_word' id='word_1_669' title='bbox 788 5394 844 5445; x_wconf 79' lang='grc' dir='ltr'><strong>εν</strong></span> <span class='ocrx_word' id='word_1_670' title='bbox 875 5393 950 5462; x_wconf 84' lang='grc' dir='ltr'>τῷ</span> <span class='ocrx_word' id='word_1_671' title='bbox 985 5393 1228 5465; x_wconf 71' lang='grc' dir='ltr'>’Υψίστῳ</span> <span class='ocrx_word' id='word_1_672' title='bbox 1248 5410 1264 5426; x_wconf 74' lang='grc' dir='ltr'><strong><em>ο</em></strong></span> <span class='ocrx_word' id='word_1_673' title='bbox 1297 5396 1586 5465; x_wconf 71' lang='grc' dir='ltr'>μονονουχὶ</span> <span class='ocrx_word' id='word_1_674' title='bbox 1613 5395 1844 5460; x_wconf 78' lang='grc' dir='ltr'>λέγουσα</span> <span class='ocrx_word' id='word_1_675' title='bbox 1893 5395 1968 5457; x_wconf 84' lang='grc' dir='ltr'>ὡς</span> 
     </span>
    </p>
   </div>
   <div class='ocr_carea' id='block_1_90' title="bbox 387 5483 1967 5555">
    <p class='ocr_par' dir='ltr' id='par_1_90' title="bbox 387 5483 1967 5555">
     <span class='ocr_line' id='line_1_90' title="bbox 387 5483 1967 5555; baseline 0.001 -18"><span class='ocrx_word' id='word_1_676' title='bbox 387 5487 549 5554; x_wconf 69' lang='grc' dir='ltr'><strong>ἡμεῖς</strong></span> <span class='ocrx_word' id='word_1_677' title='bbox 581 5486 629 5537; x_wconf 80' lang='lat' dir='ltr'><strong>oi</strong></span> <span class='ocrx_word' id='word_1_678' title='bbox 655 5484 932 5554; x_wconf 73' lang='grc' dir='ltr'>ἄνθρωποι</span> <span class='ocrx_word' id='word_1_679' title='bbox 963 5486 1062 5538; x_wconf 80' lang='grc' dir='ltr'>οὐκ</span> <span class='ocrx_word' id='word_1_680' title='bbox 1086 5485 1449 5555; x_wconf 72' lang='grc' dir='ltr'><strong>ἐπιστάμεθα,</strong></span> <span class='ocrx_word' id='word_1_681' title='bbox 1491 5488 1585 5538; x_wconf 76' lang='grc' dir='ltr'>καὶ</span> <span class='ocrx_word' id='word_1_682' title='bbox 1618 5485 1686 5537; x_wconf 87' lang='grc' dir='ltr'><strong>δι’</strong></span> <span class='ocrx_word' id='word_1_683' title='bbox 1718 5487 1850 5538; x_wconf 80' lang='grc' dir='ltr'>αὐτὸ</span> <span class='ocrx_word' id='word_1_684' title='bbox 1879 5483 1967 5538; x_wconf 82' lang='grc' dir='ltr'>οἵα</span> 
     </span>
    </p>
   </div>
   <div class='ocr_carea' id='block_1_91' title="bbox 385 5574 1964 5645">
    <p class='ocr_par' dir='ltr' id='par_1_91' title="bbox 385 5574 1964 5645">
     <span class='ocr_line' id='line_1_91' title="bbox 385 5574 1964 5645; baseline 0.002 -21"><span class='ocrx_word' id='word_1_685' title='bbox 385 5574 592 5640; x_wconf 86' lang='grc' dir='ltr'>γνῶσιν</span> <span class='ocrx_word' id='word_1_686' title='bbox 623 5574 700 5645; x_wconf 77' lang='grc' dir='ltr'>μὴ</span> <span class='ocrx_word' id='word_1_687' title='bbox 734 5575 946 5642; x_wconf 72' lang='grc' dir='ltr'>ἔχοντες</span> <span class='ocrx_word' id='word_1_688' title='bbox 996 5575 1284 5645; x_wconf 78' lang='grc' dir='ltr'>ὀφείλομεν</span> <span class='ocrx_word' id='word_1_689' title='bbox 1327 5577 1422 5630; x_wconf 80' lang='grc' dir='ltr'>καὶ</span> <span class='ocrx_word' id='word_1_690' title='bbox 1467 5579 1625 5629; x_wconf 79' lang='grc' dir='ltr'>αὐτοὶ</span> <span class='ocrx_word' id='word_1_691' title='bbox 1674 5577 1855 5644; x_wconf 78' lang='grc' dir='ltr'><strong>λέγειν</strong></span> <span class='ocrx_word' id='word_1_692' title='bbox 1882 5577 1964 5639; x_wconf 83' lang='grc' dir='ltr'>τὸ,</span> 
     </span>
    </p>
   </div>
   <div class='ocr_carea' id='block_1_92' title="bbox 392 5665 1964 5738">
    <p class='ocr_par' dir='ltr' id='par_1_92' title="bbox 392 5665 1964 5738">
     <span class='ocr_line' id='line_1_92' title="bbox 392 5665 1964 5738; baseline 0.001 -17"><span class='ocrx_word' id='word_1_693' title='bbox 392 5666 490 5732; x_wconf 84' lang='grc' dir='ltr'><strong>Τίς</strong></span> <span class='ocrx_word' id='word_1_694' title='bbox 512 5666 666 5735; x_wconf 76' lang='grc' dir='ltr'><strong>ἔγνω</strong></span> <span class='ocrx_word' id='word_1_695' title='bbox 690 5667 838 5722; x_wconf 80' lang='grc' dir='ltr'><strong>νοῦν</strong></span> <span class='ocrx_word' id='word_1_696' title='bbox 867 5667 1087 5736; x_wconf 76' lang='grc' dir='ltr'>Κυρίου</span> <span class='ocrx_word' id='word_1_697' title='bbox 1120 5667 1187 5732; x_wconf 82' lang='grc' dir='ltr'><strong>ὃς</strong></span> <span class='ocrx_word' id='word_1_698' title='bbox 1210 5669 1406 5723; x_wconf 82' lang='grc' dir='ltr'>πάντα</span> <span class='ocrx_word' id='word_1_699' title='bbox 1437 5665 1562 5722; x_wconf 79' lang='grc' dir='ltr'><strong>οἶδε</strong></span> <span class='ocrx_word' id='word_1_700' title='bbox 1587 5669 1681 5723; x_wconf 75' lang='grc' dir='ltr'>καὶ</span> <span class='ocrx_word' id='word_1_701' title='bbox 1717 5668 1830 5737; x_wconf 83' lang='grc' dir='ltr'>πρὸ</span> <span class='ocrx_word' id='word_1_702' title='bbox 1863 5687 1964 5738; x_wconf 73' lang='grc' dir='ltr'><strong>γε·</strong></span> 
     </span>
    </p>
   </div>
   <div class='ocr_carea' id='block_1_93' title="bbox 2073 3184 3656 3267">
    <p class='ocr_par' dir='ltr' id='par_1_93' title="bbox 2073 3184 3656 3267">
     <span class='ocr_line' id='line_1_93' title="bbox 2073 3184 3656 3267; baseline 0.011 -30"><span class='ocrx_word' id='word_1_703' title='bbox 2073 3184 2390 3247; x_wconf 69' lang='lat' dir='ltr'><strong>inhazrebat,</strong></span> <span class='ocrx_word' id='word_1_704' title='bbox 2455 3201 2562 3240; x_wconf 88' lang='lat' dir='ltr'><strong>non</strong></span> <span class='ocrx_word' id='word_1_705' title='bbox 2595 3187 2815 3256; x_wconf 88' lang='lat' dir='ltr'><strong>quidem</strong></span> <span class='ocrx_word' id='word_1_706' title='bbox 2868 3202 3033 3244; x_wconf 89' lang='lat' dir='ltr'><strong>acuto</strong></span> <span class='ocrx_word' id='word_1_707' title='bbox 3096 3193 3496 3267; x_wconf 83' lang='lat' dir='ltr'><strong>manifestoque</strong></span> <span class='ocrx_word' id='word_1_708' title='bbox 3545 3201 3656 3254; x_wconf 89' lang='lat' dir='ltr'><strong>cia-</strong></span> 
     </span>
    </p>
   </div>
   <div class='ocr_carea' id='block_1_94' title="bbox 2070 3277 3654 3346">
    <p class='ocr_par' dir='ltr' id='par_1_94' title="bbox 2070 3277 3654 3346">
     <span class='ocr_line' id='line_1_94' title="bbox 2070 3277 3654 3346; baseline 0.011 -20"><span class='ocrx_word' id='word_1_709' title='bbox 2070 3289 2223 3328; x_wconf 90' lang='lat' dir='ltr'><strong>more</strong></span> <span class='ocrx_word' id='word_1_710' title='bbox 2253 3277 2517 3342; x_wconf 87' lang='lat' dir='ltr'><strong>clamans,</strong></span> <span class='ocrx_word' id='word_1_711' title='bbox 2553 3278 2691 3332; x_wconf 89' lang='lat' dir='ltr'><strong>alias</strong></span> <span class='ocrx_word' id='word_1_712' title='bbox 2725 3289 2930 3346; x_wconf 89' lang='lat' dir='ltr'><strong>autem,</strong></span> <span class='ocrx_word' id='word_1_713' title='bbox 2967 3281 3110 3336; x_wconf 89' lang='lat' dir='ltr'><strong>sicut</strong></span> <span class='ocrx_word' id='word_1_714' title='bbox 3140 3295 3366 3341; x_wconf 89' lang='lat' dir='ltr'><strong>sanctus</strong></span> <span class='ocrx_word' id='word_1_715' title='bbox 3393 3287 3561 3343; x_wconf 82' lang='lat' dir='ltr'><strong>Jonas</strong></span> <span class='ocrx_word' id='word_1_716' title='bbox 3588 3305 3654 3344; x_wconf 75' lang='lat' dir='ltr'><strong>ex</strong></span> 
     </span>
    </p>
   </div>
   <div class='ocr_carea' id='block_1_95' title="bbox 2071 3369 3656 3434">
    <p class='ocr_par' dir='ltr' id='par_1_95' title="bbox 2071 3369 3656 3434">
     <span class='ocr_line' id='line_1_95' title="bbox 2071 3369 3656 3434; baseline 0.012 -18"><span class='ocrx_word' id='word_1_717' title='bbox 2071 3376 2258 3420; x_wconf 78' lang='lat' dir='ltr'><strong>ventre</strong></span> <span class='ocrx_word' id='word_1_718' title='bbox 2284 3372 2410 3434; x_wconf 86' lang='lat' dir='ltr'><strong>ceti,</strong></span> <span class='ocrx_word' id='word_1_719' title='bbox 2446 3383 2508 3422; x_wconf 76' lang='lat' dir='ltr'><strong>ex</strong></span> <span class='ocrx_word' id='word_1_720' title='bbox 2551 3369 2827 3424; x_wconf 81' lang='lat' dir='ltr'><strong>anxietate</strong></span> <span class='ocrx_word' id='word_1_721' title='bbox 2853 3372 3035 3427; x_wconf 91' lang='lat' dir='ltr'><strong>cordis</strong></span> <span class='ocrx_word' id='word_1_722' title='bbox 3090 3374 3422 3433; x_wconf 82' lang='lat' dir='ltr'><strong>intrinsecus</strong></span> <span class='ocrx_word' id='word_1_723' title='bbox 3456 3381 3656 3434; x_wconf 83' lang='lat' dir='ltr'><strong>clami-</strong></span> 
     </span>
    </p>
   </div>
   <div class='ocr_carea' id='block_1_96' title="bbox 2071 3459 3650 3537">
    <p class='ocr_par' dir='ltr' id='par_1_96' title="bbox 2071 3459 3650 3537">
     <span class='ocr_line' id='line_1_96' title="bbox 2071 3459 3650 3537; baseline 0.009 -26"><span class='ocrx_word' id='word_1_724' title='bbox 2071 3467 2212 3513; x_wconf 89' lang='lat' dir='ltr'><strong>tans.</strong></span> <span class='ocrx_word' id='word_1_725' title='bbox 2250 3459 2373 3513; x_wconf 86' lang='lat' dir='ltr'><strong>Ideo</strong></span> <span class='ocrx_word' id='word_1_726' title='bbox 2398 3461 2805 3530; x_wconf 87' lang='lat' dir='ltr'><strong>sapientissime</strong></span> <span class='ocrx_word' id='word_1_727' title='bbox 2835 3463 3026 3530; x_wconf 88' lang='lat' dir='ltr'><strong>David,</strong></span> <span class='ocrx_word' id='word_1_728' title='bbox 3052 3479 3170 3534; x_wconf 88' lang='lat' dir='ltr'><strong>post</strong></span> <span class='ocrx_word' id='word_1_729' title='bbox 3206 3485 3225 3520; x_wconf 85' lang='grc' dir='ltr'><strong>ι</strong></span> <span class='ocrx_word' id='word_1_730' title='bbox 3258 3471 3650 3537; x_wconf 83' lang='lat' dir='ltr'><strong>protectionem</strong></span> 
     </span>
    </p>
   </div>
   <div class='ocr_carea' id='block_1_97' title="bbox 2069 3551 3654 3630">
    <p class='ocr_par' dir='ltr' id='par_1_97' title="bbox 2069 3551 3654 3630">
     <span class='ocr_line' id='line_1_97' title="bbox 2069 3551 3654 3630; baseline 0.009 -26"><span class='ocrx_word' id='word_1_731' title='bbox 2069 3551 2122 3604; x_wconf 91' lang='lat' dir='ltr'><strong>in</strong></span> <span class='ocrx_word' id='word_1_732' title='bbox 2158 3551 2465 3619; x_wconf 87' lang='lat' dir='ltr'><strong>cognitione</strong></span> <span class='ocrx_word' id='word_1_733' title='bbox 2501 3551 2591 3606; x_wconf 85' lang='lat' dir='ltr'><strong>Dei</strong></span> <span class='ocrx_word' id='word_1_734' title='bbox 2640 3571 2658 3604; x_wconf 82' lang='grc'>›</span> <span class='ocrx_word' id='word_1_735' title='bbox 2707 3554 2951 3623; x_wconf 86' lang='lat' dir='ltr'><strong>adjecit:</strong></span> <span class='ocrx_word' id='word_1_736' title='bbox 3007 3556 3269 3614; x_wconf 82' lang='lat' dir='ltr'><strong>Clamabit</strong></span> <span class='ocrx_word' id='word_1_737' title='bbox 3327 3563 3397 3616; x_wconf 86' lang='lat' dir='ltr'><strong>ad</strong></span> <span class='ocrx_word' id='word_1_738' title='bbox 3463 3581 3564 3630; x_wconf 83' lang='lat' dir='ltr'><strong>me,</strong></span> <span class='ocrx_word' id='word_1_739' title='bbox 3606 3578 3654 3619; x_wconf 84' lang='lat' dir='ltr'><strong>et</strong></span> 
     </span>
    </p>
   </div>
   <div class='ocr_carea' id='block_1_98' title="bbox 2065 3643 3656 3721">
    <p class='ocr_par' dir='ltr' id='par_1_98' title="bbox 2065 3643 3656 3721">
     <span class='ocr_line' id='line_1_98' title="bbox 2065 3643 3656 3721; baseline 0.011 -26"><span class='ocrx_word' id='word_1_740' title='bbox 2065 3644 2352 3696; x_wconf 76' lang='lat' dir='ltr'><strong>exaudiam</strong></span> <span class='ocrx_word' id='word_1_741' title='bbox 2379 3660 2518 3698; x_wconf 80' lang='lat' dir='ltr'><strong>eum.</strong></span> <span class='ocrx_word' id='word_1_742' title='bbox 2548 3643 2648 3699; x_wconf 79' lang='lat' dir='ltr'><strong>llic</strong></span> <span class='ocrx_word' id='word_1_743' title='bbox 2687 3649 2836 3700; x_wconf 85' lang='lat' dir='ltr'><strong>enim</strong></span> <span class='ocrx_word' id='word_1_744' title='bbox 2871 3649 3051 3705; x_wconf 89' lang='lat' dir='ltr'><strong>adhuc</strong></span> <span class='ocrx_word' id='word_1_745' title='bbox 3075 3651 3329 3721; x_wconf 88' lang='lat' dir='ltr'><strong>loquente</strong></span> <span class='ocrx_word' id='word_1_746' title='bbox 3365 3655 3510 3710; x_wconf 92' lang='lat' dir='ltr'><strong>bono</strong></span> <span class='ocrx_word' id='word_1_747' title='bbox 3553 3660 3656 3711; x_wconf 82' lang='lat' dir='ltr'><strong>ho-</strong></span> 
     </span>
    </p>
   </div>
   <div class='ocr_carea' id='block_1_99' title="bbox 2070 3735 3657 3809">
    <p class='ocr_par' dir='ltr' id='par_1_99' title="bbox 2070 3735 3657 3809">
     <span class='ocr_line' id='line_1_99' title="bbox 2070 3735 3657 3809; baseline 0.01 -23"><span class='ocrx_word' id='word_1_748' title='bbox 2070 3735 2236 3799; x_wconf 92' lang='lat' dir='ltr'><strong>mine,</strong></span> <span class='ocrx_word' id='word_1_749' title='bbox 2275 3735 2370 3788; x_wconf 88' lang='lat' dir='ltr'><strong>sed</strong></span> <span class='ocrx_word' id='word_1_750' title='bbox 2401 3745 2456 3788; x_wconf 91' lang='lat' dir='ltr'><strong>et</strong></span> <span class='ocrx_word' id='word_1_751' title='bbox 2485 3737 2807 3805; x_wconf 85' lang='lat' dir='ltr'><strong>priusquam</strong></span> <span class='ocrx_word' id='word_1_752' title='bbox 2852 3739 3128 3809; x_wconf 89' lang='lat' dir='ltr'><strong>loquatur,</strong></span> <span class='ocrx_word' id='word_1_753' title='bbox 3183 3759 3370 3798; x_wconf 88' lang='lat' dir='ltr'><strong>aurem</strong></span> <span class='ocrx_word' id='word_1_754' title='bbox 3429 3746 3657 3802; x_wconf 88' lang='lat' dir='ltr'><strong>inclinat</strong></span> 
     </span>
    </p>
   </div>
   <div class='ocr_carea' id='block_1_100' title="bbox 2067 3827 2556 3880">
    <p class='ocr_par' dir='ltr' id='par_1_100' title="bbox 2067 3827 2556 3880">
     <span class='ocr_line' id='line_1_100' title="bbox 2067 3827 2556 3880; baseline 0.002 -1"><span class='ocrx_word' id='word_1_755' title='bbox 2067 3835 2122 3879; x_wconf 91' lang='lat' dir='ltr'><strong>ct</strong></span> <span class='ocrx_word' id='word_1_756' title='bbox 2153 3827 2383 3880; x_wconf 82' lang='lat' dir='ltr'><strong>exaudit</strong></span> <span class='ocrx_word' id='word_1_757' title='bbox 2405 3842 2556 3880; x_wconf 89' lang='lat' dir='ltr'><strong>eum.</strong></span> 
     </span>
    </p>
   </div>
   <div class='ocr_carea' id='block_1_101' title="bbox 2139 3920 3654 3992">
    <p class='ocr_par' dir='ltr' id='par_1_101' title="bbox 2139 3920 3654 3992">
     <span class='ocr_line' id='line_1_101' title="bbox 2139 3920 3654 3992; baseline 0.01 -18"><span class='ocrx_word' id='word_1_758' title='bbox 2139 3920 2231 3974; x_wconf 85' lang='lat'><strong>76.</strong></span> <span class='ocrx_word' id='word_1_759' title='bbox 2275 3921 2400 3976; x_wconf 64' lang='lat' dir='ltr'><strong>Haec</strong></span> <span class='ocrx_word' id='word_1_760' title='bbox 2427 3934 2609 3977; x_wconf 85' lang='lat' dir='ltr'><strong>autem</strong></span> <span class='ocrx_word' id='word_1_761' title='bbox 2671 3939 2794 3979; x_wconf 89' lang='lat' dir='ltr'><strong>cum</strong></span> <span class='ocrx_word' id='word_1_762' title='bbox 2833 3925 2902 3980; x_wconf 90' lang='lat' dir='ltr'><strong>ita</strong></span> <span class='ocrx_word' id='word_1_763' title='bbox 2965 3926 3094 3992; x_wconf 85' lang='lat' dir='ltr'><strong>sint,</strong></span> <span class='ocrx_word' id='word_1_764' title='bbox 3148 3942 3448 3984; x_wconf 70' lang='lat' dir='ltr'><strong>consonum</strong></span> <span class='ocrx_word' id='word_1_765' title='bbox 3495 3934 3654 3989; x_wconf 89' lang='lat' dir='ltr'><strong>nobis</strong></span> 
     </span>
    </p>
   </div>
   <div class='ocr_carea' id='block_1_102' title="bbox 2068 4013 3656 4086">
    <p class='ocr_par' dir='ltr' id='par_1_102' title="bbox 2068 4013 3656 4086">
     <span class='ocr_line' id='line_1_102' title="bbox 2068 4013 3656 4086; baseline 0.008 -18"><span class='ocrx_word' id='word_1_766' title='bbox 2068 4023 2212 4068; x_wconf 87' lang='lat' dir='ltr'><strong>esset</strong></span> <span class='ocrx_word' id='word_1_767' title='bbox 2242 4013 2533 4069; x_wconf 89' lang='lat' dir='ltr'><strong>dicendum</strong></span> <span class='ocrx_word' id='word_1_768' title='bbox 2557 4016 2724 4085; x_wconf 87' lang='lat' dir='ltr'><strong>quod,</strong></span> <span class='ocrx_word' id='word_1_769' title='bbox 2781 4025 3068 4086; x_wconf 80' lang='lat' dir='ltr'><strong>pestquam</strong></span> <span class='ocrx_word' id='word_1_770' title='bbox 3135 4019 3247 4073; x_wconf 72' lang='lat' dir='ltr'><strong>ha2c</strong></span> <span class='ocrx_word' id='word_1_771' title='bbox 3310 4021 3656 4080; x_wconf 84' lang='lat' dir='ltr'><strong>admirabilis</strong></span> 
     </span>
    </p>
   </div>
   <div class='ocr_carea' id='block_1_103' title="bbox 2067 4107 3655 4180">
    <p class='ocr_par' dir='ltr' id='par_1_103' title="bbox 2067 4107 3655 4180">
     <span class='ocr_line' id='line_1_103' title="bbox 2067 4107 3655 4180; baseline 0.008 -22"><span class='ocrx_word' id='word_1_772' title='bbox 2067 4107 2418 4177; x_wconf 86' lang='lat' dir='ltr'><strong>prophetissa</strong></span> <span class='ocrx_word' id='word_1_773' title='bbox 2443 4109 2796 4176; x_wconf 74' lang='lat' dir='ltr'><strong>praevenisset</strong></span> <span class='ocrx_word' id='word_1_774' title='bbox 2827 4109 2878 4162; x_wconf 93' lang='lat' dir='ltr'><strong>in</strong></span> <span class='ocrx_word' id='word_1_775' title='bbox 2909 4123 3011 4162; x_wconf 91' lang='lat' dir='ltr'><strong>suo</strong></span> <span class='ocrx_word' id='word_1_776' title='bbox 3071 4112 3313 4164; x_wconf 89' lang='lat' dir='ltr'><strong>carmine</strong></span> <span class='ocrx_word' id='word_1_777' title='bbox 3359 4115 3655 4180; x_wconf 86' lang='lat' dir='ltr'><strong>prohibere</strong></span> 
     </span>
    </p>
   </div>
   <div class='ocr_carea' id='block_1_104' title="bbox 2069 4201 3655 4275">
    <p class='ocr_par' dir='ltr' id='par_1_104' title="bbox 2069 4201 3655 4275">
     <span class='ocr_line' id='line_1_104' title="bbox 2069 4201 3655 4275; baseline 0.006 -21"><span class='ocrx_word' id='word_1_778' title='bbox 2069 4201 2261 4256; x_wconf 87' lang='lat' dir='ltr'><strong>doctos</strong></span> <span class='ocrx_word' id='word_1_779' title='bbox 2282 4202 2352 4256; x_wconf 86' lang='lat' dir='ltr'><strong>ab</strong></span> <span class='ocrx_word' id='word_1_780' title='bbox 2377 4201 2496 4272; x_wconf 88' lang='lat' dir='ltr'><strong>ipsa</strong></span> <span class='ocrx_word' id='word_1_781' title='bbox 2529 4217 2598 4257; x_wconf 89' lang='lat' dir='ltr'><strong>ne</strong></span> <span class='ocrx_word' id='word_1_782' title='bbox 2624 4204 2882 4257; x_wconf 88' lang='lat' dir='ltr'><strong>sublimia</strong></span> <span class='ocrx_word' id='word_1_783' title='bbox 2911 4207 3145 4273; x_wconf 77' lang='lat' dir='ltr'><strong>superbe</strong></span> <span class='ocrx_word' id='word_1_784' title='bbox 3195 4205 3558 4275; x_wconf 87' lang='lat' dir='ltr'><strong>loquerentur</strong></span> <span class='ocrx_word' id='word_1_785' title='bbox 3601 4223 3655 4266; x_wconf 88' lang='lat' dir='ltr'><strong>et</strong></span> 
     </span>
    </p>
   </div>
   <div class='ocr_carea' id='block_1_105' title="bbox 2067 4295 3657 4367">
    <p class='ocr_par' dir='ltr' id='par_1_105' title="bbox 2067 4295 3657 4367">
     <span class='ocr_line' id='line_1_105' title="bbox 2067 4295 3657 4367; baseline 0.006 -18"><span class='ocrx_word' id='word_1_786' title='bbox 2067 4305 2324 4349; x_wconf 86' lang='lat' dir='ltr'><strong>caverent</strong></span> <span class='ocrx_word' id='word_1_787' title='bbox 2350 4310 2380 4349; x_wconf 89' lang='lat' dir='ltr'><strong>a</strong></span> <span class='ocrx_word' id='word_1_788' title='bbox 2402 4295 2667 4365; x_wconf 88' lang='lat' dir='ltr'><strong>jactantia</strong></span> <span class='ocrx_word' id='word_1_789' title='bbox 2696 4311 2858 4366; x_wconf 87' lang='lat' dir='ltr'><strong>quam</strong></span> <span class='ocrx_word' id='word_1_790' title='bbox 2880 4296 3226 4367; x_wconf 86' lang='lat' dir='ltr'><strong>gloriationis</strong></span> <span class='ocrx_word' id='word_1_791' title='bbox 3254 4300 3508 4355; x_wconf 84' lang='lat' dir='ltr'><strong>comitem</strong></span> <span class='ocrx_word' id='word_1_792' title='bbox 3531 4317 3657 4360; x_wconf 79' lang='lat' dir='ltr'><strong>esse</strong></span> 
     </span>
    </p>
   </div>
   <div class='ocr_carea' id='block_1_106' title="bbox 2069 4386 3657 4460">
    <p class='ocr_par' dir='ltr' id='par_1_106' title="bbox 2069 4386 3657 4460">
     <span class='ocr_line' id='line_1_106' title="bbox 2069 4386 3657 4460; baseline 0.007 -21"><span class='ocrx_word' id='word_1_793' title='bbox 2069 4386 2296 4451; x_wconf 85' lang='lat' dir='ltr'><strong>scimus,</strong></span> <span class='ocrx_word' id='word_1_794' title='bbox 2326 4396 2592 4456; x_wconf 89' lang='lat' dir='ltr'><strong>quantum</strong></span> <span class='ocrx_word' id='word_1_795' title='bbox 2624 4390 2716 4458; x_wconf 91' lang='lat' dir='ltr'><strong>qui</strong></span> <span class='ocrx_word' id='word_1_796' title='bbox 2747 4389 2872 4442; x_wconf 86' lang='lat' dir='ltr'><strong>talia</strong></span> <span class='ocrx_word' id='word_1_797' title='bbox 2903 4399 3071 4460; x_wconf 82' lang='lat' dir='ltr'><strong>agunt</strong></span> <span class='ocrx_word' id='word_1_798' title='bbox 3129 4389 3324 4445; x_wconf 87' lang='lat' dir='ltr'><strong>insulsi</strong></span> <span class='ocrx_word' id='word_1_799' title='bbox 3380 4402 3510 4447; x_wconf 91' lang='lat' dir='ltr'><strong>sunt</strong></span> <span class='ocrx_word' id='word_1_800' title='bbox 3554 4409 3657 4450; x_wconf 86' lang='lat' dir='ltr'><strong>nec</strong></span> 
     </span>
    </p>
   </div>
   <div class='ocr_carea' id='block_1_107' title="bbox 2074 4480 3654 4550">
    <p class='ocr_par' dir='ltr' id='par_1_107' title="bbox 2074 4480 3654 4550">
     <span class='ocr_line' id='line_1_107' title="bbox 2074 4480 3654 4550; baseline 0.007 -21"><span class='ocrx_word' id='word_1_801' title='bbox 2074 4487 2309 4532; x_wconf 89' lang='lat' dir='ltr'><strong>mentem</strong></span> <span class='ocrx_word' id='word_1_802' title='bbox 2351 4493 2452 4534; x_wconf 87' lang='lat' dir='ltr'><strong>nec</strong></span> <span class='ocrx_word' id='word_1_803' title='bbox 2477 4480 2850 4550; x_wconf 80' lang='lat' dir='ltr'><strong>cognitionem</strong></span> <span class='ocrx_word' id='word_1_804' title='bbox 2904 4481 3122 4548; x_wconf 87' lang='lat' dir='ltr'><strong>habent,</strong></span> <span class='ocrx_word' id='word_1_805' title='bbox 3173 4491 3227 4537; x_wconf 93' lang='lat' dir='ltr'><strong>et</strong></span> <span class='ocrx_word' id='word_1_806' title='bbox 3276 4484 3395 4538; x_wconf 89' lang='lat' dir='ltr'><strong>ideo</strong></span> <span class='ocrx_word' id='word_1_807' title='bbox 3458 4500 3487 4538; x_wconf 89' lang='lat' dir='ltr'><strong>a</strong></span> <span class='ocrx_word' id='word_1_808' title='bbox 3545 4487 3654 4540; x_wconf 86' lang='lat' dir='ltr'><strong>Deo</strong></span> 
     </span>
    </p>
   </div>
   <div class='ocr_carea' id='block_1_108' title="bbox 2073 4572 3652 4646">
    <p class='ocr_par' dir='ltr' id='par_1_108' title="bbox 2073 4572 3652 4646">
     <span class='ocr_line' id='line_1_108' title="bbox 2073 4572 3652 4646; baseline 0.006 -24"><span class='ocrx_word' id='word_1_809' title='bbox 2073 4577 2417 4635; x_wconf 83' lang='lat' dir='ltr'><strong>avertuntur,</strong></span> <span class='ocrx_word' id='word_1_810' title='bbox 2450 4573 2635 4626; x_wconf 86' lang='lat' dir='ltr'><strong>statim</strong></span> <span class='ocrx_word' id='word_1_811' title='bbox 2677 4572 3052 4642; x_wconf 88' lang='lat' dir='ltr'><strong>philosophice</strong></span> <span class='ocrx_word' id='word_1_812' title='bbox 3087 4573 3249 4630; x_wconf 89' lang='lat' dir='ltr'><strong>docet</strong></span> <span class='ocrx_word' id='word_1_813' title='bbox 3275 4578 3420 4646; x_wconf 88' lang='lat' dir='ltr'><strong>quod</strong></span> <span class='ocrx_word' id='word_1_814' title='bbox 3477 4580 3652 4646; x_wconf 86' lang='lat' dir='ltr'><strong>reipsa</strong></span> 
     </span>
    </p>
   </div>
   <div class='ocr_carea' id='block_1_109' title="bbox 2071 4661 3650 4738">
    <p class='ocr_par' dir='ltr' id='par_1_109' title="bbox 2071 4661 3650 4738">
     <span class='ocr_line' id='line_1_109' title="bbox 2071 4661 3650 4738; baseline 0.006 -22"><span class='ocrx_word' id='word_1_815' title='bbox 2071 4662 2302 4716; x_wconf 74' lang='lat' dir='ltr'><strong>scientia</strong></span> <span class='ocrx_word' id='word_1_816' title='bbox 2342 4661 2488 4717; x_wconf 88' lang='lat' dir='ltr'><strong>Deus</strong></span> <span class='ocrx_word' id='word_1_817' title='bbox 2510 4671 2673 4717; x_wconf 89' lang='lat' dir='ltr'><strong>estet</strong></span> <span class='ocrx_word' id='word_1_818' title='bbox 2704 4663 2847 4718; x_wconf 91' lang='lat' dir='ltr'><strong>Deus</strong></span> <span class='ocrx_word' id='word_1_819' title='bbox 2883 4665 3234 4720; x_wconf 75' lang='lat' dir='ltr'><strong>scientiarum</strong></span> <span class='ocrx_word' id='word_1_820' title='bbox 3263 4675 3316 4721; x_wconf 92' lang='lat' dir='ltr'><strong>et</strong></span> <span class='ocrx_word' id='word_1_821' title='bbox 3342 4668 3519 4738; x_wconf 82' lang='lat' dir='ltr'><strong>diligit</strong></span> <span class='ocrx_word' id='word_1_822' title='bbox 3555 4685 3650 4725; x_wconf 86' lang='lat' dir='ltr'><strong>eos</strong></span> 
     </span>
    </p>
   </div>
   <div class='ocr_carea' id='block_1_110' title="bbox 2071 4752 3651 4828">
    <p class='ocr_par' dir='ltr' id='par_1_110' title="bbox 2071 4752 3651 4828">
     <span class='ocr_line' id='line_1_110' title="bbox 2071 4752 3651 4828; baseline 0.005 -22"><span class='ocrx_word' id='word_1_823' title='bbox 2071 4752 2165 4820; x_wconf 89' lang='lat' dir='ltr'><strong>qui</strong></span> <span class='ocrx_word' id='word_1_824' title='bbox 2198 4753 2298 4821; x_wconf 83' lang='lat' dir='ltr'><strong>ipsi</strong></span> <span class='ocrx_word' id='word_1_825' title='bbox 2330 4767 2458 4807; x_wconf 87' lang='lat' dir='ltr'><strong>vere</strong></span> <span class='ocrx_word' id='word_1_826' title='bbox 2483 4753 2597 4808; x_wconf 90' lang='lat' dir='ltr'><strong>noti</strong></span> <span class='ocrx_word' id='word_1_827' title='bbox 2633 4760 2783 4808; x_wconf 88' lang='lat' dir='ltr'><strong>sunt.</strong></span> <span class='ocrx_word' id='word_1_828' title='bbox 2807 4752 3014 4811; x_wconf 90' lang='lat' dir='ltr'><strong>Idcirco</strong></span> <span class='ocrx_word' id='word_1_829' title='bbox 3049 4755 3211 4809; x_wconf 87' lang='lat' dir='ltr'><strong>talem</strong></span> <span class='ocrx_word' id='word_1_830' title='bbox 3287 4757 3651 4828; x_wconf 78' lang='lat' dir='ltr'><strong>philosOphia:</strong></span> 
     </span>
    </p>
   </div>
   <div class='ocr_carea' id='block_1_111' title="bbox 2080 4845 3644 4916">
    <p class='ocr_par' dir='ltr' id='par_1_111' title="bbox 2080 4845 3644 4916">
     <span class='ocr_line' id='line_1_111' title="bbox 2080 4845 3644 4916; baseline 0.005 -20"><span class='ocrx_word' id='word_1_831' title='bbox 2080 4845 2400 4912; x_wconf 81' lang='lat' dir='ltr'><strong>magistram</strong></span> <span class='ocrx_word' id='word_1_832' title='bbox 2433 4845 2726 4899; x_wconf 88' lang='lat' dir='ltr'><strong>advertens</strong></span> <span class='ocrx_word' id='word_1_833' title='bbox 2764 4846 2904 4899; x_wconf 88' lang='lat' dir='ltr'><strong>Deus</strong></span> <span class='ocrx_word' id='word_1_834' title='bbox 2935 4854 2988 4899; x_wconf 89' lang='lat' dir='ltr'><strong>et</strong></span> <span class='ocrx_word' id='word_1_835' title='bbox 3014 4854 3269 4915; x_wconf 87' lang='lat' dir='ltr'><strong>tauquam</strong></span> <span class='ocrx_word' id='word_1_836' title='bbox 3337 4862 3644 4916; x_wconf 72' lang='lat' dir='ltr'><strong>praeconem</strong></span> 
     </span>
    </p>
   </div>
   <div class='ocr_carea' id='block_1_112' title="bbox 2071 4935 3652 5007">
    <p class='ocr_par' dir='ltr' id='par_1_112' title="bbox 2071 4935 3652 5007">
     <span class='ocr_line' id='line_1_112' title="bbox 2071 4935 3652 5007; baseline 0.008 -23"><span class='ocrx_word' id='word_1_837' title='bbox 2071 4947 2136 4986; x_wconf 88' lang='lat' dir='ltr'><strong>ac</strong></span> <span class='ocrx_word' id='word_1_838' title='bbox 2159 4935 2487 5003; x_wconf 80' lang='lat' dir='ltr'><strong>discipulam</strong></span> <span class='ocrx_word' id='word_1_839' title='bbox 2515 4945 2797 5004; x_wconf 76' lang='lat' dir='ltr'><strong>reputans,</strong></span> <span class='ocrx_word' id='word_1_840' title='bbox 2826 4936 2927 5006; x_wconf 89' lang='lat' dir='ltr'><strong>ipsi</strong></span> <span class='ocrx_word' id='word_1_841' title='bbox 2959 4937 3183 4992; x_wconf 87' lang='lat' dir='ltr'><strong>tradidit</strong></span> <span class='ocrx_word' id='word_1_842' title='bbox 3213 4939 3357 5007; x_wconf 87' lang='lat' dir='ltr'><strong>quod</strong></span> <span class='ocrx_word' id='word_1_843' title='bbox 3429 4951 3545 4996; x_wconf 89' lang='lat' dir='ltr'><strong>erat</strong></span> <span class='ocrx_word' id='word_1_844' title='bbox 3599 4945 3652 4996; x_wconf 89' lang='lat' dir='ltr'><strong>in</strong></span> 
     </span>
    </p>
   </div>
   <div class='ocr_carea' id='block_1_113' title="bbox 2073 5025 3651 5102">
    <p class='ocr_par' dir='ltr' id='par_1_113' title="bbox 2073 5025 3651 5102">
     <span class='ocr_line' id='line_1_113' title="bbox 2073 5025 3651 5102; baseline 0.009 -28"><span class='ocrx_word' id='word_1_845' title='bbox 2073 5035 2220 5092; x_wconf 86' lang='lat' dir='ltr'><strong>voto,</strong></span> <span class='ocrx_word' id='word_1_846' title='bbox 2249 5025 2506 5080; x_wconf 88' lang='lat' dir='ltr'><strong>dilectum</strong></span> <span class='ocrx_word' id='word_1_847' title='bbox 2540 5041 2738 5096; x_wconf 86' lang='lat' dir='ltr'><strong>nempe</strong></span> <span class='ocrx_word' id='word_1_848' title='bbox 2808 5028 3026 5095; x_wconf 86' lang='lat' dir='ltr'><strong>Filium,</strong></span> <span class='ocrx_word' id='word_1_849' title='bbox 3085 5046 3245 5099; x_wconf 87' lang='lat' dir='ltr'><strong>quem</strong></span> <span class='ocrx_word' id='word_1_850' title='bbox 3308 5049 3651 5102; x_wconf 81' lang='lat' dir='ltr'><strong>poposcerat.</strong></span> 
     </span>
    </p>
   </div>
   <div class='ocr_carea' id='block_1_114' title="bbox 2074 5117 3647 5191">
    <p class='ocr_par' dir='ltr' id='par_1_114' title="bbox 2074 5117 3647 5191">
     <span class='ocr_line' id='line_1_114' title="bbox 2074 5117 3647 5191; baseline 0.006 -22"><span class='ocrx_word' id='word_1_851' title='bbox 2074 5117 2245 5172; x_wconf 83' lang='lat' dir='ltr'><strong>Acute</strong></span> <span class='ocrx_word' id='word_1_852' title='bbox 2283 5127 2540 5186; x_wconf 72' lang='lat' dir='ltr'><strong>pra-terea</strong></span> <span class='ocrx_word' id='word_1_853' title='bbox 2568 5119 2860 5175; x_wconf 87' lang='lat' dir='ltr'><strong>dicendum</strong></span> <span class='ocrx_word' id='word_1_854' title='bbox 2889 5131 2974 5176; x_wconf 89' lang='lat' dir='ltr'><strong>est</strong></span> <span class='ocrx_word' id='word_1_855' title='bbox 3001 5124 3144 5191; x_wconf 89' lang='lat' dir='ltr'><strong>quod</strong></span> <span class='ocrx_word' id='word_1_856' title='bbox 3185 5123 3356 5178; x_wconf 91' lang='lat' dir='ltr'><strong>Deum</strong></span> <span class='ocrx_word' id='word_1_857' title='bbox 3381 5125 3647 5179; x_wconf 80' lang='lat' dir='ltr'><strong>scientia—</strong></span> 
     </span>
    </p>
   </div>
   <div class='ocr_carea' id='block_1_115' title="bbox 2074 5211 3656 5284">
    <p class='ocr_par' dir='ltr' id='par_1_115' title="bbox 2074 5211 3656 5284">
     <span class='ocr_line' id='line_1_115' title="bbox 2074 5211 3656 5284; baseline 0.003 -22"><span class='ocrx_word' id='word_1_858' title='bbox 2074 5225 2194 5262; x_wconf 86' lang='lat' dir='ltr'><strong>rum</strong></span> <span class='ocrx_word' id='word_1_859' title='bbox 2225 5211 2574 5266; x_wconf 82' lang='lat' dir='ltr'><strong>sanctissima</strong></span> <span class='ocrx_word' id='word_1_860' title='bbox 2603 5213 2761 5266; x_wconf 87' lang='lat' dir='ltr'><strong>Anna</strong></span> <span class='ocrx_word' id='word_1_861' title='bbox 2805 5214 3151 5281; x_wconf 87' lang='lat' dir='ltr'><strong>proclamans</strong></span> <span class='ocrx_word' id='word_1_862' title='bbox 3181 5217 3498 5277; x_wconf 88' lang='lat' dir='ltr'><strong>Dominum,</strong></span> <span class='ocrx_word' id='word_1_863' title='bbox 3534 5217 3656 5284; x_wconf 85' lang='lat' dir='ltr'><strong>pln-</strong></span> 
     </span>
    </p>
   </div>
   <div class='ocr_carea' id='block_1_116' title="bbox 2071 5307 3656 5379">
    <p class='ocr_par' dir='ltr' id='par_1_116' title="bbox 2071 5307 3656 5379">
     <span class='ocr_line' id='line_1_116' title="bbox 2071 5307 3656 5379; baseline 0.002 -20"><span class='ocrx_word' id='word_1_864' title='bbox 2071 5307 2348 5375; x_wconf 83' lang='lat' dir='ltr'><strong>losophice</strong></span> <span class='ocrx_word' id='word_1_865' title='bbox 2366 5308 2634 5363; x_wconf 89' lang='lat' dir='ltr'><strong>obnititur</strong></span> <span class='ocrx_word' id='word_1_866' title='bbox 2656 5309 2722 5362; x_wconf 91' lang='lat' dir='ltr'><strong>iis</strong></span> <span class='ocrx_word' id='word_1_867' title='bbox 2744 5309 2838 5379; x_wconf 91' lang='lat' dir='ltr'><strong>qui</strong></span> <span class='ocrx_word' id='word_1_868' title='bbox 2859 5309 3286 5378; x_wconf 86' lang='lat' dir='ltr'><strong>blasphemando</strong></span> <span class='ocrx_word' id='word_1_869' title='bbox 3305 5311 3656 5378; x_wconf 87' lang='lat' dir='ltr'><strong>pronuntiant</strong></span> 
     </span>
    </p>
   </div>
   <div class='ocr_carea' id='block_1_117' title="bbox 2070 5397 3657 5469">
    <p class='ocr_par' dir='ltr' id='par_1_117' title="bbox 2070 5397 3657 5469">
     <span class='ocr_line' id='line_1_117' title="bbox 2070 5397 3657 5469; baseline 0.003 -20"><span class='ocrx_word' id='word_1_870' title='bbox 2070 5411 2138 5449; x_wconf 90' lang='lat' dir='ltr'><strong>an</strong></span> <span class='ocrx_word' id='word_1_871' title='bbox 2177 5398 2247 5451; x_wconf 90' lang='lat' dir='ltr'><strong>sit</strong></span> <span class='ocrx_word' id='word_1_872' title='bbox 2269 5397 2496 5451; x_wconf 88' lang='lat' dir='ltr'><strong>scientia</strong></span> <span class='ocrx_word' id='word_1_873' title='bbox 2525 5401 2576 5451; x_wconf 93' lang='lat' dir='ltr'><strong>in</strong></span> <span class='ocrx_word' id='word_1_874' title='bbox 2613 5399 2841 5454; x_wconf 81' lang='lat' dir='ltr'><strong>Excelso</strong></span> <span class='ocrx_word' id='word_1_875' title='bbox 2868 5417 2880 5454; x_wconf 87' lang='lat'><strong>:</strong></span> <span class='ocrx_word' id='word_1_876' title='bbox 2921 5403 3075 5469; x_wconf 81' lang='lat' dir='ltr'><strong>quasi</strong></span> <span class='ocrx_word' id='word_1_877' title='bbox 3110 5402 3314 5455; x_wconf 87' lang='lat' dir='ltr'><strong>diceret</strong></span> <span class='ocrx_word' id='word_1_878' title='bbox 3347 5414 3448 5453; x_wconf 87' lang='lat' dir='ltr'><strong>nos</strong></span> <span class='ocrx_word' id='word_1_879' title='bbox 3477 5401 3657 5454; x_wconf 85' lang='lat' dir='ltr'><strong>homi-</strong></span> 
     </span>
    </p>
   </div>
   <div class='ocr_carea' id='block_1_118' title="bbox 2071 5490 3657 5561">
    <p class='ocr_par' dir='ltr' id='par_1_118' title="bbox 2071 5490 3657 5561">
     <span class='ocr_line' id='line_1_118' title="bbox 2071 5490 3657 5561; baseline 0.001 -19"><span class='ocrx_word' id='word_1_880' title='bbox 2071 5503 2169 5543; x_wconf 87' lang='lat' dir='ltr'><strong>nes</strong></span> <span class='ocrx_word' id='word_1_881' title='bbox 2193 5504 2300 5542; x_wconf 91' lang='lat' dir='ltr'><strong>non</strong></span> <span class='ocrx_word' id='word_1_882' title='bbox 2325 5504 2445 5544; x_wconf 85' lang='lat' dir='ltr'><strong>esse</strong></span> <span class='ocrx_word' id='word_1_883' title='bbox 2475 5490 2703 5546; x_wconf 87' lang='lat' dir='ltr'><strong>scientia</strong></span> <span class='ocrx_word' id='word_1_884' title='bbox 2737 5493 3009 5561; x_wconf 63' lang='lat' dir='ltr'><strong>praeditos,</strong></span> <span class='ocrx_word' id='word_1_885' title='bbox 3065 5502 3117 5544; x_wconf 88' lang='lat' dir='ltr'><strong>et</strong></span> <span class='ocrx_word' id='word_1_886' title='bbox 3171 5491 3292 5544; x_wconf 90' lang='lat' dir='ltr'><strong>ideo</strong></span> <span class='ocrx_word' id='word_1_887' title='bbox 3349 5492 3509 5545; x_wconf 82' lang='lat' dir='ltr'><strong>veluti</strong></span> <span class='ocrx_word' id='word_1_888' title='bbox 3564 5507 3657 5546; x_wconf 75' lang='grc' dir='ltr'>(σο-</span> 
     </span>
    </p>
   </div>
   <div class='ocr_carea' id='block_1_119' title="bbox 2071 5582 3655 5651">
    <p class='ocr_par' dir='ltr' id='par_1_119' title="bbox 2071 5582 3655 5651">
     <span class='ocr_line' id='line_1_119' title="bbox 2071 5582 3655 5651; baseline 0.003 -18"><span class='ocrx_word' id='word_1_889' title='bbox 2071 5582 2368 5650; x_wconf 85' lang='lat' dir='ltr'><strong>gnitionem</strong></span> <span class='ocrx_word' id='word_1_890' title='bbox 2397 5598 2504 5636; x_wconf 93' lang='lat' dir='ltr'><strong>non</strong></span> <span class='ocrx_word' id='word_1_891' title='bbox 2536 5583 2798 5639; x_wconf 88' lang='lat' dir='ltr'><strong>habentes</strong></span> <span class='ocrx_word' id='word_1_892' title='bbox 2821 5583 3018 5638; x_wconf 83' lang='lat' dir='ltr'><strong>debere</strong></span> <span class='ocrx_word' id='word_1_893' title='bbox 3047 5592 3100 5638; x_wconf 89' lang='lat' dir='ltr'><strong>et</strong></span> <span class='ocrx_word' id='word_1_894' title='bbox 3131 5585 3278 5651; x_wconf 88' lang='lat' dir='ltr'><strong>ipsos</strong></span> <span class='ocrx_word' id='word_1_895' title='bbox 3313 5583 3416 5638; x_wconf 88' lang='lat' dir='ltr'><strong>hoc</strong></span> <span class='ocrx_word' id='word_1_896' title='bbox 3450 5585 3655 5651; x_wconf 83' lang='lat' dir='ltr'><strong>dicere,</strong></span> 
     </span>
    </p>
   </div>
   <div class='ocr_carea' id='block_1_120' title="bbox 2071 5671 3656 5742">
    <p class='ocr_par' dir='ltr' id='par_1_120' title="bbox 2071 5671 3656 5742">
     <span class='ocr_line' id='line_1_120' title="bbox 2071 5671 3656 5742; baseline 0.001 -16"><span class='ocrx_word' id='word_1_897' title='bbox 2071 5671 2206 5738; x_wconf 83' lang='lat' dir='ltr'><strong>Quis</strong></span> <span class='ocrx_word' id='word_1_898' title='bbox 2238 5674 2389 5728; x_wconf 88' lang='lat' dir='ltr'><strong>novit</strong></span> <span class='ocrx_word' id='word_1_899' title='bbox 2415 5690 2636 5730; x_wconf 85' lang='lat' dir='ltr'><strong>sensum</strong></span> <span class='ocrx_word' id='word_1_900' title='bbox 2667 5674 2901 5739; x_wconf 89' lang='lat' dir='ltr'><strong>Domini,</strong></span> <span class='ocrx_word' id='word_1_901' title='bbox 2950 5673 3042 5742; x_wconf 91' lang='lat' dir='ltr'><strong>qui</strong></span> <span class='ocrx_word' id='word_1_902' title='bbox 3097 5683 3297 5730; x_wconf 87' lang='lat' dir='ltr'><strong>cuncta</strong></span> <span class='ocrx_word' id='word_1_903' title='bbox 3356 5676 3460 5732; x_wconf 87' lang='lat' dir='ltr'><strong>scit</strong></span> <span class='ocrx_word' id='word_1_904' title='bbox 3493 5676 3656 5732; x_wconf 88' lang='lat' dir='ltr'><strong>etiam</strong></span> 
     </span>
    </p>
   </div>
  </div>
