3996 6194
355 326 459 389 5Ίὸ

1131 325 1545 388 EUSTATHII
1583 327 2339 393 TllESSALONlCENSlS
2373 299 2934 401 nmeororim

3507 337 3613 400 Σῦς

354 448 453 488 nes
479 433 702 503 troparii
735 434 1024 503 pertinent,
1056 433 1135 488 sic
1156 436 1496 504 explicantur
1521 458 1536 495 :
1561 435 1910 506 lmprensihi-

2047 443 2177 505 ιέξιν
2231 447 2321 497 τοῦ
2383 451 2684 519 τροπαρῖου
2716 452 2932 520 ἔχουσιν
2977 454 3184 515 οὕτως·
3233 455 3473 522 ἄληπτος
3509 453 3612 521 μὲν

356 520 448 585 lis,
478 531 540 574 ttt
567 522 846 577 inventum
876 531 980 585 est,
1026 521 1166 577 idem
1208 524 1477 592 signillcat
1530 529 1674 597 quod
1716 528 1924 583 incom-

357 614 766 681 prehensibilis,
795 629 956 683 quam
982 628 1178 684 capere
1212 631 1319 671 non
1349 631 1432 673 est
1483 621 1761 689 possibile.
1819 619 1923 676 Os-

361 706 538 760 tendit
558 716 741 761 autem
777 707 876 761 ista
906 707 1097 773 dictio,
1128 724 1253 778 qua:
1284 712 1611 782 homonyma
1640 714 1924 776 est,etiam

364 800 900 869 irreprehensibilem
936 805 1050 858 sive
1078 803 1378 868 hominem,
1416 806 1530 860 sive
1561 807 1782 870 victum,
1834 821 1928 859 cu-

357 892 450 960 jus
488 901 543 946 et
567 893 761 962 ipsius,
790 901 1044 964 tanquam
1065 897 1514 952 commendabilis
1541 900 1764 961 virtute,
1792 899 1929 952 nihil

365 983 567 1052 aliquis
626 985 1082 1041 incrintinandum
1156 990 1396 1057 reperire
1452 1001 1648 1059 potest.
1703 991 1931 1046 Videtur

357 1087 537 1130 autem
557 1077 725 1132 dictio
757 1082 1123 1148 metaphorice
1149 1081 1342 1135 deduci
1377 1097 1404 1133 a
1431 1082 1810 1147 luctatoribus,
1835 1083 1929 1152 qui

361 1166 483 1222 oleo
507 1169 756 1237 peruncti
793 1179 846 1227 et
874 1170 1094 1225 aliunde
1154 1172 1382 1226 solertes
1432 1173 1707 1236 inclinari,
1737 1182 1932 1227 curant

360 1271 429 1310 ne
462 1269 680 1324 captum
709 1261 1038 1315 adversariis
1067 1263 1362 1330 praebeant.
1398 1262 1550 1318 Unde
1583 1268 1786 1334 Optime
1827 1269 1933 1320 im-

359 1351 655 1416 prensibilis
683 1352 956 1406 diceretur
982 1363 1167 1408 castus
1222 1353 1446 1424 Joseph,
1502 1359 1595 1424 (ιυί
1650 1359 1930 1411 dominam

362 1439 674 1512 Egyptian)
700 1443 876 1499 nudus
902 1443 1037 1513 fugit
1064 1455 1120 1498 ut
1141 1446 1524 1514 comprehendi
1581 1463 1688 1501 non
1727 1459 1931 1516 posset.

364 1531 501 1586 Huic
525 1544 706 1587 autent
730 1534 1104 1602 imprensibilt',
1153 1536 1311 1606 juxta
1342 1538 1560 1591 modum
1628 1537 1933 1601 luctatoris,

360 1628 654 1695 opponitur
682 1625 940 1696 εὐλαϐής,
975 1643 1135 1696 quem
1164 1627 1377 1682 scilicet
1427 1627 1588 1683 facile
1633 1629 1935 1698 prehende-

364 1730 470 1770 t-es.
502 1715 616 1771 Vox
669 1726 846 1771 autem
903 1719 1054 1770 ἐστὶν
1111 1733 1208 1787 per
1272 1720 1718 1788 consequentiam
1762 1735 1937 1774 nexus

365 1818 524 1865 acuto
552 1825 788 1865 aceensn
811 1821 1051 1874 notatur,
1076 1820 1132 1865 ut
1162 1813 1264 1865 hoc
1291 1812 1531 1879 ἄληπτος
1588 1813 1726 1877 ἐστὶ,
1753 1810 1936 1866 conci-

367 1912 459 1956 ttat
483 1902 560 1972 τῷ
594 1902 792 1972 ἔρρηξε
831 1903 1088 1972 γαστρὸς,
1145 1903 1450 1957 secundum
1512 1902 1619 1956 vim
1675 1912 1935 1957 accentus

365 1997 537 2050 acuti.
565 1994 799 2048 Aliunde
825 2009 975 2058 vero,
1003 1996 1144 2050 sicut
1171 1995 1275 2048 viri
1300 1995 1441 2048 docti
1461 1994 1666 2057 volunt,
1686 1995 1935 2050 enclitica

364 2105 487 2144 esse
515 2087 698 2143 debet.
724 2086 824 2153 Qui
858 2101 986 2140 vero
1007 2086 1110 2140 hoc
1135 2088 1325 2141 audire
1354 2087 1581 2154 fastidit,
1600 2090 1756 2144 nobis
1787 2103 1938 2158 pror-

365 2195 457 2235 sus
496 2179 680 2234 illmsis
721 2190 1018 2248 praetereat.

437 2272 526 2325 82.
571 2274 700 2337 Qua.-
752 2289 878 2327 vero
947 2276 1357 2345 οεαρχικυηάτη
1422 2274 1642 2334 dieitur,
1720 2287 1935 2325 omnem

366 2365 676 2424 solentloris
707 2366 1064 2418 intentionem
1106 2367 1340 2419 excedit.
1389 2364 1653 2433 Superior
1674 2380 1820 2417 cntnt
1855 2373 1939 2417 est.

371 2473 472 2508 vna
505 2457 672 2508 altera
731 2457 1046 2524 fulguratio,
1103 2458 1274 2527 magis
1335 2474 1439 2510 una
1505 2458 1720 2521 divina;
1775 2464 1938 2524 atque

363 2549 533 2600 altera
571 2548 815 2616 quaedam
838 2549 1252 2617 principalis,et
1286 2549 1664 2617 principalior,
1693 2560 1747 2604 et
1785 2548 1935 2616 prin-

365 2617 696 2703 t-iitalissima
726 2657 739 2693 :
773 2641 863 2694 sed
912 2641 1096 2694 divina
1145 2641 1717 2711 principalissimaque
1761 2641 1937 2709 fulgu-

364 2733 577 2786 rzttione
609 2731 864 2800 Spiritus,
902 2741 956 2785 et
998 2732 1172 2786 Patris
1195 2741 1248 2785 et
1276 2732 1419 2797 Filii,
1451 2749 1558 2787 non
1614 2746 1758 2788 recte
1788 2733 1940 2788 dice-

366 2839 546 2876 (ιεηιιιε
582 2823 788 2891 aliquid
814 2838 936 2877 esse
965 2823 1339 2892 praestantius.
1382 2823 1508 2878 Haec
1575 2826 1720 2878 enim
1780 2841 1936 2880 sum-

367 2930 507 2968 mam
541 2915 805 2982 significat
835 2915 922 2967 Dei
955 2915 1227 2981 virtutem,
1264 2917 1597 2983 sapientiam
1671 2919 1935 2974 mundum

365 3007 731 3062 diversimode
782 3009 1066 3062 docentem
1128 3017 1181 3062 et
1249 3009 1319 3061 ita
1388 3010 1683 3064 salvantem
1751 3030 1764 3065 :
1827 3027 1938 3082 quo

2034 532 2130 585 νῦν
2158 535 2231 596 ῶς
2259 539 2459 609 εὑρέθη
2488 544 2520 610 ἡ
2551 545 2945 614 ἀκατάσχετος,
2968 541 3038 617 ἦς
3059 547 3160 599 οὐκ
3184 547 3300 598 ἐστι
3321 545 3584 598 λαϐέσθαι

2033 631 2185 700 δηλοῖ
2214 632 2271 684 δέ
2300 647 2429 684 ποτε
2461 635 2494 703 ἡ
2523 635 2666 696 λέξις
2699 636 2990 704 ὁμώνυμος
3021 637 3155 690 οὖσα
3184 639 3278 690 καὶ
3302 637 3393 690 τδν
3427 638 3613 703 ἀμεμ-

2029 739 2186 788 πτον,
2213 723 2246 792 ἢ
2275 724 2612 792 ἀνθρωπονῆ
2648 725 2785 794 βίον,
2819 721 2882 780 οὗ
2911 730 3006 779 καὶ
3043 726 3208 779 αὐτοῦ
3241 725 3316 788 ὼς
3350 726 3611 791 ἐναρέτου

2029 816 2329 884 δράξασθαί
2350 835 2435 879 τις
2463 817 2523 868 ού
2546 817 2766 871 δύναται
2781 811 2925 887 λόγω
2948 820 3257 881 αἰτιάσεωςο
3276 819 3424 871 δοκεῖ
3440 819 3495 870 δὲ
3516 834 3616 884 μεο

2029 907 2346 974 τενεχθῆναι
2392 908 2424 974 ἠ
2478 907 2620 972 λέξις
2654 910 2717 962 ὲκ
2763 909 3075 962 παλαιστῶν
3108 910 3396 977 τεχνικῶν,
3425 909 3473 959 οἳ
3518 908 3614 958 ναὶ

2032 993 2378 1061 ἀλειφόμενοι
2413 995 2610 1059 ἔλαιον,
2645 998 2736 1050 καὶ
2757 997 2930 1062 ἄλλως
2950 1000 3005 1051 δὲ
3021 998 3398 1057 ὑποκλίνοντες
3417 998 3612 1060 δεξιῶς

2035 1087 2449 1154 ὲπιτηδεύονται
2500 1089 2576 1158 μὴ
2605 1090 2867 1142 ἐνδιδόναι
2900 1093 3012 1152 τοῖς
3053 1090 3369 1152 ἀντιπάλοις
3399 1089 3573 1150 λαϐάς
3595 1106 3610 1119 ⁸

2032 1180 2156 1231 ὅθεν
2194 1181 2336 1234 πάνυ
2369 1181 2613 1247 γλυκέως
2650 1183 2894 1251 ἄληπτος
2941 1183 3140 1250 λέγοιτ’
3173 1184 3241 1236 ἀν
3291 1186 3319 1236 6
3371 1183 3613 1253 σώςρων

2047 1271 2268 1340 Ἰωσὴφ,
2300 1275 2328 1325 6
2357 1273 2454 1339 τὴν
2490 1275 2798 1340 Αἰγυπτίαν
2827 1276 3120 1329 δέσποιναν
3153 1276 3362 1341 γυμνὸς
3397 1275 3613 1342 φυγὼν,

2033 1364 2109 1425 ῶς
2137 1365 2212 1432 μὴ
2243 1364 2516 1432 ληφθῆναι
2563 1366 2999 1435 καταδεξάμενος
3020 1382 3037 1398 ⁸
3073 1368 3150 1434 τῷ
3181 1367 3241 1421 δὲ
3273 1367 3444 1428 οὕτως
3473 1367 3614 1436 ἀλήν

2037 1472 2153 1522 πτῳ
2202 1457 2348 1508 κατά
2394 1457 2554 1523 λόγον
2588 1457 2790 1528 πάλης,
2829 1460 3132 1512 ἀντίκειται
3177 1461 3206 1511 6
3247 1457 3503 1527 εὐλαϐὴς.
3548 1451 3617 1510 οὗ

2035 1547 2237 1617 δηλαδὴ
2271 1549 2403 1619 ῥᾷον
2432 1550 2461 1600 6
2486 1549 2806 1619 βουλόμενος
2837 1550 3076 1604 λάϐοιτο.
3114 1550 3186 1604 T6
3217 1551 3275 1604 δὲ
3325 1552 3474 1604 ἐστὶν
3522 1551 3619 1604 διὰ

2037 1637 2136 1708 τὴν
2166 1639 2489 1693 ἀκολουθίαν
2515 1639 2608 1693 τοῦ
2643 1641 2840 1711 είρμοῦ
2869 1643 3140 1708 ὀξύνεται,
3170 1642 3257 1695 ἵνα
3282 1642 3345 1694 τὸ
3373 1641 3616 1709 ἄληπτός

2042 1734 2178 1798 ἐστὶ,
2213 1734 2429 1803 συνᾴδοι
2460 1733 2539 1800 τῷ
2585 1734 2781 1804 ἔρρηξε
2809 1735 3254 1804 γαστρὸς,’κατὰ
3289 1734 3389 1804 τὴν
3429 1733 3620 1798 ὀξυτό-

2040 1842 2227 1894 νησιν·
2261 1826 2437 1888 ἄλλως
2469 1827 2546 1890 δὲ,
2593 1827 2669 1888 ὡς
2699 1827 2750 1879 oi
2798 1829 3041 1896 τεχνικοί.
3077 1825 3382 1894 βούλονται,
3431 1825 3621 1891 auat-

2039 1920 2224 1970 νεσθαι
2251 1918 2493 1986 ὀφείλει⁶
2531 1922 2558 1973 6
2607 1920 2664 1972 δὲ
2715 1919 2888 1973 ὀκνῶν
2934 1919 3156 1974 ἀκούειν
3203 1919 3386 1983 τοῦτο,
3428 1934 3615 1986 παρα-

2043 2013 2249 2066 κουέτω
2279 2013 2476 2067 θλίϐων
2500 2014 2647 2084 ἡμᾶς
2678 2014 2854 2067 οὐδέν.

2111 2277 2218 2347 πβ’.
2269 2280 2332 2331 'll
2382 2280 2436 2330 δὲ
2473 2280 2885 2348 θεαρχικωτάτη
2931 2281 3113 2334 πᾶσαν
3163 2282 3414 2334 ἐπίτασιν
3444 2281 3621 2349 ὕπερ-

2040 2372 2214 2425 6αίνει
2273 2371 2571 2440 λάμψεωςο
2630 2374 2904 2442 ὖπερτέρα
2953 2373 3054 2440 μὲν
3105 2373 3216 2443 γάρ
3265 2373 3402 2440 άλλη
3443 2372 3621 2440 ἄλλης

2039 2464 2348 2532 ἀστραπῆς,
2391 2464 2485 2514 καὶ
2513 2463 2784 2533 θειοτέρα,
2815 2464 2907 2516 καὶ
2935 2464 3138 2534 ἀρχική
3179 2481 3263 2526 τις
3297 2465 3489 2529 ἑτέρα,
3518 2463 3620 2516 καὶ

2040 2555 2414 2624 ἀρχικωτέρα,
2451 2557 2546 2610 xal
2597 2557 2985 2627 ἀρχικωτάτηο
3025 2558 3124 2625 τῆς
3155 2558 3213 2610 δὲ
3244 2557 3620 2626 θεαρχικωτξο

2039 2666 2140 2716 της
2191 2647 2484 2716 ἀστραπῆς
2519 2648 2615 2701 τοῦ
2667 2648 3014 2716 Πνεύματος,
3060 2649 3258 2702 αὐτίκα
3289 2647 3346 2700 δὲ
3390 2649 3484 2701 καὶ
3517 2647 3619 2701 τοῦ

2041 2741 2280 2810 Πατρὸς,
2313 2739 2410 2794 καὶ
2446 2739 2543 2794 τοῦ
2575 2738 2729 2802 Υίοῦ,
2755 2740 2856 2793 οὐκ
2888 2740 2953 2792 ἂν
2995 2740 3169 2809 ὀρθῶς
3201 2740 3448 2808 εἴποιμεν
3476 2737 3622 2795 εἷναί

2037 2851 2092 2886 τι
2130 2833 2454 2903 ὑπέρτερον.
2488 2833 2624 2888 Θεοῦ
2657 2833 2766 2904 γάρ
2809 2831 2946 2904 αὕτη
2998 2832 3277 2902 ἐνέργειαν
3320 2832 3625 2889 τελικωτάο

2038 2943 2138 2992 την
2164 2927 2420 2992 σημαίνει
2449 2927 2776 2993 σοφίζουσαν
2799 2926 3004 2994 κόσμον
3028 2925 3321 2985 πολυειδῶς
3353 2925 3448 2977 καὶ
3470 2924 3622 2979 οὕτω

2043 3016 2362 3083 σώζουσανι
2401 3011 2462 3070 οὗ
2514 3018 2567 3070 τί
2619 3017 2685 3070 ἄν
2725 3017 3026 3086 ὑπερφέροι
3081 3017 3244 3086 ἔργον
3294 3016 3430 3070 Θεοῦ
3480 3020 3624 3088 μετά

369 3099 497 3166 quid
536 3099 884 3168 praestantius
935 3115 1072 3170 opus
1127 3100 1216 3153 Dei
1271 3110 1419 3155 esset
1470 3103 1938 3171 prteterincarna-

2047 3109 2141 3177 τὴν
2181 3109 2442 3178 ἑνσαρκον
2477 3108 2812 3174 οἰκονομίαν,
2850 3108 2976 3160 ἔνθα
3022 3109 3088 3162 τὰ
3123 3111 3300 3163 πάντα
3329 3114 3410 3173 είς
3439 3129 3623 3182 cmm—

369 3191 534 3245 tionis
561 3193 946 3255 oeconomiam,
1007 3191 1098 3246 ubi
1137 3202 1331 3246 cuncta
1387 3204 1515 3247 sunt
1573 3194 1640 3248 ad
1693 3205 1937 3251 nostram

368 3283 598 3337 salutem
624 3293 677 3337 et
706 3282 773 3336 ad
838 3283 1207 3352 impletionem
1249 3285 1548 3352 superioris
1604 3288 1788 3342 mundi
1822 3303 1941 3357 spe-

366 3377 556 3430 ctant?
579 3377 666 3431 Est
696 3386 876 3432 autem
914 3377 1222 3446 theologica
1255 3393 1355 3431 vox
1384 3379 1620 3448 θεαρχία
1673 3388 1728 3434 et
1787 3397 1940 3450 qua:-

369 3485 585 3538 cunque
620 3470 743 3523 inde
803 3471 1048 3523 veniunt.
1085 3469 1195 3524 Vox
1225 3482 1404 3523 autem
1437 3473 1641 3540 ρἦρας
1697 3487 1792 3540 per
1832 3473 1942 3526 cir-

369 3560 696 3616 cumﬂexum
725 3578 820 3632 pro
846 3565 1102 3634 ῥήτορας,
1137 3580 1241 3616 non
1273 3573 1354 3617 est
1379 3564 1533 3618 valde
1555 3566 1776 3631 usitata,
1801 3565 1944 3620 sicut

372 3667 544 3724 neque
579 3651 792 3723 πάτρας
847 3669 944 3722 pro
1003 3655 1265 3722 πατέρας,
1326 3655 1562 3724 μήτρας,
1623 3669 1719 3724 pro
1779 3655 1942 3723 μητέ-

373 3765 493 3817 ρας,
525 3747 602 3802 vel
631 3747 773 3801 aliud
817 3747 943 3817 qttid
977 3747 1177 3802 simile.
1210 3747 1527 3818 Θυγατέρας
1553 3756 1731 3802 tamen
1788 3746 1942 3800 inve-

374 3839 520 3894 nitur
548 3856 670 3894 cum
700 3856 954 3912 syncope.
989 3839 1154 3911 Igitur
1211 3841 1392 3896 noscit
1425 3840 1624 3909 aliquis
1661 3838 1944 3894 undecun-

373 3950 478 3999 que
505 3934 765 3989 dictionis
796 3935 959 4004 hujus
991 3949 1171 3998 usum,
1213 3932 1296 3988 vel
1353 3932 1745 3989 remittendum
1775 3940 1858 3987 est
1879 3932 1945 3986 ad

374 4027 644 4083 licentiam
673 4027 936 4095 poeticam
965 4025 1046 4078 vel
1073 4027 1232 4078 aliam
1256 4034 1478 4094 propter
1497 4034 1728 4079 metrum
1759 4039 1947 4079 neces-

374 4123 612 4174 sitatem.
647 4122 898 4172 Attamen
933 4119 1138 4187 ρῆτρας
1177 4131 1300 4170 cum
1329 4125 1557 4171 accentu
1617 4132 1784 4185 super
1814 4131 1948 4185 pen-

376 4213 621 4265 nltimam
660 4206 901 4262 ilieimus
932 4223 1126 4275 genere
1158 4206 1444 4270 feminino,
1471 4223 1596 4262 cum
1618 4209 1944 4277 quibusdam

376 4300 778 4356 conditionibus
812 4299 1204 4352 conventiones
1231 4314 1245 4361 ;
1280 4312 1518 4368 quarum
1549 4299 1831 4368 singulare
1862 4308 1947 4354 est

391 4397 492 4447 hoc
529 4409 542 4445 :
581 4390 749 4460 Euge,
781 4391 990 4461 ῥήτρην
1021 4388 1304 4455 faciamus,
1359 4398 1412 4444 et
1480 4397 1559 4446 est
1612 4390 1753 4444 istud
1807 4390 1949 4445 sicut

378 4487 616 4556 φρήτρη,
648 4494 703 4539 et
737 4483 958 4540 similia.
989 4483 1283 4554 Ἐξέφηνεν
1313 4492 1490 4538 autem
1518 4484 1808 4553 spectatad
1836 4483 1944 4537 ful-

373 4590 760 4640 aurattonetn,
841 4592 946 4646 qua
1010 4576 1427 4630 manifestantur
1483 4591 1602 4644 quae
1659 4574 1943 4644 hucusque

377 4671 429 4724 in
452 4669 784 4724 obscuritate
802 4679 976 4730 erant,
1003 4663 1457 4735 quemadmodum
1477 4675 1528 4720 et
1551 4665 1821 4735 discipuli,
1849 4666 1941 4734 qui

378 4770 535 4815 erant
563 4760 807 4823 obscuri,
842 4759 1171 4813 ntanilestati
1199 4769 1351 4823 sunt,
1388 4774 1509 4811 cunt
1539 4773 1566 4810 a
1595 4756 1802 4826 Spiritu
1823 4774 1947 4811 san-

379 4863 466 4907 cto
493 4852 781 4907 illuminati
811 4851 1056 4906 fuerunt.
1084 4851 1149 4904 Et
1173 4865 1280 4903 non
1324 4850 1498 4903 solum
1533 4850 1634 4918 ipsi
1672 4848 1950 4910 luxerunt,

379 4943 472 4997 sed
503 4951 554 4994 et
583 4943 704 4997 aliis
729 4945 924 4997 bonam
959 4943 1099 4996 hanc
1128 4939 1466 4995 alT'etionem
1505 4940 1794 4994 dederunt.
1815 4938 1948 4993 Illit-

382 5043 585 5089 teratos
619 5044 795 5088 autent
819 5035 974 5101 dicit,
1001 5035 1084 5090 vel
1120 5033 1210 5100 qui
1237 5047 1459 5102 prorsus
1492 5032 1704 5086 litteras
1739 5033 1952 5086 nescie-

381 5127 530 5190 bant,
574 5141 821 5197 qnosque
875 5127 1077 5182 dixeris
1130 5125 1540 5194 analpltahetos,
1579 5125 1657 5178 vel
1686 5125 1950 5195 quipan-

380 5234 474 5273 cas
501 5219 746 5274 sciebant
781 5219 1027 5274 litteras:
1089 5233 1194 5288 qua
1244 5215 1644 5287 signiﬁcatione
1692 5230 1822 5269 usus
1873 5225 1954 5268 est

383 5310 543 5364 etiam
565 5309 656 5378 qui
687 5310 905 5378 scripsit
928 5311 1238 5380 episcolmm
1261 5323 1380 5362 esse
1413 5322 1569 5377 posse
1588 5306 1950 5371 illitteratum,

383 5403 497 5456 sive
523 5404 617 5472 qui
648 5405 835 5472 paucis
888 5417 1167 5456 sacrarunt
1217 5403 1521 5456 litterarum
1559 5399 1714 5453 libris
1733 5413 1951 5468 operam

387 5493 510 5548 dat:
541 5511 662 5549 nam
690 5496 835 5551 illunt
857 5496 947 5562 qni
973 5495 1105 5548 nihil
1129 5494 1350 5548 omnino
1369 5492 1517 5546 novit
1546 5491 1772 5560 pigeret,
1798 5499 1948 5559 puto.

382 5601 595 5640 sacram
637 5589 908 5641 lucernam
938 5587 1254 5640 accendere.

457 5676 543 5728 83.
583 5675 692 5729 Vox
729 5678 844 5739 ἃλις
868 5693 988 5745 quae
1018 5676 1283 5746 signiﬁcat
1325 5674 1676 5735 sufﬁcienter,
1701 5685 1954 5741 tanquam

390 5765 723 5834 adverbium,
763 5769 910 5821 venit
941 5783 1003 5821 ex
1039 5765 1206 5828 ἀλίζω
1243 5765 1429 5830 illam,
1462 5763 1513 5817 id
1551 5773 1632 5818 est
1677 5779 1830 5832 cogo,
1862 5781 1954 5833 po-

2046 3200 2168 3269 ρίαν
2195 3199 2374 3268 ήμῶν,
2414 3199 2506 3250 καὶ
2533 3197 2708 3261 οὕτως
2738 3198 3130 3269 ἀναπλήρωσιν
3153 3199 3248 3253 τοῦ
3272 3199 3386 3255 ἀνω
3405 3201 3623 3270 κόσμου

2045 3293 2269 3362 ἀφορᾷς
2306 3291 2606 3360 Θεολογικὴ
2659 3292 2715 3345 δὲ
2748 3291 2894 3358 λέξις
2947 3295 3043 3346 καὶ
3076 3294 3109 3361 ἡ
3145 3295 3377 3364 θεαρχία
3427 3298 3525 3350 καὶ
3551 3298 3627 3352 τὰ

2045 3384 2298 3438 ἐντεῦθεν
2351 3385 2736 3454 παραγόμενα.
2771 3386 2843 3438 T6
2890 3386 2946 3438 δὲ
2975 3387 3196 3456 ’ρἧρας
3229 3391 3627 3456 προπερισπὼσ

2049 3495 2232 3547 μενον,
2270 3479 2296 3530 ὃ
2321 3478 2436 3530 ἐστι
2474 3478 2735 3546 ῥήτορας,
2776 3477 2835 3530 ού
2882 3477 3174 3547 τέτριπται
3227 3481 3308 3543 είς
3356 3480 3626 3534 πλατεῖαν

2045 3570 2244 3638 χρῆσιν
2284 3608 2298 3629 ,
2329 3569 2405 3630 ὡς
2441 3568 2559 3620 οὐδὲ
2589 3569 2650 3622 τὸ
2682 3569 2927 3639 πατέρας
2958 3570 3195 3638 πάτρας,
3229 3571 3475 3640 μητέρας
3515 3573 3626 3640 μή,

2045 3679 2203 3730 τρας,
2234 3660 2265 3731 ἢ
2301 3661 2428 3714 ἄλλο
2454 3679 2505 3714 τι
2535 3660 2773 3716 τοιοῦτον
2794 3678 2808 3693 ⁸
2839 3661 3146 3733 θυγατέρας
3175 3662 3357 3730 μέντοι
3389 3663 3627 3732 εὕρηται

2049 3754 2498 3822 συγκεκομμένον
2531 3753 2594 3806 ὲκ
2621 3752 2714 3806 τοῦ
2753 3753 2926 3807 ἁπλοῦ
2947 3771 2961 3785 ο
2991 3755 3160 3825 ἤγουν
3180 3750 3289 3808 οἵδέ
3316 3772 3400 3818 τις
3423 3755 3627 3824 χρῆσιν

2046 3845 2145 3914 τῆς
2176 3844 2374 3909 λέξεως
2402 3843 2642 3908 ὁθενοῦν,
2671 3844 2702 3912 ἢ
2735 3844 2873 3899 ἀλλά
2901 3845 3289 3912 ἀναπεμπτέον
3324 3847 3407 3909 είς
3437 3847 3630 3900 ἄδειαν

2049 3938 2339 4006 ποιητικὴν
2388 3935 2482 3990 καὶ
2522 3935 2619 4004 τὴν
2677 3937 2766 3988 διὰ
2831 3937 3027 4005 μέτρον
3087 3937 3292 4005 ταύτην
3346 3938 3626 4004 ἀνάγκην.

2053 4027 2265 4089 Ἄλλως
2324 4028 2506 4097 μέντοι
2551 4028 2760 4097 ῥήτρας
2818 4029 2998 4096 φαμὲν
3053 4028 3434 4098 παροξυτόνως
3469 4031 3630 4094 γένει

2051 4119 2290 4191 θηλυκῷ,
2315 4119 2412 4182 τὰς
2437 4119 2530 4172 ἐπί
2555 4135 2663 4172 τισι
2691 4121 2874 4185 ῥητοῖς
2901 4120 3176 4191 συνθήκας
3195 4136 3208 4150 ·
3236 4113 3311 4173 ὧν
3338 4120 3522 4173 ἑνικὸν
3540 4120 3626 4184 τὸ,

2049 4213 2167 4266 ἀλλ’
2199 4214 2298 4280 ἄγε
2335 4214 2544 4283 ῥήτρην
2577 4214 2933 4282 ποιήσωμεν
2967 4214 3062 4265 καὶ
3097 4213 3242 4266 ἔστιν
3276 4215 3450 4266 έκεῖνο
3478 4213 3630 4267 κατά

2050 4303 2108 4356 τὸ
2140 4304 2357 4372 φρήτρη
2399 4303 2494 4356 καὶ
2517 4303 2584 4356 τὰ
2631 4303 2875 4357 τοιαῦτα.
2927 4303 2998 4355 Τὸ
3043 4303 3098 4355 δὲ
3134 4304 3391 4370 ἐξέφηνεν
3422 4305 3630 4356 οἰκεῖον

2055 4397 2191 4466 πρὸς
2223 4397 2321 4466 τὴν
2355 4395 2662 4465 ἀστραπὴν,
2703 4388 2771 4462 ἧς
2819 4394 3173 4464 ὲλλαμψὰσης
3205 4394 3525 4459 ὲκφαίνεται
3555 4395 3633 4446 τὰ

2053 4489 2190 4551 τέως
2221 4487 2350 4540 ὄντα
2387 4490 2442 4540 ὲν
2481 4487 2681 4554 σκότῳ,
2719 4488 2864 4540 καθά
2913 4488 3001 4539 καὶ
3036 4487 3085 4539 oi
3124 4486 3362 4554 μαθηταὶ
3398 4486 3631 4552 ἀφανεῖς

2053 4579 2238 4641 ὄντες,
2295 4577 2654 4645 ἐξεφάνησαν,
2688 4573 2769 4638 οἷς
2807 4577 2913 4630 ὑπὸ
2961 4575 3056 4628 τοῦ
3097 4575 3256 4643 ἁγίου
3307 4575 3632 4644 Πνεύματος

2053 4669 2474 4740 ἑνελάμφθησαν
2493 4686 2507 4699 ⁸
2542 4671 2634 4722 καὶ
2661 4669 2721 4722 οὗ
2750 4668 2910 4736 μόνον
2936 4669 3092 4721 αὐτοὶ⁸
3125 4667 3454 4736 ἐξέλαμψαν,
3491 4668 3634 4721 ἀλλά

2053 4765 2144 4816 καὶ
2173 4760 2352 4824 ἄλλοις
2381 4761 2589 4815 ἔδωκαν
2616 4761 2675 4814 τὸ
2721 4761 2926 4826 ἀγαθὸν
2955 4757 3112 4813 τοῦτο
3146 4759 3337 4821 πάθος.
3379 4743 3631 4828 ’Ᾰγραμ-

2059 4855 2265 4924 μάτους
2289 4852 2344 4906 δὲ
2380 4852 2411 4922 ἢ
2442 4853 2570 4914 τοὺς
2601 4851 2674 4921 μὴ
2710 4851 2914 4914 εἰδότας
2948 4850 3084 4912 ὅλως
3118 4849 3423 4920 γράμματα
3455 4849 3632 4914 λέγει,

2054 4945 2145 5007 οὓς
2178 4944 2591 5012 ἀναλφαὸήτους
2617 4945 2720 5013 ἔφη
2747 4961 2854 5006 τις,
2877 4943 2909 5013 ἢ
2937 4943 3065 5004 τοὺς
3090 4942 3631 5012 ὀλιγογραμράτονς·

2057 5039 2126 5090 δι’
2163 5032 2224 5089 οὗ
2262 5036 2674 5106 σημαινομένου
2702 5052 2835 5104 συνη
2853 5035 3089 5104 τορείται
3130 5035 3224 5086 καὶ
3253 5035 3280 5085 6
3311 5031 3524 5101 γράψας
3560 5033 3637 5100 μὴ

2060 5126 2365 5180 κωλύεσθαι
2395 5123 2534 5179 εἶναι
2587 5127 2683 5179 καὶ
2717 5125 3078 5194 ἀγράμματον
3104 5124 3421 5188 ἐπίσκοπον,
3451 5123 3637 5190 εῖγουν

2059 5220 2260 5287 ὀλίγοις
2305 5219 2620 5288 έντριὸἐντα
2671 5219 2898 5289 βιὸλίοις
2942 5217 3103 5286 ιερῶν
3156 5217 3522 5285 γραμμάτων.
3573 5215 3639 5268 Ὀ

2061 5311 2169 5381 γὰρ
2204 5311 2297 5363 καὶ
2341 5311 2506 5380 μηδὲν
2541 5311 2677 5372 ὅλως
2716 5308 2895 5374 εἰδὼς,
2942 5308 3166 5370 ὀκνήσοι
3196 5308 3282 5374 ἂν,
3311 5302 3484 5374 οἶμαι,
3517 5305 3618 5358 καὶ

2065 5405 2106 5456 ἱε
2116 5405 2185 5474 ρὰ
2211 5401 2375 5472 λύχνα
2403 5402 2682 5456 ἀνάπτειν.

2136 5676 2252 5736 πγ⁹.
2287 5670 2360 5722 T6
2387 5669 2441 5722 δὲ
2471 5669 2609 5735 ἅλις,
2647 5668 2675 5721 6
2706 5671 2962 5737 σημαίνει
2999 5668 3096 5736 μὲν
3127 5666 3184 5718 τὸ
3216 5667 3525 5734 αὐτάρκως.
3564 5664 3642 5726 ὡς

2069 5767 2374 5836 ἐπίρρημω
2397 5764 2604 5832 γίνεται
2620 5762 2674 5815 δὲ
2693 5763 2754 5815 ὲκ
2773 5760 2863 5814 τοῦ
2883 5759 3074 5826 ἀλίζω,
3096 5759 3283 5825 άλίσω,
3303 5757 3364 5810 τὺ
3380 5755 3644 5828 ἀθροίσω,
