3996 6194
254 314 345 380 τοι

1061 313 1147 375 ΙΝ
1188 313 1535 376 HYMNUM
1567 311 2220 376 PEN’I’ECOSTALEM
2258 311 2723 375 DAMASCENI.

3389 307 3497 372 602

253 425 514 499 ροῦμεθα.
543 423 622 479 οὐ
658 423 820 494 μόνον
847 423 958 495 γὰρ
988 423 1087 493 τῆς
1121 425 1266 478 κατὰ
1317 423 1522 495 ψυχὴν,
1557 423 1694 478 ἀλλὰ
1725 421 1822 476 καὶ

1936 421 2066 476 ritus
2093 405 2467 490 fulgurationi,
2491 435 2590 492 per
2615 433 2778 490 quam
2809 433 2841 474 c
2860 427 3025 474 nocte
3055 415 3346 472 multifarie
3369 434 3492 488 pro-

251 519 344 587 τῆς
375 517 507 588 περὶ
565 515 702 586 βίον,
755 515 816 575 ὃς
871 515 1072 587 μικροῦ
1107 517 1204 571 καὶ
1253 515 1642 585 ἀκατάληκτός
1672 515 1820 569 ἐστιν

255 609 348 663 ὅσα
377 609 476 662 καὶ
497 607 702 671 ὁποίοις
730 607 1012 679 νυκτέροις
1046 608 1270 673 πλάνοις
1301 611 1610 681 μετρεῖται.

428 872 756 941 Τροπάριον
777 873 1062 942 δεύτερον
1091 875 1201 943 τῆς
1227 877 1432 944 τρίτης
1457 875 1634 946 ᾠδῆς.

318 959 534 1019 VL'Hv
571 967 906 1035 ἐκπορευτὸν
935 967 993 1032 ἐξ
1029 967 1330 1034 ἁγεννήτου
1367 967 1542 1036 φάους

427 1058 500 1111 Τὸ
539 1059 1132 1128 πανσθενουργόφωτον
1160 1062 1384 1130 ἄφθιτον
1423 1062 1604 1127 σέλας,

424 1149 498 1204 Οὗ
524 1150 646 1222 τὴν,
676 1151 743 1203 δι’
779 1151 911 1204 Υἱοῦ
945 1153 1220 1222 πατρικῆς
1249 1153 1519 1220 ἐξουσίας,

425 1241 543 1298 Νῦν
569 1243 863 1313 ἐμφανίζει
896 1245 1120 1313 συμφυῆ
1155 1247 1506 1316 φρυκτωρίαν

426 1335 694 1405 Πυρώδης
723 1331 856 1406 ἦχος
886 1338 944 1388 ἐν
975 1335 1113 1389 Σιὼν
1139 1341 1251 1400 τοῖς
1279 1337 1515 1392 ἔθνεσιν.

318 1427 432 1492 πῖ.
461 1419 724 1494 Θεολογία
775 1427 896 1482 ὅλον
941 1429 1004 1482 τὸ
1051 1430 1228 1498 παρὸν
1277 1430 1583 1499 τροπάριον
1632 1431 1817 1499 κοινὴν

249 1522 384 1583 ὅλως
405 1519 622 1574 ἔννοιαν
645 1521 744 1572 οὐκ
773 1521 1167 1590 ἐπισυρόμενον
1186 1539 1201 1553 ο
1233 1523 1598 1593 ἐορταστικῶς
1631 1524 1686 1576 δὲ
1717 1525 1820 1592 ἄρ·

249 1629 406 1682 χεται
449 1614 479 1664 ό
528 1612 763 1681 μελῳδὸς
793 1613 901 1665 ἀπὸ
929 1613 1026 1682 τῆς
1053 1615 1148 1666 τοῦ
1181 1613 1333 1682 ἁγίου
1371 1615 1510 1667 Πνεύ
1521 1633 1688 1683 ματος
1725 1617 1818 1667 ἐκ-

253 1703 568 1771 πορεῦσεως
626 1705 689 1755 ἐκ
721 1703 815 1756 τοῦ
859 1705 1102 1772 Πατρός·
1155 1708 1370 1776 γοργῶς
1413 1707 1554 1778 ᾅδων
1594 1708 1688 1760 καὶ
1730 1725 1818 1760 σε·

255 1767 403 1861 μνῶς
432 1794 506 1856 ὡς
540 1793 788 1862 προσῆκε
818 1795 896 1861 τῷ
931 1767 1112 1866 μέτρῳ
1132 1813 1146 1827 ο
1168 1767 1300 1868 ’δέ
1327 1767 1470 1868 ἀργὴ
1502 1797 1650 1865 αὐτῷ
1679 1797 1820 1851 κατὰ
1849 1767 1894 1822 Β

250 1885 348 1954 τὴν
381 1885 476 1938 τοῦ
517 1884 737 1955 πρώτου
783 1886 1051 1954 Θεολόγου
1102 1887 1490 1956 εὐαγγελιστοῦ
1521 1891 1820 1960 ἐσχημάτι-

255 1993 378 2030 σται
411 1977 688 2044 εἰπόντος,
730 1979 818 2031 Ἐν
849 1981 993 2048 ἀρχῇ
1023 1975 1092 2049 ἦν
1130 1983 1156 2033 ὁ
1183 1981 1357 2048 Λόγος
1378 1997 1390 2010 ·
1427 1981 1562 2049 φησὶ
1593 1983 1722 2050 γὰρ,
1753 1976 1823 2054 ἦν

251 2069 610 2140 ἐκπορευτὺν,
659 2073 754 2125 καὶ
806 2073 976 2141 ἑξῆς·
1030 2074 1264 2129 ἐνταῦθα
1314 2075 1370 2129 δέ
1417 2076 1824 2145 ἐπισημαντέον

254 2163 570 2227 ἀναγκαίως
600 2161 705 2230 πρὸ
732 2163 833 2232 τῆς
854 2163 1175 2233 ἑρμηνείας.
1207 2166 1288 2219 ὅτι
1323 2166 1462 2236 μετὰ
1486 2167 1613 2230 τοὺς
1641 2169 1700 2220 ἐν
1721 2167 1822 2236 ἀρ-

254 2256 322 2322 χῇ
372 2253 468 2306 δύο
520 2253 816 2324 διστίχους.
869 2257 918 2308 oi
955 2257 1345 2328 ἐπιφερόμενοι
1379 2258 1682 2328 γράφονται
1729 2259 1824 2311 καὶ

256 2346 469 2410 οὕτως⁶
507 2378 578 2388 -
616 2346 676 2400 οὗ
708 2347 808 2418 τὴν
842 2349 911 2402 δι’
954 2349 1085 2404 Υίοῦ
1136 2351 1414 2420 πατρικὴν
1464 2350 1712 2417 ἐξουσίαν
1756 2381 1825 2392 -

256 2439 351 2492 νῦν
386 2440 680 2508 ἐμφανίζει
711 2443 952 2511 συμφυεῖ
976 2442 1302 2514 φρυκτωρία
1323 2475 1391 2485 -
1423 2444 1672 2514 πυρῶδες
1691 2441 1826 2519 ἦχος

257 2532 314 2583 ἐν
345 2532 518 2585 Σιώνο
553 2562 624 2571 -
659 2533 767 2587 Καὶ
812 2533 942 2604 περὶ
975 2534 1072 2603 μὲν
1115 2533 1218 2605 τῆς
1251 2537 1468 2607 γραφῆς
1515 2536 1721 2606 ταύτης
1751 2536 1826 2599 ὡς

260 2625 354 2677 καὶ
392 2625 523 2692 περὶ
554 2626 660 2693 πρὸ
692 2626 886 2693 αὐτῆς,
917 2627 1200 2696 εἰρήσεται
1226 2628 1286 2680 τὸ
1313 2628 1430 2682 δέον
1453 2644 1469 2660 ⁸
1499 2629 1576 2697 τῷ
1605 2630 1740 2692 τέως
1770 2629 1826 2681 δέ

262 2715 581 2786 ἐπιϐλητέον
615 2718 681 2784 τῇ
714 2717 894 2786 ἐννοίᾳ
941 2718 1033 2770 τοῦ
1087 2719 1384 2789 τροπαρίου
1429 2719 1613 2792 τοιᾷδε
1649 2721 1784 2792 οῦσῃ
1809 2737 1826 2753 ⁸

262 2802 388 2870 Ἦν,
435 2807 511 2868 ὡς
565 2807 785 2876 ἐρρέθη,
822 2808 1151 2878 ἐκπορευτδν
1177 2809 1242 2862 ἐκ
1273 2810 1447 2877 φωτὸς
1507 2812 1828 2882 ἀγεννήτου,

262 2900 431 2970 ἤγουν
457 2901 523 2952 ἐκ
560 2899 654 2953 τοῦ
693 2899 801 2952 τῶν
831 2900 1026 2967 φώτων
1065 2901 1294 2972 Πατρὸς,
1329 2903 1391 2955 τὸ
1421 2903 1516 2956 καὶ
1546 2903 1826 2974 ἄφθαρτον

266 2993 443 3060 σέλας,
469 2992 640 3062 ἤγουν
672 2991 830 3057 ἅγιον
865 2991 1111 3056 Πνεῦμα,
1161 2992 1279 3060 φῶς
1314 2996 1377 3046 ἐκ
1407 2996 1587 3063 φωτὸς
1624 2997 1830 3068 προελ-

1925 512 2090 568 funda
2118 512 2490 566 eatrahiurur:
2523 527 2628 566 non
2656 511 2838 566 solum
2861 525 2927 564 ex
2951 509 3152 563 anima
3187 515 3370 575 nocte,
3400 509 3496 563 sed

1922 603 2083 659 etiam
2115 618 2183 658 ex
2215 612 2370 658 nocte
2400 602 2594 666 victus,
2631 602 2724 670 qui
2751 602 2860 657 l'ere
2915 615 3139 670 quoque
3185 598 3500 667 incompre-

1925 693 2211 750 hensibilis
2237 709 2341 756 csa,
2383 701 2515 762 quot
2539 703 2595 748 et
2614 693 2868 761 qualibus
2899 690 3184 746 nocturnis
3212 691 3498 747 erroribus

1923 799 2238 840 mensuram
2279 784 2474 839 habeat
2507 784 2788 837 refertam.

2209 876 2526 943 Troparium
2551 874 2836 930 secundum
2859 875 3025 929 tertiae
3040 874 3178 928 ode.

2064 988 2194 1043 Erat
2221 989 2514 1058 procedens
2545 1001 2610 1041 ex
2651 987 2887 1056 ingenita
2920 985 3039 1041 loee

2000 1079 2418 1150 Omnipotenter
2449 1077 2697 1133 luclﬁcus
2731 1077 3187 1146 ineorruptusque
3214 1075 3489 1147 splendor,

1993 1174 2162 1242 Cujus
2193 1187 2288 1242 per
2316 1170 2440 1226 Filii
2475 1177 2755 1239 paternam
2791 1169 3155 1224 substantiam

1989 1262 2147 1317 Nunc
2174 1261 2488 1316 manifestat
2521 1269 2804 1330 cognatam
2846 1259 3018 1314 facem

1991 1353 2159 1422 lgnita
2186 1367 2289 1405 vox
2325 1351 2377 1404 in
2412 1350 2540 1404 Sion
2568 1351 2846 1420 gentibus.

1987 1444 2076 1499 87.
2111 1442 2402 1512 Thcologia
2443 1451 2616 1496 totum
2645 1451 2729 1497 est
2766 1455 3004 1509 prasens
3027 1443 3354 1508 troparium,
3386 1456 3495 1496 non

1919 1534 2144 1588 omnino
2196 1533 2468 1603 vulgarem
2506 1531 2745 1601 aliquam
2779 1540 2899 1598 post
2925 1546 2986 1586 se
3024 1532 3246 1586 trahens
3279 1541 3499 1586 senten-

1919 1626 2070 1678 tiam.
2091 1623 2283 1694 Incipit
2310 1638 2439 1678 vero
2462 1622 2778 1685 festivaliter
2803 1630 2959 1692 poeta
2993 1637 3022 1676 a
3051 1623 3225 1677 sancti
3260 1621 3495 1692 Spiritus

1921 1731 1984 1768 ex
2019 1714 2178 1767 Patre
2199 1714 2568 1782 processione,
2590 1712 2770 1767 vivide
2801 1711 3193 1782 magniﬁceque
3216 1727 3416 1767 canens
3437 1725 3499 1769 ut

1926 1814 2101 1860 metro
2130 1805 2404 1859 convenit.
2435 1804 2650 1858 Initium
2677 1813 2857 1859 autem
2884 1804 3027 1872 apud
3054 1803 3230 1873 ipsum
3255 1805 3502 1871 conﬁgu-

1925 1897 2190 1952 rationem
2207 1895 2371 1950 habet
2388 1909 2508 1950 cum
2526 1894 2680 1949 initio
2699 1893 2858 1963 primi
2878 1893 3502 1964 Theologievangelistm

1924 1989 2153 2044 dicentis
2183 2004 2198 2041 :
2231 1987 2289 2042 ιη
2333 1986 2601 2056 principio
2643 1994 2764 2040 erat
2815 1985 3074 2041 Verbum.
3120 1985 3261 2041 Dicit
3302 1987 3447 2041 enim
3481 2005 3496 2042 :

1926 2081 2054 2136 Erat
2094 2081 2416 2150 procedens,
2445 2087 2501 2134 et
2530 2080 2833 2149 sequentia.
2867 2078 2971 2134 Hic
2995 2087 3174 2134 autem
3231 2091 3357 2135 ante
3418 2079 3501 2133 in-

1926 2174 2370 2241 terpretationem
2422 2171 2736 2226 necessario
2813 2172 3114 2226 notandum
3196 2181 3276 2225 est
3333 2173 3498 2241 quod,

1925 2273 2046 2334 post
2075 2266 2182 2319 duo
2212 2264 2386 2333 prima
2434 2264 2688 2329 disticha,
2745 2264 3134 2332 subsequentia
3197 2263 3277 2319 sic
3335 2265 3498 2319 etiam

1925 2353 2296 2410 scribuntur:
2357 2345 2418 2404 οὗ
2460 2352 2559 2420 τὴν
2608 2352 2676 2404 δι’
2720 2352 2852 2406 Υιοῦ
2891 2352 3176 2424 Πατρικην
3226 2353 3499 2419 ἐξουσίαν,

1931 2447 2027 2499 νῦν
2059 2444 2348 2514 ἐμφανίζει
2411 2447 2658 2516 συμφυεῖ
2707 2447 3032 2518 φρυκτωρία
3087 2446 3334 2515 πυρῶδες
3370 2441 3504 2517 ἦχος

1932 2543 1988 2594 ἐν
2013 2538 2172 2594 Σιών.
2209 2540 2282 2594 De
2329 2539 2608 2608 Scriptura
2638 2540 2857 2608 quidem
2907 2542 2982 2595 ita
3012 2541 3157 2596 sicut
3191 2541 3256 2595 de
3289 2556 3349 2595 ea
3381 2554 3504 2610 quae

1933 2633 2211 2704 pra‘eetlit,
2264 2632 2476 2687 dicetur
2553 2633 2698 2700 quod
2771 2634 3138 2687 necessarium
3190 2640 3294 2688 est.
3349 2632 3506 2688 Nunc

1930 2733 2110 2781 autem
2151 2723 2522 2778 inbarrendum
2557 2731 2640 2778 est
2687 2723 2908 2789 troparii
2941 2724 3244 2783 sententiae.
3279 2739 3399 2792 qum
3425 2725 3505 2778 sic

1930 2831 1988 2871 se
2020 2816 2179 2870 habet
2218 2833 2232 2869 :
2296 2813 2441 2876 Erat,
2479 2824 2538 2867 nt
2578 2815 2783 2866 dictum
2832 2825 2935 2877 est,
2967 2816 3270 2882 procedens
3317 2830 3382 2869 ex
3418 2816 3501 2870 in-

1935 2905 2118 2971 genito
2149 2903 2374 2966 lumine,
2415 2902 2529 2956 sive
2563 2918 2626 2957 ex
2660 2903 2817 2956 Patre
2857 2903 3150 2969 luminum,
3211 2904 3499 2970 incorrup-

1935 2995 2081 3048 tibile
2119 2995 2323 3061 lumen,
2353 2996 2467 3050 sive
2513 3003 2740 3050 sanctus
2771 2992 3029 3064 Spiritus,
3065 2997 3245 3050 lumen
3275 3011 3305 3049 e
3334 2995 3498 3051 lumi-

266 3084 356 3136 θον
390 3085 484 3137 καὶ
540 3083 950 3152 παντοδύναμον
989 3085 1164 3148 ἄλλως
1210 3103 1268 3138 τε
1321 3087 1698 3156 πολυτρόπως,
1735 3089 1830 3142 καὶ

1937 3103 2002 3140 ne
2031 3087 2379 3156 proveniens,
2412 3087 2592 3140 omnia
2621 3085 2912 3142 multifarie
2945 3087 3124 3142 facere
3162 3088 3370 3153 valens,
3409 3090 3502 3144 sed

263 3177 322 3228 ἐν
349 3174 427 3244 τῷ
459 3174 638 3243 φωτὸς
674 3171 813 3226 εἶναι
843 3177 1182 3246 παρεκτικδν
1230 3179 1326 3232 καὶ
1370 3177 1503 3232 αὐτό
1525 3195 1539 3210 ⁸
1575 3174 1636 3232 οὗ
1663 3181 1831 3251 ῆγουν

263 3265 356 3318 τοῦ
403 3265 698 3337 εἰρημένου
753 3265 907 3333 ἁγίου
966 3265 1283 3336 Πνεύματος
1330 3268 1428 3336 τὴν
1479 3272 1834 3340 φρυκτωρίαν

262 3358 440 3412 εῖτουν
491 3357 790 3426 φανότητα,
839 3357 939 3427 τὴν
997 3357 1148 3428 αὐτῷ
1199 3360 1423 3429 συμφυῆ
1478 3363 1556 3424 ὡς
1613 3365 1834 3433 μεγάλῳ

264 3448 428 3516 φωτὶ,
459 3450 560 3521 τὴν
607 3451 910 3520 γενομένην
959 3449 1046 3503 διὰ
1095 3451 1194 3521 τῆς
1243 3452 1520 3524 πατρόθεν
1562 3455 1658 3510 τοῦ
1706 3456 1834 3509 Υίοῦ

263 3542 516 3609 ἐξουσίας
562 3543 661 3611 τῆς
694 3545 881 3609 κοινῆς
921 3547 986 3613 τῇ
1021 3545 1154 3617 ἁγίᾳ
1183 3545 1399 3616 Τριάδι,
1439 3551 1551 3611 τοῖς
1595 3567 1839 3620 παρατυ-

263 3633 454 3700 χοῦσιν
482 3631 697 3685 ἔθνεσιν
728 3633 1018 3700 ἐμφανίζει
1045 3633 1142 3686 νῦν
1177 3635 1418 3706 σήμερον
1447 3637 1720 3708 αἰσθητῶς
1746 3641 1838 3692 καὶ

265 3723 439 3786 οὕτως
473 3723 733 3793 ἐμφανῶς
765 3726 906 3777 κατὰ
931 3725 1030 3794 τὴν
1075 3725 1215 3779 Σιὼν
1243 3729 1301 3780 ἐν
1330 3730 1395 3797 τῇ
1431 3727 1532 3798 τῆς
1566 3731 1840 3799 Πεντηκο-

268 3818 406 3887 στῆς
439 3818 604 3886 ἑορτῇ
631 3815 694 3869 τὸ
723 3818 970 3886 πυρῶδες
1000 3817 1303 3888 ἀπήχημαο
1335 3819 1505 3889 ῆγουν
1531 3821 1565 3890 ή
1591 3822 1650 3874 ἐν
1679 3821 1840 3891 πυρί-

265 3927 407 3972 ναις,
441 3907 517 3970 ὡς
549 3908 858 3978 πρωρρέθη
885 3907 1182 3977 γλώσσαις,
1214 3909 1365 3980 βιαία
1391 3909 1530 3980 πνοὴ
1563 3912 1836 3982 φερομένη

263 4000 476 4056 ἄνωθεν
520 4001 801 4068 ἡχητικῶς
839 4003 934 4053 καὶ
982 3999 1198 4063 ζωοῦσα
1233 4003 1360 4064 τοὺς
1405 4002 1526 4055 τότε
1575 4004 1835 4065 πιστούςο

187 4163 196 4168 ἰ
266 4095 340 4146 δι’
371 4093 553 4146 αὐτῶν
604 4093 660 4145 δὲ
711 4091 804 4144 καὶ
854 4094 978 4153 τοὺς
1009 4093 1414 4161 ἀκουσομένους
1459 4093 1518 4160 ἐξ
1545 4095 1728 4147 αὐτῶν
1778 4095 1840 4148 τὸ

268 4189 536 4257 κύρυγμα
568 4185 660 4238 καὶ
685 4186 784 4250 τὴν
820 4183 1198 4254 ἀληθεστάτην
1231 4184 1470 4254 ἱστορίαν
1497 4183 1590 4238 τοῦ
1629 4185 1840 4256 θαύμα-

263 4297 384 4344 τος.

340 4375 454 4439 πη⁹.
491 4367 802 4436 Σημείωσαι
838 4365 894 4418 δὲ
925 4367 999 4427 ὼς
1051 4365 1110 4416 ἐν
1148 4363 1226 4432 τῷ
1261 4363 1463 4435 πρώτῳ
1497 4363 1615 4418 ἔπει
1651 4380 1841 4434 μυστι-

1935 3178 2236 3247 praesertim
2273 3179 2328 3232 in
2366 3193 2431 3234 eo
2462 3179 2608 3248 quod
2647 3178 2825 3246 ipsum
2886 3177 3107 3231 luminis
3153 3181 3502 3234 emissionem

1942 3271 2102 3324 habet
2145 3271 2441 3340 propriam.
2479 3271 2646 3338 (iuius
2691 3284 2820 3339 ergo
2854 3269 2981 3323 dicti
3039 3269 3275 3338 Spiritus
3331 3271 3504 3325 sancti

1936 3362 2164 3429 pharnm
2195 3377 2288 3416 seu
2342 3362 2631 3431 fulgorem,
2665 3363 2765 3430 ipsi
2803 3369 3063 3428 tanquam
3101 3377 3299 3432 magno
3347 3363 3507 3416 lumi-

1937 3454 1988 3506 ni
2023 3455 2322 3521 proprium,
2362 3462 2581 3507 enatum
2633 3468 2734 3523 per
2778 3451 2896 3507 Filii
2925 3468 2955 3507 a
2993 3452 3151 3507 Patre
3182 3463 3503 3523 potestatem

1937 3557 2054 3611 qua}
2086 3553 2289 3598 sanetae
2324 3541 2578 3598 Trinitati
2603 3545 2910 3597 communis
2943 3551 3048 3610 est,
3081 3545 3506 3599 occurrentibus

1938 3635 2190 3700 gentibus
2211 3634 2523 3689 manifestat
2546 3635 2702 3689 hodie
2725 3637 3055 3690 sensibiliter
3080 3647 3134 3689 et
3155 3637 3228 3688 ita
3255 3645 3504 3704 patenter

1941 3727 1993 3778 in
2045 3725 2174 3781 Sion
2232 3728 2284 3781 in
2344 3728 2482 3783 festo
2549 3728 2898 3783 Pentecostes
2953 3725 3117 3796 ignita
3167 3728 3502 3790 resonantia,

1940 3818 2054 3872 sive
2100 3818 2192 3874 ille
2224 3819 2276 3872 in
2302 3819 2495 3887 igneis,
2527 3827 2587 3872 ut
2608 3817 2814 3874 dictum
2868 3830 2970 3882 est,
3024 3819 3222 3887 linguis
3274 3817 3506 3886 spiritus

1939 3909 2234 3961 vehemens
2288 3907 2522 3976 desuper
2531 3921 2672 3978 eum
2740 3907 2924 3963 sonitu
2992 3907 3239 3972 veniens,
3269 3915 3323 3961 et
3377 3914 3507 3959 tunc

1944 3999 2205 4068 temporis
2237 3998 2421 4054 deles
2453 3999 2774 4066 viviﬁcans;
2815 4015 2910 4069 per
2930 3999 3075 4069 ipsos
3099 4008 3277 4054 autem
3328 3998 3505 4052 viviﬁ-

1942 4106 2075 4146 cans
2124 4099 2177 4145 et
2209 4090 2330 4146 illos
2354 4091 2460 4160 'qui
2490 4105 2555 4145 ex
2580 4091 2713 4160 ipsis
2748 4091 3078 4160 praeconium
3109 4091 3505 4162 historiamque

1943 4181 2176 4252 prodigii
2213 4181 2558 4237 verissimam
2595 4180 2836 4236 audituri
2868 4191 3016 4237 sunt.

2018 4359 2107 4415 88.
2152 4359 2457 4416 Notandum
2487 4369 2568 4417 est
2623 4370 2804 4416 autem
2853 4358 3020 4431 quod,
3058 4373 3182 4414 cum
3229 4358 3285 4414 in
3331 4357 3511 4428 primo

262 4462 405 4527 κῶς,
441 4462 538 4514 καὶ
571 4459 639 4513 δι’
673 4458 805 4512 αὐτὸ
833 4459 894 4512 οὐ
925 4457 1068 4510 πάνυ
1114 4457 1320 4524 σαφῶς,
1347 4458 1641 4526 ἀγέννητον
1669 4456 1785 4524 φῶς
1810 4457 1834 4509 ό

1943 4469 2099 4510 versu
2133 4455 2357 4525 mystice
2385 4455 2719 4524 proindeque
2743 4468 2849 4507 non
2880 4454 3100 4506 omnino
3116 4452 3266 4506 clare
3291 4451 3510 4520 ingeni-

261 4555 493 4622 ῦψίνους
533 4551 769 4621 μελῳδὸς
790 4549 884 4601 τὸν
920 4549 1142 4616 Πατέρα
1175 4550 1347 4600 εἰπὼν
1388 4549 1524 4617 πρὸς
1553 4547 1842 4618 διαστολὴν

261 4647 362 4700 τοῦ
418 4643 677 4713 γεννητοῦ
729 4641 906 4710 φωτὸς
957 4639 1051 4693 τοῦ
1108 4640 1238 4694 Υἱοῦ
1265 4655 1281 4671 ⁸
1338 4643 1398 4693 ἐν
1447 4641 1503 4694 δέ
1555 4641 1634 4710 τῷ
1671 4643 1840 4711 τρίτῳ

263 4739 439 4808 στίχῳ
490 4738 591 4804 τὴν
643 4737 807 4801 ἁγίαν
853 4731 1062 4800 Τριάδα
1101 4731 1234 4793 θεὶς,
1290 4731 1350 4784 τὸ
1408 4733 1505 4800 μὲν
1551 4732 1648 4783 τοῦ
1682 4732 1840 4799 ἁγίου

261 4830 586 4898 Πνεῦματος
645 4828 840 4894 ὄνομα,
897 4823 963 4876 δι’
1022 4823 1376 4893 ἀντωνυμίαν
1444 4823 1839 4892 μονοσυλλάοου

257 4924 571 4992 ἐδήλωσενσ
620 4922 710 4972 τὺν
742 4920 799 4971 δὲ
854 4917 1074 4986 Πατέρα
1120 4917 1215 4968 καὶ
1260 4918 1350 4968 τὸν
1393 4915 1522 4967 Υίδν
1569 4914 1840 4984 ἁριδήλως

258 5017 610 5082 ἐξωνόμασεν
633 5029 645 5040 ·
684 5006 763 5072 οἷς
797 5010 999 5062 αὐτίκα
1032 5010 1398 5060 συνεννοεῖται
1431 5007 1522 5058 καὶ
1554 5007 1616 5057 τὸ
1650 5021 1841 5076 μυστι-

258 5105 364 5157 κὸν
395 5103 581 5163 σέλας,
614 5101 676 5151 τὸ
704 5099 798 5151 καὶ
828 5099 895 5151 δι’
926 5097 1272 5164 ἁντωνυμίαν
1293 5097 1662 5166 δεδηλωμένον
1684 5095 1842 5162 ἅγιον

261 5195 518 5261 Πνεῦμα.
547 5189 907 5258 Θαυμαστέον
928 5188 986 5240 δέ
1013 5188 1110 5241 τοῦ
1140 5188 1516 5258 θεωρουμένου
1541 5185 1850 5256 τροπαρίου

256 5286 360 5338 καὶ
415 5285 498 5335 ὅτι
547 5280 823 5348 όλόφωτον
869 5279 1001 5332 αὐτὸ
1042 5279 1304 5346 ἐξέφανεν
1355 5281 1383 5332 ό
1432 5275 1840 5348 μελῳδόςοικαὶ

256 5375 442 5436 οὕτως
479 5374 676 5436 εἰπεῖν,
715 5372 941 5439 λυχνίαν
979 5372 1112 5424 αὐτὸ
1142 5371 1316 5440 ἀνῆψε
1369 5371 1640 5438 μυστικὴν
1673 5369 1842 5422 ἐτετά-

256 5483 482 5534 φωτον·
515 5465 576 5517 τὸ
617 5466 718 5533 μὲν
745 5464 1042 5533 ἀγέννητον
1090 5466 1226 5531 φάος
1273 5464 1363 5515 τὸν
1401 5462 1622 5529 Πατέρα
1664 5462 1841 5528 ἐκφω-

257 5562 459 5626 νήσας,
523 5557 585 5608 τὸ
641 5556 699 5608 δὲ
761 5556 1024 5625 γεννητὸν
1082 5557 1174 5608 τὸν
1225 5557 1352 5609 Υίὺν
1406 5553 1842 5607 συνεπινοεῖσθαι

259 5649 426 5717 ἀφείς
449 5666 463 5680 ο
500 5641 562 5700 οὗ
609 5648 935 5700 διαστέλλων
967 5649 1185 5710 πάντως
1218 5648 1513 5716 ἀγέννητον
1562 5646 1678 5715 φῶς
1718 5642 1840 5698 εἷπε

258 5746 357 5796 τὸν
391 5740 614 5810 Πατέρα
638 5755 650 5767 ·
690 5739 765 5810 τῷ
797 5739 1034 5811 δευτέρῳ
1064 5740 1232 5812 στίχῳ
1263 5740 1378 5811 φῶς
1419 5739 1593 5802 ἐνθεὶς
1630 5739 1721 5793 καὶ
1751 5739 1840 5793 σέ-

1943 4557 2053 4599 tum
2100 4545 2281 4600 lumen
2331 4545 2544 4600 excelsa
2579 4545 2836 4615 praeditus
2869 4553 3049 4598 mente
3083 4552 3236 4611 poeta
3254 4542 3388 4596 dixit
3412 4541 3511 4594 Pa-

1945 4648 2101 4701 trem,
2128 4637 2192 4688 ad
2218 4636 2656 4705 distinguendum
2683 4651 2807 4688 eum
2835 4633 3037 4697 aFilio,
3065 4635 3253 4703 genito
3276 4633 3507 4697 lumine,

1945 4727 1996 4780 in
2066 4727 2227 4780 tertio
2277 4737 2458 4779 autem
2536 4739 2694 4779 versu
2745 4725 3144 4778 sanctissimam
3193 4721 3508 4776 Trinitatem

1950 4819 2169 4888 posuit;
2205 4817 2378 4873 sancti
2413 4817 2630 4887 quidem
2687 4815 2923 4886 Spiritus
2954 4831 3150 4871 nomen
3179 4832 3273 4885 per
3311 4830 3512 4884 prono-

1952 4927 2072 4965 ucm
2123 4909 2547 4980 monosyllabum
2581 4909 2854 4975 ostendit;
2880 4909 3089 4985 Patrem
3127 4922 3254 4961 vero
3282 4906 3512 4960 Filium.-

1942 5020 2047 5070 que
2077 4999 2363 5056 manifeste
2397 5000 2730 5065 nominavit;
2761 4999 3086 5068 quibuscum
3140 4998 3396 5066 protinus
3455 5007 3512 5051 et

1945 5096 2263 5164 tntt-lligitur
2291 5093 2555 5163 mysticus
2579 5092 2781 5161 fulgor;
2813 5093 2901 5161 qui
2937 5106 3156 5161 quoque
3186 5107 3280 5160 per
3311 5103 3513 5158 prono-

1943 5201 2065 5241 nem
2125 5185 2433 5240 declaratur
2487 5181 2724 5251 Spiritus
2767 5193 3011 5238 sanctus.
3083 5182 3382 5236 Mirandum
3414 5195 3513 5232 an-

1946 5288 2050 5331 tem
2104 5285 2188 5331 est
2222 5276 2352 5330 illud
2392 5277 2617 5346 spectati
2678 5274 2916 5344 troparii,
2960 5274 3102 5341 quod
3141 5272 3268 5326 illud
3330 5269 3511 5322 omni-

1946 5367 2156 5434 fulgens
2220 5369 2472 5435 exposuit
2524 5377 2718 5436 poeta,
2773 5374 2828 5421 et
2887 5375 2948 5419 ut
2998 5365 3068 5418 ita
3120 5363 3321 5426 dicam,
3382 5357 3510 5411 illud

1947 5461 2230 5529 mysticam
2272 5471 2476 5528 septem
2528 5459 2821 5512 luminibus
2876 5459 3151 5511 lucernam
3207 5449 3502 5506 accendit:

1943 5553 2382 5621 quandoquidem
2413 5553 2711 5622 ingenitum
2775 5551 2957 5603 lumen
3015 5541 3384 5615 pronuntiavit
3410 5539 3510 5593 Pa-

1947 5655 2080 5697 trem
2111 5661 2125 5709 ;
2161 5645 2402 5712 genitura
2441 5659 2566 5697 vero
2590 5644 2739 5696 dedit
2770 5641 2930 5694 simul
2965 5634 3190 5702 intelligi
3225 5631 3444 5688 Filium.
3478 5646 3507 5683 a

1944 5751 2050 5808 quo
2083 5751 2308 5804 prorsus
2347 5749 2662 5800 secernens,
2697 5729 2998 5803 ingenitum
3032 5727 3215 5781 lumen
3243 5721 3381 5779 dixit
3407 5717 3512 5776 Pa-
