3996 6194
415 315 525 380 θοι

1095 309 1515 372 EUSTATHH
1563 311 1662 369 ΤΗ
1681 310 1854 369 ESSA
1868 309 1996 368 LOI‘

2105 307 2272 367 ENSI
2285 308 2325 366 S
2361 305 2923 368 METROPOIJTIE

3561 300 3672 363 6M

413 449 547 490 trem
574 449 592 501 ;
618 433 674 489 in
706 430 948 489 secundo
970 439 1149 484 autem
1179 443 1362 491 versu,
1397 428 1576 481 lumen
1615 444 1677 482 ac
1725 427 1989 498 fulgorem

2105 425 2192 489 λας
2214 442 2228 457 ο
2255 427 2330 494 τῷ
2354 426 2409 478 δὲ
2439 425 2605 494 τρίτῳ
2629 426 2723 478 καὶ
2754 421 2925 492 φανόν
2951 437 3070 473 τινα
3111 417 3475 488 παραυγὰτας
3504 438 3673 473 πνευ-

410 525 631 594 posuit;
669 524 722 578 in
758 524 917 577 tertio
946 534 1075 575 vero
1099 520 1391 589 quamdam
1447 520 1699 587 exposuit
1729 517 1902 573 facem
1931 524 1985 571 et

410 618 652 684 ejusdem
681 613 889 668 ordinis
925 615 1154 680 pbarum
1185 611 1432 665 accendit
1465 627 1479 676 ;
1526 612 1577 663 iu
1629 612 1822 680 quinto
1853 623 1984 664 vero

413 718 466 762 et
507 707 700 760 ultimo
767 703 991 774 iguitam
1027 704 1398 756 resonantiam
1433 701 1662 757 stridere
1693 700 1840 755 fecit.

483 797 571 849 89.
613 797 685 850 De
713 795 1063 864 processione
1091 809 1241 859 vero,
1270 794 1412 862 quod
1449 793 1554 862 ipsi
1583 802 1635 846 et
1662 794 1762 848 soli
1793 793 1988 847 decer-

412 897 573 942 natur
603 887 828 957 Spiritui
857 894 1048 941 sancto
1075 897 1218 940 sucut
1262 885 1401 938 Filio
1435 885 1712 954 generatio
1749 886 1986 953 passiva,

411 981 692 1048 activaque
721 978 866 1032 Patri
901 979 1162 1046 (generat
1224 992 1416 1044 nempe
1449 976 1626 1037 Pater,
1688 977 1860 1031 Filius
1894 992 1990 1029 au-

413 1083 518 1124 tem
551 1070 678 1125 inde
710 1069 1109 1138 generationem
1137 1068 1318 1126 habet.
1347 1076 1403 1120 et
1427 1065 1669 1135 procedit
1698 1081 1764 1118 cx
1796 1065 1986 1119 eodem

417 1161 574 1214 Patre
626 1159 862 1228 Spiritus
903 1157 1181 1226 sanctus),
1217 1158 1318 1210 hoc
1371 1158 1590 1226 quidem
1648 1166 1731 1211 est
1789 1157 1991 1211 divinis

413 1255 714 1323 Scripturis
747 1261 1058 1307 constanter
1089 1253 1370 1316 usitatum,
1420 1252 1709 1320 probatum
1776 1262 1830 1305 et
1862 1266 1993 1318 pro-

417 1344 621 1399 fessum
651 1363 664 1409 ;
692 1354 744 1398 et
763 1344 898 1398 sicut
927 1343 1016 1397 ille
1045 1343 1135 1410 qui
1180 1342 1234 1396 in
1263 1342 1423 1396 Creta
1461 1343 1526 1396 de
1550 1343 1742 1396 animae
1773 1343 1994 1396 immor-

420 1435 635 1488 talitate
691 1433 1140 1501 colloquebatur,
1198 1449 1427 1500 magnus
1503 1433 1720 1502 sapiens
1779 1432 1992 1501 egregie

414 1524 757 1592 dixit-quod
842 1524 1160 1578 immortalis
1246 1532 1329 1577 est
1421 1524 1622 1585 anima,
1701 1523 1779 1577 sic
1830 1524 1992 1576 etiam

413 1629 560 1669 nunc
588 1617 768 1669 dicere
811 1630 1100 1685 possutmus
1128 1617 1269 1682 quod
1304 1615 1691 1684 dogmatizare,
1727 1615 1855 1683 quia
1882 1615 1994 1668 sola

414 1705 516 1760 tria
569 1706 680 1760 lnrc
713 1714 768 1759 et
820 1705 1030 1760 Patrem
1100 1721 1362 1773 generare
1420 1716 1473 1760 et
1554 1705 1810 1759 Filiuma
1841 1705 1997 1758 Patre

2091 519 2322 588 ματικον
2355 518 2441 569 διὰ
2489 515 2583 568 τοῦ
2623 511 2936 582 ἐμφανίζει
2983 513 3250 579 ῥήματος.
3284 509 3379 561 καὶ
3411 527 3672 578 φρυκτω-

2093 611 2213 683 ρίαν
2248 608 2530 674 σύστοιχον
2585 604 2891 673 ἐξανάψας·
2947 605 3005 654 ὲν
3050 603 3106 654 δὲ
3154 602 3232 672 τῷ
3275 603 3515 672 πέμπτῳ
3569 603 3668 654 καὶ

2089 700 2386 765 τελευταίῳ
2423 698 2679 768 ῥοιζήσας
2709 691 2840 766 ἦχον
2878 695 3172 762 πυρόεντα.

2163 794 2273 846 πθ’.
2313 793 2446 858 Περὶ
2469 792 2523 842 δὲ
2551 789 2647 842 τοῦ
2680 786 3074 855 ἐκπορεύεσθαι
3107 787 3188 838 ὅτι
3219 785 3365 852 αὐτῷ
3387 785 3480 837 καὶ
3515 785 3670 856 μόνῳ

2095 885 2240 946 ἰδίως
2277 882 2588 950 ἀφώρισται
2634 881 2710 947 τῷ
2744 880 2886 946 ἁγίῳ
2927 878 3229 946 Πνεύματι,
3277 877 3419 929 καθὰ
3451 879 3546 930 καὶ
3589 878 3672 943 τῷ

2093 974 2207 1042 Υἱῷ
2237 975 2296 1026 τὺ
2337 973 2654 1039 γεννᾶσθαι,
2694 973 2790 1024 καὶ
2819 971 2895 1039 τῷ
2927 972 3104 1037 "arpi
3133 970 3194 1021 τὸ
3220 971 3464 1038 έγεννᾷνο
3500 971 3675 1040 γεννᾷ

2097 1065 2195 1132 μὲν
2229 1063 2337 1130 γὰρ
2364 1066 2390 1116 ὁ
2424 1063 2637 1130 Πατὴρ.
2674 1062 2932 1126 γεννᾶται
2966 1060 3023 1111 δὲ
3058 1060 3268 1112 ἐκεῖθεν
3317 1062 3345 1112 ὁ
3396 1059 3544 1120 Υἱὸς.
3579 1061 3676 1110 ἐκ-

2096 1157 2390 1225 πορεύεται
2423 1154 2477 1206 δὲ
2516 1153 2612 1205 τοῦ
2646 1153 2812 1205 αὑτοῦ
2848 1151 3062 1219 Πατρὶς
3109 1152 3168 1202 τὸ
3217 1151 3370 1215 ἆγιον
3416 1149 3672 1216 Πνεῦμα.

2093 1246 2381 1313 τέτριπται
2412 1247 2489 1306 είς
2523 1243 2897 1307 ἁπλαγίαστον
2926 1244 3048 1304 ταῖς
3074 1241 3246 1302 θείαις
3278 1241 3546 1308 Γραφαῖς,
3575 1241 3678 1292 7.1!.

2096 1337 2490 1393 ἀποδέδεικται,
2527 1337 2617 1386 καὶ
2653 1334 2827 1393 οὕτως
2875 1333 3249 1398 ὡμολόγηται,
3278 1334 3374 1383 καὶ
3411 1331 3603 1399 ὥσπερ
3641 1333 3674 1383 ὁ

2097 1431 2154 1480 ὲν
2183 1429 2370 1496 Κρήτῃ
2401 1426 2782 1492 διαλεγόμενος
2814 1426 2987 1492 μέγας
3023 1422 3184 1487 σοφὸς
3212 1424 3339 1490 περὶ
3369 1423 3677 1485 ἀθανασίας

2096 1517 2295 1586 ψυχῆς,
2336 1515 2439 1583 ἔφη
2470 1515 2717 1581 γλυκέως
2753 1513 2828 1575 ὡς
2857 1515 2917 1566 τὸ
2947 1513 3048 1582 τὴν
3089 1511 3267 1581 ψυχὴν
3298 1512 3566 1566 ἀθάνατον
3596 1509 3683 1565 εἴ·

2099 1627 2208 1672 ναι,
2242 1607 2412 1667 οὕτως
2437 1607 2552 1659 ἐστι
2590 1607 2753 1674 φάναι
2805 1607 2895 1659 καὶ
2944 1606 3038 1657 νῦν
3069 1607 3216 1672 ἡμᾶς
3247 1605 3329 1656 ὅτι
3375 1604 3435 1656 τὸ
3468 1605 3680 1674 δογμαν

2102 1695 2270 1760 τίξειν
2297 1695 2370 1756 ὡς
2410 1695 2546 1764 μόνα
2582 1693 2646 1763 δὴ
2677 1693 2845 1747 ταῦτα
2886 1694 3014 1762 τρία
3056 1693 3149 1744 καὶ
3180 1691 3270 1742 τον
3308 1691 3526 1757 Πατέρα
3549 1706 3677 1755 γενο

412 1796 683 1864 generari,
715 1804 767 1849 et
795 1811 823 1848 a
856 1795 1014 1849 Patre
1062 1797 1357 1865 procedere
1383 1796 1663 1864 Spiritum,
1717 1795 1996 1849 characte—

2105 1789 2216 1858 νᾷν,
2252 1789 2308 1837 τὸ
2335 1763 2424 1838 τὸν
2457 1787 2585 1837 Υἱὸν
2625 1785 2919 1853 γεννᾶσθαι
2970 1785 3032 1836 ὲκ
3081 1782 3173 1835 τοῦ
3219 1781 3450 1849 Πατρὸς,
3486 1781 3581 1832 καὶ
3611 1779 3681 1831 τὸ

414 1901 503 1939 res
535 1894 665 1938 sunt
695 1885 804 1938 illis
837 1887 1124 1952 speciales,
1169 1897 1366 1941 caetera
1409 1903 1536 1943 vero
1569 1896 1768 1942 cuncta
1799 1885 1998 1940 divini-

415 1977 542 2030 tatis
587 1979 787 2045 pariter
844 1979 1192 2048 applicantur
1252 1981 1425 2036 tribus
1463 1981 1582 2034 sive
1641 1981 1998 2036 sanctissima:

415 2068 693 2134 Trinitati,
754 2071 938 2126 verius
991 2080 1076 2126 est
1133 2085 1297 2140 quam
1347 2070 1490 2139 quod
1522 2070 1655 2124 hora
1696 2087 1860 2139 quum
1897 2072 1996 2125 ista

416 2173 549 2213 sane
579 2158 906 2228 proferimus
957 2159 1013 2212 in
1054 2158 1414 2227 Scripturam,
1482 2159 1665 2214 astiva
1700 2175 2000 2228 serenoque

417 2262 601 2306 nostra
627 2261 730 2306 est.
769 2251 862 2305 Est
893 2253 1055 2323 igitur
1085 2252 1217 2306 mihi
1258 2253 1586 2307 desiderium
1620 2253 1690 2307 ab
1747 2252 1848 2307 hac
1881 2254 1998 2308 dic-

421 2345 572 2396 tione
602 2342 826 2398 minime
865 2343 1151 2406 desistere,
1194 2344 1286 2398 sed
1323 2343 1493 2397 solam
1541 2343 1680 2397 hanc
1730 2344 1997 2397 sinceram

422 2445 636 2500 semper
676 2431 876 2486 habere
906 2446 1067 2500 super
1098 2432 1360 2500 linguam.
1419 2429 1535 2484 Non
1583 2431 1726 2499 quod
1792 2431 1996 2483 bonum

421 2538 528 2576 nou
574 2531 656 2578 est
683 2524 846 2578 etiam
879 2526 1180 2592 productio,
1207 2526 1362 2595 juxta
1397 2539 1560 2592 quam
1617 2522 1824 2577 ratione
1863 2521 2000 2575 divi-

423 2627 506 2666 nae
530 2613 914 2682 polyonymiaa,
947 2614 1276 2667 sanctissimi
1318 2612 1506 2667 Patres
1536 2612 1796 2680 Spiritum
1837 2626 1999 2665 Sanc-

427 2713 542 2756 tum
574 2717 694 2757 esse
719 2702 1042 2772 productum
1073 2703 1261 2758 dicunt
1298 2718 1396 2756 nec
1429 2718 1534 2756 nou
1563 2702 1653 2755 alii
1689 2717 1826 2770 quos
1854 2701 1996 2754 indi-

421 2803 550 2849 cant
577 2795 948 2856 characteres,
1001 2794 1094 2848 sed
1127 2794 1274 2863 quod
1306 2810 1370 2848 ex
1426 2793 1720 2864 Evangelio
1761 2801 1994 2863 prototy-

427 2901 552 2955 pum
589 2895 672 2940 cst
723 2886 884 2952 hujus
931 2885 1288 2954 specialitatis
1357 2886 1460 2939 ltoc
1516 2899 1713 2940 nomen
1751 2894 1807 2940 et
1841 2886 1996 2955 quasi

426 2977 661 3032 radicem
689 2977 870 3048 gerit;
909 2985 965 3030 et
991 2992 1056 3030 ex
1114 2977 1254 3046 ipso,
1311 2987 1568 3046 tanquam
1603 2992 1668 3031 ex
1725 2976 1997 3043 principio

2102 1879 2370 1946 πατρόθεν
2400 1876 2799 1946 ἐκπορεύεσθαι
2829 1880 2890 1927 τὸ
2924 1874 3169 1939 Πνεῦμα,
3195 1873 3492 1934 ἰδιάζουσιν
3521 1873 3679 1922 ἐκεί-

2097 1990 2208 2033 νοις
2241 1970 2790 2041 χαρακτηριστικῶςο
2822 1972 2890 2023 τὰ
2941 1969 2989 2022 δ’
3029 1969 3165 2022 ἄλλα
3213 1970 3393 2022 πάντα
3425 1969 3521 2036 τῆς
3551 1967 3682 2019 086-

2096 2081 2260 2134 τητος
2317 2063 2517 2132 ἐπίσης
2573 2062 2949 2131 προσαρμόζει
2984 2063 3091 2123 τοῖς
3127 2060 3330 2126 τρισὶν,
3386 2060 3558 2129 ἦγουν
3604 2060 3680 2128 τῇ

2099 2154 2380 2224 ἁγιωτάτῃ
2419 2153 2639 2223 Τριάδι,
2665 2152 3028 2222 ἀληθέστερόν
3059 2153 3175 2202 ἐστι
3209 2149 3303 2202 τοῦ
3335 2153 3428 2201 νῦν
3458 2151 3548 2202 ὅτε
3579 2149 3687 2215 δην

2097 2244 2230 2313 λαδὴ
2265 2243 2436 2296 ταῦτα
2467 2245 2815 2312 προςὲρομεν
2845 2244 2924 2302 είς
2958 2242 3183 2311 Γραφὴν
3207 2242 3428 2310 θερινὴν
3457 2241 3684 2309 αἰθριάο

2099 2335 2301 2397 ζουσαν
2330 2336 2608 2404 ἡμετέραν
2644 2331 2782 2387 εἶναι
2805 2352 2817 2365 ·
2855 2337 2949 2388 καὶ
2976 2335 3156 2386 τοίνυν
3180 2334 3304 2401 ἐμοὶ
3336 2332 3514 2400 δρεξις
3553 2331 3686 2400 μηδ’

2097 2427 2236 2491 ὅλως
2287 2429 2620 2494 ἀφίστασθαι
2673 2429 2896 2492 λέξεως.
2937 2425 3072 2480 ἀλλὰ
3115 2428 3286 2495 μόνην
3319 2425 3684 2494 άπαραποίη-

2097 2538 2187 2574 τον
2221 2521 2392 2592 αὐτὴν
2425 2523 2509 2574 ἀεὶ
2538 2521 2683 2590 όχεῖν
2722 2521 2814 2573 ἐπὶ
2845 2521 3092 2589 γλώττης
3115 2537 3130 2550 ο
3156 2521 3254 2588 οὐχ
3284 2519 3366 2574 ὅτι
3410 2519 3484 2587 μὴ
3509 2519 3685 2571 καλὸν

2102 2613 2198 2665 καὶ
2246 2615 2279 2683 ἡ
2335 2613 2573 2682 προϐολὴ
2631 2611 2752 2665 καθ’
2808 2611 2876 2680 ἥν
2923 2611 3020 2665 καὶ
3070 2612 3374 2680 προσλητὸν
3421 2611 3480 2664 τὸ
3518 2612 3686 2676 ἅγιον

2099 2703 2354 2773 Πνεῦμα,
2391 2707 2486 2757 καὶ
2517 2705 2618 2757 ὅσα
2649 2703 2706 2756 δὲ
2755 2703 2892 2756 ἄλλα
2942 2703 3419 2773 χαρακτηριστικὰ
3467 2703 3688 2754 πολυω-

2099 2795 2301 2862 νυμίας
2329 2793 2476 2854 θείας
2507 2793 2671 2862 λόγῳ,
2702 2794 2752 2844 οἱ
2792 2791 3090 2859 ἁγιώτατοι
3119 2793 3362 2861 Πατὲρες
3392 2793 3523 2846 αὐτὸ
3556 2794 3685 2844 ἐπι-

2100 2882 2375 2951 λέγουσιν,
2413 2883 2532 2936 άλλ⁹
2559 2884 2641 2936 ὅτι
2690 2883 3059 2950 εὐαγγελικῶς
3094 2884 3438 2952 πρωτόθετον
3480 2884 3687 2950 ἰδιότη-

2097 2993 2188 3035 τος
2219 2975 2422 3044 ταύτης
2448 2975 2617 3045 ὄνομα
2643 2975 2822 3042 τοῦτο,
2861 2977 2958 3028 καὶ
2982 2975 3058 3036 ὡς
3099 2977 3278 3028 εἰπεῖν
3307 2975 3551 3043 ριζικόν·
3587 2976 3687 3028 καὶ

423 3070 656 3140 quodam
691 3069 994 3138 tlieologice
1057 3069 1388 3138 praestituto,
1437 3071 1620 3124 omnis
1669 3069 1834 3121 dictio
1871 3085 1992 3136 pro-

2105 3065 2157 3130 ὲξ
2187 3063 2350 3116 αὑτοῦ
2386 3067 2483 3116 ὃσα
2518 3065 2612 3117 καὶ
2653 3064 2713 3129 ἐξ
2747 3065 2920 3133 ἀρχῆς
2956 3081 3103 3125 τινος
3142 3064 3681 3133 προκατασεσλημέ-

428 3161 675 3228 cedendi,
710 3161 865 3230 juxta
897 3175 1120 3215 sensum
1174 3159 1573 3229 evangelicum,
1595 3161 1853 3228 erumpit.

495 3341 584 3399 90.
611 3341 846 3397 Coactus
879 3341 1040 3411 igitur
1073 3339 1310 3410 Spiritus
1354 3341 1527 3394 sancti
1591 3337 1996 3408 processiouem

425 3435 480 3490 iu
510 3436 712 3489 exitum
750 3433 1017 3500 accipere,
1047 3431 1173 3487 licet
1204 3433 1317 3485 haec
1365 3432 1528 3485 ambo
1567 3433 1632 3485 ad
1688 3445 1856 3486 unum
1919 3447 2000 3482 re-

431 3529 699 3581 ducantur
729 3539 950 3578 seusum
1004 3531 1220 3592 prepter
1255 3520 1452 3575 Filium
1487 3521 1752 3575 dicentem
1791 3539 1806 3576 :
1844 3519 1997 3572 Exivi

427 3634 458 3673 ιι
501 3619 701 3684 Patre;
736 3617 850 3671 scio
871 3614 1086 3684 quidem
1127 3630 1155 3667 a
1189 3614 1296 3667 Deo
1332 3613 1594 3682 prolatam
1629 3615 1766 3666 lianc
1790 3627 2000 3671 vocem,

427 3721 482 3766 ct
511 3711 578 3766 ad
613 3709 974 3764 rectissimam
1033 3706 1362 3784 sententiam
1393 3705 1656 3773 adaptatis
1709 3719 1873 3770 amo;
1905 3703 1998 3756 sed

430 3817 606 3859 tamen
673 3803 740 3856 ab
804 3803 918 3872 ipsa
977 3801 1321 3868 processioue
1377 3815 1482 3852 non
1543 3798 1771 3852 desisto.
1832 3796 1898 3849 Et
1929 3798 2001 3850 ita

427 3893 890 3965 quidemaPatre
941 3893 1236 3962 procedens
1298 3902 1382 3945 est
1444 3891 1679 3960 Spiritus
1757 3898 2000 3944 sanctus.

430 3991 631 4045 Lumen
689 3997 868 4041 autem
927 3987 994 4040 ad
1026 3985 1156 4053 quid
1203 3986 1410 4038 Patrem
1470 3980 1833 4037 dicit?Neuio
1895 3992 2001 4035 tatu

436 4082 630 4136 mentis
663 4080 871 4133 visione
915 4079 1148 4132 obtusus
1180 4085 1280 4138 est,
1312 4086 1370 4129 ut
1419 4076 1632 4145 ignoret
1686 4089 1744 4128 se
1779 4090 1884 4126 nun
1918 4074 2004 4127 iu-

429 4172 567 4227 tuct-i
601 4172 780 4224 lumen
813 4170 958 4222 illius
1001 4179 1258 4236 tanquam
1301 4167 1502 4236 aliquid
1559 4168 1702 4235 quod
1738 4168 2005 4236 attingere

432 4274 744 4330 possumus,
794 4274 892 4312 nec
923 4259 1070 4312 illius
1099 4258 1399 4311 claritatem
1471 4258 1788 4326 illlelligcre.
1853 4258 2008 4326 lnge-

435 4354 606 4408 uitum
641 4361 821 4404 autem
854 4350 958 4404 hoc
1023 4350 1202 4404 lumen
1249 4347 1326 4402 ait
1366 4356 1585 4417 propter
1639 4349 1857 4413 Filium,
1914 4351 2003 4414 qui

2103 3177 2197 3219 νας
2230 3159 2579 3223 θεολογικῶς,
2617 3161 2856 3229 ὁρμᾶται
2888 3157 3033 3224 λέξις
3075 3159 3263 3212 ἁπασα
3297 3159 3682 3230 ὲκπορευτικὴ

2101 3253 2241 3303 κατὰ
2272 3249 2632 3318 εὐαγγελικὴν
2665 3249 2894 3305 ἔννοιαν.

2173 3339 2242 3408 ις.
2281 3343 2350 3393 Συ
2366 3341 2712 3408 ττελλόμενος
2743 3341 2873 3409 γοῦν
2905 3341 3237 3395 ἐκλαὸἐσθαι
3265 3342 3362 3412 τὴν
3407 3361 3690 3412 -κπορευ-

2106 3451 2190 3485 σιν
2236 3435 2328 3484 ἐπὶ
2357 3433 2453 3486 τοῦ
2490 3433 2647 3498 ἁγίου
2687 3433 3004 3500 Πνεύματος
3052 3435 3132 3495 είς
3165 3435 3456 3498 ὲξέλευσιν,
3497 3440 3546 3490 εξ
3584 3442 3686 3491 καὶ

2107 3526 2273 3593 ἄμφω
2321 3525 2491 3577 ταῦτα
2549 3527 2628 3586 εἰς
2667 3525 2790 3577 νοῦν
2840 3526 2934 3578 ἕνα
2966 3526 3321 3597 συνέρχονται
3367 3530 3452 3582 διὰ
3483 3532 3574 3582 τον
3605 3533 3689 3584 εί-

2105 3619 2274 3670 πέντα
2317 3617 2464 3682 Υιὺν,
2493 3617 2748 3684 Ἐξῆλθον
2783 3620 2845 3670 ὲκ
2874 3618 2970 3672 τοῦ
3012 3620 3256 3688 Πατρόςο
3290 3623 3382 3674 καὶ
3412 3619 3528 3674 οἶδα
3585 3625 3687 3691 μὲν

2104 3708 2433 3776 θεῦφθογγον
2469 3710 2647 3761 ὲκεῐνο
2692 3710 2753 3761 τὸ
2785 3711 2958 3780 ῥῆμα,
3014 3712 3110 3762 καὶ
3143 3712 3280 3778 φιλῶ
3312 3714 3446 3766 αὐτὸ
3478 3716 3689 3783 ἁρμότ-

2104 3817 2211 3853 των
2245 3801 2324 3862 είς
2359 3800 2660 3870 ὀρθοτάτην
2687 3800 2897 3854 ἔννοιαν
2925 3819 2938 3832 ⁸
2971 3806 3072 3856 οὐκ
3105 3803 3411 3873 ἀφίσταμαι
3442 3806 3497 3858 δὲ
3528 3807 3685 3874 ὅμως

2104 3894 2276 3958 αὐτῆς
2307 3893 2370 3962 δὴ
2408 3893 2504 3961 τῆς
2534 3893 2947 3963 ἐκπορεύσεως·
2984 3895 3080 3946 καλ⁵
3111 3895 3252 3948 οὕτω
3281 3897 3381 3965 μὲν
3417 3899 3686 3962 ἐκπορευ-

2105 3985 2197 4036 τῖιν
2238 3985 2452 4053 Πατρὸς
2489 3986 2548 4036 τὸ
2586 3985 2742 4051 ἆγιον
2775 3985 3035 4052 Πνεῦμαο
3092 3988 3230 4054 φάος
3276 3987 3329 4039 δὲ
3359 3988 3446 4040 διὰ
3491 3989 3544 4040 τί
3595 3990 3687 4040 τὸν

2108 4078 2326 4143 Πατέρα
2360 4061 2508 4142 λέγεῖ
2538 4095 2550 4143 ;
2579 4079 2765 4140 Οὐδεὶς
2811 4077 2952 4130 οὕτω
2985 4078 3369 4146 εἰδυσὼπητος
3409 4079 3508 4148 τὴν
3542 4083 3686 4132 κατὰ

2107 4165 2232 4219 νοῦν
2263 4165 2408 4235 ὄψιν,
2440 4167 2513 4230 ὡς
2548 4170 2759 4236 ἀγνοεῖν
2799 4169 2874 4238 μὴ
2903 4171 3190 4237 ἐμϐλέπων
3217 4170 3294 4232 τῷ
3325 4170 3447 4221 κατ’
3473 4174 3688 4224 ἐκεῖνον

2107 4258 2248 4326 φωτὶ
2280 4261 2420 4311 καθὰ
2450 4261 2690 4327 ἐφικτὸν,
2726 4261 2820 4312 καὶ
2869 4263 3302 4331 κατανοοῦμενος
3331 4262 3429 4330 τὴν
3465 4282 3691 4332 φωσφο-

2112 4351 2232 4417 ρίαν
2266 4351 2430 4404 αὐτοῦ
2458 4367 2470 4380 ·
2501 4351 2796 4421 ἀγέννητον
2828 4354 2883 4405 δὲ
2914 4353 3027 4419 φῶς
3060 4355 3268 4407 ἐκεῖνόν
3299 4372 3436 4424 φησι
3471 4356 3561 4408 διὰ
3594 4358 3691 4408 τὸν

431 4447 606 4499 lumen
638 4445 754 4513 ipse
781 4443 1000 4514 quidem
1031 4451 1134 4508 est,
1160 4441 1252 4495 sed
1275 4443 1542 4509 genitum,
1576 4450 1635 4494 ιιι
1664 4442 1866 4496 dictum
1889 4455 1971 4499 est
1989 4460 1996 4510 ;

2114 4443 2276 4495 Υἱόν·
2310 4444 2424 4511 φῶς
2457 4444 2555 4511 μὲν
2599 4447 2692 4497 καὶ
2743 4446 2948 4500 ἐκεῖνον
2992 4447 3140 4511 ὄντα,
3187 4449 3448 4518 γεννητὸν
3477 4449 3559 4510 δὲ,
3609 4450 3692 4512 ὡς

428 4545 482 4588 at
511 4532 746 4602 quadam
792 4531 859 4585 ad
898 4532 1036 4585 idem
1067 4531 1154 4584 hic
1190 4529 1541 4600 polyouytuiaa
1575 4531 1783 4584 ratione
1851 4531 1997 4586 Patri

431 4628 613 4680 lumen
641 4633 726 4678 est
747 4625 1072 4677 attributum
1097 4639 1111 4675 :
1135 4622 1292 4675 aliter
1317 4622 1459 4674 enim
1482 4636 1589 4675 non
1619 4632 1742 4691 apte
1766 4623 1824 4674 τὸ
1845 4625 2002 4689 ἀγέν-

430 4733 592 4784 νητον
616 4715 833 4782 lumini,
870 4714 973 4768 nisi
1011 4723 1270 4781 tanquam
1309 4711 1414 4767 Deo
1442 4712 1610 4776 Patri,
1645 4715 1996 4771 tribueretur.

437 4807 610 4861 Dictio
667 4821 796 4860 vero
851 4803 1435 4873 πανσθενουργόφωτον
1489 4818 1520 4857 a
1570 4804 1778 4859 dicendi
1835 4805 2002 4858 tardi-

435 4905 545 4949 tate
613 4912 705 4964 per
771 4894 1103 4949 celeritatem
1163 4892 1442 4963 synthesis
1493 4902 1710 4963 poetam
1763 4894 1997 4948 liberat:

429 4997 664 5054 quatuor
701 4989 844 5042 enim
891 5001 1050 5040 voces
1083 4985 1209 5046 πᾶν,
1248 4985 1457 5049 σθένος,
1486 4986 1672 5055 ἔργον,
1708 4988 1842 5053 φῶς,
1879 4996 1998 5040 tau-

431 5096 594 5149 qttatn
628 5081 951 5148 glauieratas
991 5079 1042 5132 iu
1097 5077 1333 5144 plurium
1386 5093 1491 5131 tina
1547 5091 1996 5146 congregatorum

431 5172 675 5239 globum,
705 5168 963 5223 velociter
993 5167 1146 5232 dixit,
1186 5167 1314 5222 huic
1352 5168 1658 5221 necessario
1676 5168 1999 5237 applicatus,

434 5275 610 5316 metro
642 5270 884 5331 cogente.
910 5260 966 5313 Si
1000 5274 1128 5314 vero
1161 5259 1386 5314 comicis
1427 5261 1604 5329 poetis
1638 5261 1750 5314 huic
1798 5274 2000 5313 conve-

433 5353 551 5406 nire
584 5360 793 5404 veteres
823 5358 1085 5415 statuunt,
1145 5348 1481 5404 rarissimam
1529 5349 1674 5418 apud
1743 5350 2000 5416 antiquos

432 5458 554 5498 esse
583 5443 744 5495 talem
790 5439 1085 5511 syntltesitu
1141 5439 1486 5504 adnotantes,
1551 5439 1720 5506 legem
1783 5439 2000 5491 sibimet

433 5533 568 5602 ipsis
597 5540 859 5592 statuant,
905 5530 1147 5584 sitientes
1201 5529 1418 5583 divinos
1493 5529 1640 5582 viros
1697 5529 1998 5598 spiritualia

436 5623 789 5691 spiritualiter
856 5623 1026 5691 loqui,
1077 5621 1528 5688 qualitercuuque
1577 5629 1859 5675 cmedant.
1917 5620 2004 5674 Si-

439 5710 655 5778 gniﬁcat
680 5720 856 5764 autent
892 5727 993 5764 vox
1024 5710 1278 5779 praedicta
1315 5711 1457 5779 quod
1485 5711 1810 5780 πανσθενὴς,
1840 5711 1890 5765 id
1924 5720 2003 5766 est

2105 4535 2342 4604 εἴρηται,
2379 4536 2522 4604 λόγῳ
2557 4536 2613 4587 δέ
2665 4554 2770 4588 τινι
2805 4539 3196 4606 πολυωνυμίας
3236 4543 3319 4602 εἰς
3352 4540 3548 4592 ταυτὸν
3599 4543 3691 4593 ὲν-

2107 4625 2282 4679 ταῦθα
2315 4621 2482 4695 ἦκται
2512 4625 2586 4696 τῷ
2621 4628 2794 4694 llatth
2836 4629 2896 4679 τὸ
2924 4629 3079 4696 φάος.
3115 4630 3324 4693 ’Δλλως
3349 4633 3458 4701 γὰρ
3487 4632 3690 4685 edat-av

2107 4715 2350 4786 εὑζήλως
2377 4719 2439 4769 τι
2482 4717 2780 4786 ἀγέννητον
2817 4721 2957 4787 φωτὶ
2995 4723 3488 4790 προσαρμόττοιτο,
3524 4727 3572 4776 εί
3607 4727 3685 4794 μὴ

2107 4805 2180 4864 ὡ;
2217 4805 2334 4874 Θεῷ
2387 4806 2593 4875 Πατρί·
2648 4810 2709 4858 τὸ
2759 4807 2815 4858 δὲ
2867 4809 3451 4877 πανσθενουργὸφωτον
3488 4809 3690 4879 βραδυ-

2107 4895 2384 4963 γλωσσίας
2436 4897 2772 4950 ἀπαλλάττει
2804 4897 2894 4950 τὸν
2933 4898 3241 4969 μελουργὸν
3290 4904 3356 4968 τῇ
3393 4904 3532 4954 κατὰ
3567 4902 3691 4954 σύν-

2112 4986 2261 5039 θεσιν
2292 4988 2608 5058 γοργότητι.
2658 4986 2844 5053 Λέξεις
2890 4991 2996 5057 γὰρ
3025 4991 3322 5058 τέσσαρας,
3355 4991 3417 5042 τὸ
3464 4993 3597 5056 πᾶν,
3626 4993 3689 5044 τὴ

2113 5080 2319 5145 σθένος,
2357 5081 2416 5133 τὸ
2450 5082 2633 5152 ἔργον,
2690 5083 2782 5135 καὶ
2833 5081 2894 5134 τὸ
2944 5083 3081 5149 φῶς,
3130 5084 3424 5150 γογγυλίας
3458 5080 3572 5137 οἷον
3604 5087 3686 5146 εἰς

2114 5171 2244 5242 μίαν
2277 5175 2640 5243 συνημμένων
2689 5177 2842 5244 seu,
2874 5178 3086 5246 γοργῶς
3112 5179 3374 5247 ἔφρασεν,
3404 5181 3692 5248 ἐπιτηδευ-

2112 5265 2346 5332 σὰμενος
2399 5266 2532 5316 αίτὸ
2586 5267 2938 5334 ἀναγκαίως,
2984 5268 3185 5336 μέτρου
3237 5272 3690 5336 κατεπείγοντος.

2113 5353 2174 5406 Εἰ
2227 5355 2284 5408 δὲ
2332 5357 2382 5408 οἱ
2439 5357 2660 5410 παλαιοὶ
2693 5361 2963 5427 κωμικοῖς
2993 5365 3246 5428 ποιηταῖς
3294 5362 3592 5436 ἁρμόττειν
3622 5367 3694 5416 τὰ

2107 5446 2333 5500 τοιαῦτα
2362 5450 2668 5515 νομίζουσι,
2703 5452 3253 5519 παρασημειούμενοι
3287 5455 3573 5519 σπανίζειν
3610 5458 3695 5508 ὅτι

2118 5539 2261 5608 μάλα
2289 5541 2441 5607 παρὰ
2469 5543 2577 5600 τοῖς
2612 5541 2780 5593 πάλαι.
2811 5542 2907 5612 τὴν
2940 5544 3198 5609 τοιαύτην
3227 5547 3499 5609 σύνθεσιν,
3534 5564 3698 5614 νομοο

2110 5629 2438 5683 Θετείτωσαν
2487 5633 2739 5695 ἑαυτοῖς,
2803 5634 3054 5702 ἀφιέντες
3099 5638 3224 5699 τοὺς
3277 5639 3455 5699 θείους
3488 5638 3698 5707 ἄνδρας

2113 5718 2343 5788 φράζειν
2377 5721 2763 5789 πνευματικῶς
2810 5722 2878 5776 τὰ
2910 5724 3276 5792 πνευματικὰ,
3313 5728 3456 5790 ὅπως
3486 5726 3551 5779 ἂν
3593 5731 3692 5780 καὶ
