3996 6194
319 292 431 357 65

1142 301 1228 364 ΙΝ
1270 302 1612 367 HYMNUM
1654 305 2139 369 PENTECOSTA
2150 312 2302 373 LEM
2328 314 2789 381 DAMASCENI.

3463 321 3569 391 ΒΜ

314 415 671 509 ξκχωροῖντο.
691 415 854 483 Δηλοῐ
877 417 935 471 δὲ
961 418 994 485 ἡ
1025 419 1255 491 ρηθεῖσα
1274 424 1438 491 λέξις,
1461 428 1544 481 ὅτι
1571 429 1891 495 πανσθενὲς,

1995 433 2408 505 potentissimus
2429 446 2515 493 est
2566 439 2806 508 Spiritus
2833 447 3057 495 sanctus
3113 439 3181 496 ad
3231 436 3564 509 onerandum

312 506 343 559 δ
398 508 517 559 ἔστι
568 509 980 578 παντοδύναμον
1013 511 1074 565 ὃν
1122 515 1181 568 τὸ
1211 516 1368 584 ἅγιον
1400 519 1626 588 Πνεῦμα
1657 523 1884 590 ἐργάζε-

316 601 445 655 σθαι.
470 605 538 653 τὰ
574 600 878 671 θεοπρεπῆ.
924 605 1016 657 καὶ
1052 608 1232 675 φωτὸς
1260 605 1401 662 εῖναι
1435 611 1656 666 δύναται
1695 617 1890 670 ἀποτεο

312 689 567 743 λεστικδν
595 690 824 758 ἀφθίτου
854 693 882 746 6
909 696 1151 766 σήμερον
1182 698 1558 768 ἑορτάζομεν⁸
1589 706 1682 758 καὶ
1715 706 1893 769 ἄλλως

312 782 371 834 δὲ
407 783 568 847 σέλας
595 785 781 837 ὁποῖον
807 784 1024 856 εἴρηται
1055 789 1117 842 τὸ
1144 786 1301 859 ἅγιον
1336 793 1557 863 Πνεῦμα
1592 796 1695 864 ἔφη
1725 798 1753 849 6
1794 817 1888 866 με·

310 873 482 940 λῳδὸς
533 878 673 928 κατὰ
726 875 1003 944 ἐξαίρετον
1056 881 1395 950 παράδοξον
1453 885 1572 938 οὐδὲ
1618 889 1728 957 γὰρ
1759 890 1889 944 ἄλλο

315 967 478 1025 σέλας
513 968 651 1035 πρὸς
707 968 766 1020 τὸ
802 971 1060 1038 φωτίζειν
1119 976 1214 1028 καὶ
1270 976 1569 1041 πανσθενές
1617 980 1735 1034 ἐστι
1793 983 1937 1041 xui.

310 1073 518 1110 παντου
527 1060 677 1126 ργόν.

383 1154 494 1217 ιβ’.
531 1152 604 1204 Τὸ
632 1153 685 1205 δὲ
717 1152 947 1218 ἄφθιτον
974 1154 1116 1207 εἴποι
1152 1158 1251 1224 μὲν
1280 1160 1345 1212 ἄν
1376 1179 1459 1215 τις
1489 1165 1747 1231 ἀσφαλῶς
1772 1170 1886 1222 ἴσον

308 1241 575 1296 δύνασθαι
602 1245 682 1308 τῷ
710 1245 920 1306 ἄδυτον.
962 1248 1037 1309 ὡς
1090 1250 1181 1301 ἐπὶ
1216 1253 1393 1318 (parm;
1440 1256 1707 1324 ἡλιακοῦ·
1766 1263 1886 1314 ἐπεὶ

308 1337 406 1389 καὶ
440 1338 481 1402 ἡν
514 1339 654 1389 κατᾶ
706 1337 802 1406 τὴν
831 1338 1062 1407 ἡλιακὴν
1094 1341 1248 1396 δύσιν
1294 1345 1410 1413 ὥρα
1464 1349 1664 1417 φθινάς
1710 1356 1882 1410 ἐστιν.

323 1425 458 1479 Ἀπὸ
490 1426 585 1478 τοῦ
619 1427 762 1493 φθίω
792 1427 846 1481 δὲ
878 1430 910 1499 ἠ
944 1430 1089 1495 λέξις
1119 1434 1355 1499 γίνεται,
1386 1438 1509 1491 ὅθεν
1551 1441 1643 1493 καὶ
1684 1444 1713 1496 6
1765 1443 1887 1512 φθί-

309 1534 475 1584 μενος
509 1518 608 1571 καὶ
641 1521 669 1571 6
721 1520 945 1586 φθιτόςο
1001 1524 1207 1579 κωλύει
1253 1526 1310 1580 δὲ
1339 1529 1492 1583 οὐδὲν
1523 1533 1617 1585 καὶ
1649 1534 1759 1588 ἀπὸ
1788 1535 1884 1589 τοῦ

306 1607 483 1677 φθίνω
513 1610 818 1679 παρῆχθαι.
854 1613 918 1665 Εἰ
967 1613 1024 1667 δὲ
1076 1615 1174 1668 οὐκ
1208 1617 1451 1685 ἔγκειται
1493 1623 1555 1675 τὸ
1589 1623 1885 1691 θεματικὸν

306 1697 649 1768 ἀμετάδολον
682 1702 748 1771 τῇ
783 1704 1007 1775 τοιαύτη
1042 1705 1205 1769 λέξειν
1246 1708 1332 1762 ἵνα
1369 1708 1404 1782 ᾖ
1461 1712 1746 1782 ἇφθιντον,
1806 1717 1881 1781 ὡς

303 1791 688 1862 ἁνάιιλιντρον,
715 1795 903 1849 καινὸν
934 1796 1107 1861 οὐδὲν,
1139 1799 1265 1852 ἐπεί
1293 1816 1373 1854 τοι
1408 1803 1529 1855 οὐδὲ
1560 1806 1587 1858 6
1616 1807 1881 1875 κατάκρι-

306 1898 424 1946 τος,
464 1884 587 1937 οὐδὲ
616 1886 644 1937 6
672 1886 880 1957 κριτὸς,
915 1889 991 1951 ὡς
1025 1890 1088 1942 ἐκ
1134 1890 1230 1945 τοῦ
1284 1893 1458 1961 κρίνω
1497 1896 1792 1966 ἐπάγονται
1823 1901 1884 1953 τδ

304 1971 403 2028 τοῦ
431 1976 729 2041 ἐνεστῶτος
756 1979 945 2049 ὑγρόν.
974 1980 1081 2035 Τοῦ
1130 1984 1311 2051 μέντοι
1365 1987 1504 2041 πίνω
1547 1990 1672 2043 οὔτε
1706 1993 1882 2046 τοιοῦ-

304 2065 398 2120 τόν
416 2085 475 2119 τι
509 2067 795 2135 ἐξεγένετο
822 2070 945 2124 οὔτε
978 2072 1192 2126 ἀλλοῖον
1213 2092 1229 2106 °
1256 2076 1377 2129 ἀλλ’
1406 2079 1583 2133 ἐκεῖνο
1616 2082 1716 2149 μὲν
1743 2082 1880 2135 ἀπό-

307 2178 487 2214 κειται
530 2161 786 2231 μονῆρες,
820 2163 847 2233 ἡ
887 2162 943 2215 δὲ
979 2166 1261 2235 σύστοιχος
1294 2169 1441 2238 αὑτῷ
1462 2170 1604 2235 λέξις
1632 2174 1693 2226 τὸ
1719 2175 1881 2229 ποτὸν

306 2253 537 2307 ἂλλοθεν
568 2253 939 2318 ἀπολείϐεται,
973 2255 1120 2310 οὕτω
1157 2258 1215 2311 δὲ
1247 2260 1340 2314 καὶ
1379 2262 1440 2315 τὸ
1489 2266 1648 2328 πῖσος
1688 2267 1806 2336 ἦτοι
1854 2270 1882 2320 6

307 2342 478 2411 ὑγρὸς
507 2344 691 2408 τόπος,
729 2345 788 2410 ἐξ
816 2340 876 2399 οὗ
913 2346 1114 2416 δηλαδὴ
1149 2348 1266 2402 ἔστι
1302 2353 1466 2411 πιεῖν,
1514 2352 1590 2417 ὡς
1623 2353 1686 2407 τὸ
1717 2355 1879 2410 πίσεα

306 2434 588 2507 ποιήεντα.
622 2437 730 2491 Τοῦ
787 2439 895 2492 πίω
944 2439 1054 2510 γὰρ
1102 2442 1196 2495 καὶ
1249 2443 1382 2497 αὐτὸ
1435 2444 1774 2517 ὲξώρμηται,
1817 2442 1881 2502 οῦ

308 2531 503 2599 χρῆσις
533 2531 815 2598 μέλλοντος
835 2533 986 2598 παρὰ
1010 2532 1089 2604 τῷ
1102 2534 1332 2606 λυρικῷ,
1352 2537 1474 2591 ὅθεν
1501 2540 1593 2592 καὶ
1622 2542 1648 2608 ἡ
1684 2539 1882 2611 Ὀλυμ-

312 2621 481 2688 mead)
521 2621 686 2686 Πίσα,
739 2622 814 2685 ὡς
845 2623 900 2675 ετ
928 2641 1015 2686 τις
1068 2626 1187 2696 ἐρεῖ
1218 2629 1521 2699 ποτίστρα⁶
1570 2631 1781 2685 ἐκεῖθεν
1821 2633 1878 2688 δὲ

309 2715 403 2766 καὶ
436 2713 733 2785 φάρμακον
788 2716 980 2769 πιστὸν
1017 2717 1079 2771 τὸ
1108 2720 1416 2790 πινόμενον,
1445 2720 1633 2793 ὥσπερ
1659 2725 1880 2795 χριστὸν

306 2805 368 2859 τὸ
415 2807 724 2877 χριόμενον.
795 2808 996 2864 ’ἰστέον
1046 2810 1103 2863 δὲ
1142 2812 1224 2865 ὅτι
1284 2813 1879 2885 πανσθενουργόφωτον

311 2898 473 2962 σέλας
498 2900 562 2953 τὸ
594 2900 751 2967 ἅγιον
801 2902 1029 2972 Πνεῦμα
1062 2905 1318 2974 εἰρῆσθαι
1372 2906 1624 2977 φαίνεται
1668 2908 1745 2974 ὡς
1772 2910 1878 2965 ἀπὸ

309 2992 485 3062 ἡλίου,
521 2993 616 3047 ⁴ιοῦ
672 2995 768 3048 καὶ
822 2994 1188 3060 πολυσθενοῦς
1238 2999 1335 3053 καὶ
1369 3001 1671 3070 φωσφόρου“
1709 3002 1768 3056 ἐν
1797 3001 1877 3070 τῷ

1995 540 2059 580 ea
2094 540 2213 594 qua:
2244 524 2356 581 Deo
2380 537 2716 596 competunt,
2748 537 2802 582 et
2849 529 3128 598 purissimi
3172 528 3398 584 luminis
3426 530 3565 600 quod

1992 618 2156 674 hodie
2195 618 2559 681 celebramus,
2588 619 2814 675 effector
2841 629 2948 676 est.
2984 621 3215 677 Aliunde
3242 637 3370 677 vero
3398 621 3567 687 fulgo-

1996 725 2131 776 rem,
2173 711 2354 780 qualis
2383 709 2619 780 Spiritus
2652 723 2875 767 sanctus
2917 715 3096 770 dictus
3125 723 3231 781 est,
3256 715 3410 782 Juxta
3446 728 3569 782 spe-

1991 804 2342 859 eialissimam
2381 805 2753 874 acceptionem
2790 806 3081 860 declaravit
3136 815 3291 875 poeta
3324 823 3337 858 :
3383 807 3563 861 nullus

1993 896 2142 952 enim
2175 898 2315 950 alius
2342 895 2518 968 fulgor
2548 898 2613 952 ad
2638 897 3066 953 illuminandum
3100 907 3184 953 est
3207 899 3561 968 omniparens
3672 893 3679 900 ’

1987 998 2043 1044 et
2073 990 2441 1059 omnipotens.

2057 1171 2146 1225 9|.
2172 1169 2375 1224 Vocem
2401 1182 2530 1224 vero
2556 1169 2779 1237 ἄφθιτον
2810 1178 2925 1224 ιιιιο
2957 1178 3135 1238 posset
3171 1168 3364 1239 aliquis
3390 1170 3531 1237 πηιιὶ
3549 1196 3562 1211 -

1988 1272 2175 1329 parem
2198 1264 2381 1317 dicere
2409 1261 2523 1317 voci
2552 1263 2764 1323 ἄδυτον,
2789 1270 3046 1330 tanquam
3079 1261 3145 1315 de
3176 1261 3376 1315 lumine
3402 1260 3560 1332 solis;

1988 1354 2258 1419 siquidem
2290 1353 2425 1408 solis
2447 1353 2827 1408 accumbentis
2854 1353 2986 1406 liora
3018 1352 3274 1408 desinens
3307 1351 3548 1422 (φθινάς)

1985 1453 2091 1499 est.
2124 1444 2166 1498 Δ
2213 1444 2380 1498 verbo
2416 1453 2593 1498 autem
2631 1443 2772 1510 φθίω
2803 1444 2969 1508 venit,
2998 1444 3140 1498 unde
3182 1458 3401 1511 quoque
3429 1452 3560 1497 sunt

1987 1536 2245 1604 φθίμενος
2299 1543 2354 1588 et
2405 1535 2615 1600 φθιτός.
2660 1534 2805 1588 Nihil
2849 1545 3028 1590 autem
3071 1536 3295 1601 impedit
3328 1536 3457 1604 quin
3489 1551 3555 1590 ex

1988 1628 2163 1696 φθίνω
2208 1628 2504 1684 derivetur.
2543 1628 2599 1682 Si
2644 1644 2775 1682 vero
2816 1643 2922 1682 non
2974 1629 3181 1691 integra
3223 1628 3373 1683 radix
3429 1629 3560 1682 huic

1986 1723 2103 1774 voci
2143 1722 2425 1783 inhrreat,
2468 1730 2525 1774 ut
2549 1721 2617 1775 sit
2664 1721 2942 1790 ἄφθιντον,
2993 1723 3135 1775 sicut
3184 1720 3560 1789 ἀνάκλιντρον,

1987 1829 2092 1865 non
2128 1822 2207 1867 est
2251 1813 2494 1880 mirum;
2543 1812 2812 1881 siquidem
2870 1826 2973 1866 nec
3020 1812 3048 1865 6
3074 1808 3403 1880 κατάὀιριτος
3454 1822 3557 1864 nec

1982 1906 2012 1956 6
2052 1902 2256 1972 κριτος,
2292 1911 2548 1972 tanquam
2611 1918 2673 1956 ex
2720 1903 2913 1970 κρίνω.
2963 1903 3249 1968 praesentis
3290 1903 3553 1973 liquidam

1983 2006 2293 2051 assumunt.
2345 1996 2421 2049 Ex
2470 1995 2635 2049 verbo
2661 2004 2840 2050 tamen
2875 1995 3017 2047 πίνω
3049 2010 3152 2050 nec
3207 1995 3413 2066 aliquid
3454 1998 3561 2053 tale

1983 2101 2082 2138 nec
2118 2087 2393 2141 diversum
2428 2086 2698 2154 provenit,
2730 2086 2823 2141 sed
2861 2085 2993 2141 illud
3028 2086 3248 2154 quidem
3278 2089 3561 2156 reponitur

1983 2177 2311 2255 solitarium.
2375 2174 2486 2231 Vox
2561 2185 2743 2232 autem
2812 2177 3058 2247 ejusdem
3130 2177 3339 2233 ordinis
3393 2179 3560 2234 ποτόν

1983 2269 2202 2323 aliunde
2250 2268 2575 2329 «lesumitur,
2639 2282 2849 2322 necnon
2903 2268 3064 2324 etiam
3102 2268 3163 2321 τὸ
3188 2272 3368 2332 πῖσος,
3430 2269 3546 2323 sive

1984 2360 2203 2415 humida
2269 2359 2410 2423 loca,
2464 2359 2606 2413 unde
2650 2375 2780 2415 sane
2800 2360 2947 2412 venit
2976 2363 3142 2422 πιεῖν,
3196 2361 3333 2416 sicut
3398 2361 3560 2417 πίσεα

1981 2454 2242 2519 ποιήεντα
2279 2451 2414 2512 (loca
2472 2451 2698 2505 humida
2747 2466 2809 2505 ac
2856 2450 3089 2522 ﬂorida)
3131 2470 3143 2505 :
3188 2453 3362 2523 ipsum
3412 2452 3556 2508 cnim

1982 2546 2198 2600 eruitur
2228 2559 2289 2599 ex
2323 2545 2454 2607 πίω,
2504 2544 2660 2612 cujus
2691 2543 2933 2598 futurum
2970 2549 3021 2599 iu
3057 2561 3157 2599 usu
3210 2545 3361 2599 venit
3409 2546 3555 2611 apud

1982 2636 2234 2704 lyricum,
2267 2634 2407 2687 unde
2449 2648 2669 2702 quoque
2697 2634 2973 2688 derivatur
3011 2634 3355 2705 Ὀλυμπιακὴ
3386 2636 3551 2698 ῐῙίσα,

1981 2734 2240 2791 tanquam
2271 2723 2469 2791 aliquis
2505 2724 2707 2778 diceret
2734 2723 3018 2792 ποτίστρα.
3071 2723 3197 2777 lude
3226 2724 3431 2791 pariter
3461 2738 3557 2777 ve-

1980 2817 2066 2870 nit
2095 2813 2397 2870 remedium
2448 2813 2642 2867 πιστδν
2672 2814 2815 2885 quod
2851 2822 3035 2882 potum
3093 2822 3197 2880 est,
3230 2813 3389 2868 sicuti
3421 2812 3556 2866 chri—

1981 2919 2145 2971 atum,
2181 2908 2264 2962 vel
2295 2915 2519 2963 unctum
2555 2905 2819 2976 (χριστὸν)
2847 2906 2992 2973 quod
3029 2917 3258 2960 unctum
3313 2912 3415 2959 est.
3444 2903 3557 2959 No-

1982 3002 2205 3058 tandum
2233 3008 2317 3054 est
2343 3009 2523 3054 autem
2551 2999 2693 3067 quod
2753 2996 3340 3069 πανσθενουργόφωτον
3370 2996 3552 3051 lumen

307 3086 498 3152 κόσμῳ
530 3085 794 3154 στοιχείου
819 3101 834 3118 ο
862 3085 942 3140 διὸ
964 3089 1214 3156 χωρίζων
1244 3090 1421 3161 πάντη
1451 3093 1544 3146 τὸν
1574 3093 1715 3163 ὑπὲρ
1746 3095 1872 3148 νοῦν

1985 3094 2222 3164 Spiritus
2281 3101 2506 3147 sanctus
2542 3090 2648 3146 dici
2691 3089 2907 3145 videtur
2955 3105 3019 3145 ex
3052 3089 3166 3145 sole
3204 3089 3296 3157 qui
3328 3087 3551 3143 validis-

303 3176 458 3245 ἥλιον
490 3175 587 3231 τοῦ
620 3177 882 3248 αἰσθητοῦ
924 3180 952 3233 6
991 3179 1249 3250 μελῳδὸς,
1286 3180 1517 3251 ἄφθιτον
1545 3182 1754 3237 ἐκεῖνον
1787 3185 1877 3238 λέα-

303 3285 394 3335 γει
429 3270 458 3323 6
484 3270 638 3323 ἐστιν
681 3270 896 3335 ἄδυτον,
934 3270 1015 3331 ὡς
1045 3271 1140 3325 τοῦ
1177 3272 1390 3342 φθίνειν
1421 3275 1513 3329 καὶ
1544 3276 1638 3328 ἐπὶ
1669 3274 1876 3341 δύσεως

305 3361 461 3432 ἡλίου
493 3360 813 3431 λεγομένου,
849 3365 990 3417 καθὰ
1019 3365 1257 3435 εἴρηται.

375 3633 487 3704 ιιβ’·
526 3633 603 3688 Τδ
625 3634 683 3688 δὲ
724 3635 883 3700 σέλας
911 3637 1027 3707 ἔχει
1065 3638 1167 3708 μὲν
1211 3638 1478 3711 διαφοράν
1516 3630 1641 3695 τινα
1673 3642 1876 3708 λεπτὴν

305 3728 443 3799 πρὸς
467 3728 532 3781 τδ
557 3727 747 3792 ἁπλῶς
777 3729 893 3798 φῶς
922 3730 1075 3798 παρὰ
1102 3732 1215 3793 τοῖς
1240 3731 1516 3802 ἀρχαίοις.
1552 3733 1649 3786 νῦν
1686 3734 1744 3789 δὲ
1774 3751 1877 3788 πο-

307 3822 630 3893 λυωνυμίας
656 3822 801 3891 λόγῳ
829 3823 949 3876 ἀντὶ
978 3822 1156 3889 φωτδς
1179 3823 1454 3893 εἴληπταιο
1486 3825 1551 3877 Ἦ
1580 3824 1636 3879 δὲ
1671 3825 1757 3879 διὰ
1775 3827 1877 3895 τῆς

311 3915 585 3984 πατρικῆς
631 3912 727 3967 τοῦ
764 3911 895 3967 Υίοῦ
943 3913 1196 3977 ἔξουσίας
1214 3914 1488 3984 συμφυὴς,
1522 3916 1600 3978 ὡς
1636 3914 1874 3987 εἴρηται,

310 4007 636 4077 φρυκτωρία
655 4005 751 4059 τοῦ
786 4007 946 4073 ἁγίου
983 4006 1321 4075 Πνεύματος,
1347 4007 1406 4060 οὐ
1441 4008 1744 4079 περιορίζει
1776 4009 1880 4079 τὴν

310 4100 501 4171 θεῖκὴν
530 4099 779 4165 ἐξουσίαν
804 4101 884 4162 είς
914 4098 1076 4168 μόνον
1102 4098 1194 4151 τὸν
1226 4099 1445 4168 Πατέρα
1465 4095 1556 4152 οἷα
1586 4101 1666 4162 είς
1695 4102 1879 4171 πηγήν

312 4212 431 4249 τινα
480 4194 515 4264 ἢ
566 4191 886 4262 δεξαμενὴν,
920 4191 995 4253 ὥς
1027 4189 1237 4244 ἐκεῖθεν
1271 4190 1373 4258 μὲν
1409 4189 1581 4261 αὐτὴν
1603 4190 1695 4244 τὸν
1722 4191 1873 4259 Υίὺν,

311 4287 406 4340 ἀπ’
433 4283 602 4339 αὐτοῦ
633 4284 690 4338 δὲ
726 4281 1179 4353 μετοχετεΰεσθαι
1221 4282 1317 4334 καὶ
1356 4281 1654 4336 διαϐαίνειν
1685 4282 1767 4346 είς
1818 4284 1885 4336 τὺι

309 4376 468 4444 ἅγιον
500 4374 726 4441 Πνεῦμα
751 4389 768 4404 ·
799 4371 1220 4442 τρισενέργητος
1245 4370 1327 4437 δὲ,
1366 4372 1445 4435 ὡς
1479 4370 1651 4436 οὕτως
1681 4373 1873 4437 είπεϊν,

309 4464 693 4535 ἐξουσιαστικὴ
717 4461 998 4519 κάνταῦθα
1019 4464 1342 4535 φρυκτωρία
1362 4463 1622 4533 δηλοῦται
1639 4465 1872 4534 Πατρὸς,

310 4559 438 4614 Υῐοῦ
470 4559 566 4613 καὶ
597 4557 759 4623 ἁγίου
814 4557 1152 4627 Πνεῦματος,
1177 4556 1315 4626 ὁμοῦ
1344 4557 1436 4610 καὶ
1452 4556 1716 4621 ὡσαύτως
1742 4574 1878 4628 προ-

309 4651 617 4719 όαλλομένη
641 4649 745 4703 ὑπὸ
759 4649 870 4703 τῶν
888 4649 1077 4718 τριῶν⁸
1101 4650 1196 4718 μία
1214 4648 1322 4720 γὰρ
1337 4647 1556 4713 ἔξουσία
1573 4650 1632 4703 ἂν
1656 4651 1719 4720 τῇ
1744 4650 1877 4720 ἁγίᾳ

306 4741 497 4813 Τριάδι
529 4740 629 4795 καὶ
665 4738 943 4803 παντελῶς
977 4739 1010 4808 τι
1039 4739 1176 4808 αὑτὴ
1204 4740 1306 4791 οὐκ
1336 4740 1786 4810 ἑπεισερχομένη.
1814 4742 1877 4794 οὐ

304 4834 728 4906 ὃιαπεμπομένη
764 4834 901 4901 πρὸς
945 4831 1157 4894 ινδείας
1195 4831 1605 4902 ἀναπλήρωσιν,
1646 4832 1708 4885 οὐ
1736 4833 1879 4886 κατά

304 4928 466 4998 χάριν
482 4925 842 4994 διαδιδομένη,
871 4921 987 4978 ἀλλ’
1008 4921 1294 4990 αὐτοφυῶς
1312 4922 1449 4993 αὐτῇ
1471 4923 1558 4975 ἀεὶ
1577 4922 1875 4991 προσοῦσα,

307 5022 399 5074 καὶ
415 5019 692 5090 παροῦσα,
721 5018 815 5069 καὶ
839 5016 1118 5084 ὁμοτίμως
1155 5013 1451 5084 ὲνεργοῦσα
1467 5032 1481 5044 ·
1502 5014 1552 5066 εί
1576 5014 1669 5067 καὶ
1693 5015 1725 5083 ὴ
1753 5013 1878 5067 καθ’

306 5112 465 5180 ἡμῶν
498 5109 721 5179 γλῶσσα
753 5107 846 5162 καὶ
878 5108 1080 5178 φράσις
1105 5106 1464 5171 ἀνθρωπίνως
1499 5105 1879 5177 ἑρμηνεύουσα

305 5204 373 5258 τὰ
425 5202 702 5267 θειότατα,
739 5200 836 5255 καὶ
884 5199 1036 5269 ὑγρῷ
1082 5198 1239 5270 πηλῷ
1271 5198 1350 5269 τῷ
1393 5198 1535 5251 κατὰ
1580 5197 1754 5264 στόμα
1787 5197 1880 5250 καὶ

304 5295 558 5361 γλῶσσαν
609 5290 919 5346 ἑντυποῦσα
976 5289 1340 5360 χαρακτῆρας
1384 5289 1621 5354 θεϊκοὺς,
1660 5289 1880 5358 ἐξακρι-

306 5385 434 5440 ϐοῦν
480 5385 544 5438 οὐ
587 5380 810 5437 δύναται
858 5384 920 5437 τὸ
958 5383 1196 5453 ἀόρατον
1227 5380 1599 5449 ἑξεικόνισμα.
1644 5380 1710 5434 Ἠ
1745 5381 1880 5449 γοῦν

307 5477 560 5549 Πατρικὴ
606 5475 825 5543 ἐξουσία
859 5477 893 5546 ἡ
927 5475 1066 5545 αὐτὴ
1111 5476 1207 5527 καὶ
1247 5473 1341 5526 τοῦ
1390 5470 1520 5525 Υίοῦ
1552 5473 1669 5524 ἔστι
1699 5472 1794 5525 καὶ
1822 5475 1880 5526 ἑν

307 5570 386 5639 τῷ
416 5570 535 5639 Υίῷ
568 5572 718 5622 ἐστι⁸
754 5569 848 5622 καί
878 5568 912 5635 ἠ
960 5565 1058 5620 τοῦ
1103 5564 1234 5619 Υίοῦ
1285 5565 1342 5618 δὲ
1383 5562 1646 5626 ὡσαύτως
1693 5562 1752 5615 ὲν
1802 5564 1881 5633 τῷ

316 5662 617 5731 Ιινεύματι.
648 5660 1045 5730 Ἐμφανίζεται
1075 5658 1132 5710 δὲ
1162 5658 1253 5710 διὰ
1281 5657 1380 5725 τῆς
1417 5654 1687 5725 πατρόθεν
1731 5654 1881 5721 ἐξου-

320 5753 439 5816 σίας
470 5751 565 5804 τοῦ
596 5749 726 5804 Υίοῦ
771 5749 804 5817 ἡ
840 5748 1093 5817 συμφυὴς
1122 5745 1197 5816 τῷ
1229 5745 1507 5815 Πνεύματι
1535 5745 1876 5816 φρυκτωρία,

1977 3188 2177 3242 simum
2208 3193 2263 3241 et
2294 3182 2691 3240 lucidissimum
2720 3193 2803 3238 est
2856 3180 2909 3236 iu
2946 3182 3150 3236 mundo
3180 3180 3503 3249 principium
3533 3195 3552 3235 :

1976 3278 2100 3334 ideo
2127 3277 2293 3334 solem
2327 3275 2421 3347 qui
2461 3289 2627 3344 supra
2653 3281 2892 3330 mentem
2951 3282 3035 3329 est
3087 3288 3113 3326 a
3157 3271 3398 3328 sensibili
3433 3271 3550 3326 sole

1976 3372 2296 3427 discernens
2329 3377 2488 3440 poeta
2516 3366 2663 3423 illum
2696 3366 2831 3421 dicit
2869 3364 3361 3433 incorruptibilcm,
3393 3364 3445 3417 id
3472 3369 3556 3416 est

1978 3462 2348 3525 inocciduum,
2404 3459 2528 3529 quia
2585 3458 2794 3527 φθίνειν
2857 3460 3020 3512 etiam
3063 3456 3131 3511 de
3169 3445 3298 3512 salis
3351 3469 3549 3511 occasu

1976 3556 2196 3620 dicitur,
2232 3560 2293 3608 ut
2329 3560 2574 3607 notatum
2599 3560 2705 3608 est.

2048 3646 2136 3700 92.
2196 3643 2364 3705 Σέλας
2388 3655 2607 3711 parvam
2639 3640 2858 3713 quidem
2892 3638 3252 3694 dilicrentiam
3291 3651 3319 3690 a
3343 3633 3553 3703 simpli-

1977 3737 2027 3793 ci
2068 3737 2273 3792 lumine
2312 3736 2474 3806 (φῶς)
2531 3735 2673 3804 apud
2707 3733 2961 3801 antiquos
3024 3729 3207 3794 habet,
3271 3743 3416 3782 nunc
3452 3742 3551 3780 au-

1977 3837 2085 3882 tem
2154 3827 2364 3882 ratione
2410 3823 2771 3895 polyonymiaa
2804 3836 2899 3891 pro
2953 3821 3156 3873 lumine
3199 3817 3420 3872 dicitur.
3454 3815 3548 3869 Ille

1976 3936 2105 3975 vero
2134 3935 2232 3989 per
2260 3929 2545 3990 paternam
2593 3915 2719 3969 Filii
2771 3921 3093 3981 potestatem
3155 3916 3548 3980 congeneratus

1978 4010 2211 4082 Spiritus
2265 4010 2437 4065 sancti
2484 4007 2679 4078 fulgor,
2708 4021 2821 4061 non
2876 4002 3278 4059 circumscribit
3307 4000 3547 4054 divinam

1979 4110 2300 4173 potestatem
2334 4102 2413 4157 ad“
2434 4101 2611 4158 solum
2667 4100 2885 4152 Patrem
2924 4107 3179 4165 tanquam
3216 4093 3280 4147 ad
3309 4093 3546 4161 aliquem

1981 4195 2185 4250 fontem
2221 4203 2316 4248 aut
2348 4190 2793 4262 ’receptaculum,
2851 4187 3123 4244 etexiude
3174 4183 3394 4254 quidem
3430 4194 3549 4236 eam

1979 4288 2227 4353 accipere
2250 4284 2447 4340 Filium
2477 4294 2530 4339 et
2555 4284 2623 4338 ah
2666 4282 2788 4351 ipso
2830 4279 3059 4335 derivari
3112 4276 3452 4344 transireque
3483 4273 3549 4325 ad

1979 4379 2235 4450 Spiritum
2288 4389 2534 4432 sanctum
2560 4392 2576 4442 ;
2618 4375 2884 4430 terelllcax
2918 4381 3122 4431 autem.
3149 4380 3208 4423 ιιι
3237 4368 3309 4421 ita
3341 4365 3541 4431 dicam,

1982 4468 2359 4538 imperatorius
2404 4467 2491 4522 hic
2524 4466 2699 4535 fulgor
2749 4461 3054 4520 ostenditur
3112 4460 3307 4525 Patris,
3345 4458 3464 4512 Filii
3493 4466 3548 4511 et

1981 4560 2218 4630 Spiritus
2255 4560 2449 4623 sancti,
2502 4557 2665 4613 simul
2698 4567 2752 4612 et
2791 4554 2951 4612 simlli
2982 4553 3139 4609 modo
3166 4568 3194 4606 a
3223 4551 3397 4605 triluts
3420 4562 3547 4617 pro-

1979 4654 2193 4708 ductus.
2228 4650 2346 4707 Una
2374 4665 2563 4718 nempe
2584 4658 2823 4719 potestas
2843 4656 2924 4702 est
2956 4645 3008 4700 in
3048 4654 3233 4700 sancta
3259 4641 3546 4706 Trinitatc,

1979 4745 2312 4812 omninoque
2333 4743 2542 4808 eadem,
2573 4758 2682 4796 non
2738 4739 3147 4810 superveniens,
3178 4749 3285 4789 non
3315 4733 3381 4789 ad
3427 4747 3550 4802 ege-

1981 4837 2141 4892 statis
2175 4836 2543 4904 impletiouem
2583 4835 2926 4896 transmissa,
2965 4846 3070 4886 non
3110 4827 3408 4885 secundum
3428 4841 3550 4896 gra-

1983 4928 2111 4983 tiam
2164 4928 2383 4990 tradita,
2417 4927 2509 4981 sed
2534 4925 2907 4981 essentialiter
2937 4923 3037 4993 ipsi
3093 4936 3308 4990 semper
3361 4928 3545 4974 astans

1979 5027 2033 5073 et
2065 5018 2359 5079 intuerens,
2404 5027 2456 5071 et
2531 5016 2812 5083 arqualiter
2858 5027 3127 5082 operans;
3180 5011 3306 5065 licet
3362 5020 3545 5064 nostra

1983 5112 2163 5179 lingua
2203 5108 2535 5176 locutioquc.
2568 5106 2911 5161 divinissima
2937 5105 3253 5187 humanitus
3288 5104 3551 5169 interpre-

1984 5211 2124 5265 tans,
2153 5214 2203 5254 et
2232 5199 2455 5253 humido
2486 5199 2598 5254 oris
2622 5207 2678 5253 et
2722 5197 2920 5264 linqu
2960 5196 3075 5249 luto
3135 5194 3349 5249 divinos
3395 5200 3548 5262 typos

1981 5291 2313 5360 exprimens,
2342 5288 2669 5345 invisibilem
2728 5286 2955 5358 efﬁgiem
2986 5284 3320 5343 adamussim
3355 5283 3547 5335 adum-

1984 5382 2144 5436 brare
2223 5390 2474 5451 nequeat.
2528 5379 2761 5435 Paterna
2819 5379 3029 5435 scilicet
3085 5387 3321 5447 poteStas
3359 5371 3549 5428 eadem

1984 5471 2104 5526 Filii
2130 5483 2213 5526 est
2252 5483 2306 5527 et
2339 5473 2390 5526 iu
2439 5470 2579 5526 Filio
2619 5481 2701 5526 est
2730 5487 2744 5538 ;
2771 5480 2825 5525 et
2852 5472 2965 5523 lucc
3011 5468 3131 5521 Filii
3174 5473 3411 5534 potestas
3458 5477 3549 5531 pa-

1983 5564 2118 5618 riter
2143 5571 2227 5617 est
2270 5563 2321 5616 in
2362 5561 2595 5632 Spiritu.
2655 5561 3030 5615 lllauifi-statur
3087 5566 3268 5611 autem
3308 5570 3400 5624 per
3428 5552 3550 5609 Filii

1983 5670 2013 5710 a
2054 5656 2212 5711 Patre
2250 5664 2571 5724 potestatem
2637 5659 3033 5721 congcneratus
3092 5646 3319 5719 Spiritui
3348 5646 3546 5716 fulgor,

1988 5744 2112 5811 quia
2142 5745 2438 5802 secundum
2467 5743 2611 5799 illius
2640 5740 3082 5808 promissionem,
3117 5749 3175 5794 ιιι
3196 5737 3401 5795 dictum
3436 5743 3542 5796 est.
