  <div class='ocr_page' id='page_1' title='image "/cluster/home/n/w/nwhite01/storage/ocr_20150623/136/hvd.32044054100201/311.png"; bbox 0 0 3996 6194; ppageno 0'>
   <div class='ocr_carea' id='block_1_1' title="bbox 367 299 470 358">
    <p class='ocr_par' dir='ltr' id='par_1_1' title="bbox 367 299 470 358">
     <span class='ocr_line' id='line_1_1' title="bbox 367 299 470 358; baseline 0.019 -2"><span class='ocrx_word' id='word_1_1' title='bbox 367 299 470 358; x_wconf 80' lang='lat'><strong>607</strong></span> 
     </span>
    </p>
   </div>
   <div class='ocr_carea' id='block_1_2' title="bbox 1053 301 2885 367">
    <p class='ocr_par' dir='ltr' id='par_1_2' title="bbox 1053 301 2885 367">
     <span class='ocr_line' id='line_1_2' title="bbox 1053 301 2885 367; baseline 0.001 -7"><span class='ocrx_word' id='word_1_2' title='bbox 1053 301 1478 364; x_wconf 78' lang='lat' dir='ltr'><strong>EUSTATHII</strong></span> <span class='ocrx_word' id='word_1_3' title='bbox 1517 305 1998 367; x_wconf 78' lang='lat' dir='ltr'><strong>THESSALON]</strong></span> <span class='ocrx_word' id='word_1_4' title='bbox 2009 305 2278 366; x_wconf 84' lang='lat' dir='ltr'><strong>CENSIS</strong></span> <span class='ocrx_word' id='word_1_5' title='bbox 2318 303 2885 366; x_wconf 52' lang='lat' dir='ltr'><strong>M‘ETRO’POLITIE</strong></span> 
     </span>
    </p>
   </div>
   <div class='ocr_carea' id='block_1_3' title="bbox 3515 304 3625 368">
    <p class='ocr_par' dir='ltr' id='par_1_3' title="bbox 3515 304 3625 368">
     <span class='ocr_line' id='line_1_3' title="bbox 3515 304 3625 368; baseline 0.018 -2"><span class='ocrx_word' id='word_1_6' title='bbox 3515 304 3625 368; x_wconf 81' lang='lat'><strong>608</strong></span> 
     </span>
    </p>
   </div>
   <div class='ocr_carea' id='block_1_4' title="bbox 368 395 1936 488">
    <p class='ocr_par' dir='ltr' id='par_1_4' title="bbox 368 407 1936 488">
     <span class='ocr_line' id='line_1_4' title="bbox 368 407 1936 488; baseline 0.005 -27"><span class='ocrx_word' id='word_1_7' title='bbox 368 407 497 462; x_wconf 84' lang='lat' dir='ltr'><strong>talis</strong></span> <span class='ocrx_word' id='word_1_8' title='bbox 539 409 906 464; x_wconf 82' lang='lat' dir='ltr'><strong>manifestatio</strong></span> <span class='ocrx_word' id='word_1_9' title='bbox 932 409 1070 464; x_wconf 80' lang='lat' dir='ltr'><strong>facta</strong></span> <span class='ocrx_word' id='word_1_10' title='bbox 1106 422 1211 479; x_wconf 81' lang='lat' dir='ltr'><strong>est,</strong></span> <span class='ocrx_word' id='word_1_11' title='bbox 1245 430 1352 469; x_wconf 89' lang='lat' dir='ltr'><strong>non</strong></span> <span class='ocrx_word' id='word_1_12' title='bbox 1405 427 1512 471; x_wconf 85' lang='lat' dir='ltr'><strong>uta</strong></span> <span class='ocrx_word' id='word_1_13' title='bbox 1535 417 1699 472; x_wconf 99' lang='lat' dir='ltr'><strong>Patre</strong></span> <span class='ocrx_word' id='word_1_14' title='bbox 1735 422 1936 488; x_wconf 86' lang='lat' dir='ltr'><strong>depen-</strong></span> 
     </span>
    </p>
   </div>
   <div class='ocr_carea' id='block_1_5' title="bbox 2044 395 3622 488">
    <p class='ocr_par' dir='ltr' id='par_1_5' title="bbox 2044 395 3622 486">
     <span class='ocr_line' id='line_1_5' title="bbox 2044 395 3622 486; baseline -0.006 -16"><span class='ocrx_word' id='word_1_15' title='bbox 2044 415 2177 470; x_wconf 76' lang='grc' dir='ltr'><strong>διότι</strong></span> <span class='ocrx_word' id='word_1_16' title='bbox 2210 418 2349 471; x_wconf 82' lang='grc' dir='ltr'><strong>κατὰ</strong></span> <span class='ocrx_word' id='word_1_17' title='bbox 2377 417 2476 486; x_wconf 81' lang='grc' dir='ltr'><strong>τὴν</strong></span> <span class='ocrx_word' id='word_1_18' title='bbox 2510 417 2717 470; x_wconf 78' lang='grc' dir='ltr'><strong>ἐκείνου</strong></span> <span class='ocrx_word' id='word_1_19' title='bbox 2752 414 3075 483; x_wconf 76' lang='grc' dir='ltr'><strong>ὑπόσχεσιν,</strong></span> <span class='ocrx_word' id='word_1_20' title='bbox 3098 413 3174 475; x_wconf 80' lang='grc' dir='ltr'>ώς</span> <span class='ocrx_word' id='word_1_21' title='bbox 3206 412 3557 481; x_wconf 84' lang='grc' dir='ltr'><strong>προείρηται,</strong></span> <span class='ocrx_word' id='word_1_22' title='bbox 3590 395 3622 460; x_wconf 71' lang='grc' dir='ltr'>ἡ</span> 
     </span>
    </p>
   </div>
   <div class='ocr_carea' id='block_1_6' title="bbox 367 496 1940 577">
    <p class='ocr_par' dir='ltr' id='par_1_6' title="bbox 367 496 1940 577">
     <span class='ocr_line' id='line_1_6' title="bbox 367 496 1940 577; baseline 0.008 -27"><span class='ocrx_word' id='word_1_23' title='bbox 367 496 572 557; x_wconf 79' lang='lat' dir='ltr'><strong>dentis.</strong></span> <span class='ocrx_word' id='word_1_24' title='bbox 621 501 709 552; x_wconf 88' lang='lat' dir='ltr'><strong>sed</strong></span> <span class='ocrx_word' id='word_1_25' title='bbox 764 503 1062 556; x_wconf 86' lang='lat' dir='ltr'><strong>secundum</strong></span> <span class='ocrx_word' id='word_1_26' title='bbox 1126 505 1247 572; x_wconf 86' lang='lat' dir='ltr'><strong>ejus</strong></span> <span class='ocrx_word' id='word_1_27' title='bbox 1304 511 1603 576; x_wconf 71' lang='lat' dir='ltr'><strong>potentiam</strong></span> <span class='ocrx_word' id='word_1_28' title='bbox 1663 509 1940 577; x_wconf 81' lang='lat' dir='ltr'><strong>aperantis</strong></span> 
     </span>
    </p>
   </div>
   <div class='ocr_carea' id='block_1_7' title="bbox 367 588 1935 666">
    <p class='ocr_par' dir='ltr' id='par_1_7' title="bbox 367 588 1935 666">
     <span class='ocr_line' id='line_1_7' title="bbox 367 588 1935 666; baseline 0.008 -27"><span class='ocrx_word' id='word_1_29' title='bbox 367 588 842 654; x_wconf 82' lang='lat' dir='ltr'><strong>illuininationem,</strong></span> <span class='ocrx_word' id='word_1_30' title='bbox 871 609 979 648; x_wconf 85' lang='lat' dir='ltr'><strong>non</strong></span> <span class='ocrx_word' id='word_1_31' title='bbox 1026 597 1190 666; x_wconf 86' lang='lat' dir='ltr'><strong>igitur</strong></span> <span class='ocrx_word' id='word_1_32' title='bbox 1230 600 1436 665; x_wconf 82' lang='lat' dir='ltr'><strong>absque</strong></span> <span class='ocrx_word' id='word_1_33' title='bbox 1490 602 1771 657; x_wconf 77' lang='lat' dir='ltr'><strong>consortio</strong></span> <span class='ocrx_word' id='word_1_34' title='bbox 1823 611 1935 654; x_wconf 91' lang='lat' dir='ltr'><strong>tum</strong></span> 
     </span>
    </p>
   </div>
   <div class='ocr_carea' id='block_1_8' title="bbox 371 682 1936 758">
    <p class='ocr_par' dir='ltr' id='par_1_8' title="bbox 371 682 1936 758">
     <span class='ocr_line' id='line_1_8' title="bbox 371 682 1936 758; baseline 0.01 -26"><span class='ocrx_word' id='word_1_35' title='bbox 371 682 717 747; x_wconf 88' lang='lat' dir='ltr'><strong>cooperantis</strong></span> <span class='ocrx_word' id='word_1_36' title='bbox 750 682 987 752; x_wconf 88' lang='lat' dir='ltr'><strong>Spiritus</strong></span> <span class='ocrx_word' id='word_1_37' title='bbox 1022 697 1135 742; x_wconf 89' lang='lat' dir='ltr'><strong>tum</strong></span> <span class='ocrx_word' id='word_1_38' title='bbox 1161 689 1359 750; x_wconf 67' lang='lat' dir='ltr'><strong>Patris.</strong></span> <span class='ocrx_word' id='word_1_39' title='bbox 1393 692 1553 758; x_wconf 80' lang='lat' dir='ltr'><strong>cujus</strong></span> <span class='ocrx_word' id='word_1_40' title='bbox 1589 694 1836 745; x_wconf 69' lang='lat' dir='ltr'><strong>amntium</strong></span> <span class='ocrx_word' id='word_1_41' title='bbox 1869 694 1936 747; x_wconf 82' lang='lat' dir='ltr'><strong>ad</strong></span> 
     </span>
    </p>
   </div>
   <div class='ocr_carea' id='block_1_9' title="bbox 365 767 1936 852">
    <p class='ocr_par' dir='ltr' id='par_1_9' title="bbox 365 767 1936 852">
     <span class='ocr_line' id='line_1_9' title="bbox 365 767 1936 852; baseline 0.009 -28"><span class='ocrx_word' id='word_1_42' title='bbox 365 767 662 840; x_wconf 82' lang='lat' dir='ltr'><strong>discipulos</strong></span> <span class='ocrx_word' id='word_1_43' title='bbox 693 773 934 831; x_wconf 86' lang='lat' dir='ltr'><strong>demisit.</strong></span> <span class='ocrx_word' id='word_1_44' title='bbox 966 777 1204 834; x_wconf 80' lang='lat' dir='ltr'><strong>Verbum</strong></span> <span class='ocrx_word' id='word_1_45' title='bbox 1245 790 1422 836; x_wconf 79' lang='lat' dir='ltr'><strong>autem</strong></span> <span class='ocrx_word' id='word_1_46' title='bbox 1458 782 1748 852; x_wconf 73' lang='grc' dir='ltr'><strong>ἐμφανίζει</strong></span> <span class='ocrx_word' id='word_1_47' title='bbox 1783 783 1936 839; x_wconf 71' lang='lat' dir='ltr'><strong>festi-</strong></span> 
     </span>
    </p>
   </div>
   <div class='ocr_carea' id='block_1_10' title="bbox 367 861 1936 945">
    <p class='ocr_par' dir='ltr' id='par_1_10' title="bbox 367 861 1936 945">
     <span class='ocr_line' id='line_1_10' title="bbox 367 861 1936 945; baseline 0.01 -30"><span class='ocrx_word' id='word_1_48' title='bbox 367 861 546 927; x_wconf 85' lang='lat' dir='ltr'><strong>vitati,</strong></span> <span class='ocrx_word' id='word_1_49' title='bbox 621 865 763 920; x_wconf 90' lang='lat' dir='ltr'><strong>sicut.</strong></span> <span class='ocrx_word' id='word_1_50' title='bbox 804 869 1011 924; x_wconf 89' lang='lat' dir='ltr'><strong>dictum</strong></span> <span class='ocrx_word' id='word_1_51' title='bbox 1063 883 1168 936; x_wconf 90' lang='lat' dir='ltr'><strong>est,</strong></span> <span class='ocrx_word' id='word_1_52' title='bbox 1225 875 1498 936; x_wconf 84' lang='lat' dir='ltr'><strong>convenit,</strong></span> <span class='ocrx_word' id='word_1_53' title='bbox 1539 875 1594 928; x_wconf 89' lang='lat' dir='ltr'><strong>in</strong></span> <span class='ocrx_word' id='word_1_54' title='bbox 1635 892 1741 945; x_wconf 86' lang='lat' dir='ltr'><strong>qua</strong></span> <span class='ocrx_word' id='word_1_55' title='bbox 1791 877 1936 932; x_wconf 89' lang='lat' dir='ltr'><strong>clare</strong></span> 
     </span>
    </p>
   </div>
   <div class='ocr_carea' id='block_1_11' title="bbox 369 956 1931 1030">
    <p class='ocr_par' dir='ltr' id='par_1_11' title="bbox 369 956 1931 1030">
     <span class='ocr_line' id='line_1_11' title="bbox 369 956 1931 1030; baseline 0.013 -22"><span class='ocrx_word' id='word_1_56' title='bbox 369 956 762 1030; x_wconf 87' lang='lat' dir='ltr'><strong>manifesteque</strong></span> <span class='ocrx_word' id='word_1_57' title='bbox 794 977 975 1017; x_wconf 85' lang='lat' dir='ltr'><strong>coram</strong></span> <span class='ocrx_word' id='word_1_58' title='bbox 1005 965 1296 1021; x_wconf 89' lang='lat' dir='ltr'><strong>multorum</strong></span> <span class='ocrx_word' id='word_1_59' title='bbox 1343 968 1513 1024; x_wconf 83' lang='lat' dir='ltr'><strong>oculis</strong></span> <span class='ocrx_word' id='word_1_60' title='bbox 1535 979 1608 1030; x_wconf 88' lang='lat' dir='ltr'><strong>et.</strong></span> <span class='ocrx_word' id='word_1_61' title='bbox 1641 982 1700 1024; x_wconf 86' lang='lat' dir='ltr'><strong>ut</strong></span> <span class='ocrx_word' id='word_1_62' title='bbox 1728 973 1824 1027; x_wconf 86' lang='lat' dir='ltr'><strong>ait.</strong></span> <span class='ocrx_word' id='word_1_63' title='bbox 1859 973 1931 1024; x_wconf 84' lang='lat' dir='ltr'><strong>vi-</strong></span> 
     </span>
    </p>
   </div>
   <div class='ocr_carea' id='block_1_12' title="bbox 365 1049 1930 1129">
    <p class='ocr_par' dir='ltr' id='par_1_12' title="bbox 365 1049 1930 1129">
     <span class='ocr_line' id='line_1_12' title="bbox 365 1049 1930 1129; baseline 0.01 -27"><span class='ocrx_word' id='word_1_64' title='bbox 365 1049 522 1104; x_wconf 79' lang='lat' dir='ltr'><strong>sibile</strong></span> <span class='ocrx_word' id='word_1_65' title='bbox 571 1055 748 1108; x_wconf 89' lang='lat' dir='ltr'><strong>sancti</strong></span> <span class='ocrx_word' id='word_1_66' title='bbox 791 1056 1030 1125; x_wconf 86' lang='lat' dir='ltr'><strong>Spiritus</strong></span> <span class='ocrx_word' id='word_1_67' title='bbox 1063 1061 1366 1129; x_wconf 79' lang='lat' dir='ltr'><strong>prodigium</strong></span> <span class='ocrx_word' id='word_1_68' title='bbox 1403 1059 1603 1116; x_wconf 88' lang='lat' dir='ltr'><strong>factum</strong></span> <span class='ocrx_word' id='word_1_69' title='bbox 1651 1073 1755 1118; x_wconf 72' lang='grc' dir='ltr'><strong>εει.</strong></span> <span class='ocrx_word' id='word_1_70' title='bbox 1788 1065 1930 1118; x_wconf 90' lang='lat' dir='ltr'><strong>Con-</strong></span> 
     </span>
    </p>
   </div>
   <div class='ocr_carea' id='block_1_13' title="bbox 363 1142 1934 1226">
    <p class='ocr_par' dir='ltr' id='par_1_13' title="bbox 363 1142 1934 1226">
     <span class='ocr_line' id='line_1_13' title="bbox 363 1142 1934 1226; baseline 0.011 -33"><span class='ocrx_word' id='word_1_71' title='bbox 363 1142 603 1209; x_wconf 82' lang='lat' dir='ltr'><strong>genitum</strong></span> <span class='ocrx_word' id='word_1_72' title='bbox 642 1155 820 1203; x_wconf 83' lang='lat' dir='ltr'><strong>autem</strong></span> <span class='ocrx_word' id='word_1_73' title='bbox 877 1147 1142 1219; x_wconf 81' lang='lat' dir='ltr'><strong>fulgorem</strong></span> <span class='ocrx_word' id='word_1_74' title='bbox 1193 1151 1347 1218; x_wconf 82' lang='lat' dir='ltr'><strong>juxta</strong></span> <span class='ocrx_word' id='word_1_75' title='bbox 1417 1156 1746 1210; x_wconf 80' lang='lat' dir='ltr'><strong>sententiam</strong></span> <span class='ocrx_word' id='word_1_76' title='bbox 1789 1157 1934 1226; x_wconf 90' lang='lat' dir='ltr'><strong>apud</strong></span> 
     </span>
    </p>
   </div>
   <div class='ocr_carea' id='block_1_14' title="bbox 364 1234 1938 1318">
    <p class='ocr_par' dir='ltr' id='par_1_14' title="bbox 364 1234 1938 1318">
     <span class='ocr_line' id='line_1_14' title="bbox 364 1234 1938 1318; baseline 0.011 -34"><span class='ocrx_word' id='word_1_77' title='bbox 364 1234 646 1303; x_wconf 72' lang='lat' dir='ltr'><strong>antiquunm</strong></span> <span class='ocrx_word' id='word_1_78' title='bbox 698 1237 927 1308; x_wconf 84' lang='lat' dir='ltr'><strong>lyricum</strong></span> <span class='ocrx_word' id='word_1_79' title='bbox 976 1239 1252 1309; x_wconf 80' lang='lat' dir='ltr'><strong>jacentem</strong></span> <span class='ocrx_word' id='word_1_80' title='bbox 1319 1243 1676 1310; x_wconf 75' lang='lat' dir='ltr'><strong>simillimam,</strong></span> <span class='ocrx_word' id='word_1_81' title='bbox 1723 1250 1938 1318; x_wconf 78' lang='lat' dir='ltr'><strong>ingeni-</strong></span> 
     </span>
    </p>
   </div>
   <div class='ocr_carea' id='block_1_15' title="bbox 367 1325 1932 1401">
    <p class='ocr_par' dir='ltr' id='par_1_15' title="bbox 367 1325 1932 1401">
     <span class='ocr_line' id='line_1_15' title="bbox 367 1325 1932 1401; baseline 0.012 -27"><span class='ocrx_word' id='word_1_82' title='bbox 367 1330 482 1377; x_wconf 89' lang='lat' dir='ltr'><strong>tum</strong></span> <span class='ocrx_word' id='word_1_83' title='bbox 547 1325 709 1379; x_wconf 83' lang='lat' dir='ltr'><strong>etiam</strong></span> <span class='ocrx_word' id='word_1_84' title='bbox 753 1327 859 1381; x_wconf 90' lang='lat' dir='ltr'><strong>dici</strong></span> <span class='ocrx_word' id='word_1_85' title='bbox 915 1329 1222 1398; x_wconf 84' lang='lat' dir='ltr'><strong>potuisset:</strong></span> <span class='ocrx_word' id='word_1_86' title='bbox 1272 1349 1498 1401; x_wconf 78' lang='lat' dir='ltr'><strong>prorsus</strong></span> <span class='ocrx_word' id='word_1_87' title='bbox 1547 1347 1727 1392; x_wconf 78' lang='lat' dir='ltr'><strong>autem</strong></span> <span class='ocrx_word' id='word_1_88' title='bbox 1790 1340 1932 1394; x_wconf 86' lang='lat' dir='ltr'><strong>sacri</strong></span> 
     </span>
    </p>
   </div>
   <div class='ocr_carea' id='block_1_16' title="bbox 365 1415 1934 1490">
    <p class='ocr_par' dir='ltr' id='par_1_16' title="bbox 365 1415 1934 1490">
     <span class='ocr_line' id='line_1_16' title="bbox 365 1415 1934 1490; baseline 0.011 -24"><span class='ocrx_word' id='word_1_89' title='bbox 365 1421 536 1479; x_wconf 71' lang='lat' dir='ltr'><strong>poetae</strong></span> <span class='ocrx_word' id='word_1_90' title='bbox 590 1415 814 1469; x_wconf 79' lang='lat' dir='ltr'><strong>verbum</strong></span> <span class='ocrx_word' id='word_1_91' title='bbox 869 1417 1198 1486; x_wconf 77' lang='lat' dir='ltr'><strong>pulchrius:</strong></span> <span class='ocrx_word' id='word_1_92' title='bbox 1255 1424 1400 1490; x_wconf 84' lang='lat' dir='ltr'><strong>quod</strong></span> <span class='ocrx_word' id='word_1_93' title='bbox 1469 1425 1614 1479; x_wconf 80' lang='lat' dir='ltr'><strong>enim</strong></span> <span class='ocrx_word' id='word_1_94' title='bbox 1672 1430 1934 1484; x_wconf 78' lang='lat' dir='ltr'><strong>consortii</strong></span> 
     </span>
    </p>
   </div>
   <div class='ocr_carea' id='block_1_17' title="bbox 365 1504 1934 1584">
    <p class='ocr_par' dir='ltr' id='par_1_17' title="bbox 365 1504 1934 1584">
     <span class='ocr_line' id='line_1_17' title="bbox 365 1504 1934 1584; baseline 0.013 -31"><span class='ocrx_word' id='word_1_95' title='bbox 365 1504 582 1569; x_wconf 65' lang='lat' dir='ltr'><strong>praefert</strong></span> <span class='ocrx_word' id='word_1_96' title='bbox 612 1507 950 1574; x_wconf 57' lang='lat' dir='ltr'><strong>prapositio,</strong></span> <span class='ocrx_word' id='word_1_97' title='bbox 981 1509 1182 1563; x_wconf 82' lang='lat' dir='ltr'><strong>trinam</strong></span> <span class='ocrx_word' id='word_1_98' title='bbox 1225 1512 1506 1568; x_wconf 79' lang='lat' dir='ltr'><strong>evidenter</strong></span> <span class='ocrx_word' id='word_1_99' title='bbox 1560 1515 1648 1570; x_wconf 92' lang='lat' dir='ltr'><strong>hic</strong></span> <span class='ocrx_word' id='word_1_100' title='bbox 1703 1520 1934 1584; x_wconf 83' lang='lat' dir='ltr'><strong>positam</strong></span> 
     </span>
    </p>
   </div>
   <div class='ocr_carea' id='block_1_18' title="bbox 363 1594 1934 1678">
    <p class='ocr_par' dir='ltr' id='par_1_18' title="bbox 363 1594 1934 1678">
     <span class='ocr_line' id='line_1_18' title="bbox 363 1594 1934 1678; baseline 0.013 -33"><span class='ocrx_word' id='word_1_101' title='bbox 363 1594 678 1650; x_wconf 80' lang='lat' dir='ltr'><strong>manifestat</strong></span> <span class='ocrx_word' id='word_1_102' title='bbox 719 1597 1193 1655; x_wconf 86' lang='lat' dir='ltr'><strong>illuminatiouem.</strong></span> <span class='ocrx_word' id='word_1_103' title='bbox 1228 1600 1380 1658; x_wconf 84' lang='lat' dir='ltr'><strong>Talia</strong></span> <span class='ocrx_word' id='word_1_104' title='bbox 1415 1620 1580 1673; x_wconf 90' lang='lat' dir='ltr'><strong>porro</strong></span> <span class='ocrx_word' id='word_1_105' title='bbox 1606 1617 1736 1663; x_wconf 68' lang='lat' dir='ltr'><strong>sunt</strong></span> <span class='ocrx_word' id='word_1_106' title='bbox 1775 1609 1934 1678; x_wconf 77' lang='lat' dir='ltr'><strong>juxta</strong></span> 
     </span>
    </p>
   </div>
   <div class='ocr_carea' id='block_1_19' title="bbox 362 1688 1930 1768">
    <p class='ocr_par' dir='ltr' id='par_1_19' title="bbox 362 1688 1930 1768">
     <span class='ocr_line' id='line_1_19' title="bbox 362 1688 1930 1768; baseline 0.013 -31"><span class='ocrx_word' id='word_1_107' title='bbox 362 1696 584 1738; x_wconf 85' lang='lat' dir='ltr'><strong>sensum</strong></span> <span class='ocrx_word' id='word_1_108' title='bbox 631 1688 893 1755; x_wconf 66' lang='lat' dir='ltr'><strong>erposiue</strong></span> <span class='ocrx_word' id='word_1_109' title='bbox 965 1690 1165 1758; x_wconf 87' lang='lat' dir='ltr'><strong>prioris</strong></span> <span class='ocrx_word' id='word_1_110' title='bbox 1244 1695 1529 1764; x_wconf 77' lang='lat' dir='ltr'><strong>scripturae</strong></span> <span class='ocrx_word' id='word_1_111' title='bbox 1598 1701 1843 1768; x_wconf 86' lang='lat' dir='ltr'><strong>troparii,</strong></span> <span class='ocrx_word' id='word_1_112' title='bbox 1877 1703 1930 1758; x_wconf 92' lang='lat' dir='ltr'><strong>in</strong></span> 
     </span>
    </p>
   </div>
   <div class='ocr_carea' id='block_1_20' title="bbox 362 1780 1935 1858">
    <p class='ocr_par' dir='ltr' id='par_1_20' title="bbox 362 1780 1935 1858">
     <span class='ocr_line' id='line_1_20' title="bbox 362 1780 1935 1858; baseline 0.014 -28"><span class='ocrx_word' id='word_1_113' title='bbox 362 1791 471 1843; x_wconf 84' lang='lat' dir='ltr'><strong>qua</strong></span> <span class='ocrx_word' id='word_1_114' title='bbox 522 1780 872 1848; x_wconf 77' lang='lat' dir='ltr'><strong>congenitum</strong></span> <span class='ocrx_word' id='word_1_115' title='bbox 907 1781 1173 1853; x_wconf 86' lang='lat' dir='ltr'><strong>fulgorem</strong></span> <span class='ocrx_word' id='word_1_116' title='bbox 1216 1783 1270 1839; x_wconf 93' lang='lat' dir='ltr'><strong>in</strong></span> <span class='ocrx_word' id='word_1_117' title='bbox 1326 1788 1592 1858; x_wconf 81' lang='lat' dir='ltr'><strong>singulari</strong></span> <span class='ocrx_word' id='word_1_118' title='bbox 1620 1794 1935 1852; x_wconf 85' lang='lat' dir='ltr'><strong>accusativo</strong></span> 
     </span>
    </p>
   </div>
   <div class='ocr_carea' id='block_1_21' title="bbox 362 1880 638 1922">
    <p class='ocr_par' dir='ltr' id='par_1_21' title="bbox 362 1880 638 1922">
     <span class='ocr_line' id='line_1_21' title="bbox 362 1880 638 1922; baseline 0.014 -4"><span class='ocrx_word' id='word_1_119' title='bbox 362 1880 638 1922; x_wconf 71' lang='grc' dir='ltr'><strong>ηονιιιιυε.</strong></span> 
     </span>
    </p>
   </div>
   <div class='ocr_carea' id='block_1_22' title="bbox 436 2040 1936 2134">
    <p class='ocr_par' dir='ltr' id='par_1_22' title="bbox 436 2040 1936 2134">
     <span class='ocr_line' id='line_1_22' title="bbox 436 2040 1936 2134; baseline 0.017 -38"><span class='ocrx_word' id='word_1_120' title='bbox 436 2040 523 2097; x_wconf 79' lang='lat'><strong>95.</strong></span> <span class='ocrx_word' id='word_1_121' title='bbox 551 2041 686 2098; x_wconf 86' lang='lat' dir='ltr'><strong>Nam</strong></span> <span class='ocrx_word' id='word_1_122' title='bbox 715 2057 798 2102; x_wconf 91' lang='lat' dir='ltr'><strong>cst</strong></span> <span class='ocrx_word' id='word_1_123' title='bbox 829 2059 885 2104; x_wconf 91' lang='lat' dir='ltr'><strong>et</strong></span> <span class='ocrx_word' id='word_1_124' title='bbox 927 2051 1032 2106; x_wconf 88' lang='lat' dir='ltr'><strong>alia</strong></span> <span class='ocrx_word' id='word_1_125' title='bbox 1076 2055 1340 2126; x_wconf 80' lang='lat' dir='ltr'><strong>scriptura</strong></span> <span class='ocrx_word' id='word_1_126' title='bbox 1371 2062 1482 2128; x_wconf 86' lang='lat' dir='ltr'><strong>jam</strong></span> <span class='ocrx_word' id='word_1_127' title='bbox 1521 2066 1800 2119; x_wconf 86' lang='lat' dir='ltr'><strong>enuntiata</strong></span> <span class='ocrx_word' id='word_1_128' title='bbox 1817 2080 1936 2134; x_wconf 59' lang='lat' dir='ltr'><strong>quae</strong></span> 
     </span>
    </p>
   </div>
   <div class='ocr_carea' id='block_1_23' title="bbox 365 2132 1937 2222">
    <p class='ocr_par' dir='ltr' id='par_1_23' title="bbox 365 2132 1937 2222">
     <span class='ocr_line' id='line_1_23' title="bbox 365 2132 1937 2222; baseline 0.017 -36"><span class='ocrx_word' id='word_1_129' title='bbox 365 2132 496 2188; x_wconf 85' lang='lat' dir='ltr'><strong>dicit</strong></span> <span class='ocrx_word' id='word_1_130' title='bbox 532 2139 675 2202; x_wconf 88' lang='lat' dir='ltr'><strong>quod</strong></span> <span class='ocrx_word' id='word_1_131' title='bbox 717 2142 894 2210; x_wconf 78' lang='lat' dir='ltr'><strong>igneus</strong></span> <span class='ocrx_word' id='word_1_132' title='bbox 933 2158 1103 2201; x_wconf 85' lang='lat' dir='ltr'><strong>sonus</strong></span> <span class='ocrx_word' id='word_1_133' title='bbox 1141 2147 1302 2204; x_wconf 89' lang='lat' dir='ltr'><strong>hodie</strong></span> <span class='ocrx_word' id='word_1_134' title='bbox 1332 2152 1658 2209; x_wconf 84' lang='lat' dir='ltr'><strong>tuiraculose</strong></span> <span class='ocrx_word' id='word_1_135' title='bbox 1693 2132 1937 2222; x_wconf 81' lang='lat' dir='ltr'><strong>proditus</strong></span> 
     </span>
    </p>
   </div>
   <div class='ocr_carea' id='block_1_24' title="bbox 366 2228 1929 2314">
    <p class='ocr_par' dir='ltr' id='par_1_24' title="bbox 366 2228 1929 2314">
     <span class='ocr_line' id='line_1_24' title="bbox 366 2228 1929 2314; baseline 0.016 -37"><span class='ocrx_word' id='word_1_136' title='bbox 366 2228 680 2285; x_wconf 80' lang='lat' dir='ltr'><strong>manifestat</strong></span> <span class='ocrx_word' id='word_1_137' title='bbox 722 2248 816 2300; x_wconf 88' lang='lat' dir='ltr'><strong>per</strong></span> <span class='ocrx_word' id='word_1_138' title='bbox 854 2233 1047 2290; x_wconf 78' lang='lat' dir='ltr'><strong>Filium</strong></span> <span class='ocrx_word' id='word_1_139' title='bbox 1083 2249 1364 2306; x_wconf 87' lang='lat' dir='ltr'><strong>paternam</strong></span> <span class='ocrx_word' id='word_1_140' title='bbox 1397 2254 1715 2314; x_wconf 84' lang='lat' dir='ltr'><strong>potestatem</strong></span> <span class='ocrx_word' id='word_1_141' title='bbox 1754 2252 1929 2304; x_wconf 88' lang='lat' dir='ltr'><strong>sancti</strong></span> 
     </span>
    </p>
   </div>
   <div class='ocr_carea' id='block_1_25' title="bbox 366 2317 1934 2405">
    <p class='ocr_par' dir='ltr' id='par_1_25' title="bbox 366 2317 1934 2405">
     <span class='ocr_line' id='line_1_25' title="bbox 366 2317 1934 2405; baseline 0.01 -31"><span class='ocrx_word' id='word_1_142' title='bbox 366 2317 622 2386; x_wconf 86' lang='lat' dir='ltr'><strong>Spiritus,</strong></span> <span class='ocrx_word' id='word_1_143' title='bbox 655 2321 902 2392; x_wconf 84' lang='lat' dir='ltr'><strong>hancque</strong></span> <span class='ocrx_word' id='word_1_144' title='bbox 929 2325 1128 2381; x_wconf 89' lang='lat' dir='ltr'><strong>claram</strong></span> <span class='ocrx_word' id='word_1_145' title='bbox 1159 2328 1287 2385; x_wconf 80' lang='lat' dir='ltr'><strong>facit</strong></span> <span class='ocrx_word' id='word_1_146' title='bbox 1317 2347 1411 2397; x_wconf 85' lang='lat' dir='ltr'><strong>per</strong></span> <span class='ocrx_word' id='word_1_147' title='bbox 1453 2337 1797 2404; x_wconf 79' lang='lat' dir='ltr'><strong>congenitum</strong></span> <span class='ocrx_word' id='word_1_148' title='bbox 1833 2335 1934 2405; x_wconf 89' lang='lat' dir='ltr'><strong>ipsi</strong></span> 
     </span>
    </p>
   </div>
   <div class='ocr_carea' id='block_1_26' title="bbox 364 2409 1930 2495">
    <p class='ocr_par' dir='ltr' id='par_1_26' title="bbox 364 2409 1930 2495">
     <span class='ocr_line' id='line_1_26' title="bbox 364 2409 1930 2495; baseline 0.015 -33"><span class='ocrx_word' id='word_1_149' title='bbox 364 2409 481 2462; x_wconf 81' lang='lat' dir='ltr'><strong>sive</strong></span> <span class='ocrx_word' id='word_1_150' title='bbox 509 2409 692 2479; x_wconf 85' lang='lat' dir='ltr'><strong>genito</strong></span> <span class='ocrx_word' id='word_1_151' title='bbox 725 2427 860 2468; x_wconf 89' lang='lat' dir='ltr'><strong>sono</strong></span> <span class='ocrx_word' id='word_1_152' title='bbox 883 2415 1144 2483; x_wconf 74' lang='lat' dir='ltr'><strong>fulgorem</strong></span> <span class='ocrx_word' id='word_1_153' title='bbox 1174 2419 1293 2483; x_wconf 87' lang='lat' dir='ltr'><strong>;vel</strong></span> <span class='ocrx_word' id='word_1_154' title='bbox 1315 2429 1373 2476; x_wconf 91' lang='lat' dir='ltr'><strong>ut</strong></span> <span class='ocrx_word' id='word_1_155' title='bbox 1395 2422 1538 2477; x_wconf 89' lang='lat' dir='ltr'><strong>idem</strong></span> <span class='ocrx_word' id='word_1_156' title='bbox 1553 2425 1709 2481; x_wconf 83' lang='lat' dir='ltr'><strong>aliter</strong></span> <span class='ocrx_word' id='word_1_157' title='bbox 1733 2429 1930 2495; x_wconf 86' lang='lat' dir='ltr'><strong>dicam,</strong></span> 
     </span>
    </p>
   </div>
   <div class='ocr_carea' id='block_1_27' title="bbox 364 2500 1936 2589">
    <p class='ocr_par' dir='ltr' id='par_1_27' title="bbox 364 2500 1936 2589">
     <span class='ocr_line' id='line_1_27' title="bbox 364 2500 1936 2589; baseline 0.016 -38"><span class='ocrx_word' id='word_1_158' title='bbox 364 2500 624 2564; x_wconf 79' lang='lat' dir='ltr'><strong>expandit</strong></span> <span class='ocrx_word' id='word_1_159' title='bbox 641 2517 742 2555; x_wconf 90' lang='lat' dir='ltr'><strong>suo</strong></span> <span class='ocrx_word' id='word_1_160' title='bbox 761 2506 1048 2573; x_wconf 77' lang='lat' dir='ltr'><strong>eongenito</strong></span> <span class='ocrx_word' id='word_1_161' title='bbox 1074 2507 1298 2578; x_wconf 83' lang='lat' dir='ltr'><strong>fulgore,</strong></span> <span class='ocrx_word' id='word_1_162' title='bbox 1323 2512 1413 2579; x_wconf 86' lang='lat' dir='ltr'><strong>qui</strong></span> <span class='ocrx_word' id='word_1_163' title='bbox 1436 2529 1541 2567; x_wconf 88' lang='lat' dir='ltr'><strong>non</strong></span> <span class='ocrx_word' id='word_1_164' title='bbox 1557 2525 1640 2570; x_wconf 83' lang='lat' dir='ltr'><strong>est</strong></span> <span class='ocrx_word' id='word_1_165' title='bbox 1656 2516 1936 2589; x_wconf 89' lang='lat' dir='ltr'><strong>hucusque</strong></span> 
     </span>
    </p>
   </div>
   <div class='ocr_carea' id='block_1_28' title="bbox 367 2589 1933 2665">
    <p class='ocr_par' dir='ltr' id='par_1_28' title="bbox 367 2589 1933 2665">
     <span class='ocr_line' id='line_1_28' title="bbox 367 2589 1933 2665; baseline 0.015 -23"><span class='ocrx_word' id='word_1_166' title='bbox 367 2589 650 2658; x_wconf 70' lang='lat' dir='ltr'><strong>explicata:</strong></span> <span class='ocrx_word' id='word_1_167' title='bbox 698 2591 803 2646; x_wconf 88' lang='lat' dir='ltr'><strong>faci</strong></span> <span class='ocrx_word' id='word_1_168' title='bbox 831 2596 1044 2651; x_wconf 89' lang='lat' dir='ltr'><strong>similis.</strong></span> <span class='ocrx_word' id='word_1_169' title='bbox 1077 2595 1302 2653; x_wconf 77' lang='lat' dir='ltr'><strong>Videtur</strong></span> <span class='ocrx_word' id='word_1_170' title='bbox 1329 2602 1472 2655; x_wconf 87' lang='lat' dir='ltr'><strong>enim</strong></span> <span class='ocrx_word' id='word_1_171' title='bbox 1515 2607 1693 2662; x_wconf 81' lang='lat' dir='ltr'><strong>dicere</strong></span> <span class='ocrx_word' id='word_1_172' title='bbox 1715 2624 1933 2665; x_wconf 87' lang='lat' dir='ltr'><strong>carmen</strong></span> 
     </span>
    </p>
   </div>
   <div class='ocr_carea' id='block_1_29' title="bbox 362 2683 1936 2770">
    <p class='ocr_par' dir='ltr' id='par_1_29' title="bbox 362 2683 1936 2770">
     <span class='ocr_line' id='line_1_29' title="bbox 362 2683 1936 2770; baseline 0.013 -35"><span class='ocrx_word' id='word_1_173' title='bbox 362 2683 503 2747; x_wconf 83' lang='lat' dir='ltr'><strong>quod</strong></span> <span class='ocrx_word' id='word_1_174' title='bbox 547 2684 845 2738; x_wconf 80' lang='lat' dir='ltr'><strong>hodiernus</strong></span> <span class='ocrx_word' id='word_1_175' title='bbox 875 2701 1041 2742; x_wconf 86' lang='lat' dir='ltr'><strong>sonus</strong></span> <span class='ocrx_word' id='word_1_176' title='bbox 1063 2688 1290 2759; x_wconf 78' lang='lat' dir='ltr'><strong>ignitus,</strong></span> <span class='ocrx_word' id='word_1_177' title='bbox 1327 2696 1681 2765; x_wconf 84' lang='lat' dir='ltr'><strong>synibolicus,</strong></span> <span class='ocrx_word' id='word_1_178' title='bbox 1715 2702 1807 2770; x_wconf 90' lang='lat' dir='ltr'><strong>qui</strong></span> <span class='ocrx_word' id='word_1_179' title='bbox 1841 2718 1936 2769; x_wconf 87' lang='lat' dir='ltr'><strong>per</strong></span> 
     </span>
    </p>
   </div>
   <div class='ocr_carea' id='block_1_30' title="bbox 361 2772 1932 2848">
    <p class='ocr_par' dir='ltr' id='par_1_30' title="bbox 361 2772 1932 2848">
     <span class='ocr_line' id='line_1_30' title="bbox 361 2772 1932 2848; baseline 0.013 -22"><span class='ocrx_word' id='word_1_180' title='bbox 361 2781 609 2826; x_wconf 83' lang='lat' dir='ltr'><strong>sanctum</strong></span> <span class='ocrx_word' id='word_1_181' title='bbox 638 2772 898 2843; x_wconf 88' lang='lat' dir='ltr'><strong>Spiritum</strong></span> <span class='ocrx_word' id='word_1_182' title='bbox 924 2781 1264 2848; x_wconf 86' lang='lat' dir='ltr'><strong>producitur,</strong></span> <span class='ocrx_word' id='word_1_183' title='bbox 1311 2797 1689 2843; x_wconf 88' lang='lat' dir='ltr'><strong>consecratum</strong></span> <span class='ocrx_word' id='word_1_184' title='bbox 1714 2791 1816 2846; x_wconf 86' lang='lat' dir='ltr'><strong>sibi</strong></span> <span class='ocrx_word' id='word_1_185' title='bbox 1852 2803 1932 2846; x_wconf 87' lang='lat' dir='ltr'><strong>ta-</strong></span> 
     </span>
    </p>
   </div>
   <div class='ocr_carea' id='block_1_31' title="bbox 367 2861 1933 2953">
    <p class='ocr_par' dir='ltr' id='par_1_31' title="bbox 367 2861 1933 2953">
     <span class='ocr_line' id='line_1_31' title="bbox 367 2861 1933 2953; baseline 0.015 -38"><span class='ocrx_word' id='word_1_186' title='bbox 367 2861 473 2916; x_wconf 85' lang='lat' dir='ltr'><strong>lem</strong></span> <span class='ocrx_word' id='word_1_187' title='bbox 508 2863 672 2920; x_wconf 88' lang='lat' dir='ltr'><strong>habet</strong></span> <span class='ocrx_word' id='word_1_188' title='bbox 697 2866 985 2938; x_wconf 79' lang='lat' dir='ltr'><strong>fulgorem.</strong></span> <span class='ocrx_word' id='word_1_189' title='bbox 1011 2868 1216 2941; x_wconf 85' lang='lat' dir='ltr'><strong>lgnitus</strong></span> <span class='ocrx_word' id='word_1_190' title='bbox 1243 2876 1387 2930; x_wconf 88' lang='lat' dir='ltr'><strong>enim</strong></span> <span class='ocrx_word' id='word_1_191' title='bbox 1421 2892 1549 2953; x_wconf 80' lang='lat' dir='ltr'><strong>cum</strong></span> <span class='ocrx_word' id='word_1_192' title='bbox 1577 2881 1668 2944; x_wconf 83' lang='lat' dir='ltr'><strong>sit,</strong></span> <span class='ocrx_word' id='word_1_193' title='bbox 1697 2881 1933 2953; x_wconf 83' lang='lat' dir='ltr'><strong>fulgidus</strong></span> 
     </span>
    </p>
   </div>
   <div class='ocr_carea' id='block_1_32' title="bbox 360 2951 1931 3043">
    <p class='ocr_par' dir='ltr' id='par_1_32' title="bbox 360 2951 1931 3043">
     <span class='ocr_line' id='line_1_32' title="bbox 360 2951 1931 3043; baseline 0.015 -35"><span class='ocrx_word' id='word_1_194' title='bbox 360 2953 525 3010; x_wconf 86' lang='lat' dir='ltr'><strong>etiam</strong></span> <span class='ocrx_word' id='word_1_195' title='bbox 577 2964 699 3012; x_wconf 87' lang='lat' dir='ltr'><strong>est:</strong></span> <span class='ocrx_word' id='word_1_196' title='bbox 738 2959 885 3029; x_wconf 90' lang='lat' dir='ltr'><strong>quod</strong></span> <span class='ocrx_word' id='word_1_197' title='bbox 919 2972 1065 3016; x_wconf 88' lang='lat' dir='ltr'><strong>certe</strong></span> <span class='ocrx_word' id='word_1_198' title='bbox 1109 2965 1307 3033; x_wconf 52' lang='lat' dir='ltr'><strong>sapius</strong></span> <span class='ocrx_word' id='word_1_199' title='bbox 1341 2951 1454 3023; x_wconf 78' lang='lat' dir='ltr'><strong>aeri</strong></span> <span class='ocrx_word' id='word_1_200' title='bbox 1501 2971 1754 3028; x_wconf 90' lang='lat' dir='ltr'><strong>similiter</strong></span> <span class='ocrx_word' id='word_1_201' title='bbox 1777 2951 1931 3043; x_wconf 80' lang='lat' dir='ltr'><strong>juxta</strong></span> 
     </span>
    </p>
   </div>
   <div class='ocr_carea' id='block_1_33' title="bbox 2044 501 3626 574">
    <p class='ocr_par' dir='ltr' id='par_1_33' title="bbox 2044 501 3626 574">
     <span class='ocr_line' id='line_1_33' title="bbox 2044 501 3626 574; baseline -0.002 -18"><span class='ocrx_word' id='word_1_202' title='bbox 2044 506 2269 574; x_wconf 83' lang='grc' dir='ltr'><strong>τοιαύτη</strong></span> <span class='ocrx_word' id='word_1_203' title='bbox 2301 507 2572 574; x_wconf 79' lang='grc' dir='ltr'><strong>ὲμφάνεια</strong></span> <span class='ocrx_word' id='word_1_204' title='bbox 2599 505 2843 572; x_wconf 81' lang='grc' dir='ltr'><strong>γέγονεν,</strong></span> <span class='ocrx_word' id='word_1_205' title='bbox 2877 505 2976 573; x_wconf 77' lang='grc' dir='ltr'><strong>οὐχ</strong></span> <span class='ocrx_word' id='word_1_206' title='bbox 3005 501 3330 567; x_wconf 78' lang='grc' dir='ltr'><strong>ύπεξουσίου</strong></span> <span class='ocrx_word' id='word_1_207' title='bbox 3363 502 3518 564; x_wconf 75' lang='grc' dir='ltr'><strong>ὄντος</strong></span> <span class='ocrx_word' id='word_1_208' title='bbox 3544 502 3626 571; x_wconf 83' lang='grc' dir='ltr'><strong>τῷ</strong></span> 
     </span>
    </p>
   </div>
   <div class='ocr_carea' id='block_1_34' title="bbox 2044 595 3622 666">
    <p class='ocr_par' dir='ltr' id='par_1_34' title="bbox 2044 595 3622 666">
     <span class='ocr_line' id='line_1_34' title="bbox 2044 595 3622 666; baseline 0 -20"><span class='ocrx_word' id='word_1_209' title='bbox 2044 596 2246 666; x_wconf 78' lang='grc' dir='ltr'><strong>Πατρὶ,</strong></span> <span class='ocrx_word' id='word_1_210' title='bbox 2283 598 2422 649; x_wconf 82' lang='grc' dir='ltr'><strong>ἀλλὰ</strong></span> <span class='ocrx_word' id='word_1_211' title='bbox 2453 597 2596 650; x_wconf 80' lang='grc' dir='ltr'><strong>κατὰ</strong></span> <span class='ocrx_word' id='word_1_212' title='bbox 2619 596 2717 666; x_wconf 77' lang='grc' dir='ltr'><strong>τὴν</strong></span> <span class='ocrx_word' id='word_1_213' title='bbox 2741 596 2956 648; x_wconf 74' lang='grc' dir='ltr'><strong>ἐκείνου</strong></span> <span class='ocrx_word' id='word_1_214' title='bbox 2994 595 3245 660; x_wconf 71' lang='grc' dir='ltr'><strong>ἐξουσίαν</strong></span> <span class='ocrx_word' id='word_1_215' title='bbox 3279 595 3622 664; x_wconf 77' lang='grc' dir='ltr'><strong>ὲνεργήσανο</strong></span> 
     </span>
    </p>
   </div>
   <div class='ocr_carea' id='block_1_35' title="bbox 2040 686 3619 757">
    <p class='ocr_par' dir='ltr' id='par_1_35' title="bbox 2040 686 3619 757">
     <span class='ocr_line' id='line_1_35' title="bbox 2040 686 3619 757; baseline 0 -19"><span class='ocrx_word' id='word_1_216' title='bbox 2040 703 2132 748; x_wconf 86' lang='grc' dir='ltr'><strong>τος</strong></span> <span class='ocrx_word' id='word_1_217' title='bbox 2187 688 2248 740; x_wconf 84' lang='grc' dir='ltr'><strong>τὸ</strong></span> <span class='ocrx_word' id='word_1_218' title='bbox 2301 687 2715 757; x_wconf 83' lang='grc' dir='ltr'><strong>φρυκτώρημα⁶</strong></span> <span class='ocrx_word' id='word_1_219' title='bbox 2752 686 2950 742; x_wconf 77' lang='grc' dir='ltr'><strong>οὔκουν</strong></span> <span class='ocrx_word' id='word_1_220' title='bbox 3007 688 3523 756; x_wconf 83' lang='grc' dir='ltr'><strong>ἀνεπικοινωνήτως</strong></span> <span class='ocrx_word' id='word_1_221' title='bbox 3553 689 3619 752; x_wconf 79' lang='grc' dir='ltr'><strong>τῆ</strong></span> 
     </span>
    </p>
   </div>
   <div class='ocr_carea' id='block_1_36' title="bbox 2043 773 3624 850">
    <p class='ocr_par' dir='ltr' id='par_1_36' title="bbox 2043 773 3624 850">
     <span class='ocr_line' id='line_1_36' title="bbox 2043 773 3624 850; baseline -0.001 -19"><span class='ocrx_word' id='word_1_222' title='bbox 2043 779 2432 849; x_wconf 77' lang='grc' dir='ltr'><strong>συνεργοῦντος</strong></span> <span class='ocrx_word' id='word_1_223' title='bbox 2479 780 2818 846; x_wconf 81' lang='grc' dir='ltr'><strong>Πνεύματος,</strong></span> <span class='ocrx_word' id='word_1_224' title='bbox 2868 779 2989 834; x_wconf 72' lang='grc' dir='ltr'>οὐδὲ</span> <span class='ocrx_word' id='word_1_225' title='bbox 3033 781 3101 850; x_wconf 75' lang='grc' dir='ltr'><strong>τῇ</strong></span> <span class='ocrx_word' id='word_1_226' title='bbox 3146 779 3237 833; x_wconf 86' lang='grc' dir='ltr'><strong>τοῦ</strong></span> <span class='ocrx_word' id='word_1_227' title='bbox 3278 780 3517 849; x_wconf 78' lang='grc' dir='ltr'><strong>Πατρδς,</strong></span> <span class='ocrx_word' id='word_1_228' title='bbox 3560 773 3624 832; x_wconf 73' lang='grc' dir='ltr'><strong>οῦ</strong></span> 
     </span>
    </p>
   </div>
   <div class='ocr_carea' id='block_1_37' title="bbox 2045 868 3628 940">
    <p class='ocr_par' dir='ltr' id='par_1_37' title="bbox 2045 868 3628 940">
     <span class='ocr_line' id='line_1_37' title="bbox 2045 868 3628 940; baseline 0 -18"><span class='ocrx_word' id='word_1_229' title='bbox 2045 869 2144 939; x_wconf 78' lang='grc' dir='ltr'><strong>τὴν</strong></span> <span class='ocrx_word' id='word_1_230' title='bbox 2185 870 2527 936; x_wconf 71' lang='grc' dir='ltr'><strong>ἐπαγγελίαν</strong></span> <span class='ocrx_word' id='word_1_231' title='bbox 2579 869 2871 922; x_wconf 75' lang='grc' dir='ltr'><strong>ἀπέστειλε</strong></span> <span class='ocrx_word' id='word_1_232' title='bbox 2925 870 3039 931; x_wconf 77' lang='grc' dir='ltr'><strong>τοῖς</strong></span> <span class='ocrx_word' id='word_1_233' title='bbox 3094 869 3386 940; x_wconf 76' lang='grc' dir='ltr'><strong>μαθηταῖς.</strong></span> <span class='ocrx_word' id='word_1_234' title='bbox 3441 868 3517 922; x_wconf 79' lang='grc' dir='ltr'>Τὸ</span> <span class='ocrx_word' id='word_1_235' title='bbox 3566 871 3628 922; x_wconf 80' lang='grc' dir='ltr'>δὲ</span> 
     </span>
    </p>
   </div>
   <div class='ocr_carea' id='block_1_38' title="bbox 2043 959 3626 1031">
    <p class='ocr_par' dir='ltr' id='par_1_38' title="bbox 2043 959 3626 1031">
     <span class='ocr_line' id='line_1_38' title="bbox 2043 959 3626 1031; baseline 0.003 -19"><span class='ocrx_word' id='word_1_236' title='bbox 2043 959 2348 1028; x_wconf 67' lang='grc' dir='ltr'><strong>ἐμφανίζει</strong></span> <span class='ocrx_word' id='word_1_237' title='bbox 2378 963 2582 1031; x_wconf 79' lang='grc' dir='ltr'><strong>πρέπει</strong></span> <span class='ocrx_word' id='word_1_238' title='bbox 2601 963 2666 1030; x_wconf 83' lang='grc' dir='ltr'><strong>τῇ</strong></span> <span class='ocrx_word' id='word_1_239' title='bbox 2689 961 2876 1030; x_wconf 79' lang='grc' dir='ltr'><strong>ἑορτῇ,</strong></span> <span class='ocrx_word' id='word_1_240' title='bbox 2900 960 2977 1024; x_wconf 82' lang='grc' dir='ltr'><strong>ὡς</strong></span> <span class='ocrx_word' id='word_1_241' title='bbox 3003 961 3101 1014; x_wconf 73' lang='grc' dir='ltr'><strong>καὶ</strong></span> <span class='ocrx_word' id='word_1_242' title='bbox 3129 961 3478 1030; x_wconf 85' lang='grc' dir='ltr'><strong>προείρηται,</strong></span> <span class='ocrx_word' id='word_1_243' title='bbox 3495 962 3626 1016; x_wconf 74' lang='grc' dir='ltr'><strong>καθ’</strong></span> 
     </span>
    </p>
   </div>
   <div class='ocr_carea' id='block_1_39' title="bbox 2037 1050 3623 1124">
    <p class='ocr_par' dir='ltr' id='par_1_39' title="bbox 2037 1050 3623 1124">
     <span class='ocr_line' id='line_1_39' title="bbox 2037 1050 3623 1124; baseline 0.003 -22"><span class='ocrx_word' id='word_1_244' title='bbox 2037 1052 2104 1121; x_wconf 73' lang='grc' dir='ltr'><strong>ἢν</strong></span> <span class='ocrx_word' id='word_1_245' title='bbox 2131 1051 2372 1121; x_wconf 70' lang='grc' dir='ltr'><strong>ἐναργῶς</strong></span> <span class='ocrx_word' id='word_1_246' title='bbox 2395 1055 2490 1104; x_wconf 65' lang='grc' dir='ltr'><strong>καὶ</strong></span> <span class='ocrx_word' id='word_1_247' title='bbox 2511 1050 2768 1118; x_wconf 74' lang='grc' dir='ltr'><strong>ἐμφανῶς</strong></span> <span class='ocrx_word' id='word_1_248' title='bbox 2797 1053 2887 1104; x_wconf 80' lang='grc' dir='ltr'><strong>καὶ</strong></span> <span class='ocrx_word' id='word_1_249' title='bbox 2916 1051 3158 1104; x_wconf 79' lang='grc' dir='ltr'>ἐνώπιον</span> <span class='ocrx_word' id='word_1_250' title='bbox 3185 1054 3395 1105; x_wconf 79' lang='grc' dir='ltr'><strong>πολλῶν</strong></span> <span class='ocrx_word' id='word_1_251' title='bbox 3417 1053 3623 1124; x_wconf 71' lang='grc' dir='ltr'><strong>ὅψεων,</strong></span> 
     </span>
    </p>
   </div>
   <div class='ocr_carea' id='block_1_40' title="bbox 2037 1141 3623 1214">
    <p class='ocr_par' dir='ltr' id='par_1_40' title="bbox 2037 1141 3623 1214">
     <span class='ocr_line' id='line_1_40' title="bbox 2037 1141 3623 1214; baseline 0 -16"><span class='ocrx_word' id='word_1_252' title='bbox 2037 1145 2152 1210; x_wconf 75' lang='grc' dir='ltr'><strong>καὶ,</strong></span> <span class='ocrx_word' id='word_1_253' title='bbox 2169 1143 2242 1207; x_wconf 88' lang='grc' dir='ltr'>ώς</span> <span class='ocrx_word' id='word_1_254' title='bbox 2272 1141 2446 1208; x_wconf 82' lang='grc' dir='ltr'><strong>εἶπεν,</strong></span> <span class='ocrx_word' id='word_1_255' title='bbox 2473 1143 2695 1212; x_wconf 72' lang='grc' dir='ltr'><strong>ἐπόψιον</strong></span> <span class='ocrx_word' id='word_1_256' title='bbox 2712 1143 2771 1196; x_wconf 83' lang='grc' dir='ltr'><strong>τὺ</strong></span> <span class='ocrx_word' id='word_1_257' title='bbox 2791 1144 2884 1195; x_wconf 81' lang='grc' dir='ltr'><strong>τοῦ</strong></span> <span class='ocrx_word' id='word_1_258' title='bbox 2908 1143 3067 1210; x_wconf 87' lang='grc' dir='ltr'>ἁγίου</span> <span class='ocrx_word' id='word_1_259' title='bbox 3097 1142 3412 1212; x_wconf 81' lang='grc' dir='ltr'><strong>Πνεύματος</strong></span> <span class='ocrx_word' id='word_1_260' title='bbox 3433 1145 3534 1197; x_wconf 84' lang='grc' dir='ltr'><strong>Θαῦ</strong></span> <span class='ocrx_word' id='word_1_261' title='bbox 3543 1163 3623 1214; x_wconf 85' lang='grc' dir='ltr'><strong>μα</strong></span> 
     </span>
    </p>
   </div>
   <div class='ocr_carea' id='block_1_41' title="bbox 2036 1232 3624 1306">
    <p class='ocr_par' dir='ltr' id='par_1_41' title="bbox 2036 1232 3624 1306">
     <span class='ocr_line' id='line_1_41' title="bbox 2036 1232 3624 1306; baseline 0.002 -20"><span class='ocrx_word' id='word_1_262' title='bbox 2036 1235 2252 1303; x_wconf 89' lang='grc' dir='ltr'><strong>γέγονε.</strong></span> <span class='ocrx_word' id='word_1_263' title='bbox 2279 1234 2392 1306; x_wconf 81' lang='grc' dir='ltr'><strong>Τὴν</strong></span> <span class='ocrx_word' id='word_1_264' title='bbox 2419 1234 2476 1288; x_wconf 76' lang='grc' dir='ltr'>δὲ</span> <span class='ocrx_word' id='word_1_265' title='bbox 2509 1233 2734 1304; x_wconf 86' lang='grc' dir='ltr'>συμφυῆ</span> <span class='ocrx_word' id='word_1_266' title='bbox 2765 1232 2992 1287; x_wconf 81' lang='grc' dir='ltr'><strong>δυνατὸν</strong></span> <span class='ocrx_word' id='word_1_267' title='bbox 3039 1233 3139 1300; x_wconf 75' lang='grc' dir='ltr'><strong>μὲν</strong></span> <span class='ocrx_word' id='word_1_268' title='bbox 3171 1235 3266 1287; x_wconf 80' lang='grc' dir='ltr'><strong>καὶ</strong></span> <span class='ocrx_word' id='word_1_269' title='bbox 3290 1235 3479 1304; x_wconf 80' lang='grc' dir='ltr'><strong>ὲμφυῆ</strong></span> <span class='ocrx_word' id='word_1_270' title='bbox 3531 1237 3624 1289; x_wconf 88' lang='grc' dir='ltr'><strong>λε-</strong></span> 
     </span>
    </p>
   </div>
   <div class='ocr_carea' id='block_1_42' title="bbox 2035 1322 3620 1396">
    <p class='ocr_par' dir='ltr' id='par_1_42' title="bbox 2035 1322 3620 1396">
     <span class='ocr_line' id='line_1_42' title="bbox 2035 1322 3620 1396; baseline 0.003 -22"><span class='ocrx_word' id='word_1_271' title='bbox 2035 1322 2231 1393; x_wconf 84' lang='grc' dir='ltr'><strong>χθῆναι</strong></span> <span class='ocrx_word' id='word_1_272' title='bbox 2274 1324 2414 1378; x_wconf 79' lang='grc' dir='ltr'><strong>κατὰ</strong></span> <span class='ocrx_word' id='word_1_273' title='bbox 2440 1324 2537 1393; x_wconf 80' lang='grc' dir='ltr'><strong>τὴν</strong></span> <span class='ocrx_word' id='word_1_274' title='bbox 2565 1323 2718 1393; x_wconf 73' lang='grc' dir='ltr'>παρὰ</span> <span class='ocrx_word' id='word_1_275' title='bbox 2747 1323 2826 1392; x_wconf 84' lang='grc' dir='ltr'><strong>τῷ</strong></span> <span class='ocrx_word' id='word_1_276' title='bbox 2859 1323 3067 1394; x_wconf 77' lang='grc' dir='ltr'><strong>ἀρχαίῳ</strong></span> <span class='ocrx_word' id='word_1_277' title='bbox 3115 1323 3324 1396; x_wconf 86' lang='grc' dir='ltr'><strong>λυρικῷ</strong></span> <span class='ocrx_word' id='word_1_278' title='bbox 3355 1327 3620 1394; x_wconf 74' lang='grc' dir='ltr'><strong>κειμένην</strong></span> 
     </span>
    </p>
   </div>
   <div class='ocr_carea' id='block_1_43' title="bbox 2035 1413 3616 1484">
    <p class='ocr_par' dir='ltr' id='par_1_43' title="bbox 2035 1413 3616 1484">
     <span class='ocr_line' id='line_1_43' title="bbox 2035 1413 3616 1484; baseline 0.003 -17"><span class='ocrx_word' id='word_1_279' title='bbox 2035 1414 2264 1483; x_wconf 81' lang='grc' dir='ltr'><strong>ὁμοιοσή</strong></span> <span class='ocrx_word' id='word_1_280' title='bbox 2275 1431 2479 1484; x_wconf 89' lang='grc' dir='ltr'><strong>μαντον</strong></span> <span class='ocrx_word' id='word_1_281' title='bbox 2508 1413 2720 1467; x_wconf 66' lang='grc' dir='ltr'><strong>ἔννοιαν</strong></span> <span class='ocrx_word' id='word_1_282' title='bbox 2738 1430 2755 1448; x_wconf 75' lang='grc' dir='ltr'><strong>ο</strong></span> <span class='ocrx_word' id='word_1_283' title='bbox 2783 1414 2862 1482; x_wconf 87' lang='grc' dir='ltr'><strong>τῷ</strong></span> <span class='ocrx_word' id='word_1_284' title='bbox 2899 1416 3064 1468; x_wconf 71' lang='grc' dir='ltr'><strong>παντὶ</strong></span> <span class='ocrx_word' id='word_1_285' title='bbox 3095 1415 3153 1468; x_wconf 67' lang='grc' dir='ltr'>δὲ</span> <span class='ocrx_word' id='word_1_286' title='bbox 3180 1416 3398 1470; x_wconf 78' lang='grc' dir='ltr'><strong>κάλλιον</strong></span> <span class='ocrx_word' id='word_1_287' title='bbox 3428 1417 3490 1470; x_wconf 81' lang='grc' dir='ltr'><strong>τὸ</strong></span> <span class='ocrx_word' id='word_1_288' title='bbox 3517 1416 3616 1471; x_wconf 90' lang='grc' dir='ltr'><strong>τοῦ</strong></span> 
     </span>
    </p>
   </div>
   <div class='ocr_carea' id='block_1_44' title="bbox 2038 1505 3618 1578">
    <p class='ocr_par' dir='ltr' id='par_1_44' title="bbox 2038 1505 3618 1578">
     <span class='ocr_line' id='line_1_44' title="bbox 2038 1505 3618 1578; baseline 0.001 -18"><span class='ocrx_word' id='word_1_289' title='bbox 2038 1506 2184 1578; x_wconf 78' lang='grc' dir='ltr'><strong>ἱεροῦ</strong></span> <span class='ocrx_word' id='word_1_290' title='bbox 2235 1506 2512 1576; x_wconf 76' lang='grc' dir='ltr'><strong>μελῳδοῦο</strong></span> <span class='ocrx_word' id='word_1_291' title='bbox 2561 1506 2622 1558; x_wconf 74' lang='grc' dir='ltr'><strong>τὸ</strong></span> <span class='ocrx_word' id='word_1_292' title='bbox 2657 1506 2766 1575; x_wconf 85' lang='grc' dir='ltr'><strong>γὰρ</strong></span> <span class='ocrx_word' id='word_1_293' title='bbox 2819 1506 3125 1559; x_wconf 78' lang='grc' dir='ltr'><strong>κοινοποιδν</strong></span> <span class='ocrx_word' id='word_1_294' title='bbox 3161 1509 3260 1576; x_wconf 79' lang='grc' dir='ltr'><strong>τῆς</strong></span> <span class='ocrx_word' id='word_1_295' title='bbox 3300 1505 3618 1577; x_wconf 65' lang='grc' dir='ltr'><strong>συμέτροθέο</strong></span> 
     </span>
    </p>
   </div>
   <div class='ocr_carea' id='block_1_45' title="bbox 2040 1598 3622 1669">
    <p class='ocr_par' dir='ltr' id='par_1_45' title="bbox 2040 1598 3622 1669">
     <span class='ocr_line' id='line_1_45' title="bbox 2040 1598 3622 1669; baseline 0.001 -17"><span class='ocrx_word' id='word_1_296' title='bbox 2040 1615 2178 1662; x_wconf 68' lang='lat' dir='ltr'><strong>ora);</strong></span> <span class='ocrx_word' id='word_1_297' title='bbox 2237 1598 2526 1669; x_wconf 81' lang='grc' dir='ltr'><strong>τριαδικὴν</strong></span> <span class='ocrx_word' id='word_1_298' title='bbox 2563 1598 2859 1667; x_wconf 72' lang='grc' dir='ltr'><strong>ἀποφαίνει</strong></span> <span class='ocrx_word' id='word_1_299' title='bbox 2894 1598 3210 1664; x_wconf 81' lang='grc' dir='ltr'><strong>σαφέστατα</strong></span> <span class='ocrx_word' id='word_1_300' title='bbox 3241 1600 3340 1651; x_wconf 81' lang='grc' dir='ltr'><strong>καὶ</strong></span> <span class='ocrx_word' id='word_1_301' title='bbox 3383 1601 3484 1669; x_wconf 83' lang='grc' dir='ltr'><strong>τὴν</strong></span> <span class='ocrx_word' id='word_1_302' title='bbox 3530 1602 3622 1654; x_wconf 74' lang='grc' dir='ltr'><strong>ὲν-</strong></span> 
     </span>
    </p>
   </div>
   <div class='ocr_carea' id='block_1_46' title="bbox 2035 1689 3620 1762">
    <p class='ocr_par' dir='ltr' id='par_1_46' title="bbox 2035 1689 3620 1762">
     <span class='ocr_line' id='line_1_46' title="bbox 2035 1689 3620 1762; baseline 0.004 -20"><span class='ocrx_word' id='word_1_303' title='bbox 2035 1689 2211 1743; x_wconf 87' lang='grc' dir='ltr'><strong>ταῦθα</strong></span> <span class='ocrx_word' id='word_1_304' title='bbox 2242 1691 2502 1761; x_wconf 82' lang='grc' dir='ltr'><strong>κειμένην</strong></span> <span class='ocrx_word' id='word_1_305' title='bbox 2526 1691 2883 1760; x_wconf 82' lang='grc' dir='ltr'><strong>φρυκτωρίαν</strong></span> <span class='ocrx_word' id='word_1_306' title='bbox 2899 1708 2912 1721; x_wconf 78' lang='grc' dir='ltr'><strong>ο</strong></span> <span class='ocrx_word' id='word_1_307' title='bbox 2941 1690 3078 1744; x_wconf 81' lang='grc' dir='ltr'><strong>ἀλλὰ</strong></span> <span class='ocrx_word' id='word_1_308' title='bbox 3102 1691 3323 1745; x_wconf 81' lang='grc' dir='ltr'><strong>τοιαῦτα</strong></span> <span class='ocrx_word' id='word_1_309' title='bbox 3349 1693 3447 1762; x_wconf 82' lang='grc' dir='ltr'><strong>μὲν</strong></span> <span class='ocrx_word' id='word_1_310' title='bbox 3469 1694 3620 1748; x_wconf 76' lang='grc' dir='ltr'><strong>κατὰ</strong></span> 
     </span>
    </p>
   </div>
   <div class='ocr_carea' id='block_1_47' title="bbox 2044 1779 3613 1856">
    <p class='ocr_par' dir='ltr' id='par_1_47' title="bbox 2044 1779 3613 1856">
     <span class='ocr_line' id='line_1_47' title="bbox 2044 1779 3613 1856; baseline 0.003 -23"><span class='ocrx_word' id='word_1_311' title='bbox 2044 1779 2142 1850; x_wconf 80' lang='grc' dir='ltr'><strong>τὴν</strong></span> <span class='ocrx_word' id='word_1_312' title='bbox 2171 1780 2376 1835; x_wconf 79' lang='grc' dir='ltr'><strong>ἔννοιαν</strong></span> <span class='ocrx_word' id='word_1_313' title='bbox 2402 1783 2500 1850; x_wconf 84' lang='grc' dir='ltr'><strong>τῆς</strong></span> <span class='ocrx_word' id='word_1_314' title='bbox 2529 1780 2916 1850; x_wconf 81' lang='grc' dir='ltr'><strong>ὲκτεθειμένης</strong></span> <span class='ocrx_word' id='word_1_315' title='bbox 2940 1783 3164 1851; x_wconf 87' lang='grc' dir='ltr'><strong>πρώτης</strong></span> <span class='ocrx_word' id='word_1_316' title='bbox 3191 1781 3283 1836; x_wconf 85' lang='grc' dir='ltr'><strong>τοῦ</strong></span> <span class='ocrx_word' id='word_1_317' title='bbox 3310 1787 3613 1856; x_wconf 79' lang='grc' dir='ltr'>τροπαρίου</span> 
     </span>
    </p>
   </div>
   <div class='ocr_carea' id='block_1_48' title="bbox 2039 1866 3612 1946">
    <p class='ocr_par' dir='ltr' id='par_1_48' title="bbox 2039 1866 3612 1946">
     <span class='ocr_line' id='line_1_48' title="bbox 2039 1866 3612 1946; baseline 0.006 -23"><span class='ocrx_word' id='word_1_318' title='bbox 2039 1871 2282 1941; x_wconf 83' lang='grc' dir='ltr'><strong>γραφῆς,</strong></span> <span class='ocrx_word' id='word_1_319' title='bbox 2312 1873 2370 1924; x_wconf 72' lang='grc' dir='ltr'><strong>ἐν</strong></span> <span class='ocrx_word' id='word_1_320' title='bbox 2406 1866 2440 1946; x_wconf 78' lang='grc' dir='ltr'>ἦ</span> <span class='ocrx_word' id='word_1_321' title='bbox 2483 1872 2704 1942; x_wconf 79' lang='grc' dir='ltr'>συμφυῆ</span> <span class='ocrx_word' id='word_1_322' title='bbox 2735 1875 3091 1944; x_wconf 80' lang='grc' dir='ltr'><strong>φρυκτωρίαν</strong></span> <span class='ocrx_word' id='word_1_323' title='bbox 3127 1873 3268 1927; x_wconf 78' lang='grc' dir='ltr'><strong>κατὰ</strong></span> <span class='ocrx_word' id='word_1_324' title='bbox 3293 1874 3497 1944; x_wconf 63' lang='grc' dir='ltr'><strong>ξενικὴν</strong></span> <span class='ocrx_word' id='word_1_325' title='bbox 3527 1880 3612 1932; x_wconf 77' lang='lat' dir='ltr'><strong>ai-</strong></span> 
     </span>
    </p>
   </div>
   <div class='ocr_carea' id='block_1_49' title="bbox 2037 1963 2592 2034">
    <p class='ocr_par' dir='ltr' id='par_1_49' title="bbox 2037 1963 2592 2034">
     <span class='ocr_line' id='line_1_49' title="bbox 2037 1963 2592 2034; baseline 0.002 -18"><span class='ocrx_word' id='word_1_326' title='bbox 2037 1963 2294 2034; x_wconf 85' lang='grc' dir='ltr'><strong>τιατικὴν</strong></span> <span class='ocrx_word' id='word_1_327' title='bbox 2325 1963 2592 2032; x_wconf 73' lang='grc' dir='ltr'><strong>ἔγνωμεν.</strong></span> 
     </span>
    </p>
   </div>
   <div class='ocr_carea' id='block_1_50' title="bbox 2114 2052 3618 2128">
    <p class='ocr_par' dir='ltr' id='par_1_50' title="bbox 2114 2052 3618 2128">
     <span class='ocr_line' id='line_1_50' title="bbox 2114 2052 3618 2128; baseline 0 -18"><span class='ocrx_word' id='word_1_328' title='bbox 2114 2052 2224 2121; x_wconf 60' lang='grc' dir='ltr'><strong>ια’.</strong></span> <span class='ocrx_word' id='word_1_329' title='bbox 2270 2055 2424 2108; x_wconf 74' lang='grc' dir='ltr'><strong>Ἐπεὶ</strong></span> <span class='ocrx_word' id='word_1_330' title='bbox 2455 2055 2514 2108; x_wconf 78' lang='grc' dir='ltr'>δὲ</span> <span class='ocrx_word' id='word_1_331' title='bbox 2546 2057 2578 2125; x_wconf 78' lang='grc' dir='ltr'><strong>ἡ</strong></span> <span class='ocrx_word' id='word_1_332' title='bbox 2611 2056 2776 2126; x_wconf 80' lang='grc' dir='ltr'><strong>ἑτέρα</strong></span> <span class='ocrx_word' id='word_1_333' title='bbox 2795 2055 2983 2126; x_wconf 82' lang='grc' dir='ltr'><strong>γραφὴ</strong></span> <span class='ocrx_word' id='word_1_334' title='bbox 3026 2059 3482 2128; x_wconf 82' lang='grc' dir='ltr'><strong>προδεδηλωμένη</strong></span> <span class='ocrx_word' id='word_1_335' title='bbox 3516 2059 3618 2114; x_wconf 73' lang='grc' dir='ltr'><strong>καὶ</strong></span> 
     </span>
    </p>
   </div>
   <div class='ocr_carea' id='block_1_51' title="bbox 2043 2144 3618 2220">
    <p class='ocr_par' dir='ltr' id='par_1_51' title="bbox 2043 2144 3618 2220">
     <span class='ocr_line' id='line_1_51' title="bbox 2043 2144 3618 2220; baseline 0.001 -16"><span class='ocrx_word' id='word_1_336' title='bbox 2043 2149 2181 2218; x_wconf 79' lang='grc' dir='ltr'><strong>αὐτὴ</strong></span> <span class='ocrx_word' id='word_1_337' title='bbox 2213 2148 2362 2216; x_wconf 78' lang='grc' dir='ltr'><strong>λέγει</strong></span> <span class='ocrx_word' id='word_1_338' title='bbox 2402 2149 2484 2201; x_wconf 79' lang='grc' dir='ltr'><strong>ὅτι</strong></span> <span class='ocrx_word' id='word_1_339' title='bbox 2519 2150 2547 2201; x_wconf 98' lang='lat'><strong>6</strong></span> <span class='ocrx_word' id='word_1_340' title='bbox 2585 2148 2840 2217; x_wconf 83' lang='grc' dir='ltr'><strong>πυρώδης</strong></span> <span class='ocrx_word' id='word_1_341' title='bbox 2884 2144 3017 2219; x_wconf 78' lang='grc' dir='ltr'><strong>ἦχος</strong></span> <span class='ocrx_word' id='word_1_342' title='bbox 3050 2151 3080 2203; x_wconf 88' lang='lat'><strong>6</strong></span> <span class='ocrx_word' id='word_1_343' title='bbox 3114 2150 3356 2220; x_wconf 84' lang='grc' dir='ltr'><strong>σήμερον</strong></span> <span class='ocrx_word' id='word_1_344' title='bbox 3399 2150 3618 2219; x_wconf 82' lang='grc' dir='ltr'><strong>θαυμα-</strong></span> 
     </span>
    </p>
   </div>
   <div class='ocr_carea' id='block_1_52' title="bbox 2036 2243 3615 2318">
    <p class='ocr_par' dir='ltr' id='par_1_52' title="bbox 2036 2243 3615 2318">
     <span class='ocr_line' id='line_1_52' title="bbox 2036 2243 3615 2318; baseline 0.002 -20"><span class='ocrx_word' id='word_1_345' title='bbox 2036 2244 2382 2315; x_wconf 67' lang='grc' dir='ltr'><strong>τουργηθεὶς,</strong></span> <span class='ocrx_word' id='word_1_346' title='bbox 2433 2243 2724 2312; x_wconf 73' lang='grc' dir='ltr'><strong>ἐμφανίζει</strong></span> <span class='ocrx_word' id='word_1_347' title='bbox 2769 2244 2868 2314; x_wconf 75' lang='grc' dir='ltr'><strong>τὴν</strong></span> <span class='ocrx_word' id='word_1_348' title='bbox 2895 2244 2984 2297; x_wconf 81' lang='grc' dir='ltr'><strong>διὰ</strong></span> <span class='ocrx_word' id='word_1_349' title='bbox 3031 2243 3127 2299; x_wconf 87' lang='grc' dir='ltr'><strong>τοῦ</strong></span> <span class='ocrx_word' id='word_1_350' title='bbox 3157 2247 3289 2300; x_wconf 82' lang='grc' dir='ltr'><strong>Υίοῦ</strong></span> <span class='ocrx_word' id='word_1_351' title='bbox 3328 2248 3615 2318; x_wconf 75' lang='grc' dir='ltr'><strong>Πατρικὴν</strong></span> 
     </span>
    </p>
   </div>
   <div class='ocr_carea' id='block_1_53' title="bbox 2040 2335 3612 2410">
    <p class='ocr_par' dir='ltr' id='par_1_53' title="bbox 2040 2335 3612 2410">
     <span class='ocr_line' id='line_1_53' title="bbox 2040 2335 3612 2410; baseline 0.003 -20"><span class='ocrx_word' id='word_1_352' title='bbox 2040 2337 2289 2402; x_wconf 77' lang='grc' dir='ltr'><strong>ἐξουσίαν</strong></span> <span class='ocrx_word' id='word_1_353' title='bbox 2333 2335 2430 2388; x_wconf 87' lang='grc' dir='ltr'><strong>τοῦ</strong></span> <span class='ocrx_word' id='word_1_354' title='bbox 2471 2335 2628 2404; x_wconf 82' lang='grc' dir='ltr'>ἁγίου</span> <span class='ocrx_word' id='word_1_355' title='bbox 2678 2335 2820 2389; x_wconf 87' lang='grc' dir='ltr'><strong>Πνεύ</strong></span> <span class='ocrx_word' id='word_1_356' title='bbox 2834 2353 3011 2404; x_wconf 87' lang='grc' dir='ltr'><strong>ματος</strong></span> <span class='ocrx_word' id='word_1_357' title='bbox 3041 2339 3136 2390; x_wconf 80' lang='grc' dir='ltr'><strong>καὶ</strong></span> <span class='ocrx_word' id='word_1_358' title='bbox 3171 2339 3413 2410; x_wconf 68' lang='grc' dir='ltr'><strong>φανερὰν</strong></span> <span class='ocrx_word' id='word_1_359' title='bbox 3463 2345 3612 2395; x_wconf 75' lang='grc' dir='ltr'>ποιεῖ</span> 
     </span>
    </p>
   </div>
   <div class='ocr_carea' id='block_1_54' title="bbox 2037 2425 3616 2504">
    <p class='ocr_par' dir='ltr' id='par_1_54' title="bbox 2037 2425 3616 2504">
     <span class='ocr_line' id='line_1_54' title="bbox 2037 2425 3616 2504; baseline 0.006 -24"><span class='ocrx_word' id='word_1_360' title='bbox 2037 2427 2124 2481; x_wconf 72' lang='grc' dir='ltr'><strong>διὰ</strong></span> <span class='ocrx_word' id='word_1_361' title='bbox 2172 2427 2274 2496; x_wconf 86' lang='grc' dir='ltr'><strong>τῆς</strong></span> <span class='ocrx_word' id='word_1_362' title='bbox 2320 2425 2608 2496; x_wconf 76' lang='grc' dir='ltr'>συμφυοῦς</span> <span class='ocrx_word' id='word_1_363' title='bbox 2659 2427 2811 2497; x_wconf 84' lang='grc' dir='ltr'><strong>αὐτῷ</strong></span> <span class='ocrx_word' id='word_1_364' title='bbox 2860 2429 3027 2497; x_wconf 64' lang='grc' dir='ltr'><strong>ἤγουν</strong></span> <span class='ocrx_word' id='word_1_365' title='bbox 3082 2429 3162 2499; x_wconf 81' lang='grc' dir='ltr'><strong>τῷ</strong></span> <span class='ocrx_word' id='word_1_366' title='bbox 3213 2433 3452 2498; x_wconf 78' lang='grc' dir='ltr'>πυρώδει</span> <span class='ocrx_word' id='word_1_367' title='bbox 3491 2433 3616 2504; x_wconf 73' lang='grc' dir='ltr'><strong>ἤχῳ</strong></span> 
     </span>
    </p>
   </div>
   <div class='ocr_carea' id='block_1_55' title="bbox 2040 2518 3618 2594">
    <p class='ocr_par' dir='ltr' id='par_1_55' title="bbox 2040 2518 3618 2594">
     <span class='ocr_line' id='line_1_55' title="bbox 2040 2518 3618 2594; baseline 0.005 -22"><span class='ocrx_word' id='word_1_368' title='bbox 2040 2518 2418 2587; x_wconf 75' lang='grc' dir='ltr'><strong>φρυκτωρίας,</strong></span> <span class='ocrx_word' id='word_1_369' title='bbox 2456 2519 2652 2571; x_wconf 82' lang='grc' dir='ltr'><strong>ταυτὸν</strong></span> <span class='ocrx_word' id='word_1_370' title='bbox 2695 2518 2742 2570; x_wconf 86' lang='grc' dir='ltr'>δ’</span> <span class='ocrx_word' id='word_1_371' title='bbox 2771 2520 2946 2572; x_wconf 74' lang='grc' dir='ltr'>εἰπεῖν</span> <span class='ocrx_word' id='word_1_372' title='bbox 2980 2522 3228 2589; x_wconf 76' lang='grc' dir='ltr'><strong>ἐκφαίνει</strong></span> <span class='ocrx_word' id='word_1_373' title='bbox 3256 2527 3323 2594; x_wconf 81' lang='grc' dir='ltr'><strong>τῇ</strong></span> <span class='ocrx_word' id='word_1_374' title='bbox 3365 2528 3483 2579; x_wconf 81' lang='grc' dir='ltr'><strong>κατ’</strong></span> <span class='ocrx_word' id='word_1_375' title='bbox 3517 2527 3618 2579; x_wconf 85' lang='grc' dir='ltr'><strong>αῦ-</strong></span> 
     </span>
    </p>
   </div>
   <div class='ocr_carea' id='block_1_56' title="bbox 2037 2609 3617 2689">
    <p class='ocr_par' dir='ltr' id='par_1_56' title="bbox 2037 2609 3617 2689">
     <span class='ocr_line' id='line_1_56' title="bbox 2037 2609 3617 2689; baseline 0.006 -27"><span class='ocrx_word' id='word_1_376' title='bbox 2037 2609 2130 2662; x_wconf 87' lang='grc' dir='ltr'>τδν</span> <span class='ocrx_word' id='word_1_377' title='bbox 2187 2610 2431 2678; x_wconf 76' lang='grc' dir='ltr'><strong>συμφυεῖ</strong></span> <span class='ocrx_word' id='word_1_378' title='bbox 2486 2613 2810 2683; x_wconf 77' lang='grc' dir='ltr'><strong>φρυκτωρία</strong></span> <span class='ocrx_word' id='word_1_379' title='bbox 2863 2613 3078 2682; x_wconf 74' lang='grc' dir='ltr'><strong>ἑτεροῖα</strong></span> <span class='ocrx_word' id='word_1_380' title='bbox 3131 2614 3267 2686; x_wconf 76' lang='grc' dir='ltr'><strong>οὔσῃ</strong></span> <span class='ocrx_word' id='word_1_381' title='bbox 3319 2617 3472 2686; x_wconf 74' lang='grc' dir='ltr'>παρὰ</span> <span class='ocrx_word' id='word_1_382' title='bbox 3509 2619 3617 2689; x_wconf 76' lang='grc' dir='ltr'><strong>τὴν</strong></span> 
     </span>
    </p>
   </div>
   <div class='ocr_carea' id='block_1_57' title="bbox 2040 2701 3618 2780">
    <p class='ocr_par' dir='ltr' id='par_1_57' title="bbox 2040 2701 3618 2780">
     <span class='ocr_line' id='line_1_57' title="bbox 2040 2701 3618 2780; baseline 0.006 -26"><span class='ocrx_word' id='word_1_383' title='bbox 2040 2701 2327 2771; x_wconf 85' lang='grc' dir='ltr'><strong>προσεχῶς</strong></span> <span class='ocrx_word' id='word_1_384' title='bbox 2360 2703 2840 2774; x_wconf 82' lang='grc' dir='ltr'><strong>έρμηνευομένην·</strong></span> <span class='ocrx_word' id='word_1_385' title='bbox 2892 2705 3040 2758; x_wconf 85' lang='grc' dir='ltr'><strong>δοκεῖ</strong></span> <span class='ocrx_word' id='word_1_386' title='bbox 3075 2707 3181 2777; x_wconf 73' lang='grc' dir='ltr'><strong>γὰρ</strong></span> <span class='ocrx_word' id='word_1_387' title='bbox 3215 2708 3394 2776; x_wconf 84' lang='grc' dir='ltr'><strong>λέγειν</strong></span> <span class='ocrx_word' id='word_1_388' title='bbox 3445 2710 3479 2780; x_wconf 80' lang='grc' dir='ltr'>ἡ</span> <span class='ocrx_word' id='word_1_389' title='bbox 3519 2728 3618 2778; x_wconf 83' lang='grc' dir='ltr'><strong>με-</strong></span> 
     </span>
    </p>
   </div>
   <div class='ocr_carea' id='block_1_58' title="bbox 2037 2792 3617 2868">
    <p class='ocr_par' dir='ltr' id='par_1_58' title="bbox 2037 2792 3617 2868">
     <span class='ocr_line' id='line_1_58' title="bbox 2037 2792 3617 2868; baseline 0.006 -22"><span class='ocrx_word' id='word_1_390' title='bbox 2037 2793 2225 2861; x_wconf 76' lang='grc' dir='ltr'><strong>λῳδία,</strong></span> <span class='ocrx_word' id='word_1_391' title='bbox 2255 2793 2338 2846; x_wconf 85' lang='grc' dir='ltr'><strong>ὅτι</strong></span> <span class='ocrx_word' id='word_1_392' title='bbox 2365 2796 2393 2847; x_wconf 92' lang='lat'><strong>6</strong></span> <span class='ocrx_word' id='word_1_393' title='bbox 2417 2795 2658 2864; x_wconf 86' lang='grc' dir='ltr'><strong>σήμερον</strong></span> <span class='ocrx_word' id='word_1_394' title='bbox 2681 2795 2937 2866; x_wconf 86' lang='grc' dir='ltr'><strong>πυρώδης</strong></span> <span class='ocrx_word' id='word_1_395' title='bbox 2966 2792 3122 2867; x_wconf 78' lang='grc' dir='ltr'><strong>ἦχος,</strong></span> <span class='ocrx_word' id='word_1_396' title='bbox 3151 2802 3180 2852; x_wconf 96' lang='lat'><strong>6</strong></span> <span class='ocrx_word' id='word_1_397' title='bbox 3207 2800 3554 2868; x_wconf 64' lang='lat' dir='ltr'><strong>supSaitxbg.</strong></span> <span class='ocrx_word' id='word_1_398' title='bbox 3585 2805 3617 2856; x_wconf 88' lang='lat'><strong>6</strong></span> 
     </span>
    </p>
   </div>
   <div class='ocr_carea' id='block_1_59' title="bbox 2035 2885 3615 2961">
    <p class='ocr_par' dir='ltr' id='par_1_59' title="bbox 2035 2885 3615 2961">
     <span class='ocr_line' id='line_1_59' title="bbox 2035 2885 3615 2961; baseline 0.003 -21"><span class='ocrx_word' id='word_1_399' title='bbox 2035 2886 2126 2940; x_wconf 83' lang='grc' dir='ltr'><strong>διὰ</strong></span> <span class='ocrx_word' id='word_1_400' title='bbox 2155 2885 2248 2940; x_wconf 92' lang='grc' dir='ltr'><strong>τοῦ</strong></span> <span class='ocrx_word' id='word_1_401' title='bbox 2278 2886 2434 2954; x_wconf 83' lang='grc' dir='ltr'>ἁγίου</span> <span class='ocrx_word' id='word_1_402' title='bbox 2469 2885 2808 2957; x_wconf 82' lang='grc' dir='ltr'><strong>Πνεύματος,</strong></span> <span class='ocrx_word' id='word_1_403' title='bbox 2836 2888 3278 2958; x_wconf 87' lang='grc' dir='ltr'><strong>συνουσιωμένην</strong></span> <span class='ocrx_word' id='word_1_404' title='bbox 3305 2889 3484 2957; x_wconf 76' lang='grc' dir='ltr'><strong>ἑαυτῷ</strong></span> <span class='ocrx_word' id='word_1_405' title='bbox 3509 2892 3615 2961; x_wconf 71' lang='grc' dir='ltr'><strong>τὴν</strong></span> 
     </span>
    </p>
   </div>
   <div class='ocr_carea' id='block_1_60' title="bbox 2035 2976 3613 3049">
    <p class='ocr_par' dir='ltr' id='par_1_60' title="bbox 2035 2976 3613 3049">
     <span class='ocr_line' id='line_1_60' title="bbox 2035 2976 3613 3049; baseline 0.002 -18"><span class='ocrx_word' id='word_1_406' title='bbox 2035 2979 2294 3047; x_wconf 79' lang='grc' dir='ltr'><strong>τοιαύτην</strong></span> <span class='ocrx_word' id='word_1_407' title='bbox 2325 2976 2438 3049; x_wconf 74' lang='grc' dir='ltr'><strong>ἔχει</strong></span> <span class='ocrx_word' id='word_1_408' title='bbox 2482 2977 2874 3048; x_wconf 82' lang='grc' dir='ltr'><strong>φρυκτωρίαν·</strong></span> <span class='ocrx_word' id='word_1_409' title='bbox 2924 2978 3181 3048; x_wconf 80' lang='grc' dir='ltr'>πυρώδης</span> <span class='ocrx_word' id='word_1_410' title='bbox 3230 2979 3335 3048; x_wconf 70' lang='grc' dir='ltr'><strong>γὰρ</strong></span> <span class='ocrx_word' id='word_1_411' title='bbox 3374 2979 3450 3033; x_wconf 84' lang='grc' dir='ltr'><strong>ὣν</strong></span> <span class='ocrx_word' id='word_1_412' title='bbox 3489 2981 3613 3048; x_wconf 73' lang='grc' dir='ltr'><strong>ἅμα</strong></span> 
     </span>
    </p>
   </div>
   <div class='ocr_carea' id='block_1_61' title="bbox 362 3049 1936 3143">
    <p class='ocr_par' dir='ltr' id='par_1_61' title="bbox 362 3049 1926 3134">
     <span class='ocr_line' id='line_1_61' title="bbox 362 3049 1926 3134; baseline 0.013 -36"><span class='ocrx_word' id='word_1_413' title='bbox 362 3055 615 3101; x_wconf 89' lang='lat' dir='ltr'><strong>naturam</strong></span> <span class='ocrx_word' id='word_1_414' title='bbox 648 3049 866 3114; x_wconf 86' lang='lat' dir='ltr'><strong>accidit,</strong></span> <span class='ocrx_word' id='word_1_415' title='bbox 907 3066 1016 3106; x_wconf 91' lang='lat' dir='ltr'><strong>non</strong></span> <span class='ocrx_word' id='word_1_416' title='bbox 1043 3060 1220 3109; x_wconf 89' lang='lat' dir='ltr'><strong>tamen</strong></span> <span class='ocrx_word' id='word_1_417' title='bbox 1247 3056 1401 3123; x_wconf 79' lang='lat' dir='ltr'><strong>juxta</strong></span> <span class='ocrx_word' id='word_1_418' title='bbox 1430 3061 1702 3128; x_wconf 86' lang='lat' dir='ltr'><strong>quoddam</strong></span> <span class='ocrx_word' id='word_1_419' title='bbox 1732 3073 1926 3134; x_wconf 85' lang='lat' dir='ltr'><strong>myste-</strong></span> 
     </span>
    </p>
   </div>
   <div class='ocr_carea' id='block_1_62' title="bbox 2044 3049 3613 3143">
    <p class='ocr_par' dir='ltr' id='par_1_62' title="bbox 2044 3070 3613 3143">
     <span class='ocr_line' id='line_1_62' title="bbox 2044 3070 3613 3143; baseline 0.001 -19"><span class='ocrx_word' id='word_1_420' title='bbox 2044 3070 2134 3125; x_wconf 78' lang='grc' dir='ltr'><strong>καὶ</strong></span> <span class='ocrx_word' id='word_1_421' title='bbox 2169 3072 2530 3142; x_wconf 81' lang='grc' dir='ltr'><strong>φρυκτοειδὴς</strong></span> <span class='ocrx_word' id='word_1_422' title='bbox 2559 3073 2706 3125; x_wconf 68' lang='grc' dir='ltr'><strong>ἐστιν</strong></span> <span class='ocrx_word' id='word_1_423' title='bbox 2727 3077 2743 3101; x_wconf 82' lang='grc'><strong><em>⁸</em></strong></span> <span class='ocrx_word' id='word_1_424' title='bbox 2775 3071 2803 3125; x_wconf 84' lang='grc' dir='ltr'><em>ὃ</em></span> <span class='ocrx_word' id='word_1_425' title='bbox 2832 3071 2897 3141; x_wconf 82' lang='grc' dir='ltr'>δὴ</span> <span class='ocrx_word' id='word_1_426' title='bbox 2943 3072 3205 3134; x_wconf 75' lang='grc' dir='ltr'><strong>πολλάκις</strong></span> <span class='ocrx_word' id='word_1_427' title='bbox 3245 3074 3339 3126; x_wconf 77' lang='grc' dir='ltr'><strong>καὶ</strong></span> <span class='ocrx_word' id='word_1_428' title='bbox 3371 3072 3448 3140; x_wconf 83' lang='grc' dir='ltr'><strong>τῷ</strong></span> <span class='ocrx_word' id='word_1_429' title='bbox 3483 3073 3613 3143; x_wconf 73' lang='grc' dir='ltr'><strong>ἀέρι</strong></span> 
     </span>
    </p>
   </div>
   <div class='ocr_carea' id='block_1_63' title="bbox 363 3139 1936 3234">
    <p class='ocr_par' dir='ltr' id='par_1_63' title="bbox 363 3139 1936 3222">
     <span class='ocr_line' id='line_1_63' title="bbox 363 3139 1936 3222; baseline 0.011 -30"><span class='ocrx_word' id='word_1_430' title='bbox 363 3139 508 3193; x_wconf 89' lang='lat' dir='ltr'><strong>rium</strong></span> <span class='ocrx_word' id='word_1_431' title='bbox 554 3141 976 3214; x_wconf 81' lang='lat' dir='ltr'><strong>prodigiumque</strong></span> <span class='ocrx_word' id='word_1_432' title='bbox 1010 3144 1117 3200; x_wconf 88' lang='lat' dir='ltr'><strong>Deo</strong></span> <span class='ocrx_word' id='word_1_433' title='bbox 1159 3149 1511 3218; x_wconf 85' lang='lat' dir='ltr'><strong>conveniens,</strong></span> <span class='ocrx_word' id='word_1_434' title='bbox 1577 3155 1740 3222; x_wconf 90' lang='lat' dir='ltr'><strong>quale</strong></span> <span class='ocrx_word' id='word_1_435' title='bbox 1788 3170 1936 3210; x_wconf 90' lang='lat' dir='ltr'><strong>nunc</strong></span> 
     </span>
    </p>
   </div>
   <div class='ocr_carea' id='block_1_64' title="bbox 2044 3139 3615 3234">
    <p class='ocr_par' dir='ltr' id='par_1_64' title="bbox 2044 3139 3615 3234">
     <span class='ocr_line' id='line_1_64' title="bbox 2044 3139 3615 3234; baseline 0 -18"><span class='ocrx_word' id='word_1_436' title='bbox 2044 3139 2430 3234; x_wconf 68' lang='grc' dir='ltr'><strong>ἐπισυμϐαίνει</strong></span> <span class='ocrx_word' id='word_1_437' title='bbox 2472 3139 2613 3218; x_wconf 73' lang='grc' dir='ltr'><strong>κατὰ</strong></span> <span class='ocrx_word' id='word_1_438' title='bbox 2654 3164 2817 3232; x_wconf 84' lang='grc' dir='ltr'><strong>φύσιν</strong></span> <span class='ocrx_word' id='word_1_439' title='bbox 2854 3139 2952 3234; x_wconf 82' lang='grc' dir='ltr'><strong>μέν</strong></span> <span class='ocrx_word' id='word_1_440' title='bbox 2982 3182 3064 3218; x_wconf 89' lang='grc' dir='ltr'><strong>τοι</strong></span> <span class='ocrx_word' id='word_1_441' title='bbox 3095 3164 3245 3223; x_wconf 73' lang='grc' dir='ltr'><strong>αὐτὸ.</strong></span> <span class='ocrx_word' id='word_1_442' title='bbox 3282 3165 3341 3218; x_wconf 84' lang='grc' dir='ltr'><strong>οὐ</strong></span> <span class='ocrx_word' id='word_1_443' title='bbox 3373 3139 3480 3234; x_wconf 79' lang='grc' dir='ltr'><strong>μὴν</strong></span> <span class='ocrx_word' id='word_1_444' title='bbox 3509 3139 3615 3216; x_wconf 78' lang='grc' dir='ltr'><strong>κα-</strong></span> 
     </span>
    </p>
   </div>
   <div class='ocr_carea' id='block_1_65' title="bbox 366 3230 1936 3300">
    <p class='ocr_par' dir='ltr' id='par_1_65' title="bbox 366 3230 1936 3300">
     <span class='ocr_line' id='line_1_65' title="bbox 366 3230 1936 3300; baseline 0.011 -18"><span class='ocrx_word' id='word_1_445' title='bbox 366 3230 512 3286; x_wconf 84' lang='lat' dir='ltr'><strong>istud</strong></span> <span class='ocrx_word' id='word_1_446' title='bbox 541 3233 898 3288; x_wconf 82' lang='lat' dir='ltr'><strong>celebratum.</strong></span> <span class='ocrx_word' id='word_1_447' title='bbox 931 3234 1242 3293; x_wconf 82' lang='lat' dir='ltr'><strong>Notandum</strong></span> <span class='ocrx_word' id='word_1_448' title='bbox 1270 3250 1452 3296; x_wconf 90' lang='lat' dir='ltr'><strong>autem</strong></span> <span class='ocrx_word' id='word_1_449' title='bbox 1482 3249 1566 3297; x_wconf 90' lang='lat' dir='ltr'><strong>est</strong></span> <span class='ocrx_word' id='word_1_450' title='bbox 1596 3246 1758 3298; x_wconf 89' lang='lat' dir='ltr'><strong>etiam</strong></span> <span class='ocrx_word' id='word_1_451' title='bbox 1791 3245 1936 3300; x_wconf 85' lang='lat' dir='ltr'><strong>aliud</strong></span> 
     </span>
    </p>
   </div>
   <div class='ocr_carea' id='block_1_66' title="bbox 363 3321 1939 3397">
    <p class='ocr_par' dir='ltr' id='par_1_66' title="bbox 363 3321 1939 3397">
     <span class='ocr_line' id='line_1_66' title="bbox 363 3321 1939 3397; baseline 0.012 -24"><span class='ocrx_word' id='word_1_452' title='bbox 363 3321 493 3390; x_wconf 89' lang='lat' dir='ltr'><strong>quid</strong></span> <span class='ocrx_word' id='word_1_453' title='bbox 537 3338 657 3377; x_wconf 87' lang='lat' dir='ltr'><strong>esse</strong></span> <span class='ocrx_word' id='word_1_454' title='bbox 719 3336 913 3392; x_wconf 83' lang='lat' dir='ltr'><strong>praeter</strong></span> <span class='ocrx_word' id='word_1_455' title='bbox 980 3329 1144 3397; x_wconf 86' lang='lat' dir='ltr'><strong>jubar</strong></span> <span class='ocrx_word' id='word_1_456' title='bbox 1184 3331 1489 3387; x_wconf 85' lang='lat' dir='ltr'><strong>increatum</strong></span> <span class='ocrx_word' id='word_1_457' title='bbox 1544 3344 1599 3390; x_wconf 87' lang='lat' dir='ltr'><strong>et</strong></span> <span class='ocrx_word' id='word_1_458' title='bbox 1627 3337 1939 3392; x_wconf 87' lang='lat' dir='ltr'><strong>omnimode</strong></span> 
     </span>
    </p>
   </div>
   <div class='ocr_carea' id='block_1_67' title="bbox 364 3411 1937 3491">
    <p class='ocr_par' dir='ltr' id='par_1_67' title="bbox 364 3411 1937 3491">
     <span class='ocr_line' id='line_1_67' title="bbox 364 3411 1937 3491; baseline 0.01 -24"><span class='ocrx_word' id='word_1_459' title='bbox 364 3411 580 3483; x_wconf 81' lang='lat' dir='ltr'><strong>fulgens</strong></span> <span class='ocrx_word' id='word_1_460' title='bbox 621 3418 824 3484; x_wconf 88' lang='lat' dir='ltr'><strong>lumen,</strong></span> <span class='ocrx_word' id='word_1_461' title='bbox 863 3418 1003 3475; x_wconf 70' lang='lat' dir='ltr'><strong>hanc</strong></span> <span class='ocrx_word' id='word_1_462' title='bbox 1063 3422 1216 3491; x_wconf 79' lang='lat' dir='ltr'><strong>igniti</strong></span> <span class='ocrx_word' id='word_1_463' title='bbox 1248 3427 1464 3480; x_wconf 85' lang='lat' dir='ltr'><strong>sonitus</strong></span> <span class='ocrx_word' id='word_1_464' title='bbox 1508 3426 1712 3481; x_wconf 87' lang='lat' dir='ltr'><strong>dictam</strong></span> <span class='ocrx_word' id='word_1_465' title='bbox 1739 3427 1937 3482; x_wconf 91' lang='lat' dir='ltr'><strong>illumi-</strong></span> 
     </span>
    </p>
   </div>
   <div class='ocr_carea' id='block_1_68' title="bbox 368 3507 1939 3589">
    <p class='ocr_par' dir='ltr' id='par_1_68' title="bbox 368 3507 1939 3589">
     <span class='ocr_line' id='line_1_68' title="bbox 368 3507 1939 3589; baseline 0.01 -31"><span class='ocrx_word' id='word_1_466' title='bbox 368 3521 491 3558; x_wconf 75' lang='lat' dir='ltr'><strong>nent</strong></span> <span class='ocrx_word' id='word_1_467' title='bbox 522 3525 534 3560; x_wconf 85' lang='lat'><strong>:</strong></span> <span class='ocrx_word' id='word_1_468' title='bbox 574 3507 664 3561; x_wconf 84' lang='lat' dir='ltr'><strong>illa</strong></span> <span class='ocrx_word' id='word_1_469' title='bbox 703 3525 936 3578; x_wconf 78' lang='lat' dir='ltr'><strong>namque</strong></span> <span class='ocrx_word' id='word_1_470' title='bbox 964 3515 1404 3581; x_wconf 86' lang='lat' dir='ltr'><strong>supernaturalia</strong></span> <span class='ocrx_word' id='word_1_471' title='bbox 1457 3529 1585 3574; x_wconf 85' lang='lat' dir='ltr'><strong>sunt</strong></span> <span class='ocrx_word' id='word_1_472' title='bbox 1620 3535 1683 3575; x_wconf 91' lang='lat' dir='ltr'><strong>ac</strong></span> <span class='ocrx_word' id='word_1_473' title='bbox 1709 3535 1805 3589; x_wconf 88' lang='lat' dir='ltr'><strong>per</strong></span> <span class='ocrx_word' id='word_1_474' title='bbox 1851 3536 1939 3576; x_wconf 91' lang='lat' dir='ltr'><strong>or-</strong></span> 
     </span>
    </p>
   </div>
   <div class='ocr_carea' id='block_1_69' title="bbox 365 3597 1941 3680">
    <p class='ocr_par' dir='ltr' id='par_1_69' title="bbox 365 3597 1941 3680">
     <span class='ocr_line' id='line_1_69' title="bbox 365 3597 1941 3680; baseline 0.01 -29"><span class='ocrx_word' id='word_1_475' title='bbox 365 3597 488 3653; x_wconf 80' lang='lat' dir='ltr'><strong>bem</strong></span> <span class='ocrx_word' id='word_1_476' title='bbox 518 3598 750 3655; x_wconf 78' lang='lat' dir='ltr'><strong>diffusa:</strong></span> <span class='ocrx_word' id='word_1_477' title='bbox 783 3603 892 3657; x_wconf 69' lang='lat' dir='ltr'><strong>lure</strong></span> <span class='ocrx_word' id='word_1_478' title='bbox 923 3614 1102 3680; x_wconf 80' lang='lat' dir='ltr'><strong>autem</strong></span> <span class='ocrx_word' id='word_1_479' title='bbox 1127 3606 1178 3658; x_wconf 91' lang='lat' dir='ltr'><strong>in</strong></span> <span class='ocrx_word' id='word_1_480' title='bbox 1212 3609 1330 3664; x_wconf 76' lang='lat' dir='ltr'><strong>sola</strong></span> <span class='ocrx_word' id='word_1_481' title='bbox 1385 3609 1513 3664; x_wconf 91' lang='lat' dir='ltr'><strong>Sion</strong></span> <span class='ocrx_word' id='word_1_482' title='bbox 1535 3627 1678 3666; x_wconf 91' lang='lat' dir='ltr'><strong>nunc</strong></span> <span class='ocrx_word' id='word_1_483' title='bbox 1706 3613 1941 3666; x_wconf 81' lang='lat' dir='ltr'><strong>circum-</strong></span> 
     </span>
    </p>
   </div>
   <div class='ocr_carea' id='block_1_70' title="bbox 370 3691 1939 3770">
    <p class='ocr_par' dir='ltr' id='par_1_70' title="bbox 370 3691 1939 3770">
     <span class='ocr_line' id='line_1_70' title="bbox 370 3691 1939 3770; baseline 0.009 -27"><span class='ocrx_word' id='word_1_484' title='bbox 370 3691 630 3746; x_wconf 76' lang='lat' dir='ltr'><strong>scribitur</strong></span> <span class='ocrx_word' id='word_1_485' title='bbox 651 3693 719 3746; x_wconf 92' lang='lat' dir='ltr'><strong>ad</strong></span> <span class='ocrx_word' id='word_1_486' title='bbox 747 3695 916 3748; x_wconf 86' lang='lat' dir='ltr'><strong>instar</strong></span> <span class='ocrx_word' id='word_1_487' title='bbox 947 3697 1233 3766; x_wconf 78' lang='lat' dir='ltr'><strong>cujusdam</strong></span> <span class='ocrx_word' id='word_1_488' title='bbox 1269 3699 1539 3769; x_wconf 88' lang='lat' dir='ltr'><strong>lampadis</strong></span> <span class='ocrx_word' id='word_1_489' title='bbox 1572 3705 1939 3770; x_wconf 84' lang='lat' dir='ltr'><strong>permanentis</strong></span> 
     </span>
    </p>
   </div>
   <div class='ocr_carea' id='block_1_71' title="bbox 367 3784 1940 3860">
    <p class='ocr_par' dir='ltr' id='par_1_71' title="bbox 367 3784 1940 3860">
     <span class='ocr_line' id='line_1_71' title="bbox 367 3784 1940 3860; baseline 0.01 -26"><span class='ocrx_word' id='word_1_490' title='bbox 367 3790 420 3835; x_wconf 85' lang='lat' dir='ltr'><strong>et</strong></span> <span class='ocrx_word' id='word_1_491' title='bbox 441 3797 656 3853; x_wconf 89' lang='lat' dir='ltr'><strong>semper</strong></span> <span class='ocrx_word' id='word_1_492' title='bbox 691 3784 948 3843; x_wconf 87' lang='lat' dir='ltr'><strong>lucentis.</strong></span> <span class='ocrx_word' id='word_1_493' title='bbox 985 3789 1059 3844; x_wconf 91' lang='lat' dir='ltr'><strong>De</strong></span> <span class='ocrx_word' id='word_1_494' title='bbox 1128 3790 1376 3860; x_wconf 86' lang='lat' dir='ltr'><strong>lampade</strong></span> <span class='ocrx_word' id='word_1_495' title='bbox 1422 3807 1552 3847; x_wconf 86' lang='lat' dir='ltr'><strong>vero</strong></span> <span class='ocrx_word' id='word_1_496' title='bbox 1607 3794 1940 3858; x_wconf 77' lang='lat' dir='ltr'><strong>lucernaque</strong></span> 
     </span>
    </p>
   </div>
   <div class='ocr_carea' id='block_1_72' title="bbox 372 3868 1940 3950">
    <p class='ocr_par' dir='ltr' id='par_1_72' title="bbox 372 3868 1940 3950">
     <span class='ocr_line' id='line_1_72' title="bbox 372 3868 1940 3950; baseline 0.01 -24"><span class='ocrx_word' id='word_1_497' title='bbox 372 3890 580 3930; x_wconf 81' lang='lat' dir='ltr'><strong>necnon</strong></span> <span class='ocrx_word' id='word_1_498' title='bbox 635 3878 906 3934; x_wconf 84' lang='lat' dir='ltr'><strong>similibus</strong></span> <span class='ocrx_word' id='word_1_499' title='bbox 944 3868 1381 3950; x_wconf 77' lang='lat' dir='ltr'><strong>insequentibus</strong></span> <span class='ocrx_word' id='word_1_500' title='bbox 1429 3885 1660 3949; x_wconf 89' lang='lat' dir='ltr'><strong>dicetur,</strong></span> <span class='ocrx_word' id='word_1_501' title='bbox 1728 3886 1820 3940; x_wconf 91' lang='lat' dir='ltr'><strong>ubi</strong></span> <span class='ocrx_word' id='word_1_502' title='bbox 1873 3888 1940 3942; x_wconf 93' lang='lat' dir='ltr'><strong>de</strong></span> 
     </span>
    </p>
   </div>
   <div class='ocr_carea' id='block_1_73' title="bbox 369 3971 1938 4040">
    <p class='ocr_par' dir='ltr' id='par_1_73' title="bbox 369 3971 1938 4040">
     <span class='ocr_line' id='line_1_73' title="bbox 369 3971 1938 4040; baseline 0.01 -21"><span class='ocrx_word' id='word_1_503' title='bbox 369 3971 810 4040; x_wconf 86' lang='grc' dir='ltr'>πυρσομορφοῦν</span> <span class='ocrx_word' id='word_1_504' title='bbox 890 3976 993 4028; x_wconf 89' lang='lat' dir='ltr'><strong>erit</strong></span> <span class='ocrx_word' id='word_1_505' title='bbox 1053 3990 1258 4030; x_wconf 83' lang='lat' dir='ltr'><strong>sermo.</strong></span> <span class='ocrx_word' id='word_1_506' title='bbox 1339 3976 1479 4032; x_wconf 66' lang='lat' dir='ltr'><strong>Nota</strong></span> <span class='ocrx_word' id='word_1_507' title='bbox 1563 3993 1694 4033; x_wconf 83' lang='lat' dir='ltr'><strong>vero</strong></span> <span class='ocrx_word' id='word_1_508' title='bbox 1751 3995 1938 4035; x_wconf 81' lang='lat' dir='ltr'><strong>vocem</strong></span> 
     </span>
    </p>
   </div>
   <div class='ocr_carea' id='block_1_74' title="bbox 368 4062 1938 4140">
    <p class='ocr_par' dir='ltr' id='par_1_74' title="bbox 368 4062 1938 4140">
     <span class='ocr_line' id='line_1_74' title="bbox 368 4062 1938 4140; baseline 0.01 -30"><span class='ocrx_word' id='word_1_509' title='bbox 368 4062 616 4130; x_wconf 83' lang='grc' dir='ltr'><strong>πυρῶδες</strong></span> <span class='ocrx_word' id='word_1_510' title='bbox 670 4063 913 4118; x_wconf 89' lang='lat' dir='ltr'><strong>indicare</strong></span> <span class='ocrx_word' id='word_1_511' title='bbox 950 4080 1057 4120; x_wconf 91' lang='lat' dir='ltr'><strong>non</strong></span> <span class='ocrx_word' id='word_1_512' title='bbox 1100 4067 1280 4136; x_wconf 88' lang='lat' dir='ltr'><strong>ignem</strong></span> <span class='ocrx_word' id='word_1_513' title='bbox 1341 4083 1462 4122; x_wconf 87' lang='lat' dir='ltr'><strong>esse</strong></span> <span class='ocrx_word' id='word_1_514' title='bbox 1490 4069 1670 4138; x_wconf 88' lang='lat' dir='ltr'><strong>reipsa</strong></span> <span class='ocrx_word' id='word_1_515' title='bbox 1699 4069 1938 4140; x_wconf 82' lang='lat' dir='ltr'><strong>linguas,</strong></span> 
     </span>
    </p>
   </div>
   <div class='ocr_carea' id='block_1_75' title="bbox 367 4153 1936 4228">
    <p class='ocr_par' dir='ltr' id='par_1_75' title="bbox 367 4153 1936 4228">
     <span class='ocr_line' id='line_1_75' title="bbox 367 4153 1936 4228; baseline 0.006 -24"><span class='ocrx_word' id='word_1_516' title='bbox 367 4167 506 4220; x_wconf 86' lang='lat' dir='ltr'><strong>quas</strong></span> <span class='ocrx_word' id='word_1_517' title='bbox 543 4153 930 4210; x_wconf 77' lang='lat' dir='ltr'><strong>celeberrimas</strong></span> <span class='ocrx_word' id='word_1_518' title='bbox 997 4166 1177 4226; x_wconf 86' lang='lat' dir='ltr'><strong>gestat</strong></span> <span class='ocrx_word' id='word_1_519' title='bbox 1229 4157 1526 4222; x_wconf 78' lang='lat' dir='ltr'><strong>festivitas,</strong></span> <span class='ocrx_word' id='word_1_520' title='bbox 1575 4160 1668 4213; x_wconf 82' lang='lat' dir='ltr'><strong>sed</strong></span> <span class='ocrx_word' id='word_1_521' title='bbox 1702 4161 1936 4228; x_wconf 78' lang='lat' dir='ltr'><strong>ignitus:</strong></span> 
     </span>
    </p>
   </div>
   <div class='ocr_carea' id='block_1_76' title="bbox 363 4243 1941 4318">
    <p class='ocr_par' dir='ltr' id='par_1_76' title="bbox 363 4243 1941 4318">
     <span class='ocr_line' id='line_1_76' title="bbox 363 4243 1941 4318; baseline 0.004 -22"><span class='ocrx_word' id='word_1_522' title='bbox 363 4243 512 4296; x_wconf 86' lang='lat' dir='ltr'><strong>aliud</strong></span> <span class='ocrx_word' id='word_1_523' title='bbox 526 4243 672 4296; x_wconf 86' lang='lat' dir='ltr'><strong>enim</strong></span> <span class='ocrx_word' id='word_1_524' title='bbox 698 4259 922 4312; x_wconf 89' lang='lat' dir='ltr'><strong>prorsus</strong></span> <span class='ocrx_word' id='word_1_525' title='bbox 939 4256 1022 4300; x_wconf 87' lang='lat' dir='ltr'><strong>est</strong></span> <span class='ocrx_word' id='word_1_526' title='bbox 1046 4246 1210 4314; x_wconf 83' lang='lat' dir='ltr'><strong>ignis,</strong></span> <span class='ocrx_word' id='word_1_527' title='bbox 1239 4255 1295 4302; x_wconf 84' lang='lat' dir='ltr'><strong>et</strong></span> <span class='ocrx_word' id='word_1_528' title='bbox 1311 4247 1457 4301; x_wconf 89' lang='lat' dir='ltr'><strong>aliud</strong></span> <span class='ocrx_word' id='word_1_529' title='bbox 1487 4251 1629 4318; x_wconf 87' lang='lat' dir='ltr'><strong>quod</strong></span> <span class='ocrx_word' id='word_1_530' title='bbox 1645 4250 1941 4304; x_wconf 85' lang='lat' dir='ltr'><strong>derivative</strong></span> 
     </span>
    </p>
   </div>
   <div class='ocr_carea' id='block_1_77' title="bbox 362 4333 1936 4404">
    <p class='ocr_par' dir='ltr' id='par_1_77' title="bbox 362 4333 1936 4404">
     <span class='ocr_line' id='line_1_77' title="bbox 362 4333 1936 4404; baseline 0.008 -21"><span class='ocrx_word' id='word_1_531' title='bbox 362 4333 569 4387; x_wconf 87' lang='lat' dir='ltr'><strong>dicitur</strong></span> <span class='ocrx_word' id='word_1_532' title='bbox 602 4335 854 4404; x_wconf 82' lang='lat' dir='ltr'><strong>ignitum.</strong></span> <span class='ocrx_word' id='word_1_533' title='bbox 897 4335 988 4391; x_wconf 92' lang='lat' dir='ltr'><strong>Sic</strong></span> <span class='ocrx_word' id='word_1_534' title='bbox 1041 4349 1224 4392; x_wconf 90' lang='lat' dir='ltr'><strong>autem</strong></span> <span class='ocrx_word' id='word_1_535' title='bbox 1283 4339 1500 4393; x_wconf 86' lang='lat' dir='ltr'><strong>diverse</strong></span> <span class='ocrx_word' id='word_1_536' title='bbox 1553 4340 1812 4395; x_wconf 89' lang='lat' dir='ltr'><strong>dicuntur</strong></span> <span class='ocrx_word' id='word_1_537' title='bbox 1870 4342 1936 4395; x_wconf 89' lang='lat' dir='ltr'><strong>li-</strong></span> 
     </span>
    </p>
   </div>
   <div class='ocr_carea' id='block_1_78' title="bbox 2037 3256 3614 3327">
    <p class='ocr_par' dir='ltr' id='par_1_78' title="bbox 2037 3256 3614 3327">
     <span class='ocr_line' id='line_1_78' title="bbox 2037 3256 3614 3327; baseline 0 -18"><span class='ocrx_word' id='word_1_538' title='bbox 2037 3256 2108 3309; x_wconf 79' lang='grc' dir='ltr'><strong>τά</strong></span> <span class='ocrx_word' id='word_1_539' title='bbox 2135 3273 2185 3310; x_wconf 91' lang='grc' dir='ltr'><strong>τι</strong></span> <span class='ocrx_word' id='word_1_540' title='bbox 2216 3256 2587 3327; x_wconf 79' lang='grc' dir='ltr'><strong>μυστηριῶδες</strong></span> <span class='ocrx_word' id='word_1_541' title='bbox 2621 3257 2698 3327; x_wconf 84' lang='grc' dir='ltr'><strong>τῷ</strong></span> <span class='ocrx_word' id='word_1_542' title='bbox 2724 3257 2842 3326; x_wconf 88' lang='grc' dir='ltr'><strong>Θεῷ</strong></span> <span class='ocrx_word' id='word_1_543' title='bbox 2873 3258 3083 3326; x_wconf 79' lang='grc' dir='ltr'>πρέπον</span> <span class='ocrx_word' id='word_1_544' title='bbox 3105 3257 3390 3326; x_wconf 75' lang='grc' dir='ltr'><strong>τεράστιον</strong></span> <span class='ocrx_word' id='word_1_545' title='bbox 3423 3258 3614 3312; x_wconf 75' lang='grc' dir='ltr'>ὁποῖον</span> 
     </span>
    </p>
   </div>
   <div class='ocr_carea' id='block_1_79' title="bbox 2037 3346 3607 3419">
    <p class='ocr_par' dir='ltr' id='par_1_79' title="bbox 2037 3346 3607 3419">
     <span class='ocr_line' id='line_1_79' title="bbox 2037 3346 3607 3419; baseline 0.001 -18"><span class='ocrx_word' id='word_1_546' title='bbox 2037 3346 2097 3401; x_wconf 78' lang='grc' dir='ltr'><strong>τὸ</strong></span> <span class='ocrx_word' id='word_1_547' title='bbox 2122 3346 2216 3400; x_wconf 90' lang='grc' dir='ltr'><strong>νῦν</strong></span> <span class='ocrx_word' id='word_1_548' title='bbox 2238 3347 2630 3416; x_wconf 82' lang='grc' dir='ltr'><strong>έορταζόμενον</strong></span> <span class='ocrx_word' id='word_1_549' title='bbox 2653 3364 2667 3378; x_wconf 75' lang='grc' dir='ltr'><strong>ο</strong></span> <span class='ocrx_word' id='word_1_550' title='bbox 2693 3348 3002 3418; x_wconf 79' lang='grc' dir='ltr'><strong>σημείωσαι</strong></span> <span class='ocrx_word' id='word_1_551' title='bbox 3030 3348 3086 3402; x_wconf 73' lang='grc' dir='ltr'>δὲ</span> <span class='ocrx_word' id='word_1_552' title='bbox 3119 3349 3213 3402; x_wconf 69' lang='grc' dir='ltr'><strong>καὶ</strong></span> <span class='ocrx_word' id='word_1_553' title='bbox 3253 3349 3325 3408; x_wconf 80' lang='grc' dir='ltr'><strong>ὡς</strong></span> <span class='ocrx_word' id='word_1_554' title='bbox 3361 3349 3607 3419; x_wconf 76' lang='grc' dir='ltr'><strong>ἑτεροῖόν</strong></span> 
     </span>
    </p>
   </div>
   <div class='ocr_carea' id='block_1_80' title="bbox 2037 3441 3613 3512">
    <p class='ocr_par' dir='ltr' id='par_1_80' title="bbox 2037 3441 3613 3512">
     <span class='ocr_line' id='line_1_80' title="bbox 2037 3441 3613 3512; baseline 0.003 -21"><span class='ocrx_word' id='word_1_555' title='bbox 2037 3456 2090 3492; x_wconf 87' lang='grc' dir='ltr'><strong>τι</strong></span> <span class='ocrx_word' id='word_1_556' title='bbox 2117 3442 2271 3508; x_wconf 79' lang='grc' dir='ltr'>παρὰ</span> <span class='ocrx_word' id='word_1_557' title='bbox 2299 3441 2360 3493; x_wconf 83' lang='grc' dir='ltr'><strong>τὸ</strong></span> <span class='ocrx_word' id='word_1_558' title='bbox 2388 3441 2688 3510; x_wconf 78' lang='grc' dir='ltr'><strong>ἀγέννητον</strong></span> <span class='ocrx_word' id='word_1_559' title='bbox 2714 3443 2850 3510; x_wconf 83' lang='grc' dir='ltr'><strong>φάος</strong></span> <span class='ocrx_word' id='word_1_560' title='bbox 2874 3443 2966 3494; x_wconf 76' lang='grc' dir='ltr'><strong>καὶ</strong></span> <span class='ocrx_word' id='word_1_561' title='bbox 2989 3441 3050 3494; x_wconf 76' lang='grc' dir='ltr'><strong>τὸ</strong></span> <span class='ocrx_word' id='word_1_562' title='bbox 3083 3441 3613 3512; x_wconf 79' lang='grc' dir='ltr'><strong>πανσθενουργόφω-</strong></span> 
     </span>
    </p>
   </div>
   <div class='ocr_carea' id='block_1_81' title="bbox 2039 3531 3613 3612">
    <p class='ocr_par' dir='ltr' id='par_1_81' title="bbox 2039 3531 3613 3612">
     <span class='ocr_line' id='line_1_81' title="bbox 2039 3531 3613 3612; baseline 0.001 -29"><span class='ocrx_word' id='word_1_563' title='bbox 2039 3547 2128 3583; x_wconf 91' lang='grc' dir='ltr'><strong>τον</strong></span> <span class='ocrx_word' id='word_1_564' title='bbox 2165 3532 2348 3595; x_wconf 81' lang='grc' dir='ltr'><strong>σέλας,</strong></span> <span class='ocrx_word' id='word_1_565' title='bbox 2379 3531 2440 3584; x_wconf 81' lang='grc' dir='ltr'><strong>τὸ</strong></span> <span class='ocrx_word' id='word_1_566' title='bbox 2469 3532 2763 3612; x_wconf 70' lang='grc' dir='ltr'><strong>εἰρημένον</strong></span> <span class='ocrx_word' id='word_1_567' title='bbox 2792 3532 3179 3603; x_wconf 88' lang='grc' dir='ltr'><strong>φρυκτώρημα</strong></span> <span class='ocrx_word' id='word_1_568' title='bbox 3206 3533 3300 3585; x_wconf 86' lang='grc' dir='ltr'><strong>τοῦ</strong></span> <span class='ocrx_word' id='word_1_569' title='bbox 3325 3532 3613 3601; x_wconf 84' lang='grc' dir='ltr'>πυρώδους</span> 
     </span>
    </p>
   </div>
   <div class='ocr_carea' id='block_1_82' title="bbox 2039 3620 3617 3692">
    <p class='ocr_par' dir='ltr' id='par_1_82' title="bbox 2039 3620 3617 3692">
     <span class='ocr_line' id='line_1_82' title="bbox 2039 3620 3617 3692; baseline -0.001 -18"><span class='ocrx_word' id='word_1_570' title='bbox 2039 3622 2173 3692; x_wconf 71' lang='grc' dir='ltr'><strong>ἦχου</strong></span> <span class='ocrx_word' id='word_1_571' title='bbox 2193 3638 2207 3654; x_wconf 80' lang='grc' dir='ltr'><strong>ο</strong></span> <span class='ocrx_word' id='word_1_572' title='bbox 2257 3624 2444 3675; x_wconf 77' lang='grc' dir='ltr'><strong>ἐκεῖνα</strong></span> <span class='ocrx_word' id='word_1_573' title='bbox 2477 3621 2576 3690; x_wconf 77' lang='grc' dir='ltr'><strong>μὲν</strong></span> <span class='ocrx_word' id='word_1_574' title='bbox 2608 3621 2718 3691; x_wconf 82' lang='grc' dir='ltr'><strong>γὰρ</strong></span> <span class='ocrx_word' id='word_1_575' title='bbox 2751 3623 2846 3675; x_wconf 66' lang='grc' dir='ltr'><strong>καὶ⁸</strong></span> <span class='ocrx_word' id='word_1_576' title='bbox 2879 3620 3229 3690; x_wconf 80' lang='grc' dir='ltr'><strong>ὑπερκόσμια</strong></span> <span class='ocrx_word' id='word_1_577' title='bbox 3273 3621 3370 3672; x_wconf 72' lang='grc' dir='ltr'><strong>καὶ</strong></span> <span class='ocrx_word' id='word_1_578' title='bbox 3402 3623 3617 3688; x_wconf 66' lang='grc' dir='ltr'><strong>παγκο-</strong></span> 
     </span>
    </p>
   </div>
   <div class='ocr_carea' id='block_1_83' title="bbox 2042 3711 3618 3784">
    <p class='ocr_par' dir='ltr' id='par_1_83' title="bbox 2042 3711 3618 3784">
     <span class='ocr_line' id='line_1_83' title="bbox 2042 3711 3618 3784; baseline 0 -19"><span class='ocrx_word' id='word_1_579' title='bbox 2042 3728 2212 3783; x_wconf 82' lang='grc' dir='ltr'><strong>σμια’</strong></span> <span class='ocrx_word' id='word_1_580' title='bbox 2273 3711 2427 3766; x_wconf 87' lang='grc' dir='ltr'><strong>τοῦτο</strong></span> <span class='ocrx_word' id='word_1_581' title='bbox 2478 3713 2535 3766; x_wconf 78' lang='grc' dir='ltr'>δὲ</span> <span class='ocrx_word' id='word_1_582' title='bbox 2565 3717 2630 3784; x_wconf 79' lang='grc' dir='ltr'><strong>τῇ</strong></span> <span class='ocrx_word' id='word_1_583' title='bbox 2679 3715 2819 3766; x_wconf 83' lang='grc' dir='ltr'><strong>Σιὼν</strong></span> <span class='ocrx_word' id='word_1_584' title='bbox 2868 3714 3003 3784; x_wconf 81' lang='grc' dir='ltr'><strong>μόνῃ</strong></span> <span class='ocrx_word' id='word_1_585' title='bbox 3051 3712 3489 3782; x_wconf 73' lang='grc' dir='ltr'><strong>ἐμπεριώρισται</strong></span> <span class='ocrx_word' id='word_1_586' title='bbox 3520 3712 3618 3765; x_wconf 80' lang='grc' dir='ltr'><strong>νῦν</strong></span> 
     </span>
    </p>
   </div>
   <div class='ocr_carea' id='block_1_84' title="bbox 2042 3803 3616 3874">
    <p class='ocr_par' dir='ltr' id='par_1_84' title="bbox 2042 3803 3616 3874">
     <span class='ocr_line' id='line_1_84' title="bbox 2042 3803 3616 3874; baseline 0.003 -18"><span class='ocrx_word' id='word_1_587' title='bbox 2042 3803 2286 3874; x_wconf 80' lang='grc' dir='ltr'><strong>φρυκτοῦ</strong></span> <span class='ocrx_word' id='word_1_588' title='bbox 2316 3821 2461 3866; x_wconf 86' lang='grc' dir='ltr'><strong>τινος</strong></span> <span class='ocrx_word' id='word_1_589' title='bbox 2491 3804 2648 3874; x_wconf 83' lang='grc' dir='ltr'><strong>δίκην</strong></span> <span class='ocrx_word' id='word_1_590' title='bbox 2684 3806 3078 3874; x_wconf 83' lang='grc' dir='ltr'><strong>παραμονὶμου</strong></span> <span class='ocrx_word' id='word_1_591' title='bbox 3108 3821 3202 3856; x_wconf 88' lang='grc' dir='ltr'><strong>και</strong></span> <span class='ocrx_word' id='word_1_592' title='bbox 3250 3804 3616 3874; x_wconf 80' lang='grc' dir='ltr'><strong>ἀειλαμποῦς.</strong></span> 
     </span>
    </p>
   </div>
   <div class='ocr_carea' id='block_1_85' title="bbox 2045 3893 3618 3964">
    <p class='ocr_par' dir='ltr' id='par_1_85' title="bbox 2045 3893 3618 3964">
     <span class='ocr_line' id='line_1_85' title="bbox 2045 3893 3618 3964; baseline 0.001 -17"><span class='ocrx_word' id='word_1_593' title='bbox 2045 3895 2178 3964; x_wconf 76' lang='grc' dir='ltr'><strong>Περὶ</strong></span> <span class='ocrx_word' id='word_1_594' title='bbox 2217 3895 2274 3947; x_wconf 71' lang='grc' dir='ltr'>δὲ</span> <span class='ocrx_word' id='word_1_595' title='bbox 2327 3896 2572 3964; x_wconf 80' lang='grc' dir='ltr'><strong>φρυκτοῦ</strong></span> <span class='ocrx_word' id='word_1_596' title='bbox 2609 3897 2702 3948; x_wconf 71' lang='grc' dir='ltr'><strong>καὶ</strong></span> <span class='ocrx_word' id='word_1_597' title='bbox 2733 3893 2901 3961; x_wconf 84' lang='grc' dir='ltr'><strong>φανοῦ</strong></span> <span class='ocrx_word' id='word_1_598' title='bbox 2949 3896 3045 3948; x_wconf 75' lang='grc' dir='ltr'><strong>καὶ</strong></span> <span class='ocrx_word' id='word_1_599' title='bbox 3076 3897 3181 3948; x_wconf 88' lang='grc' dir='ltr'><strong>τῶν</strong></span> <span class='ocrx_word' id='word_1_600' title='bbox 3220 3896 3342 3948; x_wconf 82' lang='grc' dir='ltr'><strong>κατ’</strong></span> <span class='ocrx_word' id='word_1_601' title='bbox 3372 3897 3515 3963; x_wconf 67' lang='grc' dir='ltr'><strong>αὐτὰ</strong></span> <span class='ocrx_word' id='word_1_602' title='bbox 3559 3900 3618 3949; x_wconf 82' lang='grc' dir='ltr'><strong>ἐν</strong></span> 
     </span>
    </p>
   </div>
   <div class='ocr_carea' id='block_1_86' title="bbox 2039 3987 3616 4059">
    <p class='ocr_par' dir='ltr' id='par_1_86' title="bbox 2039 3987 3616 4059">
     <span class='ocr_line' id='line_1_86' title="bbox 2039 3987 3616 4059; baseline 0.002 -20"><span class='ocrx_word' id='word_1_603' title='bbox 2039 3989 2152 4050; x_wconf 83' lang='grc' dir='ltr'><strong>τοῖς</strong></span> <span class='ocrx_word' id='word_1_604' title='bbox 2177 3987 2302 4056; x_wconf 79' lang='grc' dir='ltr'><strong>ἑξῆς</strong></span> <span class='ocrx_word' id='word_1_605' title='bbox 2329 3989 2649 4056; x_wconf 75' lang='grc' dir='ltr'><strong>ῥηθήσεται,</strong></span> <span class='ocrx_word' id='word_1_606' title='bbox 2672 3989 2808 4040; x_wconf 82' lang='grc' dir='ltr'>ὅπου</span> <span class='ocrx_word' id='word_1_607' title='bbox 2841 3988 2998 4055; x_wconf 81' lang='grc' dir='ltr'><strong>λόγος</strong></span> <span class='ocrx_word' id='word_1_608' title='bbox 3023 3988 3172 4040; x_wconf 78' lang='grc' dir='ltr'><strong>ἔσται</strong></span> <span class='ocrx_word' id='word_1_609' title='bbox 3201 3987 3442 4058; x_wconf 73' lang='grc' dir='ltr'><strong>περὶτοῦ</strong></span> <span class='ocrx_word' id='word_1_610' title='bbox 3478 4006 3616 4059; x_wconf 69' lang='grc' dir='ltr'>πυρα</span> 
     </span>
    </p>
   </div>
   <div class='ocr_carea' id='block_1_87' title="bbox 2043 4079 3620 4151">
    <p class='ocr_par' dir='ltr' id='par_1_87' title="bbox 2043 4079 3620 4151">
     <span class='ocr_line' id='line_1_87' title="bbox 2043 4079 3620 4151; baseline 0.004 -21"><span class='ocrx_word' id='word_1_611' title='bbox 2043 4079 2382 4149; x_wconf 88' lang='grc' dir='ltr'><strong>σομορφοῦν.</strong></span> <span class='ocrx_word' id='word_1_612' title='bbox 2421 4081 2496 4132; x_wconf 87' lang='grc' dir='ltr'>Τδ</span> <span class='ocrx_word' id='word_1_613' title='bbox 2540 4082 2596 4135; x_wconf 83' lang='grc' dir='ltr'>δὲ</span> <span class='ocrx_word' id='word_1_614' title='bbox 2631 4080 2877 4149; x_wconf 86' lang='grc' dir='ltr'>πυρῶδες</span> <span class='ocrx_word' id='word_1_615' title='bbox 2918 4081 3252 4149; x_wconf 89' lang='grc' dir='ltr'><strong>σημείωσαι,</strong></span> <span class='ocrx_word' id='word_1_616' title='bbox 3290 4083 3486 4151; x_wconf 80' lang='grc' dir='ltr'><strong>δηλοῦν</strong></span> <span class='ocrx_word' id='word_1_617' title='bbox 3519 4086 3620 4138; x_wconf 75' lang='grc' dir='ltr'><strong>καὶ</strong></span> 
     </span>
    </p>
   </div>
   <div class='ocr_carea' id='block_1_88' title="bbox 2041 4171 3620 4247">
    <p class='ocr_par' dir='ltr' id='par_1_88' title="bbox 2041 4171 3620 4247">
     <span class='ocr_line' id='line_1_88' title="bbox 2041 4171 3620 4247; baseline 0.003 -22"><span class='ocrx_word' id='word_1_618' title='bbox 2041 4171 2178 4225; x_wconf 77' lang='grc' dir='ltr'><strong>αὐτὸ</strong></span> <span class='ocrx_word' id='word_1_619' title='bbox 2206 4171 2268 4224; x_wconf 82' lang='grc' dir='ltr'><strong>οὐ</strong></span> <span class='ocrx_word' id='word_1_620' title='bbox 2301 4171 2412 4239; x_wconf 89' lang='grc' dir='ltr'>πῦρ</span> <span class='ocrx_word' id='word_1_621' title='bbox 2443 4173 2771 4243; x_wconf 73' lang='grc' dir='ltr'><strong>αὐτόχρημα</strong></span> <span class='ocrx_word' id='word_1_622' title='bbox 2798 4174 2895 4236; x_wconf 77' lang='grc' dir='ltr'><strong>τὰς</strong></span> <span class='ocrx_word' id='word_1_623' title='bbox 2929 4174 3178 4242; x_wconf 84' lang='grc' dir='ltr'><strong>γλώσσας</strong></span> <span class='ocrx_word' id='word_1_624' title='bbox 3199 4172 3338 4228; x_wconf 84' lang='grc' dir='ltr'><strong>εἶναι</strong></span> <span class='ocrx_word' id='word_1_625' title='bbox 3359 4176 3426 4239; x_wconf 80' lang='grc' dir='ltr'><strong>ἃς</strong></span> <span class='ocrx_word' id='word_1_626' title='bbox 3458 4195 3620 4247; x_wconf 86' lang='grc' dir='ltr'>περι-</span> 
     </span>
    </p>
   </div>
   <div class='ocr_carea' id='block_1_89' title="bbox 2042 4263 3622 4340">
    <p class='ocr_par' dir='ltr' id='par_1_89' title="bbox 2042 4263 3622 4340">
     <span class='ocr_line' id='line_1_89' title="bbox 2042 4263 3622 4340; baseline 0.004 -24"><span class='ocrx_word' id='word_1_627' title='bbox 2042 4263 2306 4334; x_wconf 82' lang='grc' dir='ltr'><strong>λαλήτους</strong></span> <span class='ocrx_word' id='word_1_628' title='bbox 2338 4267 2372 4332; x_wconf 85' lang='grc' dir='ltr'><strong>ἡ</strong></span> <span class='ocrx_word' id='word_1_629' title='bbox 2403 4266 2565 4335; x_wconf 78' lang='grc' dir='ltr'><strong>ἑορτὴ</strong></span> <span class='ocrx_word' id='word_1_630' title='bbox 2591 4267 2766 4334; x_wconf 82' lang='grc' dir='ltr'><strong>φέρει,</strong></span> <span class='ocrx_word' id='word_1_631' title='bbox 2790 4265 2927 4320; x_wconf 79' lang='grc' dir='ltr'><strong>ἀλλὰ</strong></span> <span class='ocrx_word' id='word_1_632' title='bbox 2958 4267 3265 4337; x_wconf 86' lang='grc' dir='ltr'><strong>πυροειδεῖς</strong></span> <span class='ocrx_word' id='word_1_633' title='bbox 3288 4284 3302 4299; x_wconf 84' lang='grc'><strong>·</strong></span> <span class='ocrx_word' id='word_1_634' title='bbox 3349 4267 3479 4320; x_wconf 74' lang='grc' dir='ltr'><strong>ἄλλο</strong></span> <span class='ocrx_word' id='word_1_635' title='bbox 3505 4270 3622 4340; x_wconf 78' lang='grc' dir='ltr'><strong>γὰρ</strong></span> 
     </span>
    </p>
   </div>
   <div class='ocr_carea' id='block_1_90' title="bbox 2042 4357 3621 4430">
    <p class='ocr_par' dir='ltr' id='par_1_90' title="bbox 2042 4357 3621 4430">
     <span class='ocr_line' id='line_1_90' title="bbox 2042 4357 3621 4430; baseline 0.003 -20"><span class='ocrx_word' id='word_1_636' title='bbox 2042 4359 2260 4422; x_wconf 81' lang='grc' dir='ltr'><strong>πάντως</strong></span> <span class='ocrx_word' id='word_1_637' title='bbox 2282 4357 2344 4411; x_wconf 80' lang='grc' dir='ltr'><strong>τὸ</strong></span> <span class='ocrx_word' id='word_1_638' title='bbox 2381 4357 2518 4428; x_wconf 88' lang='grc' dir='ltr'><strong>πῦρ,</strong></span> <span class='ocrx_word' id='word_1_639' title='bbox 2539 4361 2632 4412; x_wconf 76' lang='grc' dir='ltr'><strong>καὶ</strong></span> <span class='ocrx_word' id='word_1_640' title='bbox 2660 4358 2787 4412; x_wconf 75' lang='grc' dir='ltr'><strong>ἄλλο</strong></span> <span class='ocrx_word' id='word_1_641' title='bbox 2824 4360 3292 4428; x_wconf 81' lang='grc' dir='ltr'><strong>μετουσιαστικῶς</strong></span> <span class='ocrx_word' id='word_1_642' title='bbox 3321 4363 3621 4430; x_wconf 70' lang='grc' dir='ltr'><strong>λεγόμενον</strong></span> 
     </span>
    </p>
   </div>
   <div class='ocr_carea' id='block_1_91' title="bbox 365 4425 1936 4519">
    <p class='ocr_par' dir='ltr' id='par_1_91' title="bbox 365 4425 1936 4502">
     <span class='ocr_line' id='line_1_91' title="bbox 365 4425 1936 4502; baseline 0.008 -28"><span class='ocrx_word' id='word_1_643' title='bbox 365 4439 535 4491; x_wconf 77' lang='lat' dir='ltr'><strong>gnum</strong></span> <span class='ocrx_word' id='word_1_644' title='bbox 565 4435 620 4478; x_wconf 88' lang='lat' dir='ltr'><strong>et</strong></span> <span class='ocrx_word' id='word_1_645' title='bbox 657 4425 916 4494; x_wconf 80' lang='lat' dir='ltr'><strong>ligneum,</strong></span> <span class='ocrx_word' id='word_1_646' title='bbox 944 4429 1125 4482; x_wconf 91' lang='lat' dir='ltr'><strong>vinum</strong></span> <span class='ocrx_word' id='word_1_647' title='bbox 1165 4437 1219 4484; x_wconf 89' lang='lat' dir='ltr'><strong>et</strong></span> <span class='ocrx_word' id='word_1_648' title='bbox 1247 4429 1490 4483; x_wconf 81' lang='lat' dir='ltr'><strong>viueum.</strong></span> <span class='ocrx_word' id='word_1_649' title='bbox 1521 4430 1745 4496; x_wconf 75' lang='lat' dir='ltr'><strong>Pinguis</strong></span> <span class='ocrx_word' id='word_1_650' title='bbox 1780 4433 1936 4502; x_wconf 88' lang='lat' dir='ltr'><strong>igitur</strong></span> 
     </span>
    </p>
   </div>
   <div class='ocr_carea' id='block_1_92' title="bbox 2044 4425 3621 4519">
    <p class='ocr_par' dir='ltr' id='par_1_92' title="bbox 2047 4425 3621 4519">
     <span class='ocr_line' id='line_1_92' title="bbox 2047 4425 3621 4519; baseline 0.002 -15"><span class='ocrx_word' id='word_1_651' title='bbox 2047 4449 2316 4519; x_wconf 79' lang='grc' dir='ltr'>πυρῶδες.</span> <span class='ocrx_word' id='word_1_652' title='bbox 2345 4425 2506 4506; x_wconf 81' lang='grc' dir='ltr'><strong>Οὕτω</strong></span> <span class='ocrx_word' id='word_1_653' title='bbox 2538 4451 2595 4504; x_wconf 82' lang='grc' dir='ltr'>δὲ</span> <span class='ocrx_word' id='word_1_654' title='bbox 2623 4425 2989 4517; x_wconf 75' lang='grc' dir='ltr'><strong>ἑτεροιοῦνται</strong></span> <span class='ocrx_word' id='word_1_655' title='bbox 3021 4454 3118 4506; x_wconf 70' lang='grc' dir='ltr'><strong>καὶ</strong></span> <span class='ocrx_word' id='word_1_656' title='bbox 3150 4453 3210 4505; x_wconf 81' lang='grc' dir='ltr'><strong>τὸ</strong></span> <span class='ocrx_word' id='word_1_657' title='bbox 3240 4425 3406 4518; x_wconf 24' lang='grc' dir='ltr'><strong>ξύλον*</strong></span> <span class='ocrx_word' id='word_1_658' title='bbox 3431 4425 3526 4506; x_wconf 73' lang='grc' dir='ltr'><strong>καὶ</strong></span> <span class='ocrx_word' id='word_1_659' title='bbox 3557 4455 3621 4507; x_wconf 66' lang='grc' dir='ltr'><strong>τὸ</strong></span> 
     </span>
    </p>
   </div>
   <div class='ocr_carea' id='block_1_93' title="bbox 371 4516 1938 4594">
    <p class='ocr_par' dir='ltr' id='par_1_93' title="bbox 371 4516 1938 4594">
     <span class='ocr_line' id='line_1_93' title="bbox 371 4516 1938 4594; baseline 0.007 -27"><span class='ocrx_word' id='word_1_660' title='bbox 371 4516 538 4572; x_wconf 77' lang='lat' dir='ltr'><strong>herba</strong></span> <span class='ocrx_word' id='word_1_661' title='bbox 555 4517 756 4574; x_wconf 87' lang='lat' dir='ltr'><strong>siccata</strong></span> <span class='ocrx_word' id='word_1_662' title='bbox 775 4518 1047 4575; x_wconf 88' lang='lat' dir='ltr'><strong>diceretur</strong></span> <span class='ocrx_word' id='word_1_663' title='bbox 1090 4520 1321 4591; x_wconf 85' lang='lat' dir='ltr'><strong>lignosa,</strong></span> <span class='ocrx_word' id='word_1_664' title='bbox 1355 4537 1463 4576; x_wconf 91' lang='lat' dir='ltr'><strong>non</strong></span> <span class='ocrx_word' id='word_1_665' title='bbox 1493 4533 1675 4578; x_wconf 87' lang='lat' dir='ltr'><strong>autem</strong></span> <span class='ocrx_word' id='word_1_666' title='bbox 1710 4525 1938 4594; x_wconf 78' lang='lat' dir='ltr'><strong>lignum,</strong></span> 
     </span>
    </p>
   </div>
   <div class='ocr_carea' id='block_1_94' title="bbox 369 4610 1936 4684">
    <p class='ocr_par' dir='ltr' id='par_1_94' title="bbox 369 4610 1936 4684">
     <span class='ocr_line' id='line_1_94' title="bbox 369 4610 1936 4684; baseline 0.007 -23"><span class='ocrx_word' id='word_1_667' title='bbox 369 4621 425 4662; x_wconf 76' lang='lat' dir='ltr'><strong>et</strong></span> <span class='ocrx_word' id='word_1_668' title='bbox 453 4610 566 4679; x_wconf 87' lang='lat' dir='ltr'><strong>pira</strong></span> <span class='ocrx_word' id='word_1_669' title='bbox 580 4612 796 4681; x_wconf 88' lang='lat' dir='ltr'><strong>quidem</strong></span> <span class='ocrx_word' id='word_1_670' title='bbox 823 4613 1000 4677; x_wconf 88' lang='lat' dir='ltr'><strong>vinea,</strong></span> <span class='ocrx_word' id='word_1_671' title='bbox 1032 4628 1138 4668; x_wconf 89' lang='lat' dir='ltr'><strong>nou</strong></span> <span class='ocrx_word' id='word_1_672' title='bbox 1166 4624 1345 4668; x_wconf 89' lang='lat' dir='ltr'><strong>autem</strong></span> <span class='ocrx_word' id='word_1_673' title='bbox 1377 4615 1698 4684; x_wconf 87' lang='lat' dir='ltr'><strong>simpliciter</strong></span> <span class='ocrx_word' id='word_1_674' title='bbox 1729 4618 1936 4673; x_wconf 87' lang='lat' dir='ltr'><strong>vinum.</strong></span> 
     </span>
    </p>
   </div>
   <div class='ocr_carea' id='block_1_95' title="bbox 380 4701 1941 4778">
    <p class='ocr_par' dir='ltr' id='par_1_95' title="bbox 380 4701 1941 4778">
     <span class='ocr_line' id='line_1_95' title="bbox 380 4701 1941 4778; baseline 0.007 -25"><span class='ocrx_word' id='word_1_675' title='bbox 380 4701 574 4758; x_wconf 82' lang='lat' dir='ltr'><strong>Taliter</strong></span> <span class='ocrx_word' id='word_1_676' title='bbox 602 4705 764 4758; x_wconf 89' lang='lat' dir='ltr'><strong>etiam</strong></span> <span class='ocrx_word' id='word_1_677' title='bbox 797 4705 980 4775; x_wconf 86' lang='lat' dir='ltr'><strong>lingua</strong></span> <span class='ocrx_word' id='word_1_678' title='bbox 1006 4707 1371 4776; x_wconf 88' lang='lat' dir='ltr'><strong>scorpionius,</strong></span> <span class='ocrx_word' id='word_1_679' title='bbox 1400 4717 1450 4760; x_wconf 88' lang='lat' dir='ltr'><strong>et</strong></span> <span class='ocrx_word' id='word_1_680' title='bbox 1485 4707 1835 4778; x_wconf 86' lang='lat' dir='ltr'><strong>fuliginosus,</strong></span> <span class='ocrx_word' id='word_1_681' title='bbox 1887 4719 1941 4764; x_wconf 91' lang='lat' dir='ltr'><strong>et</strong></span> 
     </span>
    </p>
   </div>
   <div class='ocr_carea' id='block_1_96' title="bbox 373 4795 880 4867">
    <p class='ocr_par' dir='ltr' id='par_1_96' title="bbox 373 4795 880 4867">
     <span class='ocr_line' id='line_1_96' title="bbox 373 4795 880 4867; baseline 0.014 -22"><span class='ocrx_word' id='word_1_682' title='bbox 373 4795 476 4848; x_wconf 86' lang='lat' dir='ltr'><strong>alia</strong></span> <span class='ocrx_word' id='word_1_683' title='bbox 529 4811 637 4850; x_wconf 90' lang='lat' dir='ltr'><strong>non</strong></span> <span class='ocrx_word' id='word_1_684' title='bbox 683 4813 880 4867; x_wconf 90' lang='lat' dir='ltr'><strong>pauca.</strong></span> 
     </span>
    </p>
   </div>
   <div class='ocr_carea' id='block_1_97' title="bbox 442 4971 1944 5054">
    <p class='ocr_par' dir='ltr' id='par_1_97' title="bbox 442 4971 1944 5054">
     <span class='ocr_line' id='line_1_97' title="bbox 442 4971 1944 5054; baseline 0.009 -29"><span class='ocrx_word' id='word_1_685' title='bbox 442 4971 530 5026; x_wconf 60' lang='lat'><strong>94.</strong></span> <span class='ocrx_word' id='word_1_686' title='bbox 567 4972 872 5029; x_wconf 77' lang='lat' dir='ltr'><strong>Notandum</strong></span> <span class='ocrx_word' id='word_1_687' title='bbox 905 4987 987 5032; x_wconf 91' lang='lat' dir='ltr'><strong>est</strong></span> <span class='ocrx_word' id='word_1_688' title='bbox 1042 4978 1390 5046; x_wconf 84' lang='lat' dir='ltr'><strong>autemquod</strong></span> <span class='ocrx_word' id='word_1_689' title='bbox 1429 4981 1679 5050; x_wconf 85' lang='grc' dir='ltr'>πυρῶδες</span> <span class='ocrx_word' id='word_1_690' title='bbox 1729 4985 1944 5054; x_wconf 80' lang='lat' dir='ltr'><strong>egregie</strong></span> 
     </span>
    </p>
   </div>
   <div class='ocr_carea' id='block_1_98' title="bbox 379 5064 1944 5140">
    <p class='ocr_par' dir='ltr' id='par_1_98' title="bbox 379 5064 1944 5140">
     <span class='ocr_line' id='line_1_98' title="bbox 379 5064 1944 5140; baseline 0.009 -25"><span class='ocrx_word' id='word_1_691' title='bbox 379 5064 597 5132; x_wconf 86' lang='lat' dir='ltr'><strong>quidem</strong></span> <span class='ocrx_word' id='word_1_692' title='bbox 650 5067 886 5120; x_wconf 89' lang='lat' dir='ltr'><strong>sumitur</strong></span> <span class='ocrx_word' id='word_1_693' title='bbox 910 5084 1005 5136; x_wconf 85' lang='lat' dir='ltr'><strong>pro</strong></span> <span class='ocrx_word' id='word_1_694' title='bbox 1037 5070 1298 5125; x_wconf 87' lang='lat' dir='ltr'><strong>adverbio</strong></span> <span class='ocrx_word' id='word_1_695' title='bbox 1327 5080 1584 5140; x_wconf 86' lang='lat' dir='ltr'><strong>tanquam</strong></span> <span class='ocrx_word' id='word_1_696' title='bbox 1613 5075 1944 5139; x_wconf 64' lang='lat' dir='ltr'><strong>muniralens</strong></span> 
     </span>
    </p>
   </div>
   <div class='ocr_carea' id='block_1_99' title="bbox 371 5157 1940 5231">
    <p class='ocr_par' dir='ltr' id='par_1_99' title="bbox 371 5157 1940 5231">
     <span class='ocr_line' id='line_1_99' title="bbox 371 5157 1940 5231; baseline 0.006 -21"><span class='ocrx_word' id='word_1_697' title='bbox 371 5157 450 5226; x_wconf 90' lang='grc' dir='ltr'>τῷ</span> <span class='ocrx_word' id='word_1_698' title='bbox 476 5157 763 5227; x_wconf 82' lang='grc' dir='ltr'><strong>πυρωδῶς.</strong></span> <span class='ocrx_word' id='word_1_699' title='bbox 799 5159 932 5214; x_wconf 87' lang='lat' dir='ltr'><strong>Cum</strong></span> <span class='ocrx_word' id='word_1_700' title='bbox 976 5177 1103 5215; x_wconf 83' lang='lat' dir='ltr'><strong>vero</strong></span> <span class='ocrx_word' id='word_1_701' title='bbox 1125 5161 1438 5219; x_wconf 90' lang='lat' dir='ltr'><strong>hominibus</strong></span> <span class='ocrx_word' id='word_1_702' title='bbox 1463 5176 1585 5218; x_wconf 80' lang='lat' dir='ltr'><strong>ante</strong></span> <span class='ocrx_word' id='word_1_703' title='bbox 1617 5181 1716 5219; x_wconf 89' lang='lat' dir='ltr'><strong>nos</strong></span> <span class='ocrx_word' id='word_1_704' title='bbox 1750 5183 1940 5231; x_wconf 79' lang='lat' dir='ltr'><strong>ausum</strong></span> 
     </span>
    </p>
   </div>
   <div class='ocr_carea' id='block_1_100' title="bbox 371 5249 1942 5324">
    <p class='ocr_par' dir='ltr' id='par_1_100' title="bbox 371 5249 1942 5324">
     <span class='ocr_line' id='line_1_100' title="bbox 371 5249 1942 5324; baseline 0.008 -22"><span class='ocrx_word' id='word_1_705' title='bbox 371 5260 456 5305; x_wconf 89' lang='lat' dir='ltr'><strong>est</strong></span> <span class='ocrx_word' id='word_1_706' title='bbox 509 5264 606 5318; x_wconf 90' lang='lat' dir='ltr'><strong>pro</strong></span> <span class='ocrx_word' id='word_1_707' title='bbox 647 5263 840 5304; x_wconf 89' lang='lat' dir='ltr'><strong>neutro</strong></span> <span class='ocrx_word' id='word_1_708' title='bbox 889 5253 1031 5308; x_wconf 86' lang='lat' dir='ltr'><strong>sumi</strong></span> <span class='ocrx_word' id='word_1_709' title='bbox 1069 5249 1225 5324; x_wconf 76' lang='grc' dir='ltr'><strong>ἦχος,</strong></span> <span class='ocrx_word' id='word_1_710' title='bbox 1269 5257 1340 5308; x_wconf 84' lang='lat' dir='ltr'><strong>ita</strong></span> <span class='ocrx_word' id='word_1_711' title='bbox 1382 5267 1439 5310; x_wconf 90' lang='lat' dir='ltr'><strong>ut</strong></span> <span class='ocrx_word' id='word_1_712' title='bbox 1476 5257 1645 5312; x_wconf 84' lang='lat' dir='ltr'><strong>libere</strong></span> <span class='ocrx_word' id='word_1_713' title='bbox 1695 5259 1942 5314; x_wconf 74' lang='lat' dir='ltr'><strong>includus</strong></span> 
     </span>
    </p>
   </div>
   <div class='ocr_carea' id='block_1_101' title="bbox 369 5337 1940 5422">
    <p class='ocr_par' dir='ltr' id='par_1_101' title="bbox 369 5337 1940 5422">
     <span class='ocr_line' id='line_1_101' title="bbox 369 5337 1940 5422; baseline 0.008 -33"><span class='ocrx_word' id='word_1_714' title='bbox 369 5338 516 5390; x_wconf 68' lang='lat' dir='ltr'><strong>dit-at</strong></span> <span class='ocrx_word' id='word_1_715' title='bbox 574 5339 633 5390; x_wconf 73' lang='grc' dir='ltr'><strong>τὸ</strong></span> <span class='ocrx_word' id='word_1_716' title='bbox 666 5341 911 5407; x_wconf 81' lang='grc' dir='ltr'><strong>πυρῶδες</strong></span> <span class='ocrx_word' id='word_1_717' title='bbox 944 5337 1098 5412; x_wconf 77' lang='grc' dir='ltr'><strong>ἦχος,</strong></span> <span class='ocrx_word' id='word_1_718' title='bbox 1141 5359 1240 5412; x_wconf 89' lang='lat' dir='ltr'><strong>pro</strong></span> <span class='ocrx_word' id='word_1_719' title='bbox 1305 5346 1364 5400; x_wconf 80' lang='grc' dir='ltr'><strong>τὸ</strong></span> <span class='ocrx_word' id='word_1_720' title='bbox 1411 5345 1615 5416; x_wconf 82' lang='grc' dir='ltr'>βρέμον</span> <span class='ocrx_word' id='word_1_721' title='bbox 1647 5349 1789 5401; x_wconf 76' lang='grc' dir='ltr'><strong>κατὰ</strong></span> <span class='ocrx_word' id='word_1_722' title='bbox 1829 5348 1940 5422; x_wconf 85' lang='grc' dir='ltr'><strong>πῦρ</strong></span> 
     </span>
    </p>
   </div>
   <div class='ocr_carea' id='block_1_102' title="bbox 371 5428 1940 5504">
    <p class='ocr_par' dir='ltr' id='par_1_102' title="bbox 371 5428 1940 5504">
     <span class='ocr_line' id='line_1_102' title="bbox 371 5428 1940 5504; baseline 0.009 -21"><span class='ocrx_word' id='word_1_723' title='bbox 371 5433 584 5502; x_wconf 73' lang='grc' dir='ltr'><strong>ήχημα,</strong></span> <span class='ocrx_word' id='word_1_724' title='bbox 614 5434 758 5502; x_wconf 85' lang='lat' dir='ltr'><strong>quod</strong></span> <span class='ocrx_word' id='word_1_725' title='bbox 793 5444 900 5498; x_wconf 86' lang='lat' dir='ltr'><strong>est,</strong></span> <span class='ocrx_word' id='word_1_726' title='bbox 960 5437 1100 5491; x_wconf 84' lang='lat' dir='ltr'><strong>sicut</strong></span> <span class='ocrx_word' id='word_1_727' title='bbox 1135 5437 1232 5494; x_wconf 87' lang='lat' dir='ltr'><strong>fuit</strong></span> <span class='ocrx_word' id='word_1_728' title='bbox 1255 5428 1486 5504; x_wconf 70' lang='lat' dir='ltr'><strong>dictum,</strong></span> <span class='ocrx_word' id='word_1_729' title='bbox 1521 5443 1810 5497; x_wconf 83' lang='lat' dir='ltr'><strong>violentqu</strong></span> <span class='ocrx_word' id='word_1_730' title='bbox 1843 5445 1940 5497; x_wconf 83' lang='lat' dir='ltr'><strong>lla-</strong></span> 
     </span>
    </p>
   </div>
   <div class='ocr_carea' id='block_1_103' title="bbox 373 5525 1941 5602">
    <p class='ocr_par' dir='ltr' id='par_1_103' title="bbox 373 5525 1941 5602">
     <span class='ocr_line' id='line_1_103' title="bbox 373 5525 1941 5602; baseline 0.01 -27"><span class='ocrx_word' id='word_1_731' title='bbox 373 5537 517 5579; x_wconf 83' lang='lat' dir='ltr'><strong>uien.</strong></span> <span class='ocrx_word' id='word_1_732' title='bbox 545 5525 744 5579; x_wconf 88' lang='lat' dir='ltr'><strong>bonum</strong></span> <span class='ocrx_word' id='word_1_733' title='bbox 777 5526 848 5581; x_wconf 87' lang='lat' dir='ltr'><strong>sit</strong></span> <span class='ocrx_word' id='word_1_734' title='bbox 870 5538 956 5581; x_wconf 89' lang='lat' dir='ltr'><strong>est</strong></span> <span class='ocrx_word' id='word_1_735' title='bbox 979 5529 1144 5592; x_wconf 88' lang='lat' dir='ltr'><strong>istud,</strong></span> <span class='ocrx_word' id='word_1_736' title='bbox 1181 5531 1340 5585; x_wconf 84' lang='lat' dir='ltr'><strong>sicuti</strong></span> <span class='ocrx_word' id='word_1_737' title='bbox 1364 5531 1688 5601; x_wconf 79' lang='lat' dir='ltr'><strong>quibusdam</strong></span> <span class='ocrx_word' id='word_1_738' title='bbox 1722 5535 1941 5602; x_wconf 90' lang='lat' dir='ltr'><strong>placuit,</strong></span> 
     </span>
    </p>
   </div>
   <div class='ocr_carea' id='block_1_104' title="bbox 374 5611 1938 5693">
    <p class='ocr_par' dir='ltr' id='par_1_104' title="bbox 374 5611 1938 5693">
     <span class='ocr_line' id='line_1_104' title="bbox 374 5611 1938 5693; baseline 0.01 -30"><span class='ocrx_word' id='word_1_739' title='bbox 374 5611 617 5680; x_wconf 76' lang='grc' dir='ltr'><strong>ὸορῆνος</strong></span> <span class='ocrx_word' id='word_1_740' title='bbox 660 5618 1128 5686; x_wconf 85' lang='lat' dir='ltr'><strong>myrrhigcrorum</strong></span> <span class='ocrx_word' id='word_1_741' title='bbox 1157 5621 1216 5672; x_wconf 85' lang='grc' dir='ltr'><strong>τὸ</strong></span> <span class='ocrx_word' id='word_1_742' title='bbox 1241 5618 1441 5690; x_wconf 83' lang='grc' dir='ltr'><strong>θρῆνος</strong></span> <span class='ocrx_word' id='word_1_743' title='bbox 1469 5621 1611 5675; x_wconf 89' lang='lat' dir='ltr'><strong>dici:</strong></span> <span class='ocrx_word' id='word_1_744' title='bbox 1665 5638 1938 5693; x_wconf 84' lang='lat' dir='ltr'><strong>nunquam</strong></span> 
     </span>
    </p>
   </div>
   <div class='ocr_carea' id='block_1_105' title="bbox 375 5703 1941 5778">
    <p class='ocr_par' dir='ltr' id='par_1_105' title="bbox 375 5703 1941 5778">
     <span class='ocr_line' id='line_1_105' title="bbox 375 5703 1941 5778; baseline 0.011 -30"><span class='ocrx_word' id='word_1_745' title='bbox 375 5710 504 5750; x_wconf 82' lang='lat' dir='ltr'><strong>vero</strong></span> <span class='ocrx_word' id='word_1_746' title='bbox 577 5709 734 5768; x_wconf 86' lang='lat' dir='ltr'><strong>poeta</strong></span> <span class='ocrx_word' id='word_1_747' title='bbox 789 5703 892 5759; x_wconf 85' lang='lat' dir='ltr'><strong>hoc</strong></span> <span class='ocrx_word' id='word_1_748' title='bbox 942 5707 1208 5773; x_wconf 67' lang='lat' dir='ltr'><strong>atluittet,</strong></span> <span class='ocrx_word' id='word_1_749' title='bbox 1256 5707 1392 5762; x_wconf 88' lang='lat' dir='ltr'><strong>bene</strong></span> <span class='ocrx_word' id='word_1_750' title='bbox 1454 5707 1630 5764; x_wconf 87' lang='lat' dir='ltr'><strong>sciens</strong></span> <span class='ocrx_word' id='word_1_751' title='bbox 1681 5711 1823 5778; x_wconf 88' lang='lat' dir='ltr'><strong>quod</strong></span> <span class='ocrx_word' id='word_1_752' title='bbox 1849 5727 1941 5766; x_wconf 89' lang='lat' dir='ltr'><strong>aer</strong></span> 
     </span>
    </p>
   </div>
   <div class='ocr_carea' id='block_1_106' title="bbox 2050 4536 3623 4613">
    <p class='ocr_par' dir='ltr' id='par_1_106' title="bbox 2050 4536 3623 4613">
     <span class='ocr_line' id='line_1_106' title="bbox 2050 4536 3623 4613; baseline 0.003 -19"><span class='ocrx_word' id='word_1_753' title='bbox 2050 4540 2300 4606; x_wconf 77' lang='grc' dir='ltr'><strong>ξυλῶδες,</strong></span> <span class='ocrx_word' id='word_1_754' title='bbox 2343 4541 2440 4594; x_wconf 79' lang='grc' dir='ltr'><strong>καὶ</strong></span> <span class='ocrx_word' id='word_1_755' title='bbox 2468 4543 2496 4594; x_wconf 91' lang='lat'><strong>6</strong></span> <span class='ocrx_word' id='word_1_756' title='bbox 2527 4536 2668 4604; x_wconf 76' lang='grc' dir='ltr'><strong>οἶνος</strong></span> <span class='ocrx_word' id='word_1_757' title='bbox 2715 4544 2810 4596; x_wconf 78' lang='grc' dir='ltr'><strong>καὶ</strong></span> <span class='ocrx_word' id='word_1_758' title='bbox 2840 4541 2900 4594; x_wconf 80' lang='grc' dir='ltr'><strong>τὸ</strong></span> <span class='ocrx_word' id='word_1_759' title='bbox 2931 4541 3152 4605; x_wconf 73' lang='grc' dir='ltr'><strong>οἰνῶδες</strong></span> <span class='ocrx_word' id='word_1_760' title='bbox 3180 4559 3194 4573; x_wconf 77' lang='grc' dir='ltr'><strong><em>ο</em></strong></span> <span class='ocrx_word' id='word_1_761' title='bbox 3248 4543 3448 4613; x_wconf 77' lang='grc' dir='ltr'><strong>βοτάνη</strong></span> <span class='ocrx_word' id='word_1_762' title='bbox 3487 4544 3623 4612; x_wconf 82' lang='grc' dir='ltr'><strong>γοῦν</strong></span> 
     </span>
    </p>
   </div>
   <div class='ocr_carea' id='block_1_107' title="bbox 2049 4632 3621 4706">
    <p class='ocr_par' dir='ltr' id='par_1_107' title="bbox 2049 4632 3621 4706">
     <span class='ocr_line' id='line_1_107' title="bbox 2049 4632 3621 4706; baseline 0.001 -20"><span class='ocrx_word' id='word_1_763' title='bbox 2049 4635 2270 4702; x_wconf 81' lang='grc' dir='ltr'><strong>παχεῖα,</strong></span> <span class='ocrx_word' id='word_1_764' title='bbox 2305 4632 2636 4702; x_wconf 77' lang='grc' dir='ltr'><strong>κατάξηρος,</strong></span> <span class='ocrx_word' id='word_1_765' title='bbox 2662 4632 2898 4703; x_wconf 82' lang='grc' dir='ltr'><strong>ξυλώδης</strong></span> <span class='ocrx_word' id='word_1_766' title='bbox 2929 4633 3030 4702; x_wconf 68' lang='grc' dir='ltr'><strong>μὲν</strong></span> <span class='ocrx_word' id='word_1_767' title='bbox 3056 4633 3274 4706; x_wconf 78' lang='grc' dir='ltr'><strong>λεχθείη</strong></span> <span class='ocrx_word' id='word_1_768' title='bbox 3307 4636 3392 4700; x_wconf 80' lang='grc' dir='ltr'><strong>ἂν,</strong></span> <span class='ocrx_word' id='word_1_769' title='bbox 3419 4634 3480 4688; x_wconf 82' lang='grc' dir='ltr'><strong>οὒ</strong></span> <span class='ocrx_word' id='word_1_770' title='bbox 3509 4637 3621 4704; x_wconf 74' lang='grc' dir='ltr'><strong>μὴν</strong></span> 
     </span>
    </p>
   </div>
   <div class='ocr_carea' id='block_1_108' title="bbox 2049 4723 3621 4795">
    <p class='ocr_par' dir='ltr' id='par_1_108' title="bbox 2049 4723 3621 4795">
     <span class='ocr_line' id='line_1_108' title="bbox 2049 4723 3621 4795; baseline 0.001 -21"><span class='ocrx_word' id='word_1_771' title='bbox 2049 4723 2147 4777; x_wconf 68' lang='grc' dir='ltr'><strong>καὶ</strong></span> <span class='ocrx_word' id='word_1_772' title='bbox 2179 4723 2312 4777; x_wconf 76' lang='grc' dir='ltr'><strong>αὐτὸ</strong></span> <span class='ocrx_word' id='word_1_773' title='bbox 2335 4723 2400 4793; x_wconf 80' lang='grc' dir='ltr'>δὴ</span> <span class='ocrx_word' id='word_1_774' title='bbox 2429 4723 2592 4776; x_wconf 79' lang='grc' dir='ltr'><strong>τοῦτο</strong></span> <span class='ocrx_word' id='word_1_775' title='bbox 2632 4723 2810 4789; x_wconf 77' lang='grc' dir='ltr'><strong>ξύλον,</strong></span> <span class='ocrx_word' id='word_1_776' title='bbox 2835 4724 2931 4776; x_wconf 75' lang='grc' dir='ltr'><strong>καὶ</strong></span> <span class='ocrx_word' id='word_1_777' title='bbox 2961 4725 3110 4778; x_wconf 77' lang='grc' dir='ltr'><strong>ἄπιοι</strong></span> <span class='ocrx_word' id='word_1_778' title='bbox 3139 4725 3378 4788; x_wconf 73' lang='grc' dir='ltr'><strong>οίνώδεις</strong></span> <span class='ocrx_word' id='word_1_779' title='bbox 3406 4726 3525 4795; x_wconf 79' lang='grc' dir='ltr'><strong>μὲν,</strong></span> <span class='ocrx_word' id='word_1_780' title='bbox 3555 4727 3621 4777; x_wconf 81' lang='grc' dir='ltr'><strong>οὗ</strong></span> 
     </span>
    </p>
   </div>
   <div class='ocr_carea' id='block_1_109' title="bbox 2050 4813 3618 4886">
    <p class='ocr_par' dir='ltr' id='par_1_109' title="bbox 2050 4813 3618 4886">
     <span class='ocr_line' id='line_1_109' title="bbox 2050 4813 3618 4886; baseline 0.003 -21"><span class='ocrx_word' id='word_1_781' title='bbox 2050 4817 2158 4885; x_wconf 79' lang='grc' dir='ltr'><strong>μὴν</strong></span> <span class='ocrx_word' id='word_1_782' title='bbox 2200 4814 2519 4883; x_wconf 78' lang='grc' dir='ltr'><strong>ἀκραιφνῶς</strong></span> <span class='ocrx_word' id='word_1_783' title='bbox 2554 4813 2733 4877; x_wconf 72' lang='grc' dir='ltr'><strong>οἶνος·</strong></span> <span class='ocrx_word' id='word_1_784' title='bbox 2787 4814 3027 4870; x_wconf 80' lang='grc' dir='ltr'><strong>τοιοῦτον</strong></span> <span class='ocrx_word' id='word_1_785' title='bbox 3072 4816 3164 4868; x_wconf 75' lang='grc' dir='ltr'><strong>καὶ</strong></span> <span class='ocrx_word' id='word_1_786' title='bbox 3210 4816 3238 4868; x_wconf 89' lang='lat'><strong>6</strong></span> <span class='ocrx_word' id='word_1_787' title='bbox 3276 4816 3618 4886; x_wconf 80' lang='grc' dir='ltr'>σκορπιώδης</span> 
     </span>
    </p>
   </div>
   <div class='ocr_carea' id='block_1_110' title="bbox 2047 4903 3618 4974">
    <p class='ocr_par' dir='ltr' id='par_1_110' title="bbox 2047 4903 3618 4974">
     <span class='ocr_line' id='line_1_110' title="bbox 2047 4903 3618 4974; baseline 0.004 -19"><span class='ocrx_word' id='word_1_788' title='bbox 2047 4904 2143 4972; x_wconf 86' lang='grc' dir='ltr'><strong>τὴν</strong></span> <span class='ocrx_word' id='word_1_789' title='bbox 2179 4903 2454 4971; x_wconf 81' lang='grc' dir='ltr'><strong>γλῶσσαν,</strong></span> <span class='ocrx_word' id='word_1_790' title='bbox 2496 4907 2590 4957; x_wconf 71' lang='grc' dir='ltr'><strong>καὶ</strong></span> <span class='ocrx_word' id='word_1_791' title='bbox 2615 4905 2644 4956; x_wconf 93' lang='lat'><strong>6</strong></span> <span class='ocrx_word' id='word_1_792' title='bbox 2671 4903 2980 4974; x_wconf 76' lang='grc' dir='ltr'><strong>καπνώδης,</strong></span> <span class='ocrx_word' id='word_1_793' title='bbox 3015 4907 3108 4958; x_wconf 77' lang='grc' dir='ltr'><strong>καὶ</strong></span> <span class='ocrx_word' id='word_1_794' title='bbox 3142 4905 3278 4960; x_wconf 78' lang='grc' dir='ltr'><strong>ἄλλα</strong></span> <span class='ocrx_word' id='word_1_795' title='bbox 3311 4908 3411 4959; x_wconf 77' lang='grc' dir='ltr'><strong>οὐκ</strong></span> <span class='ocrx_word' id='word_1_796' title='bbox 3437 4907 3618 4974; x_wconf 77' lang='grc' dir='ltr'><strong>ὀλίγα.</strong></span> 
     </span>
    </p>
   </div>
   <div class='ocr_carea' id='block_1_111' title="bbox 2117 4994 3620 5066">
    <p class='ocr_par' dir='ltr' id='par_1_111' title="bbox 2117 4994 3620 5066">
     <span class='ocr_line' id='line_1_111' title="bbox 2117 4994 3620 5066; baseline 0.002 -19"><span class='ocrx_word' id='word_1_797' title='bbox 2117 4994 2218 5060; x_wconf 67' lang='grc' dir='ltr'><strong>ιιδθ.</strong></span> <span class='ocrx_word' id='word_1_798' title='bbox 2258 4996 2456 5049; x_wconf 79' lang='grc' dir='ltr'><strong>’ἰστέον</strong></span> <span class='ocrx_word' id='word_1_799' title='bbox 2489 4995 2546 5048; x_wconf 81' lang='grc' dir='ltr'>δὲ</span> <span class='ocrx_word' id='word_1_800' title='bbox 2595 4996 2672 5059; x_wconf 84' lang='grc' dir='ltr'><strong>ὡς</strong></span> <span class='ocrx_word' id='word_1_801' title='bbox 2724 4997 2783 5048; x_wconf 77' lang='grc' dir='ltr'><strong>τδ</strong></span> <span class='ocrx_word' id='word_1_802' title='bbox 2837 4997 3082 5066; x_wconf 87' lang='grc' dir='ltr'><strong>πυρῶδες</strong></span> <span class='ocrx_word' id='word_1_803' title='bbox 3126 4996 3291 5050; x_wconf 75' lang='grc' dir='ltr'><strong>καλὸν</strong></span> <span class='ocrx_word' id='word_1_804' title='bbox 3347 5000 3445 5065; x_wconf 76' lang='grc' dir='ltr'><strong>μὲν</strong></span> <span class='ocrx_word' id='word_1_805' title='bbox 3493 4999 3620 5052; x_wconf 76' lang='grc' dir='ltr'><strong>ἀντὶ</strong></span> 
     </span>
    </p>
   </div>
   <div class='ocr_carea' id='block_1_112' title="bbox 2049 5080 3616 5156">
    <p class='ocr_par' dir='ltr' id='par_1_112' title="bbox 2049 5080 3616 5156">
     <span class='ocr_line' id='line_1_112' title="bbox 2049 5080 3616 5156; baseline 0.003 -20"><span class='ocrx_word' id='word_1_806' title='bbox 2049 5085 2428 5155; x_wconf 78' lang='grc' dir='ltr'><strong>ὲπιρῤήματος</strong></span> <span class='ocrx_word' id='word_1_807' title='bbox 2459 5084 2668 5149; x_wconf 75' lang='grc' dir='ltr'><strong>λαϐεῖν,</strong></span> <span class='ocrx_word' id='word_1_808' title='bbox 2716 5080 2805 5138; x_wconf 76' lang='grc' dir='ltr'><strong>οἷα</strong></span> <span class='ocrx_word' id='word_1_809' title='bbox 2870 5086 3125 5150; x_wconf 74' lang='grc' dir='ltr'><strong>ὲξισάζον</strong></span> <span class='ocrx_word' id='word_1_810' title='bbox 3181 5086 3258 5156; x_wconf 81' lang='grc' dir='ltr'><strong>τῷ</strong></span> <span class='ocrx_word' id='word_1_811' title='bbox 3312 5087 3616 5155; x_wconf 83' lang='grc' dir='ltr'><strong>πυρωδῶς·</strong></span> 
     </span>
    </p>
   </div>
   <div class='ocr_carea' id='block_1_113' title="bbox 2044 5173 3620 5248">
    <p class='ocr_par' dir='ltr' id='par_1_113' title="bbox 2044 5173 3620 5248">
     <span class='ocr_line' id='line_1_113' title="bbox 2044 5173 3620 5248; baseline 0.003 -22"><span class='ocrx_word' id='word_1_812' title='bbox 2044 5174 2164 5226; x_wconf 75' lang='grc' dir='ltr'><strong>ἐπεὶ</strong></span> <span class='ocrx_word' id='word_1_813' title='bbox 2209 5174 2266 5227; x_wconf 72' lang='grc' dir='ltr'>δὲ</span> <span class='ocrx_word' id='word_1_814' title='bbox 2312 5176 2586 5248; x_wconf 77' lang='grc' dir='ltr'><strong>ἐτολμήθη</strong></span> <span class='ocrx_word' id='word_1_815' title='bbox 2627 5180 2739 5238; x_wconf 80' lang='grc' dir='ltr'><strong>τοῖς</strong></span> <span class='ocrx_word' id='word_1_816' title='bbox 2773 5177 2878 5245; x_wconf 73' lang='grc' dir='ltr'><strong>πρὸ</strong></span> <span class='ocrx_word' id='word_1_817' title='bbox 2925 5177 3082 5247; x_wconf 78' lang='grc' dir='ltr'><strong>ἡμῶν</strong></span> <span class='ocrx_word' id='word_1_818' title='bbox 3121 5178 3394 5248; x_wconf 77' lang='grc' dir='ltr'><strong>ληφθῆναι</strong></span> <span class='ocrx_word' id='word_1_819' title='bbox 3423 5181 3451 5230; x_wconf 85' lang='lat'><strong>6</strong></span> <span class='ocrx_word' id='word_1_820' title='bbox 3483 5173 3620 5248; x_wconf 81' lang='grc' dir='ltr'><strong>ἦχος</strong></span> 
     </span>
    </p>
   </div>
   <div class='ocr_carea' id='block_1_114' title="bbox 2044 5267 3620 5340">
    <p class='ocr_par' dir='ltr' id='par_1_114' title="bbox 2044 5267 3620 5340">
     <span class='ocr_line' id='line_1_114' title="bbox 2044 5267 3620 5340; baseline 0.003 -22"><span class='ocrx_word' id='word_1_821' title='bbox 2044 5267 2166 5318; x_wconf 76' lang='grc' dir='ltr'><strong>ἀντὶ</strong></span> <span class='ocrx_word' id='word_1_822' title='bbox 2200 5267 2508 5337; x_wconf 82' lang='grc' dir='ltr'><strong>οὐδετέρου,</strong></span> <span class='ocrx_word' id='word_1_823' title='bbox 2557 5268 2642 5321; x_wconf 77' lang='grc' dir='ltr'><strong>ἵνα</strong></span> <span class='ocrx_word' id='word_1_824' title='bbox 2683 5269 2821 5339; x_wconf 81' lang='grc' dir='ltr'><strong>λέγῃ</strong></span> <span class='ocrx_word' id='word_1_825' title='bbox 2867 5269 3179 5337; x_wconf 82' lang='grc' dir='ltr'><strong>αὖτονὸμως</strong></span> <span class='ocrx_word' id='word_1_826' title='bbox 3217 5271 3246 5321; x_wconf 89' lang='lat'><strong>6</strong></span> <span class='ocrx_word' id='word_1_827' title='bbox 3277 5271 3514 5340; x_wconf 74' lang='grc' dir='ltr'><strong>μελῳδὸς</strong></span> <span class='ocrx_word' id='word_1_828' title='bbox 3561 5272 3620 5323; x_wconf 72' lang='grc' dir='ltr'><strong>τὸ</strong></span> 
     </span>
    </p>
   </div>
   <div class='ocr_carea' id='block_1_115' title="bbox 2046 5353 3621 5433">
    <p class='ocr_par' dir='ltr' id='par_1_115' title="bbox 2046 5353 3621 5433">
     <span class='ocr_line' id='line_1_115' title="bbox 2046 5353 3621 5433; baseline 0.001 -23"><span class='ocrx_word' id='word_1_829' title='bbox 2046 5357 2296 5426; x_wconf 86' lang='grc' dir='ltr'><strong>πυρῶδες</strong></span> <span class='ocrx_word' id='word_1_830' title='bbox 2324 5353 2483 5429; x_wconf 82' lang='grc' dir='ltr'><strong>ἦχος,</strong></span> <span class='ocrx_word' id='word_1_831' title='bbox 2511 5360 2632 5413; x_wconf 67' lang='grc' dir='ltr'><strong>ἀντὶ</strong></span> <span class='ocrx_word' id='word_1_832' title='bbox 2655 5359 2748 5412; x_wconf 88' lang='grc' dir='ltr'><strong>τοῦ</strong></span> <span class='ocrx_word' id='word_1_833' title='bbox 2775 5363 2836 5412; x_wconf 84' lang='grc' dir='ltr'><strong>τὸ</strong></span> <span class='ocrx_word' id='word_1_834' title='bbox 2866 5359 3069 5429; x_wconf 82' lang='grc' dir='ltr'><strong>βρέμον</strong></span> <span class='ocrx_word' id='word_1_835' title='bbox 3096 5361 3236 5415; x_wconf 67' lang='grc' dir='ltr'><strong>κατὰ</strong></span> <span class='ocrx_word' id='word_1_836' title='bbox 3266 5360 3374 5430; x_wconf 86' lang='grc' dir='ltr'>πῦρ</span> <span class='ocrx_word' id='word_1_837' title='bbox 3404 5365 3621 5433; x_wconf 64' lang='grc' dir='ltr'><strong>ἦχημα,</strong></span> 
     </span>
    </p>
   </div>
   <div class='ocr_carea' id='block_1_116' title="bbox 2046 5448 3621 5521">
    <p class='ocr_par' dir='ltr' id='par_1_116' title="bbox 2046 5448 3621 5521">
     <span class='ocr_line' id='line_1_116' title="bbox 2046 5448 3621 5521; baseline 0.001 -21"><span class='ocrx_word' id='word_1_838' title='bbox 2046 5449 2102 5517; x_wconf 82' lang='grc' dir='ltr'><strong>ἡ,</strong></span> <span class='ocrx_word' id='word_1_839' title='bbox 2137 5448 2214 5509; x_wconf 77' lang='grc' dir='ltr'><strong>ὡς</strong></span> <span class='ocrx_word' id='word_1_840' title='bbox 2260 5450 2482 5520; x_wconf 76' lang='grc' dir='ltr'><strong>ὲρῤέοη,</strong></span> <span class='ocrx_word' id='word_1_841' title='bbox 2513 5450 2666 5520; x_wconf 86' lang='grc' dir='ltr'><strong>βιαία</strong></span> <span class='ocrx_word' id='word_1_842' title='bbox 2714 5453 2885 5521; x_wconf 80' lang='grc' dir='ltr'><strong>πνοή·</strong></span> <span class='ocrx_word' id='word_1_843' title='bbox 2939 5452 3079 5504; x_wconf 74' lang='grc' dir='ltr'><strong>ἔστω</strong></span> <span class='ocrx_word' id='word_1_844' title='bbox 3120 5452 3285 5506; x_wconf 81' lang='grc' dir='ltr'><strong>καλὸν</strong></span> <span class='ocrx_word' id='word_1_845' title='bbox 3319 5454 3415 5506; x_wconf 74' lang='grc' dir='ltr'><strong>καὶ</strong></span> <span class='ocrx_word' id='word_1_846' title='bbox 3461 5453 3621 5516; x_wconf 69' lang='grc' dir='ltr'><strong>αὐτὸ,</strong></span> 
     </span>
    </p>
   </div>
   <div class='ocr_carea' id='block_1_117' title="bbox 2045 5539 3618 5613">
    <p class='ocr_par' dir='ltr' id='par_1_117' title="bbox 2045 5539 3618 5613">
     <span class='ocr_line' id='line_1_117' title="bbox 2045 5539 3618 5613; baseline 0.002 -22"><span class='ocrx_word' id='word_1_847' title='bbox 2045 5539 2194 5591; x_wconf 83' lang='grc' dir='ltr'><strong>καοά</strong></span> <span class='ocrx_word' id='word_1_848' title='bbox 2217 5557 2359 5593; x_wconf 80' lang='grc' dir='ltr'><strong>τισιν</strong></span> <span class='ocrx_word' id='word_1_849' title='bbox 2387 5541 2575 5610; x_wconf 65' lang='grc' dir='ltr'><strong>ἤρεσε,</strong></span> <span class='ocrx_word' id='word_1_850' title='bbox 2605 5542 2701 5594; x_wconf 71' lang='grc' dir='ltr'><strong>καὶ</strong></span> <span class='ocrx_word' id='word_1_851' title='bbox 2731 5543 2760 5594; x_wconf 89' lang='lat'><strong>6</strong></span> <span class='ocrx_word' id='word_1_852' title='bbox 2787 5541 2982 5612; x_wconf 80' lang='grc' dir='ltr'><strong>θρῆνος</strong></span> <span class='ocrx_word' id='word_1_853' title='bbox 3016 5542 3127 5594; x_wconf 86' lang='grc' dir='ltr'><strong>τῶν</strong></span> <span class='ocrx_word' id='word_1_854' title='bbox 3167 5543 3516 5613; x_wconf 65' lang='grc' dir='ltr'><strong>μυῳφὸρων,</strong></span> <span class='ocrx_word' id='word_1_855' title='bbox 3558 5544 3618 5594; x_wconf 73' lang='grc' dir='ltr'><strong>τὺ</strong></span> 
     </span>
    </p>
   </div>
   <div class='ocr_carea' id='block_1_118' title="bbox 2047 5626 3617 5701">
    <p class='ocr_par' dir='ltr' id='par_1_118' title="bbox 2047 5626 3617 5701">
     <span class='ocr_line' id='line_1_118' title="bbox 2047 5626 3617 5701; baseline 0.004 -24"><span class='ocrx_word' id='word_1_856' title='bbox 2047 5626 2244 5694; x_wconf 82' lang='grc' dir='ltr'><strong>θρῆνος</strong></span> <span class='ocrx_word' id='word_1_857' title='bbox 2270 5628 2524 5696; x_wconf 83' lang='grc' dir='ltr'><strong>λέγεσθαι</strong></span> <span class='ocrx_word' id='word_1_858' title='bbox 2549 5645 2564 5659; x_wconf 83' lang='grc'><em>’</em></span> <span class='ocrx_word' id='word_1_859' title='bbox 2603 5632 2814 5700; x_wconf 82' lang='grc' dir='ltr'><strong>μήποτε</strong></span> <span class='ocrx_word' id='word_1_860' title='bbox 2844 5632 2900 5684; x_wconf 78' lang='grc' dir='ltr'>δὲ</span> <span class='ocrx_word' id='word_1_861' title='bbox 2927 5633 3028 5684; x_wconf 72' lang='grc' dir='ltr'><strong>οἷικ</strong></span> <span class='ocrx_word' id='word_1_862' title='bbox 3057 5631 3124 5686; x_wconf 77' lang='grc' dir='ltr'><strong>ἂν</strong></span> <span class='ocrx_word' id='word_1_863' title='bbox 3154 5633 3182 5684; x_wconf 87' lang='lat'><strong>6</strong></span> <span class='ocrx_word' id='word_1_864' title='bbox 3219 5631 3453 5701; x_wconf 73' lang='grc' dir='ltr'><strong>μελῳδὸς</strong></span> <span class='ocrx_word' id='word_1_865' title='bbox 3484 5631 3617 5684; x_wconf 75' lang='grc' dir='ltr'><strong>αὐτὸ</strong></span> 
     </span>
    </p>
   </div>
   <div class='ocr_carea' id='block_1_119' title="bbox 2050 5716 3616 5792">
    <p class='ocr_par' dir='ltr' id='par_1_119' title="bbox 2050 5716 3616 5792">
     <span class='ocr_line' id='line_1_119' title="bbox 2050 5716 3616 5792; baseline 0.004 -25"><span class='ocrx_word' id='word_1_866' title='bbox 2050 5716 2424 5786; x_wconf 80' lang='grc' dir='ltr'><strong>καταδέξοιτο,</strong></span> <span class='ocrx_word' id='word_1_867' title='bbox 2457 5719 2515 5774; x_wconf 83' lang='grc' dir='ltr'><strong>εὖ</strong></span> <span class='ocrx_word' id='word_1_868' title='bbox 2545 5721 2701 5787; x_wconf 76' lang='grc' dir='ltr'><strong>εἰδὼς</strong></span> <span class='ocrx_word' id='word_1_869' title='bbox 2732 5723 2911 5777; x_wconf 71' lang='grc' dir='ltr'><strong>ἐκεῖνο</strong></span> <span class='ocrx_word' id='word_1_870' title='bbox 2950 5723 3032 5777; x_wconf 84' lang='grc' dir='ltr'><strong>ὃτι</strong></span> <span class='ocrx_word' id='word_1_871' title='bbox 3061 5723 3171 5791; x_wconf 68' lang='grc' dir='ltr'><strong>ἀὴρ</strong></span> <span class='ocrx_word' id='word_1_872' title='bbox 3212 5721 3315 5790; x_wconf 69' lang='grc' dir='ltr'><strong>μὲν</strong></span> <span class='ocrx_word' id='word_1_873' title='bbox 3343 5721 3493 5792; x_wconf 73' lang='grc' dir='ltr'><strong>ἠχῶν</strong></span> <span class='ocrx_word' id='word_1_874' title='bbox 3518 5722 3616 5774; x_wconf 83' lang='grc' dir='ltr'><strong>καὶ</strong></span> 
     </span>
    </p>
   </div>
  </div>
