3996 6194
345 206 447 272 θιι
1050 201 1402 264 ΕΗΞΤΑἸἩ
1417 199 1470 258 ll
1511 190 1953 258 THESSALON

2065 189 2256 249 iNSlS
2292 180 2858 248 METROPOLITE.
3480 170 3594 232 6l2

350 325 582 389 habeat;
623 318 920 391 procedens
967 326 1150 371 autem
1189 315 1676 370 exindesolussive
1727 315 1955 380 unigw.

2068 323 2125 366 ος
2177 305 2297 373 ἦτοι
2332 305 2624 372 μονογενὴς
2671 303 2762 354 καὶ
2787 295 2867 364 εἷς
2920 299 2982 364 ἐξ
3003 300 3118 353 οἴου
3173 297 3335 364 μόνου
3373 291 3598 360 Πατρός

351 416 517 474 nitus,
545 424 599 464 et
621 425 760 463 unus
814 424 879 462 ex
896 422 1004 461 uno
1027 407 1142 460 solo
1190 404 1342 458 Patre
1369 405 1486 458 sine
1511 413 1715 466 matre;
1754 417 1788 455 ο
1819 417 1910 454 rex

2067 412 2138 464 χα
2174 396 2406 464 μητρός.
2441 390 2513 445 Ὦ
2540 392 2669 459 γοῦν
2697 390 2910 445 τοιοῦτε
2963 384 3342 452 Παμϐασιλεῦ.
3369 385 3399 436 ό
3431 385 3598 451 μόνος

351 505 717 572 omnipotens,
753 510 806 554 ιιι
841 499 1012 561 solus,
1046 507 1120 558 et,
1158 508 1218 552 ut
1261 503 1333 550 ita
1364 495 1565 557 dicam,
1610 493 1914 548 solissimus

2065 490 2134 549 ιὶ,
2167 487 2243 548 ὡς
2271 487 2442 548 οὕτως
2489 488 2686 548 είπεῖν,
2725 482 3034 550 μονώτατος
3080 475 3360 547 προελθὼν
3385 471 3496 536 oio;
3536 473 3603 534 ἐξ

357 593 662 662 procedens
695 607 837 644 unus
899 606 964 642 ex
1017 605 1145 653 uno,
1205 589 1346 644 sicut
1406 587 1666 648 diximus,
1717 583 1913 650 Patre;

358 688 576 749 misisti,
649 684 863 738 mentiri
927 682 1186 746 nescius,
1254 683 1327 734 uti
1395 681 1743 749 promiseras,
1810 680 1920 735 tuis

359 775 642 844 apostolis,
689 775 1013 844 mquiparem
1086 775 1180 828 tibi
1216 785 1270 828 et
1336 789 1582 828 veracem
1617 771 1918 841 Spiritum:

360 882 456 935 per
495 868 668 934 ipsum
705 867 849 920 enim
904 867 1047 919 sicut
1072 881 1169 934 per
1203 877 1252 917 te
1292 880 1356 918 ac
1393 864 1606 916 Patrem
1645 865 1921 932 spiramus

361 969 588 1027 utraque
615 959 719 1012 vita
748 959 987 1012 viventes
1017 975 1031 1022 ;
1073 969 1340 1024 quatenus
1366 957 1528 1009 etiam
1563 954 1926 1009 communiter

361 1048 652 1102 benefacit.
702 1047 914 1112 Quibus
945 1046 1162 1100 autem?
1192 1045 1322 1098 'I‘uis
1345 1043 1627 1111 apostolis,
1657 1041 1797 1096 istud
1836 1055 1928 1094 ca-

364 1139 621 1193 nentibus
647 1138 1058 1207 propheticum:
1097 1135 1279 1190 Gloria
1332 1134 1581 1202 potestati
1640 1144 1767 1195 ture,
1828 1130 1929 1183 Do-

364 1229 512 1282 mine
538 1245 552 1294 ;
593 1232 671 1283 sic
701 1229 844 1282 enim
873 1235 1088 1296 praestat
1120 1227 1381 1286 scribi-rc,
1403 1224 1559 1288 δόξαν
1593 1239 1717 1278 cum
1753 1223 1932 1276 littera

365 1338 416 1374 ν.
450 1319 561 1374 Rex
600 1335 786 1388 regum
833 1333 962 1372 vero
1006 1316 1255 1370 Salvator
1307 1324 1410 1375 cst,
1470 1331 1596 1383 qua,
1645 1316 1793 1383 juxta
1845 1329 1935 1366 sa-

368 1412 606 1479 pientem
658 1408 1084 1476 partemiastam,
1147 1425 1165 1455 ι
1208 1406 1502 1473 peripsum
1555 1404 1738 1458 cuneti
1783 1418 1936 1471 reges

371 1511 620 1571 regnant,
667 1520 686 1552 ι
728 1510 1010 1570 pascentes
1040 1513 1136 1552 eos
1172 1497 1263 1565 qui
1298 1498 1445 1551 circa
1480 1497 1626 1566 ipsos
1655 1506 1784 1550 sunt
1815 1511 1936 1551 cum

371 1595 641 1662 adjutorio
675 1591 848 1645 baculi
879 1600 932 1646 et
960 1591 1159 1660 virgae;
1197 1605 1390 1657 «quam
1421 1589 1571 1643 dabit
1605 1589 1709 1644 illis
1738 1587 1931 1643 Deus.»

371 1686 491 1740 Non
530 1699 658 1738 vero
691 1682 992 1738 secundum
1041 1691 1348 1735 accuratam
1379 1680 1707 1734 locutionem
1741 1679 1941 1748 pradi-

373 1785 530 1830 catur
611 1787 702 1828 rex
763 1787 974 1840 regum,
1057 1781 1314 1840 tanquam
1377 1771 1678 1825 obsistente
1730 1779 1937 1823 metro:

376 1882 489 1922 non
564 1865 708 1920 enim
788 1862 1109 1931 simpliciter
1193 1877 1286 1915 rex
1370 1875 1602 1928 regum,
1669 1860 1755 1913 ille
1822 1858 1942 1912 Rex

377 1967 460 2010 est
512 1968 783 2010 summus.
841 1951 982 2006 Mille
1037 1966 1270 2015 namque
1311 1965 1464 2019 reges
1516 1951 1569 2004 in
1629 1949 1829 2004 mundo
1857 1951 1946 2005 fu-

377 2054 537 2100 erunt
594 2053 646 2098 et
703 2053 868 2104 sunt,
930 2043 1020 2109 qui
1071 2051 1251 2095 tamen
1330 2056 1438 2094 non
1473 2040 1732 2095 dicuntur
1799 2055 1950 2094 sutn«

381 2135 455 2188 mi
485 2148 637 2203 rcges
686 2141 778 2186 aut
832 2133 1030 2186 summi
1055 2133 1240 2186 duces.
1292 2131 1486 2185 Tutius
1515 2147 1644 2201 ergo
1677 2132 1944 2200 pedestris

380 2237 537 2278 sacer
591 2220 878 2276 Psalmista
922 2221 986 2274 de
1016 2221 1122 2274 Deo
1153 2221 1332 2275 dixit:
1368 2240 1385 2272 ι
1418 2219 1522 2286 Qui
1589 2205 1732 2276 ﬂexi
1759 2236 1947 2290 regum

382 2323 468 2370 est
509 2328 574 2368 ac
621 2314 784 2367 Deus.
819 2331 838 2363 ι

454 2404 544 2459 97.
579 2405 634 2458 In
662 2404 764 2458 hoc
784 2414 961 2458 autem
1009 2401 1121 2466 oio;
1154 2411 1205 2456 et
1236 2404 1288 2456 in
1319 2405 1420 2458 hoc
1464 2405 1642 2473 μόνος,
1695 2403 1952 2459 dilferen-

385 2493 518 2548 tiam
576 2496 928 2550 exsistentem
978 2496 1354 2549 examincmus
1405 2495 1548 2564 quod
1599 2495 1790 2564 μόνος
1837 2496 1956 2564 qui-

387 2586 530 2649 dem,
552 2601 698 2652 cum,
721 2594 777 2639 ut
794 2586 946 2640 aiunt
971 2587 1263 2653 sapientes.
1295 2589 1360 2640 ad
1383 2587 1584 2656 aliquid
1603 2587 1952 2654 coniunctum

387 2679 608 2740 dicitur,
640 2678 721 2732 sic
751 2677 818 2730 ad
847 2677 950 2731 sibi
999 2677 1323 2744 coniunctos
1382 2692 1570 2732 omnes
1629 2678 1768 2732 alios
1817 2678 1956 2733 tilios

388 2769 796 2840 pronuntiatur.
831 2766 956 2830 υἷος
1007 2777 1186 2821 autem
1244 2767 1309 2821 ad
1351 2768 1551 2836 aliquid
1609 2785 1776 2824 unum
1811 2771 1862 2823 in
1899 2785 1958 2824 se

391 2859 612 2921 dicitur,
645 2857 792 2926 quod
824 2873 929 2910 non
969 2858 1132 2910 habet
1158 2856 1378 2910 fratrem
1429 2857 1581 2922 iuxta
1639 2858 1955 2913 similitudi.

2015 578 2152 645 οἴου,
2191 579 2267 642 ὼς
2317 580 2548 647 ἔφαμεν,
2596 575 2806 644 Πατρός
2833 589 2846 602 °
2873 569 3186 638 ἐξέπεμψας
3227 567 3303 627 ὼς
3336 563 3602 633 ἀψευδὴς,

2019 671 2160 724 καθὰ
2191 671 2429 739 ὑπέσχου
2469 673 2584 731 τοῖς
2618 673 2734 730 σοῖς
2781 663 3124 726 ἀποστόλοις,
3171 658 3445 717 ἰσοσθενές
3499 671 3605 705 σου

2021 763 2246 830 Πνεῦμα
2287 763 2382 814 καὶ
2411 760 2643 831 ἀληθές·
2685 759 2754 812 δι’
2795 757 2959 811 αὐτοῦ
2996 755 3105 823 γάρ
3147 753 3220 810 ὡς
3253 749 3350 804 καὶ
3376 748 3465 801 διά
3503 743 3610 798 σοῦ

2023 857 2117 908 καὶ
2151 854 2363 924 Πατρός
2400 853 2635 923 πνέομεν
2664 850 2866 914 ζῶντες
2893 851 3163 917 ἑκατέραν
3185 845 3332 913 ζωήν
3355 857 3369 870 ⁸
3405 839 3614 894 καθότι

2025 948 2120 999 καὶ
2157 947 2310 1015 κοινῇ
2342 945 2682 1015 εὐεργετεῖτε
2703 959 2718 973 ο
2751 940 2928 1003 ποίοις
2965 940 3023 992 δέ
3051 955 3067 1003 ;
3095 934 3448 996 Ἀποστόλοις
3479 948 3608 993 σου,

2027 1043 2139 1102 τοῖς
2173 1038 2392 1109 ᾄδουσιν
2419 1040 2595 1090 ἐκεῖνο
2629 1033 2972 1106 προφητικὸν
3014 1030 3096 1092 τὸ,
3127 1031 3264 1094 Δόξα
3295 1029 3372 1094 τῷ
3405 1025 3616 1092 κράτει.

2032 1148 2150 1193 σου,
2182 1129 2355 1200 Κύριε
2379 1145 2393 1160 ο
2435 1127 2578 1181 οὕτω
2605 1128 2713 1197 γὰρ
2748 1127 2975 1192 ἄμεινον
3003 1123 3236 1190 γράφειν
3271 1121 3417 1189 ἥπερ
3447 1113 3619 1178 δόξαν

2037 1223 2175 1292 μετά
2203 1222 2296 1274 τοῦ
2327 1239 2376 1275 ν.
2407 1219 2576 1283 Ἀναξ
2610 1219 2667 1273 δὲ
2711 1218 2961 1271 ἀνάκτων
2987 1215 3015 1267 ό
3049 1213 3262 1282 Σωτὴρ,
3293 1211 3431 1262 διότι
3460 1204 3616 1260 κατὰ

2035 1315 2129 1367 τὸν
2161 1313 2324 1381 σοφὸν
2352 1310 2762 1381 παροιμιαστὴν
2791 1309 2860 1361 δι’
2891 1305 3061 1360 αὐτοῦ
3096 1304 3335 1374 βασιλεῖς
3372 1302 3621 1359 ἅπαντες·

2041 1404 2408 1474 βασιλεύουσι,
2460 1400 2838 1469 ποιμαίνοντες
2876 1401 3005 1459 τοὺς
3032 1396 3161 1464 περὶ
3192 1392 3388 1451 αὐτοὺς
3422 1404 3619 1456 παρσ-

2041 1499 2234 1566 κλήσει
2268 1495 2468 1567 ῥάϐδου
2506 1497 2598 1549 καὶ
2625 1491 2929 1562 βακτηρίας
2968 1491 3163 1543 όποίαν
3188 1487 3350 1539 δώσει
3373 1485 3620 1545 ἐκείνοις

2043 1593 2070 1642 ό
2113 1590 2265 1649 Θεός.
2300 1588 2379 1641 Οὐ
2431 1587 2568 1656 πρὸς
2609 1584 2898 1654 ἀκρίϐειαν
2930 1581 2987 1634 δὲ
3039 1581 3356 1650 πέφρασται
3384 1577 3447 1630 τὺ
3476 1575 3625 1639 ἄναξ

2045 1682 2311 1742 ἀνάκτων,
2354 1673 2442 1730 οἷα
2477 1678 2914 1745 προσισταμένου
2955 1673 3049 1726 τοῦ
3088 1673 3288 1742 μέτρου
3311 1684 3326 1700 ⁸
3355 1669 3418 1720 οὐ
3450 1669 3562 1736 γάρ
3590 1671 3624 1717 ο

2045 1773 2231 1833 ἁπλῶς
2259 1770 2507 1823 ἀνάκτων
2531 1768 2685 1833 ἄναξ,
2706 1769 2910 1829 ἐκεῖνος
2921 1767 3028 1818 καὶ
3051 1759 3430 1831 παμϐασιλεῦς
3455 1760 3573 1811 ἑστι
3601 1772 3620 1786 ο

2049 1865 2232 1933 μυρίοι
2265 1859 2398 1927 γοῦν
2427 1862 2485 1912 ὲν
2513 1859 2589 1927 τῷ
2618 1859 2810 1928 κόσμῳ
2835 1856 3085 1910 ἀνάκτων
3111 1853 3204 1906 καὶ
3233 1851 3494 1919 γεγόνασι
3520 1849 3625 1901 καὶ

2046 1957 2185 2009 εἰσὶν
2217 1956 2468 2016 ἄνακτες,
2497 1953 2590 2004 καὶ
2617 1953 2768 2020 ὅμως
2805 1951 2868 2002 οὐ
2896 1950 3145 2017 λέγονται
3183 1943 3551 2016 παμϐασιλεῖς
3581 1943 3624 2012 ἧ

2051 2049 2445 2107 παντάνακτες.
2485 2043 2545 2099 Ὀ
2565 2043 2694 2110 γοῦν
2718 2041 3068 2110 πεζολογικδς
3095 2039 3419 2110 ἱεροψάλτης
3444 2039 3632 2103 ἀσφα-

2049 2139 2301 2208 λέστερον
2333 2134 2485 2190 εἶπεν
2516 2138 2609 2188 ἐπὶ
2659 2135 2796 2190 Θεοῦ
2834 2135 2918 2200 τὸ,
2965 2133 3026 2184 '0
3059 2133 3166 2186 τῶν
3196 2131 3447 2184 ἀνάκτων
3480 2126 3630 2188 ἄναξ

2054 2237 2146 2290 καὶ
2180 2234 2331 2297 Θεός.

2127 2415 2231 2483 [ιζ’.
2273 2416 2362 2468 Ἐν
2385 2412 2441 2467 δὲ
2465 2412 2545 2483 τῷ
2575 2407 2686 2474 οἶος
2730 2411 2825 2464 καὶ
2853 2411 2911 2462 ὲν
2939 2407 3018 2478 τῷ
3051 2408 3211 2475 μόνος
3243 2404 3351 2476 χρὴ
3388 2405 3630 2473 επιστ-ἧ·-

2059 2529 2149 2564 σαι
2177 2511 2243 2580 τῇ
2277 2508 2400 2561 κατ’
2425 2506 2566 2560 αὐτὰ
2613 2505 2870 2575 διαφορᾷ,
2916 2505 3012 2556 καὶ
3060 2501 3253 2571 νοῆσαι
3285 2501 3369 2553 δτι
3417 2500 3478 2551 τὸ
3526 2501 3634 2570 μὲν

2062 2603 2220 2672 μόνος
2253 2601 2386 2669 πρός
2405 2615 2460 2651 τι
2485 2596 2775 2665 συζυγοῦν,
2804 2596 2879 2658 ὥς
2908 2610 3074 2662 φασιν
3100 2594 3151 2646 oi
3185 2595 3362 2660 σοφοὶ,
3385 2591 3636 2660 λεγόμε-

2058 2711 2167 2756 νον,
2197 2692 2269 2752 ὡς
2300 2692 2437 2760 πρὸς
2478 2688 2845 2756 συζυγοῦντας
2881 2688 3028 2757 αὑτῷ
3059 2686 3328 2757 φράζεται
3377 2687 3505 2748 τοὺς
3537 2685 3640 2738 άλ-

2059 2786 2185 2848 λους
2218 2783 2464 2844 ἅπαντας
2495 2781 2644 2844 uicti;
2671 2795 2688 2811 °
2722 2780 2783 2832 τὸ
2808 2781 2866 2834 δὲ
2890 2775 3002 2843 οἷος
3025 2780 3161 2850 πρός
3181 2795 3234 2832 τι
3262 2778 3324 2832 ὃν
3349 2779 3448 2832 καὶ
3472 2779 3636 2841 αὐτὸ,

2059 2881 2159 2932 οὐκ
2195 2877 2307 2948 ἔχει
2341 2876 2574 2944 σύζυγον
2619 2872 2849 2941 ἀδελφὸν
2881 2873 3022 2925 κατὰ
3066 2873 3126 2926 τὸ
3177 2872 3325 2935 είκός
3350 2886 3366 2902 ο
3412 2872 3559 2925 ὥστε
3585 2872 3642 2924 εί

391 2965 517 3004 nem
573 2948 918 3018 adjunctnm.
954 2948 1010 3000 Si
1047 2961 1177 3015 ergo
1217 2947 1553 3016 synonymiae
1609 2963 1772 3003 causa
1814 2949 1952 3004 idem

2065 2973 2157 3026 mi
2189 2947 2385 3023 ταυτόν
2425 2973 2542 3020 ἐστι
2594 2965 2939 3034 συνωνυμίας
2967 2964 3111 3033 λόγῳ
3158 2959 3270 3027 οἷος
3320 2965 3494 3016 εἰπεῖν
3535 2963 3640 3017 καὶ

391 3049 478 3095 est
504 3038 706 3101 dicere,
772 3033 883 3099 οἷος
911 3047 967 3090 et
1005 3036 1185 3103 μόνος,
1223 3036 1368 3090 clara
1403 3045 1580 3092 tamen
1633 3039 1959 3109 interpreta-

395 3133 472 3186 tio
498 3129 878 3186 eoniusionem
939 3128 1063 3182 inde
1126 3138 1390 3183 amovet:
1429 3129 1563 3183 dicit
1612 3132 1755 3185 enim
1810 3148 1965 3188 sacer

395 3231 554 3292 poeta
583 3221 674 3274 Dei
715 3220 950 3274 Verbum
986 3219 1159 3274 solum
1197 3219 1372 3288 ipsum
1416 3236 1480 3275 ex
1530 3223 1786 3278 omnibus
1841 3224 1964 3281 quis

397 3312 642 3383 generari
676 3307 809 3372 οἷον,
841 3311 955 3365 sive
987 3326 1177 3373 unum,
1228 3325 1294 3364 ex
1322 3312 1419 3381 οἵῳ
1469 3311 1649 3377 Patre,
1687 3314 1802 3368 sive
1855 3331 1963 3368 non

399 3403 717 3473 coniuncto,
749 3401 980 3471 ideoque
1012 3403 1149 3456 solo.
1174 3401 1378 3457 Similis
1406 3413 1490 3458 est
1534 3404 1788 3465 loquendi
1849 3421 1968 3459 mo-

401 3497 504 3552 dus
524 3511 586 3551 ac
614 3496 659 3552 si
690 3496 812 3565 quis
838 3496 1118 3563 speciatim
1153 3496 1440 3564 quemdam
1485 3497 1538 3551 in
1569 3497 1728 3552 laude
1785 3512 1968 3566 segre-

401 3604 560 3660 gans,
595 3603 658 3643 ac
685 3589 880 3643 nolens
908 3589 1074 3642 alium
1101 3599 1294 3658 printer
1321 3591 1494 3659 ipsum
1531 3591 1790 3658 reputari,
1822 3591 1971 3645 dice-

403 3691 486 3736 ret
513 3681 658 3750 quod
682 3676 794 3743 οίος
851 3680 967 3734 sive
1007 3696 1148 3735 unus
1179 3681 1268 3735 ille
1301 3680 1541 3750 possidet
1592 3681 1738 3736 istud
1795 3681 1971 3738 laudis

403 3787 592 3840 genus,
620 3773 770 3829 solus
801 3781 855 3826 et
885 3787 988 3828 non
1047 3788 1170 3828 cum
1209 3774 1318 3828 alio
1371 3789 1720 3843 quocunque.
1793 3774 1969 3828 Simili

404 3863 568 3918 modo
618 3863 867 3918 melodus
923 3877 1086 3917 voces
1149 3857 1264 3926 οἷος
1310 3873 1365 3917 et
1416 3863 1574 3932 μόνος
1637 3864 1702 3917 ad
1772 3862 1972 3918 Filium

404 3954 501 4010 Dei
527 3955 896 4018 consociavit;
959 3948 1074 4006 οἷον
1115 3953 1324 4020 dicens,
1373 3956 1496 4024 quia
1541 3955 1691 4009 solus
1747 3954 1848 4008 iste
1881 3953 1976 4007 Fi-

407 4046 533 4110 lius,
561 4061 662 4098 nec
692 4045 852 4108 alius,
885 4059 1026 4096 unus
1064 4041 1236 4097 Filius
1263 4053 1554 4110 generatus
1599 4053 1682 4098 est
1720 4044 1870 4096 solus
1894 4044 1976 4095 in-

406 4137 588 4204 genito
613 4145 822 4202 patrum
855 4133 996 4186 Patri
1023 4149 1038 4196 ;
1071 4133 1386 4200 signiﬁcans
1455 4133 1538 4188 liis
1583 4151 1701 4202 quae
1723 4134 1978 4205 praeclare

407 4227 559 4289 dicit,
583 4228 724 4292 quod
753 4226 900 4278 mille
929 4224 1148 4293 quidem
1181 4232 1308 4277 sunt
1352 4225 1496 4278 mille
1520 4226 1760 4290 patribus
1793 4226 1979 4294 unige-

410 4311 681 4382 niti;oio;
729 4324 910 4369 autem
941 4316 1021 4370 vel
1066 4331 1209 4371 unus
1260 4315 1606 4379 Filius,quod
1665 4325 1749 4370 est
1797 4318 1969 4380 solus,

409 4421 529 4471 seu,
551 4405 692 4474 quod
721 4404 864 4458 idem
893 4415 974 4459 est
1005 4405 1213 4468 dicere,
1251 4406 1590 4473 unigenitus,
1622 4421 1688 4458 ex
1729 4407 1824 4475 οἵῳ
1855 4407 1971 4462 sive

416 4510 526 4550 uno
585 4495 701 4550 solo
763 4495 938 4557 Patre,
968 4495 1146 4551 nullus
1195 4506 1277 4550 est
1329 4496 1490 4559 alius,
1515 4495 1618 4548 nisi
1655 4506 1709 4549 tu
1750 4499 1974 4552 omnino

409 4587 580 4641 solus.

481 4699 571 4755 98.
610 4697 874 4752 Memento
904 4711 1064 4765 porro
1097 4695 1236 4763 quod
1269 4695 1311 4748 si
1336 4704 1414 4747 ter
1439 4708 1539 4746 vox
1559 4689 1668 4757 οἷος
1698 4695 1782 4748 vel
1814 4696 1972 4765 μόνος

411 4791 466 4845 in
502 4805 639 4843 nexu
675 4797 839 4850 esset,
875 4787 1063 4841 eadem
1097 4784 1363 4839 sententia
1386 4787 1470 4853 pie
1501 4787 1809 4840 conservari
1845 4803 1976 4854 pos-

413 4890 518 4936 set.
550 4880 711 4933 Solus
745 4882 888 4932 enim
941 4878 1191 4930 Salvator
1247 4877 1348 4930 soli
1407 4874 1549 4928 Patri
1597 4877 1746 4931 solus
1804 4878 1973 4934 Filius

415 4982 704 5043 generatus
738 4980 839 5023 est.
877 4969 965 5021 Sic
997 4978 1174 5021 autem
1205 4970 1368 5019 etiam
1420 4963 1531 5029 οἷος
1572 4968 1664 5021 ille
1690 4983 1758 5023 ex
1810 4969 1972 5024 Patre

413 5067 510 5136 οίῳ
564 5060 673 5125 οἷος
705 5063 890 5115 exivit.
924 5061 1166 5114 Melodus
1222 5075 1347 5114 vero
1408 5062 1734 5115 loeutionetn
1788 5065 1974 5133 dispo-

414 5159 544 5220 suit,
577 5157 874 5214 alternaus.
907 5166 966 5207 ut
995 5165 1227 5206 metrum
1268 5153 1450 5207 dabat.
1485 5153 1776 5207 Sciendum
1808 5166 1970 5210 etiam

321 5283 326 5290 .
414 5244 560 5314 quod
601 5243 787 5296 istud;
822 5255 988 5296 unum
1052 5257 1117 5295 ex
1154 5257 1264 5294 ιιιιο
1313 5239 1472 5294 Patre
1507 5242 1683 5296 solum
1739 5243 1972 5298 Verbum

413 5339 623 5402 exiens,
692 5352 798 5389 non
857 5335 1088 5389 absurde
1141 5335 1262 5402 quis
1317 5334 1515 5390 diceret
1572 5337 1977 5406 autistrophum

414 5442 510 5482 seu
544 5428 898 5498 atquipollens
935 5428 1107 5482 ltuic~z
1151 5428 1310 5482 Solus
1351 5425 1660 5494 unigenitor
1711 5428 1977 5498 unigeniti

417 5517 514 5573 ﬁlii
542 5517 724 5574 Pater.
758 5520 915 5574 Circa
957 5519 1144 5573 eadem
1181 5517 1324 5571 enim
1350 5532 1413 5569 ex
1443 5530 1599 5584 a:quo
1651 5530 1980 5576 convertim-

2069 3063 2249 3132 μόνος,
2285 3059 2419 3111 ἀλλὰ
2446 3059 2480 3126 ἡ
2516 3056 2690 3125 σαφὴς
2719 3053 2982 3124 ἑρμηνεία
3029 3053 3401 3122 διευκρινήσει
3433 3053 3536 3124 τὴν
3571 3055 3637 3106 ὲν

2067 3154 2250 3212 αὐτοῖς
2286 3152 2546 3220 σύγχυσιν
2571 3165 2584 3180 ·
2626 3145 2774 3215 λέγει
2818 3147 2926 3217 γὰρ
2955 3149 2984 3200 ό
3015 3147 3157 3217 ἱερὸς
3191 3138 3346 3210 οὗτος
3396 3147 3643 3217 ποιητὴς

2066 3245 2158 3297 τὸν
2185 3243 2280 3296 τοῦ
2309 3241 2443 3295 Θεοῦ
2472 3241 2643 3307 Λόγον
2684 3240 2845 3308 μόνον
2877 3238 3040 3293 αὑτὸν
3079 3240 3144 3292 ἐκ
3174 3238 3390 3292 πάντων
3434 3255 3641 3308 γεννη-

2070 3335 2228 3402 Θῆναι
2276 3333 2408 3384 υίῶν
2446 3327 2581 3399 οἷον,
2633 3331 2803 3400 ἠγουν
2846 3328 2944 3382 ἕνα
2995 3329 3056 3394 ἐξ
3115 3330 3226 3382 οίου
3260 3328 3464 3398 πατρὸς
3513 3331 3646 3400 ἦτοι
3702 3350 3708 3356 ο

2069 3424 2435 3478 ἀσυνδυάστου
2468 3423 2562 3474 καὶ
2591 3419 2658 3473 δι’
2705 3421 2836 3474 αὐτὸ
2867 3421 3030 3491 μόνου
3058 3438 3072 3452 ·
3099 3423 3192 3474 καὶ
3224 3421 3372 3474 ἐστιν
3400 3422 3586 3491 ὅμοιος
3612 3425 3649 3475 ὁ

2069 3518 2248 3585 λόγος,
2275 3515 2348 3577 ὡς
2376 3517 2424 3568 εί
2447 3519 2541 3566 καί
2572 3530 2654 3575 τις
2696 3513 2805 3584 ἰδίᾳ
2839 3510 3091 3582 μονάζων
3126 3514 3252 3567 τινὰ
3278 3514 3403 3568 κατ’
3426 3514 3649 3583 ἐξαίρε-

2071 3625 2163 3660 τον
2188 3607 2284 3659 καὶ
2315 3605 2488 3659 ὀκνῶν
2519 3604 2972 3674 συνεπινοηθῆναι
3017 3604 3165 3675 αὐτῷ
3195 3608 3287 3658 καὶ
3317 3605 3524 3677 ἕτερον,
3559 3607 3648 3659 ετ-

2073 3715 2164 3751 ποι.
2195 3697 2277 3749 ὅτι
2327 3689 2436 3757 οἷος
2487 3694 2656 3764 ἡγουν
2687 3693 2767 3757 εἷς
2812 3691 2965 3757 οὗτος
3011 3695 3130 3748 τόδε
3179 3713 3233 3748 τι
3285 3696 3410 3767 ἔσχε
3445 3679 3650 3766 σεμνόν

2077 3790 2236 3858 μόνος
2267 3789 2361 3838 καὶ
2391 3787 2450 3839 οὐ
2503 3785 2600 3838 σύν
2631 3803 2741 3840 τινι
2775 3787 2947 3858 ἑτέρῳ
2977 3803 2993 3819 ο
3025 3787 3166 3841 ὥστε
3218 3791 3312 3841 καὶ
3337 3792 3364 3841 ό
3398 3789 3651 3858 μελῳδὸς

2073 3878 2300 3948 τοιούτῳ
2328 3877 2471 3948 λόγῳ
2518 3878 2814 3932 συνεδύασε
2844 3880 2906 3933 τὺ
2959 3877 3070 3942 οἶος
3105 3880 3202 3934 καὶ
3245 3879 3307 3932 τὸ
3354 3880 3516 3950 μόνος
3550 3882 3652 3934 ἐπὶ

2074 3969 2169 4022 τοῦ
2199 3969 2330 4022 ’Υίοῦ
2365 3969 2457 4020 τοῦ
2514 3968 2652 4022 Θεοῦ
2680 3985 2693 4000 ·
2730 3969 2804 4032 ὡς
2835 3964 2947 4022 οἷον
2973 3970 3142 4023 εἰπὼν
3173 3971 3254 4024 ὅτι
3301 3970 3461 4040 μόνος
3486 3963 3654 4033 οὗτος

2077 4061 2204 4124 Υίδς
2240 4062 2332 4113 καὶ
2377 4061 2551 4123 οὐδείς
2581 4077 2710 4113 ποτε
2763 4060 3002 4130 οὐδαμοῦ
3045 4061 3225 4128 ἄλλος,
3261 4057 3342 4124 εἷς
3394 4061 3525 4123 ru;
3557 4065 3658 4128 γέ-

2078 4169 2200 4218 γονε
2249 4151 2404 4221 μόνο,
2450 4154 2731 4222 ἀγεννήτῳ
2771 4154 3022 4222 πατέρων
3062 4153 3236 4222 Πατρί
3260 4171 3274 4187 ·
3302 4153 3438 4205 νοῶν
3482 4156 3544 4205 ὲν
3570 4148 3657 4215 οἷς

2085 4245 2298 4314 γοργῶς
2344 4245 2558 4312 φράζει,
2595 4245 2679 4297 ὅτι.
2708 4247 3017 4313 μονογενείς
3058 4243 3156 4313 μὲν
3198 4244 3384 4314 μυρίοι
3414 4245 3529 4306 τοῖς
3555 4245 3659 4297 αὑ·-

2087 4335 2198 4388 τῶν
2226 4335 2476 4388 τοκεῦσιν
2499 4351 2514 4365 ·
2545 4331 2657 4398 οἷος
2705 4337 2758 4388 δὲ
2789 4336 2908 4405 ἦτοι
2958 4329 3036 4396 εἷς
3067 4336 3200 4401 υίὸς,
3230 4336 3260 4389 δ
3297 4337 3413 4388 ἔστι
3469 4335 3661 4406 μόνος,

2089 4425 2286 4478 ταυτὸν
2313 4425 2358 4479 δ’
2383 4427 2557 4478 εἰπεῖν
2596 4427 2916 4497 μονογενὴς,
2947 4427 3004 4494 ἐξ
3043 4429 3155 4482 οἵου
3183 4428 3305 4498 ἦτοι
3338 4427 3458 4488 ἑνὸς
3488 4430 3661 4499 μόνου

2086 4517 2178 4570 τοῦ
2198 4517 2430 4589 Πατρὺς,
2462 4517 2637 4582 οὐδεὶς
2666 4517 2826 4584 ἄλλος
2854 4521 2935 4574 ὃτι
2961 4520 3037 4592 μὴ
3069 4522 3136 4575 σὺ
3172 4522 3505 4593 μονώτατος.

2159 4702 2269 4764 ι-ιη’.
2308 4697 2501 4751 ’ἰστέον
2528 4697 2586 4751 δὲ
2624 4699 2700 4763 ὡς
2738 4698 2787 4751 εί
2818 4702 2912 4753 καὶ
2939 4701 3060 4769 τρὶς
3093 4701 3156 4755 τὺ
3192 4698 3321 4766 οἷος,
3350 4703 3464 4774 ῆτὸ
3495 4707 3661 4774 μόνος

2089 4791 2146 4842 ὲν
2194 4788 2272 4858 τῷ
2304 4789 2494 4868 ἐίρμῷ
2525 4789 2722 4854 ἔκειτο,
2773 4792 2806 4860 ἡ
2857 4791 2995 4862 αὐτὴ
3044 4792 3222 4847 ἔννοια
3262 4794 3501 4859 εὐσεϐῶς
3540 4793 3656 4866 εἷλε

2093 4880 2359 4943 σώζεσθαι
2385 4897 2400 4912 '
2433 4883 2592 4950 μόνος
2614 4882 2724 4955 γὰρ
2765 4886 2793 4937 ό
2827 4885 3019 4955 Σωτὴρ
3054 4885 3132 4956 τῷ
3161 4888 3336 4960 Πατρὶ
3384 4891 3530 4958 μόνῳ
3563 4901 3661 4958 μά-

2090 4989 2180 5034 νος
2213 4973 2339 5036 Υίδς
2381 4977 2640 5042 γέγονεν’
2676 4977 2820 5031 οὕτω
2855 4977 2913 5032 δὲ
2954 4980 3049 5033 καὶ
3086 4977 3200 5044 οἷος
3250 4983 3412 5047 αὐτὸς
3454 4985 3519 5037 ὲκ
3551 4985 3663 5038 Πα·
3733 5035 3736 5037 .

2094 5065 2222 5133 τρὸς
2250 5065 2363 5118 οἴου
2393 5062 2504 5130 οἷος
2535 5068 2829 5139 προῆλθεν.
2872 5069 2930 5123 Ὀ
2959 5071 3015 5124 δὲ
3043 5073 3278 5144 μελῳδὸς
3304 5075 3540 5147 διῴκησε
3564 5082 3667 5150 τὴν

2093 5159 2315 5225 φράσιν,
2367 5157 2605 5222 ἀλλάξας
2633 5159 2706 5223 ὡς
2747 5161 2806 5214 τὸ
2839 5163 3037 5232 μέτρον
3077 5164 3271 5221 ἐδίδου.
3312 5167 3431 5219 Ἔτι
3485 5171 3670 5223 ἰστέον

2093 5249 2188 5300 καὶ
2204 5248 2286 5302 ὅτι
2308 5251 2368 5302 τὸ
2392 5245 2502 5312 oio;
2529 5251 2586 5318 ἐξ
2611 5253 2723 5308 οίου
2749 5257 2909 5326 μόνος
2928 5258 3098 5326 Λόγος
3127 5259 3404 5330 προελθὼν
3430 5263 3670 5332 Πατρός,

2094 5341 2448 5410 ἀντίστροφον
2479 5343 2623 5396 εῐποι
2645 5361 2728 5409 τις
2749 5350 2816 5401 ἂν
2835 5350 2933 5402 οὐκ
2959 5352 3322 5420 άπροσφυῶς,
3349 5352 3527 5405 είτουν
3559 5356 3670 5408 ίσό-

2096 5448 2328 5502 στροφον
2356 5434 2458 5504 τῷ,
2482 5437 2624 5488 Μόνε
2647 5443 3040 5510 μονογεννῆτορ
3065 5445 3385 5512 μονογενοῦς
3405 5445 3535 5497 Υίοῦ
3563 5448 3671 5499 Πα-

2087 5529 2218 5592 τήρ.
2253 5525 2388 5595 Περὶ
2441 5527 2508 5580 τὰ
2535 5531 2674 5583 αὐτὰ
2713 5534 2818 5602 γὰρ
2861 5533 2919 5598 ἐξ
2975 5535 3090 5588 ἴσου
3138 5538 3457 5606 στρέφονται
3495 5537 3666 5608 ἄμφω
