3996 6194
289 203 405 270 613

1123 201 1208 263 ΙΝ
1245 203 1590 264 HYMNUM
1633 203 2292 265 PENTECOSTALEM
2317 205 2784 268 DAMASCENI.

3461 205 3573 274 614

283 325 544 393 νοήματα
573 336 588 353 ·
613 323 661 373 εί
697 321 791 375 καὶ
821 322 997 373 ἐκεῖνο
1026 319 1124 389 μὲν
1161 320 1226 372 ὲκ
1255 320 1349 373 τοῦ
1398 323 1611 393 Πατρδς
1645 322 1860 393 ἀρξάμε

1990 333 2079 377 tur
2140 323 2314 376 ambae
2367 325 2668 384 sententiae,
2703 325 2826 377 licet
2890 320 3003 377 haec
3043 338 3072 378 a
3115 321 3274 376 Patre
3303 321 3572 393 incipiens

283 431 383 466 νον
407 412 484 474 ὡς
528 412 691 482 μόνου
722 412 1182 480 μονογεννήτορος
1213 413 1294 472 εἰς
1321 409 1414 463 τὸν
1463 411 1731 481 μονογενῆ
1777 428 1871 464 κα-

284 497 515 575 τέλῂξεν
571 504 720 557 Υἱόν.
781 503 952 555 Τοῦτο
1011 504 1066 556 δὲ
1121 503 1434 557 ἀνάπαλιν·
1496 502 1756 572 διάφορον
1815 502 1871 554 δὲ

283 599 521 667 ἀμφοῖν,
551 596 634 649 ὅτι
659 597 778 648 ἐκεῖ
808 595 910 665 μὲν
941 597 1238 664 ἐξήρκεσεν
1268 597 1524 665 ἀσφαλῶς
1564 594 1872 666 τριπλωΘὲν

284 693 352 743 τὸ
406 690 606 759 μόνος,
664 686 900 739 ἐνταῦθα
934 686 990 738 δὲ
1046 685 1194 750 ἅπαξ
1235 688 1366 739 αὐτὸ
1419 688 1621 758 ὲρῤέθη
1673 688 1744 750 ὡς
1778 685 1872 738 τοῦ

285 774 407 842 οἷος
435 781 504 847 τῇ
542 775 800 830 διπλὼσει
835 775 927 828 τὸν
970 775 1179 829 ἐκείνου
1231 777 1398 829 τόπον
1440 777 1872 848 ἀναπληρώσαν·

286 887 384 933 τος
408 885 424 900 ο
454 871 537 922 ὅτι
571 869 626 922 δὲ
661 867 913 936 ψιλοῦται
949 867 1129 928 καλῶς
1173 868 1236 921 τὸ
1263 864 1372 930 οἷος
1406 871 1435 922 6
1475 871 1653 937 μόνος,
1688 885 1872 938 παρα-

285 963 531 1015 διδόασιν
568 962 618 1012 οἱ
650 961 876 1012 παλαιοὶ
919 960 1171 1026 λέγοντες
1197 959 1274 1022 ὡς
1303 963 1368 1013 ἑκ
1412 962 1508 1014 τοῦ
1539 962 1618 1024 τος
1647 963 1868 1031 ἀρσενιο

286 1058 389 1108 κον
418 1055 520 1124 μὲν
542 1058 704 1122 γένος
737 1055 800 1107 οὐ
827 1054 1212 1125 παρελάϐομεν
1237 1071 1252 1086 ο
1278 1053 1513 1125 θηλυκὸν
1539 1057 1598 1109 δὲ
1634 1055 1864 1126 εὓρηται

286 1148 344 1201 τα
387 1149 422 1218 ἡ
456 1150 554 1218 μία
586 1163 603 1178 ο
641 1146 894 1214 φαίνεται
944 1147 1001 1200 δὲ
1031 1147 1127 1199 καὶ
1174 1147 1462 1216 οὐδέτερον
1516 1147 1684 1202 αὐτοῦ
1723 1146 1868 1202 εἶναι

284 1241 370 1292 τον
405 1241 466 1291 τὸ
505 1240 584 1302 ἓν,
615 1239 759 1292 κατὰ.
786 1239 877 1291 τὺν
926 1239 1150 1291 εἰπόντα
1186 1241 1368 1291 θανεῖν
1399 1257 1551 1303 τινας
1593 1241 1658 1309 ίῷ
1693 1241 1867 1311 ἤματι

283 1334 317 1404 ἦ
355 1333 433 1394 ὡς
467 1331 547 1385 ἐνί
572 1347 585 1360 °
633 1330 660 1383 6
709 1327 1126 1400 περισπώμενον
1175 1333 1598 1400 καταφευξείται
1645 1335 1724 1395 είς
1765 1333 1864 1403 τὴν

282 1426 590 1493 ἀναλογίαν
621 1424 716 1477 τοῦ
761 1423 1021 1492 Θηλυκοῦ.
1057 1423 1266 1494 Ὥσπερ
1297 1426 1407 1494 γὰρ
1453 1424 1509 1476 ἴα
1565 1425 1666 1493 μὲν
1702 1423 1870 1494 βαρυ-

281 1521 482 1580 τόνως,
515 1519 549 1587 ἠ
581 1517 637 1571 δὲ
663 1518 855 1586 γενικὴ
891 1517 976 1579 ίᾶς
1008 1518 1448 1586 περισπωμένως
1478 1518 1553 1581 ὡς
1587 1518 1686 1588 μία
1714 1519 1865 1588 μιᾶς,

280 1609 433 1664 οὕτω
487 1610 582 1664 καὶ
623 1611 703 1663 Iov
741 1610 838 1678 μὲν
873 1609 934 1661 τὸ
983 1608 1045 1662 ἓν
1094 1608 1239 1664 κατὰ
1269 1609 1654 1682 βαρυτόνησιν,
1701 1611 1783 1665 ίοῦ
1810 1613 1866 1665 δὲ

283 1704 384 1757 καὶ
417 1703 484 1773 ίῷ
519 1702 661 1773 μετὰ
687 1703 1142 1773 περισπωμένης,
1178 1703 1236 1754 ai
1275 1701 1520 1771 πλάγιοι.

360 1879 467 1947 μοι.
517 1879 785 1934 Ἀναίτιον
807 1877 864 1931 δὲ
894 1878 1113 1948 Πατέρα
1135 1875 1229 1932 τὸν
1260 1879 1560 1950 ἀγέννητον
1595 1880 1762 1950 λέγει,
1791 1883 1868 1946 ὥς

290 1973 369 2043 μὴ
404 1971 697 2040 γενόμενον
743 1971 839 2022 καὶ
869 1969 1033 2023 αὑτὸν
1081 1971 1327 2025 αίτιατδν
1378 1973 1434 2024 ὲν
1466 1972 1543 2040 τῷ
1581 1977 1732 2043 σχεῖν
1762 1992 1869 2028 πα-

285 2065 421 2134 τέρα
452 2063 629 2116 αίτιον
679 2062 780 2130 τῆς
818 2058 984 2113 αὑτοῦ
1020 2060 1289 2128 γενέσεως
1337 2061 1478 2116 κατὰ
1521 2063 1645 2128 τοὺς
1684 2067 1742 2118 ὲν
1790 2065 1869 2132 τῷ

287 2157 504 2223 κόσμῳ.
541 2155 632 2207 Διὸ
674 2153 836 2215 αὐτὸς
868 2152 968 2222 μὲν
995 2153 1169 2216 αἴτιός
1212 2155 1364 2208 ἐστιν
1397 2154 1472 2217 ὡς
1510 2156 1702 2226 Πατὴρ
1734 2157 1866 2210 Υίοῦ

288 2245 534 2300 αἰτιατοῦ
580 2249 721 2300 κατὰ
769 2248 932 2315 μόνον
964 2247 1024 2300 τδ
1059 2247 1417 2317 γεννηθῆναι.
1448 2247 1640 2310 Ἀλλος
1687 2248 1746 2300 δέ
1780 2265 1868 2311 τις

285 2340 388 2389 οὐκ
413 2336 561 2390 ἔστιν
588 2336 753 2390 αὐτοῦ
791 2337 856 2408 δὴ
879 2336 973 2390 τοῦ
1003 2337 1218 2408 Πατρδς
1243 2337 1416 2400 αῐτιος
1434 2353 1449 2368 '
1481 2339 1680 2392 οὐκοῦν
1708 2339 1864 2393 ἀναί-

288 2445 404 2492 τιος
439 2431 468 2483 6
523 2429 714 2497 Πατὴρ
747 2429 968 2496 λέγεται
1023 2431 1177 2498 παρὰ
1224 2429 1286 2482 τδ
1328 2430 1406 2499 μὴ
1445 2429 1594 2500 ἔχειν
1643 2431 1865 2502 Πατέρα

291 2521 464 2572 αἴτιον
512 2517 608 2572 τοῦ
649 2514 792 2572 εἶναι
826 2518 1038 2572 τοῦτον.
1069 2519 1192 2572 Ὅτι
1231 2517 1287 2572 δὲ
1339 2521 1402 2572 τὸ
1437 2520 1535 2589 μὲν
1584 2521 1762 2573 αἴτιον
1788 2519 1866 2591 τῷ

293 2613 466 2682 Πατρὶ
520 2613 951 2682 προσαρμόττει,
991 2614 1054 2666 τὸ
1093 2612 1151 2665 δὲ
1190 2611 1436 2668 αίτιατὸν
1473 2612 1552 2682 τῷ
1598 2611 1735 2682 Υίῷ,
1767 2629 1869 2665 παο

295 2707 579 2777 ραδέδοται
611 2707 705 2759 καὶ
751 2705 1077 2773 Θεολογικῶς
1103 2720 1118 2736 ο
1150 2706 1459 2773 σημείωσαι
1492 2704 1550 2757 δὲ
1598 2705 1681 2758 ὅτι
1713 2702 1866 2773 ὁμώ-

291 2816 457 2866 νυμος
507 2798 654 2864 λέξις
685 2799 714 2850 6
745 2797 1011 2862 ἀναίτιος,
1039 2797 1067 2849 6
1096 2796 1176 2865 μὴ
1201 2795 1342 2864 ἔχων
1385 2794 1586 2860 αἰτίαν,
1616 2794 1648 2864 ἢ
1680 2793 1756 2857 ὡς
1785 2795 1861 2864 μὴ

287 2890 646 2958 ὑποκείμενος
683 2888 996 2954 αἰτιάματι,
1037 2888 1066 2941 ὅ
1112 2889 1230 2940 ἐστι
1261 2889 1450 2957 μομφῇ
1491 2905 1620 2953 τινι,
1656 2887 1716 2951 ὃς
1768 2887 1864 2941 καὶ

288 2981 386 3034 οὐκ
432 2981 606 3043 αἴτιος
648 2977 890 3046 λέγεται,
925 2980 1001 3041 ὡς
1027 2977 1108 3041 τὸ,
1146 2977 1284 3030 Οὗτι
1311 2995 1414 3045 μοι
1462 2977 1620 3046 αἰτίη
1670 2977 1817 3030 ἐσσί
1845 2991 1861 3008 ⁶

287 3072 320 3142 ἢ
351 3071 424 3132 ὡς
451 3071 550 3139 οὐχ
599 3069 866 3140 ὑπάρχεις
904 3084 995 3138 μοι
1048 3067 1327 3137 μεμπτέα,
1376 3066 1498 3120 οὐδὲ
1537 3069 1645 3138 ἔχω
1678 3068 1861 3122 αἰτιά·

286 3162 484 3215 σασθαί
535 3177 596 3212 σε
625 3176 639 3191 ο
698 3161 795 3213 καὶ
848 3157 1006 3212 τοῦτο
1065 3156 1163 3226 μὲν
1211 3157 1270 3211 ἓν
1307 3158 1711 3228 σημαινόμενον
1766 3159 1861 3214 τοῦ

287 3255 568 3315 ἀναίτιος·
633 3251 810 3314 ἄλλως
857 3250 914 3303 δὲ
963 3249 1273 3318 φιλοσόφως
1330 3250 1574 3310 ἀναίτιος
1624 3251 1861 3306 ἐνταῦθα

288 3344 501 3414 Πατὴρ,
545 3346 575 3397 6
609 3345 684 3414 μὴ
739 3343 880 3413 ἔχων
932 3342 1104 3395 αἴτιον
1139 3341 1447 3412 γεννήσεως
1494 3345 1593 3409 τῆς
1639 3343 1858 3406 ἑαυτοῦ,

285 3434 401 3488 ἀλλ’
431 3434 596 3497 αὐτὸς
619 3433 822 3504 δηλαδὴ
847 3435 1019 3496 αἴτιος
1041 3434 1348 3503 γεννήσεως
1372 3432 1466 3486 τοῦ
1498 3432 1648 3500 Υίοῦ,
1681 3437 1861 3489 αἰτια-

284 3525 380 3580 τοῦ
409 3525 613 3597 δηλαδὴ
667 3526 835 3580 αὑτοῦ
892 3525 1076 3588 ὄντοςο
1119 3525 1181 3578 τὸ
1236 3526 1344 3596 γὰρ
1391 3526 1564 3579 αἴτιον
1596 3527 1684 3580 ἀεὶ
1722 3527 1860 3597 πρὸς

289 3618 532 3671 αίτιατὸν
561 3618 800 3685 λέγεται,
839 3617 914 3680 ὡς
941 3619 1037 3670 καὶ
1066 3617 1311 3669 αἰτιατὸν
1357 3618 1493 3688 πρὸς
1519 3617 1693 3671 αἴτιον
1722 3635 1736 3648 ·
1764 3618 1859 3672 καὶ

284 3712 372 3764 ἀεὶ
397 3711 572 3773 αἴτιος
613 3710 711 3779 μὲν
743 3709 772 3761 6
799 3710 988 3780 Πατὴρ
1016 3709 1153 3780 πρὸς
1201 3711 1355 3774 Υίὸν,
1387 3711 1628 3773 αίτιατδς
1673 3712 1730 3764 δὲ
1761 3712 1857 3764 αὑ·-

283 3803 372 3866 τὸς
401 3803 541 3870 πρὸς
583 3803 801 3872 Πατέρα
827 3817 842 3832 ⁸
876 3805 972 3856 καὶ
1019 3802 1164 3856 οὕτω
1212 3805 1313 3872 μὲν
1349 3805 1658 3874 σεμνότατα
1686 3806 1714 3858 6
1749 3807 1858 3857 Πα-

283 3895 386 3964 τὴρ
416 3895 546 3956 Θεὸς
573 3895 813 3958 ἀναίτιος
839 3893 1057 3962 λέγεται
1083 3911 1096 3924 ·
1126 3895 1306 3957 ἄλλως
1337 3895 1394 3948 δὲ
1428 3897 1568 3949 κατὰ
1597 3897 1696 3967 τὴν
1736 3914 1857 3950 κοι-

288 3982 384 4052 νὴν
442 3984 722 4054 σημασίαν
773 3985 947 4037 εἰπεῖν
1011 3985 1176 4038 αὐτὸν
1239 3986 1483 4038 ἀναίτιον
1545 3987 1854 4051 ἰδιωτικῶς,

286 4075 482 4146 ἀληθὲς
510 4076 610 4143 μέν
642 4076 814 4140 ἐστιν,
854 4076 915 4128 οὐ
949 4077 1087 4130 πάνυ
1131 4079 1188 4129 δὲ
1223 4078 1442 4147 σεμνόν.
1478 4079 1542 4130 Τί
1581 4079 1688 4148 γὰρ
1721 4078 1856 4150 ὑψη-

285 4169 374 4220 λὸν
403 4169 646 4221 ἀναίτιον
684 4168 853 4239 ἤγουν
882 4169 1086 4237 ἄψογον
1109 4172 1206 4222 καί⁵
1230 4171 1526 4238 ἄμεμπτον
1559 4171 1738 4224 εἰπεῖν
1765 4173 1855 4223 τὸν

286 4259 438 4325 Θεὸν,
471 4259 566 4313 καὶ
585 4261 678 4313 ἐπὶ
703 4259 832 4330 ποίᾳ
874 4262 1144 4326 uictrices;
1183 4261 1322 4331 ὅπερ
1350 4261 1474 4314 οὐδὲ
1517 4262 1726 4326 ἔνδοξος
1761 4263 1857 4316 ἄν·

1986 426 2246 483 tanquam
2307 417 2424 468 solo
2467 416 2810 482 unigenitore
2856 417 2919 469 ad
2972 414 3166 469 Filium
3228 415 3565 482 unigenitum

1983 506 2218 569 desinat,
2244 505 2332 559 illa
2368 522 2493 560 vero
2517 522 2543 559 ε
2578 510 2874 560 cootrario.
2901 508 3183 560 Ambobus
3229 515 3410 558 autem
3449 505 3567 560 dis-

1986 600 2286 666 crepantia,
2335 600 2478 664 quod
2533 599 2619 652 hic
2653 600 2870 653 suﬂ‘ecit
2917 599 3182 667 tt'ipliCnta
3212 615 3314 652 vox
3371 601 3568 666 μόνος,

1988 691 2104 744 illic
2163 705 2293 744 vero
2347 691 2514 743 semel
2578 691 2723 743 dicta
2765 689 2888 750 fuit,
2954 701 3212 759 tanquam
3269 707 3398 743 voce
3453 687 3566 750 οἷος

1989 782 2264 852 duplicata
2295 784 2472 836 locnm
2503 783 2664 848 hujus
2708 782 2984 849 implente.
3013 784 3167 847 Quod
3228 792 3408 835 autem
3474 798 3557 835 re-

1985 883 2071 928 cte
2102 875 2294 942 spiritu
2325 875 2469 926 tenui
2509 883 2730 927 notetur
2750 870 2859 932 oio;
2890 872 3083 942 (Solus)
3145 873 3371 928 tradunt
3428 874 3567 927 anti-

1989 965 2106 1034 qui.
2133 965 2374 1019 dicentes
2409 981 2507 1018 nos
2540 981 2602 1019 cx
2640 966 2733 1028 τος
2787 979 2960 1034 genus
3017 965 3240 1030 quidem
3307 967 3566 1020 masculi-

1986 1072 2116 1110 num
2168 1072 2275 1108 non
2326 1057 2622 1126 accepisse,
2672 1056 2762 1110 sed
2820 1055 3144 1109 femininum
3201 1056 3434 1110 inveniri
3499 1056 3564 1111 τα

1985 1148 2168 1216 (sola).
2208 1146 2432 1202 Videtur
2481 1158 2658 1202 autem
2700 1149 2862 1201 etiam
2927 1147 3103 1217 ipsius
3139 1156 3387 1202 neutrum
3445 1163 3566 1204 csse

1985 1237 2084 1292 ιον
2116 1239 2352 1309 (unum),
2424 1242 2723 1295 secundum
2789 1243 3061 1295 dicentem
3121 1240 3388 1311 quosdam
3441 1254 3564 1294 esse

1985 1340 2230 1386 mortuos
2281 1332 2342 1400 ἰῷ
2373 1332 2480 1385 telo
2525 1345 2618 1385 seu
2657 1342 2916 1400 tanquam
2951 1345 3091 1393 uno;
3122 1331 3264 1398 quod
3320 1330 3560 1384 circum-

1980 1420 2179 1475 ﬂexum
2243 1421 2488 1491 aufugiet
2547 1423 2611 1476 ad
2679 1423 2984 1492 analogiam
3039 1421 3286 1476 feminini
3343 1440 3359 1476 :
3419 1423 3561 1476 sicut

1983 1514 2129 1568 enim
2181 1516 2237 1567 ῐα
2267 1514 2486 1584 quidem
2545 1517 2693 1584 gravi
2748 1526 2879 1568 tono
2913 1524 3016 1578 est,
3053 1515 3327 1584 genitivus
3377 1525 3555 1568 autem

1981 1605 2357 1669 circumﬂexo,
2395 1617 2651 1676 tanquam
2696 1607 2794 1676 μία
2820 1608 2990 1675 μιᾶς;
3028 1608 3105 1660 sic
3128 1607 3291 1660 etiam
3324 1607 3404 1658 τον
3437 1606 3559 1675 qni-

1974 1696 2097 1751 dem
2155 1697 2395 1767 (unum),
2451 1699 2556 1751 erit
2594 1713 2716 1752 cum
2752 1700 2900 1766 gravi
2965 1709 3114 1761 tono,
3151 1713 3316 1753 casus
3374 1705 3554 1752 autem

1975 1789 2180 1857 obliqui
2213 1789 2292 1841 ίοῦ
2327 1799 2385 1845 et
2421 1789 2484 1859 ἰῷ
2511 1805 2634 1844 cum
2664 1789 3036 1844 circumﬂexo.

2043 1881 2132 1934 99.
2163 1881 2430 1934 Ἀναίτιον
2477 1895 2603 1934 vero
2660 1881 2872 1934 Patrem
2925 1881 3227 1950 ingenitum
3261 1881 3414 1943 dicit,
3446 1897 3552 1935 non

1971 1984 2192 2025 causam
2225 1971 2403 2042 ipsum
2433 1980 2816 2041 agnoscentem
2857 1971 2909 2024 in
2947 1971 3197 2026 habendo
3256 1982 3409 2042 patre
3440 1988 3554 2027 sua:

1973 2063 2344 2132 generationis
2371 2077 2560 2128 causa,
2595 2063 2895 2117 secundum
2925 2076 3022 2116 eos
3050 2063 3142 2131 qui
3175 2074 3301 2116 sunt
3323 2063 3377 2116 in
3399 2079 3555 2116 mun-

1971 2153 2060 2206 do.
2100 2151 2228 2207 Ideo
2255 2153 2369 2222 ipse
2400 2153 2619 2222 quidem
2657 2165 2928 2210 estcausa
2971 2152 3210 2207 utPater
3242 2153 3366 2208 Filii
3420 2169 3554 2208 cau-

1971 2258 2086 2298 sam
2119 2244 2368 2299 habentis
2403 2245 2456 2298 in
2502 2246 2620 2299 solo
2675 2244 3044 2313 generationis
3100 2255 3346 2315 puncto;
3411 2246 3554 2299 alius

1972 2346 2152 2388 autem
2188 2335 2310 2402 quis
2353 2351 2459 2391 non
2519 2346 2602 2391 est
2632 2335 2813 2391 Patris
2842 2337 3192 2406 principium.
3233 2337 3417 2408 itaque
3446 2337 3551 2392 Pa~

1971 2436 2053 2482 ter
2089 2427 2214 2482 ideo
2243 2428 2446 2482 dicitur
2466 2429 2727 2493 ἀναίτιος,
2763 2438 3034 2500 quatenus
3085 2431 3203 2499 ipse
3230 2446 3335 2485 non
3387 2432 3551 2486 habet

1968 2527 2176 2588 patrem
2202 2533 2314 2573 suae
2341 2519 2640 2573 existentite
2670 2535 2915 2574 causam.
2941 2518 3099 2586 Quod
3159 2531 3336 2574 autem
3367 2535 3535 2576 causa

1972 2605 2116 2664 Patri
2139 2607 2450 2671 conveniat,
2509 2616 2796 2661 causatum
2855 2623 2980 2661 vero
3034 2606 3191 2670 Filio,
3245 2609 3546 2679 tlteolog'tce

1970 2698 2224 2752 traditum
2249 2707 2353 2752 est.
2384 2697 2690 2752 Notandum
2724 2708 2806 2753 est
2838 2708 3017 2754 autem
3045 2698 3342 2754 dictionem
3375 2700 3548 2755 ἀναίσ-

1969 2804 2094 2852 τιος
2122 2786 2236 2856 (qui
2297 2803 2404 2842 non
2441 2787 2602 2841 habet
2652 2787 2919 2857 causam),
2954 2803 3076 2842 esse
3138 2787 3544 2858 homonymam,

1969 2876 2086 2930 sive
2110 2878 2252 2945 quod
2288 2878 2390 2932 iste
2431 2893 2535 2930 non
2567 2876 2852 2944 subiaceat
2875 2894 3076 2943 causae,
3108 2878 3160 2932 id
3183 2888 3288 2946 est,
3320 2880 3538 2934 cuidam

1969 2968 2359 3033 criminationi,
2390 2977 2444 3022 et
2466 2969 2666 3024 dicitur
2693 2971 2791 3022 οὐκ
2842 2969 3033 3032 αἴτιος.
3090 2982 3146 3025 ut
3182 2971 3323 3026 istud
3360 2987 3375 3024 :
3412 2973 3545 3026 nihil

1967 3060 2094 3112 mihi
2125 3075 2287 3113 causa
2309 3069 2386 3114 est
2407 3101 2420 3124 ,
2483 3062 2597 3116 sive
2626 3061 2771 3129 quod
2797 3060 3046 3116 dicatur:
3079 3061 3159 3115 'l‘u
3186 3064 3317 3116 mihi
3348 3064 3540 3118 cristi-

1964 3153 2143 3204 nanda
2166 3167 2272 3204 non
2328 3166 2411 3214 es,
2469 3167 2570 3205 nec
2617 3166 2717 3220 ego
2786 3161 2836 3205 te
2896 3166 3155 3208 accusare
3202 3153 3434 3208 habeo:
3489 3163 3543 3207 et

1967 3242 2072 3296 hoc
2117 3243 2336 3312 quidem
2371 3251 2454 3297 est
2489 3259 2660 3297 unum
2694 3244 2844 3299 vocis
2873 3244 3111 3306 ἀναίτιος
3149 3245 3539 3313 signiﬁcatum;

1963 3335 2119 3391 aliter
2146 3345 2326 3390 autem
2353 3337 2438 3390 hic
2462 3336 2836 3405 philosophice
2863 3336 3065 3391 dicitur
3086 3337 3331 3399 ἀναίτιος
3358 3339 3540 3405 Pater,

1964 3427 2054 3496 qui
2079 3440 2186 3480 non
2221 3427 2380 3480 habet
2409 3441 2522 3482 sua:
2572 3426 2943 3495 generationis
2993 3442 3240 3494 causam,
3273 3428 3366 3483 sed
3424 3429 3540 3498 ipse

1966 3531 2101 3572 sane
2132 3533 2296 3573 causa
2356 3527 2440 3573 est
2496 3519 2864 3588 generationis
2907 3517 3301 3577 Filii.causam
3359 3521 3536 3589 reipsa

1961 3605 2232 3660 habentis.
2281 3607 2482 3661 Αῑτιον
2519 3613 2664 3663 enim
2695 3623 2909 3677 semper
2945 3609 3013 3663 ad
3054 3611 3320 3664 αἰτιατόν
3353 3613 3530 3667 reter-

1963 3704 2072 3762 tur,
2107 3697 2252 3751 velut
2293 3697 2523 3752 allectus
2578 3698 2644 3752 ad
2691 3711 2954 3764 causam;
3014 3709 3066 3752 et
3120 3715 3336 3769 semper
3367 3716 3534 3758 causa

1960 3787 2121 3843 Pater
2147 3798 2230 3843 est
2259 3789 2438 3857 quoad
2473 3787 2689 3853 Filium,
2724 3795 2982 3843 causatus
3004 3798 3186 3844 autem
3216 3791 3304 3845 hic
3347 3796 3526 3860 quoad

1960 3881 2199 3936 Patrem.
2232 3879 2298 3935 Et
2335 3883 2407 3934 ita
2438 3880 2655 3949 quidem
2687 3880 2986 3936 honoriﬁce
3021 3881 3162 3937 Deus
3195 3882 3352 3938 Pater
3377 3887 3533 3939 ἀναί-

1958 3991 2070 4036 cio;
2101 3973 2322 4026 dicitur.
2352 3972 2504 4028 Alias
2538 3981 2741 4036 autem,
2769 3974 2924 4042 juxta
2955 3987 3303 4029 communem
3363 3976 3532 4047 signi-

1959 4064 2289 4128 licationem,
2320 4065 2496 4135 ipsum
2531 4065 2779 4135 privatim
2808 4066 3082 4121 ἀναίτιον
3103 4068 3304 4134 dicere,
3334 4085 3524 4126 verum

1957 4157 2179 4226 quidem
2211 4167 2313 4222 est,
2357 4173 2460 4210 non
2483 4168 2665 4211 autem
2700 4159 2928 4214 mnuum
2986 4160 3330 4219 bonorabile.
3386 4163 3527 4230 Quid

1957 4247 2101 4303 enim
2133 4249 2362 4303 sublime
2390 4250 2652 4313 ἀναίτιον,
2684 4251 2798 4306 sive
2822 4251 3115 4317 insontem,
3147 4254 3260 4309 sive
3297 4256 3530 4325 irrepre«

286 4351 504 4422 θρωπος
525 4352 766 4416 ἀκούσας
789 4353 930 4423 ὑπὲρ
952 4352 1172 4420 ἑαυτοῦ,
1201 4353 1523 4419 ἀποδέξαιτο
1543 4355 1610 4409 ἂν
1628 4357 1686 4419 ὲς
1711 4355 1851 4408 λίαν.

1970 4344 2210 4405 hensum,
2247 4343 2426 4396 dicere
2466 4341 2655 4410 Deum,
2690 4351 2742 4397 et
2767 4356 2938 4412 super
2970 4359 3134 4413 quam
3184 4346 3530 4402 criminatio-

352 4619 421 4690 9'.
467 4619 666 4690 ’ἰστέον
695 4618 752 4672 δὲ
786 4619 868 4672 ὅτι
912 4635 974 4672 τε
1003 4619 1064 4671 οὐ
1107 4619 1303 4674 ταυτὸν
1353 4621 1596 4685 αἰτιατὸς
1635 4625 1728 4675 καὶ
1774 4624 1858 4678 αι-

279 4711 518 4774 τιατὲος,
549 4708 686 4763 ἀλλὰ
717 4710 746 4762 ὁ
779 4709 878 4778 μὲν
927 4708 1170 4772 αίτιατὸς
1199 4710 1380 4781 ἀγαθὴ
1429 4711 1597 4777 λέξις,
1623 4713 1651 4764 6
1675 4712 1730 4766 δὲ
1767 4715 1856 4766 ei-

280 4806 495 4866 τιατιος
562 4803 826 4871 ἐπίψογος
855 4818 871 4834 ·
910 4804 1005 4854 καὶ
1057 4803 1141 4856 ὅτι
1179 4804 1228 4856 εί
1266 4805 1514 4865 ἀναίτιος
1561 4805 1796 4859 ἐνταῦθα
1825 4806 1854 4857 6

281 4897 490 4966 Πατὴρ,
523 4896 667 4950 καθά
689 4897 927 4965 εἴρηται,
962 4895 1098 4948 ἀλλὰ
1123 4895 1322 4966 τρόπον
1355 4895 1515 4951 ἄλλον
1538 4898 1710 4960 αἴτιός
1738 4900 1854 4950 ἐστι

281 4991 500 5043 πάντων
554 4988 665 5040 τῶν
696 4987 891 5051 ὄντων,
932 4987 1027 5040 καὶ
1076 4987 1239 5040 αὑτὸν
1293 4987 1598 5056 αίτιώμεθα
1651 4992 1854 5053 παντὸς

279 5080 472 5144 καλοῦ,
508 5081 626 5150 ἦτοι
670 5081 844 5134 αίτιον
879 5080 1140 5150 κρίνομεν
1189 5080 1410 5132 πάντων
1449 5081 1556 5132 τῶν
1602 5081 1848 5147 ἀγαθῶν.

277 5175 482 5243 Μηδεὶς
516 5173 574 5227 δὲ
613 5172 827 5236 παίζων
851 5172 1062 5241 λεγέτω
1090 5171 1188 5225 καὶ
1222 5173 1280 5225 τὸ
1323 5172 1398 5242 μὴ
1430 5171 1492 5224 ὃν
1519 5174 1614 5226 καὶ
1653 5174 1714 5224 τὸ
1754 5191 1853 5243 μη·

276 5265 362 5319 δὲν
388 5265 609 5320 ἀναίτια
662 5261 826 5330 εἶναι,
853 5264 926 5326 ὡς
962 5264 1038 5335 μὴ
1086 5263 1237 5328 ὄντος
1269 5264 1412 5326 τινὸς
1442 5265 1617 5317 αἰτίου
1645 5265 1847 5321 αὐτῶν.

276 5356 348 5410 T6
395 5356 630 5426 μὲνγὰρ
686 5355 860 5410 αἴτιον
909 5356 1060 5418 ὄντος
1107 5356 1251 5420 τινὸς
1299 5357 1494 5420 αἴτιον,
1545 5359 1658 5410 εἴτε
1691 5358 1848 5410 οὐσία

1963 4449 2084 4488 nem
2111 4434 2133 4486 ἲ
2156 4433 2310 4499 Quod
2343 4449 2442 4488 nec
2473 4435 2700 4490 illustris
2725 4435 2888 4490 homo
2916 4437 2982 4491 de
3004 4452 3063 4492 se
3089 4437 3269 4493 taliter
3298 4441 3527 4497 audiens

1962 4527 2018 4579 in
2051 4541 2304 4594 magnum
2335 4536 2626 4596 acetperet.

2031 4616 2154 4671 100.
2184 4618 2322 4671 Nota
2355 4628 2532 4671 autem
2569 4619 2709 4672 idem
2763 4633 2870 4674 non
2924 4636 3048 4676 esse
3079 4623 3326 4687 αίτιατὸς
3351 4634 3407 4678 et
3439 4629 3526 4678 ai-

1959 4709 2196 4771 τιατέος,
2237 4709 2334 4763 sed
2375 4710 2643 4775 αὶτιατός
2675 4723 2868 4764 bonam
2901 4727 3026 4768 esse
3058 4714 3407 4783 locutionem,
3435 4719 3527 4771 al-

1958 4801 2191 4865 τιατέος
2241 4803 2672 4869 vituperabilem.
2710 4805 2939 4874 Insuper
2996 4807 3041 4860 si
3098 4807 3260 4862 Pater
3310 4809 3398 4864 hic
3440 4821 3522 4866 est

1957 4891 2285 4959 ἀναίτιος,υι
2319 4893 2419 4946 fuit
2452 4894 2677 4961 dictum,
2709 4907 2764 4950 at
2796 4897 2904 4950 alio
2929 4898 3087 4951 modo
3117 4899 3384 4954 bonorum
3411 4921 3524 4954 om-

1957 4985 2108 5038 nium
2145 4991 2228 5038 est
2281 4986 2456 5047 αῐτιος
2488 5000 2585 5039 seu
2623 5001 2809 5051 causa,
2876 4987 3164 5058 ipsumque
3236 4991 3524 5062 cujuslibet

1959 5077 2086 5131 boni
2124 5073 2358 5130 facimus
2394 5085 2701 5142 auctorem,
2737 5079 2851 5133 sive
2897 5094 3120 5134 causam
3154 5085 3398 5136 omnium
3424 5086 3522 5138 bo-

1954 5182 2150 5222 norum
2178 5166 2509 5237 indicamus.
2545 5166 2715 5222 Nemo
2739 5184 2866 5225 vero
2896 5171 3086 5227 ludens
3117 5173 3264 5229 dicat
3297 5175 3348 5230 id
3379 5180 3521 5244 quod

1955 5275 2062 5317 non
2100 5269 2183 5315 est
2216 5270 2270 5315 et
2305 5261 2356 5315 id
2389 5262 2534 5331 quod
2597 5273 2681 5318 est
2744 5265 2902 5330 nihil,
2952 5266 3167 5320 ἀναίτια
3209 5283 3348 5330 esse,
3384 5285 3520 5335 qua-
3559 5285 3568 5293 ο

1955 5362 2108 5407 tenus
2133 5352 2378 5422 ipsorum
2404 5369 2510 5407 non
2535 5362 2617 5408 est
2633 5355 2832 5426 aliquis
2855 5367 3076 5420 auctor;
3103 5358 3249 5427 quod
3275 5359 3419 5412 enim
3439 5370 3524 5414 est

275 5448 451 5500 ἐκεῖνο
489 5447 548 5499 τὸ
577 5446 638 5500 ὃν
675 5447 785 5500 εἴτε
820 5445 1168 5516 συμϐεϐηκός
1193 5461 1208 5477 ο
1239 5445 1301 5498 τὸ
1340 5446 1398 5499 δὲ
1441 5448 1517 5515 μή
1553 5445 1634 5510 ὃν,
1669 5447 1848 5500 καὶτὸ

1970 5446 2149 5508 ιττιον,
2190 5460 2314 5500 cum
2346 5445 2418 5501 sit
2456 5445 2693 5517 alicujus
2726 5450 2871 5504 entis
2929 5464 3118 5514 causa,
3144 5449 3198 5504 id
3249 5449 3364 5504 sive
3393 5454 3523 5506 sub-

278 5538 464 5607 μηδὲν,
498 5539 657 5608 οὐσίᾳ
690 5538 766 5609 μὴ
817 5538 967 5601 ὄντα,
999 5537 1187 5608 ὥσπερ
1237 5538 1298 5590 οὐ
1338 5539 1399 5590 τὸ
1428 5536 1627 5604 αἴτιον,
1674 5537 1846 5601 οὕτως

276 5630 393 5683 οὐδὲ
422 5629 482 5683 τὸ
518 5631 757 5684 ἀναίτιον
789 5629 971 5695 ἕξουσι
1007 5628 1485 5701 κατηγορούμενον
1517 5629 1724 5683 ἑαυτῶν
1745 5645 1759 5661 ο
1795 5631 1843 5682 εἰ

1950 5536 2150 5590 stantia
2177 5537 2292 5591 sive
2320 5537 2574 5594 accidens
2599 5550 2680 5594 est
2701 5555 2717 5606 ;
2751 5540 2897 5608 quod
2954 5549 3132 5594 autem
3169 5555 3277 5594 non
3332 5551 3415 5596 est
3468 5555 3524 5600 et

1949 5629 2092 5700 quod
2115 5637 2198 5684 est
2227 5629 2384 5685 nihil.
2418 5645 2541 5684 cum
2569 5631 2891 5687 substantia:
2926 5646 3034 5686 non
3075 5630 3211 5699 sint,
3238 5633 3382 5688 sicut
3412 5651 3519 5691 non
