  <div class='ocr_page' id='page_1' title='image "/cluster/home/n/w/nwhite01/storage/ocr_20150623/136/hvd.32044054100201/315.png"; bbox 0 0 3950 6204; ppageno 0'>
   <div class='ocr_carea' id='block_1_1' title="bbox 469 201 608 268">
    <p class='ocr_par' dir='ltr' id='par_1_1' title="bbox 469 201 608 268">
     <span class='ocr_line' id='line_1_1' title="bbox 469 201 608 268; baseline -0.029 1"><span class='ocrx_word' id='word_1_1' title='bbox 469 201 608 268; x_wconf 68' lang='grc'><strong>’615</strong></span> 
     </span>
    </p>
   </div>
   <div class='ocr_carea' id='block_1_2' title="bbox 1214 203 3730 277">
    <p class='ocr_par' dir='ltr' id='par_1_2' title="bbox 1214 203 3730 277">
     <span class='ocr_line' id='line_1_2' title="bbox 1214 203 3730 277; baseline 0.002 -13"><span class='ocrx_word' id='word_1_2' title='bbox 1214 203 1643 265; x_wconf 78' lang='lat' dir='ltr'><strong>EUS&#39;I‘ATHII</strong></span> <span class='ocrx_word' id='word_1_3' title='bbox 1677 205 2436 268; x_wconf 75' lang='lat' dir='ltr'><strong>THESSALONICENSIS</strong></span> <span class='ocrx_word' id='word_1_4' title='bbox 2486 203 3050 270; x_wconf 67' lang='grc' dir='ltr'><strong>ΜΕΤΒοΡΟιιΤΑι</strong></span> <span class='ocrx_word' id='word_1_5' title='bbox 3642 211 3730 277; x_wconf 67' lang='grc' dir='ltr'><strong>διε</strong></span> 
     </span>
    </p>
   </div>
   <div class='ocr_carea' id='block_1_3' title="bbox 496 314 2091 391">
    <p class='ocr_par' dir='ltr' id='par_1_3' title="bbox 496 314 2082 388">
     <span class='ocr_line' id='line_1_3' title="bbox 496 314 2082 388; baseline 0.001 -18"><span class='ocrx_word' id='word_1_6' title='bbox 496 317 671 370; x_wconf 80' lang='grc' dir='ltr'>αἰτιον</span> <span class='ocrx_word' id='word_1_7' title='bbox 727 314 810 370; x_wconf 83' lang='lat' dir='ltr'><strong>sic</strong></span> <span class='ocrx_word' id='word_1_8' title='bbox 842 329 1022 385; x_wconf 78' lang='lat' dir='ltr'><strong>neque</strong></span> <span class='ocrx_word' id='word_1_9' title='bbox 1073 315 1318 370; x_wconf 83' lang='grc' dir='ltr'>ἀναίτιον</span> <span class='ocrx_word' id='word_1_10' title='bbox 1347 316 1415 370; x_wconf 91' lang='lat' dir='ltr'><strong>de</strong></span> <span class='ocrx_word' id='word_1_11' title='bbox 1444 316 1757 388; x_wconf 90' lang='lat' dir='ltr'><strong>semetipsis</strong></span> <span class='ocrx_word' id='word_1_12' title='bbox 1807 317 2082 372; x_wconf 78' lang='lat' dir='ltr'><strong>habebunt</strong></span> 
     </span>
    </p>
   </div>
   <div class='ocr_carea' id='block_1_4' title="bbox 2197 314 3736 391">
    <p class='ocr_par' dir='ltr' id='par_1_4' title="bbox 2197 317 3736 391">
     <span class='ocr_line' id='line_1_4' title="bbox 2197 317 3736 391; baseline -0.001 -21"><span class='ocrx_word' id='word_1_13' title='bbox 2197 319 2238 370; x_wconf 72' lang='grc' dir='ltr'>ςι</span> <span class='ocrx_word' id='word_1_14' title='bbox 2269 318 2432 389; x_wconf 77' lang='grc' dir='ltr'>τυχὸν</span> <span class='ocrx_word' id='word_1_15' title='bbox 2460 319 2651 372; x_wconf 73' lang='grc' dir='ltr'>οὐσίαν</span> <span class='ocrx_word' id='word_1_16' title='bbox 2681 318 2778 372; x_wconf 81' lang='grc' dir='ltr'><strong>τοῦ</strong></span> <span class='ocrx_word' id='word_1_17' title='bbox 2803 318 2960 382; x_wconf 73' lang='grc' dir='ltr'>ὄντος</span> <span class='ocrx_word' id='word_1_18' title='bbox 3007 321 3105 375; x_wconf 76' lang='grc' dir='ltr'><strong>καὶ</strong></span> <span class='ocrx_word' id='word_1_19' title='bbox 3132 317 3230 372; x_wconf 82' lang='grc' dir='ltr'><strong>τοῦ</strong></span> <span class='ocrx_word' id='word_1_20' title='bbox 3272 319 3502 391; x_wconf 79' lang='grc' dir='ltr'>μηδενὸς</span> <span class='ocrx_word' id='word_1_21' title='bbox 3530 321 3636 391; x_wconf 74' lang='grc' dir='ltr'>ἐρεῖ</span> <span class='ocrx_word' id='word_1_22' title='bbox 3659 323 3736 375; x_wconf 67' lang='grc' dir='ltr'>τις</span> 
     </span>
    </p>
   </div>
   <div class='ocr_carea' id='block_1_5' title="bbox 497 408 2079 480">
    <p class='ocr_par' dir='ltr' id='par_1_5' title="bbox 497 408 2079 480">
     <span class='ocr_line' id='line_1_5' title="bbox 497 408 2079 480; baseline 0.001 -18"><span class='ocrx_word' id='word_1_23' title='bbox 497 408 939 480; x_wconf 80' lang='lat' dir='ltr'><strong>pronuntiatum.</strong></span> <span class='ocrx_word' id='word_1_24' title='bbox 971 408 1028 462; x_wconf 92' lang='lat' dir='ltr'><strong>Si</strong></span> <span class='ocrx_word' id='word_1_25' title='bbox 1061 423 1194 462; x_wconf 85' lang='lat' dir='ltr'><strong>vero</strong></span> <span class='ocrx_word' id='word_1_26' title='bbox 1219 408 1354 462; x_wconf 77' lang='lat' dir='ltr'><strong>forte</strong></span> <span class='ocrx_word' id='word_1_27' title='bbox 1384 411 1508 479; x_wconf 86' lang='lat' dir='ltr'><strong>quis</strong></span> <span class='ocrx_word' id='word_1_28' title='bbox 1527 409 1684 466; x_wconf 82' lang='lat' dir='ltr'><strong>dicat</strong></span> <span class='ocrx_word' id='word_1_29' title='bbox 1709 409 2079 465; x_wconf 82' lang='lat' dir='ltr'><strong>substantiam</strong></span> 
     </span>
    </p>
   </div>
   <div class='ocr_carea' id='block_1_6' title="bbox 503 500 2065 570">
    <p class='ocr_par' dir='ltr' id='par_1_6' title="bbox 503 500 2065 570">
     <span class='ocr_line' id='line_1_6' title="bbox 503 500 2065 570; baseline -0.001 -12"><span class='ocrx_word' id='word_1_30' title='bbox 503 504 652 559; x_wconf 86' lang='lat' dir='ltr'><strong>illius</strong></span> <span class='ocrx_word' id='word_1_31' title='bbox 685 502 832 570; x_wconf 90' lang='lat' dir='ltr'><strong>quod</strong></span> <span class='ocrx_word' id='word_1_32' title='bbox 859 516 967 554; x_wconf 87' lang='lat' dir='ltr'><strong>non</strong></span> <span class='ocrx_word' id='word_1_33' title='bbox 1003 511 1085 554; x_wconf 82' lang='lat' dir='ltr'><strong>est</strong></span> <span class='ocrx_word' id='word_1_34' title='bbox 1128 500 1211 553; x_wconf 87' lang='lat' dir='ltr'><strong>vel</strong></span> <span class='ocrx_word' id='word_1_35' title='bbox 1241 509 1324 554; x_wconf 89' lang='lat' dir='ltr'><strong>est</strong></span> <span class='ocrx_word' id='word_1_36' title='bbox 1350 503 1507 566; x_wconf 81' lang='lat' dir='ltr'><strong>nihil,</strong></span> <span class='ocrx_word' id='word_1_37' title='bbox 1535 502 1714 570; x_wconf 88' lang='lat' dir='ltr'><strong>ipsum</strong></span> <span class='ocrx_word' id='word_1_38' title='bbox 1740 502 1875 555; x_wconf 83' lang='lat' dir='ltr'><strong>nihil</strong></span> <span class='ocrx_word' id='word_1_39' title='bbox 1919 517 2065 566; x_wconf 84' lang='lat' dir='ltr'><strong>esse,</strong></span> 
     </span>
    </p>
   </div>
   <div class='ocr_carea' id='block_1_7' title="bbox 501 592 2078 662">
    <p class='ocr_par' dir='ltr' id='par_1_7' title="bbox 501 592 2078 662">
     <span class='ocr_line' id='line_1_7' title="bbox 501 592 2078 662; baseline -0.004 -12"><span class='ocrx_word' id='word_1_40' title='bbox 501 596 638 650; x_wconf 90' lang='lat' dir='ltr'><strong>ludit</strong></span> <span class='ocrx_word' id='word_1_41' title='bbox 669 594 757 646; x_wconf 83' lang='lat' dir='ltr'><strong>ille</strong></span> <span class='ocrx_word' id='word_1_42' title='bbox 789 593 1151 646; x_wconf 82' lang='lat' dir='ltr'><strong>substantiam</strong></span> <span class='ocrx_word' id='word_1_43' title='bbox 1187 601 1240 645; x_wconf 83' lang='lat' dir='ltr'><strong>et</strong></span> <span class='ocrx_word' id='word_1_44' title='bbox 1286 608 1384 645; x_wconf 86' lang='lat' dir='ltr'><strong>ens</strong></span> <span class='ocrx_word' id='word_1_45' title='bbox 1447 592 1746 657; x_wconf 85' lang='lat' dir='ltr'><strong>allirmans,</strong></span> <span class='ocrx_word' id='word_1_46' title='bbox 1810 594 1863 647; x_wconf 92' lang='lat' dir='ltr'><strong>id</strong></span> <span class='ocrx_word' id='word_1_47' title='bbox 1927 594 2078 662; x_wconf 73' lang='lat' dir='ltr'><strong>quod</strong></span> 
     </span>
    </p>
   </div>
   <div class='ocr_carea' id='block_1_8' title="bbox 503 683 2079 753">
    <p class='ocr_par' dir='ltr' id='par_1_8' title="bbox 503 683 2079 753">
     <span class='ocr_line' id='line_1_8' title="bbox 503 683 2079 753; baseline -0.003 -13"><span class='ocrx_word' id='word_1_48' title='bbox 503 687 677 753; x_wconf 86' lang='lat' dir='ltr'><strong>reipsa</strong></span> <span class='ocrx_word' id='word_1_49' title='bbox 711 700 816 736; x_wconf 88' lang='lat' dir='ltr'><strong>non</strong></span> <span class='ocrx_word' id='word_1_50' title='bbox 852 692 936 737; x_wconf 86' lang='lat' dir='ltr'><strong>est</strong></span> <span class='ocrx_word' id='word_1_51' title='bbox 957 692 1011 734; x_wconf 85' lang='lat' dir='ltr'><strong>cl.</strong></span> <span class='ocrx_word' id='word_1_52' title='bbox 1039 693 1122 736; x_wconf 70' lang='lat' dir='ltr'><strong>est</strong></span> <span class='ocrx_word' id='word_1_53' title='bbox 1157 683 1286 736; x_wconf 83' lang='lat' dir='ltr'><strong>nihil</strong></span> <span class='ocrx_word' id='word_1_54' title='bbox 1316 700 1330 749; x_wconf 87' lang='lat'>;</span> <span class='ocrx_word' id='word_1_55' title='bbox 1368 692 1423 736; x_wconf 80' lang='lat' dir='ltr'><strong>et</strong></span> <span class='ocrx_word' id='word_1_56' title='bbox 1445 684 1607 737; x_wconf 87' lang='lat' dir='ltr'><strong>verba</strong></span> <span class='ocrx_word' id='word_1_57' title='bbox 1645 700 1738 750; x_wconf 87' lang='lat' dir='ltr'><strong>per</strong></span> <span class='ocrx_word' id='word_1_58' title='bbox 1773 700 1899 752; x_wconf 63' lang='lat' dir='ltr'><strong>quae</strong></span> <span class='ocrx_word' id='word_1_59' title='bbox 1945 699 2079 738; x_wconf 88' lang='lat' dir='ltr'><strong>eou-</strong></span> 
     </span>
    </p>
   </div>
   <div class='ocr_carea' id='block_1_9' title="bbox 505 773 2081 830">
    <p class='ocr_par' dir='ltr' id='par_1_9' title="bbox 505 773 2081 830">
     <span class='ocr_line' id='line_1_9' title="bbox 505 773 2081 830; baseline -0.003 0"><span class='ocrx_word' id='word_1_60' title='bbox 505 775 720 830; x_wconf 87' lang='lat' dir='ltr'><strong>tradicit</strong></span> <span class='ocrx_word' id='word_1_61' title='bbox 771 775 824 828; x_wconf 89' lang='lat' dir='ltr'><strong>in</strong></span> <span class='ocrx_word' id='word_1_62' title='bbox 878 775 1176 828; x_wconf 82' lang='lat' dir='ltr'><strong>absurdum</strong></span> <span class='ocrx_word' id='word_1_63' title='bbox 1223 773 1504 828; x_wconf 85' lang='lat' dir='ltr'><strong>abducens</strong></span> <span class='ocrx_word' id='word_1_64' title='bbox 1556 789 1888 828; x_wconf 75' lang='lat' dir='ltr'><strong>sermonem.</strong></span> <span class='ocrx_word' id='word_1_65' title='bbox 1926 773 2081 826; x_wconf 77' lang='lat' dir='ltr'><strong>Adde</strong></span> 
     </span>
    </p>
   </div>
   <div class='ocr_carea' id='block_1_10' title="bbox 506 861 2084 930">
    <p class='ocr_par' dir='ltr' id='par_1_10' title="bbox 506 861 2084 930">
     <span class='ocr_line' id='line_1_10' title="bbox 506 861 2084 930; baseline -0.003 -12"><span class='ocrx_word' id='word_1_66' title='bbox 506 865 654 918; x_wconf 85' lang='lat' dir='ltr'><strong>illum</strong></span> <span class='ocrx_word' id='word_1_67' title='bbox 691 864 856 917; x_wconf 88' lang='lat' dir='ltr'><strong>etiam</strong></span> <span class='ocrx_word' id='word_1_68' title='bbox 883 878 1001 916; x_wconf 85' lang='lat' dir='ltr'><strong>esse</strong></span> <span class='ocrx_word' id='word_1_69' title='bbox 1031 862 1201 915; x_wconf 73' lang='grc' dir='ltr'>αἴτιον</span> <span class='ocrx_word' id='word_1_70' title='bbox 1222 877 1314 914; x_wconf 85' lang='lat' dir='ltr'><strong>seu</strong></span> <span class='ocrx_word' id='word_1_71' title='bbox 1355 861 1704 930; x_wconf 82' lang='lat' dir='ltr'><strong>principium,</strong></span> <span class='ocrx_word' id='word_1_72' title='bbox 1741 876 1866 914; x_wconf 85' lang='lat' dir='ltr'><strong>cum</strong></span> <span class='ocrx_word' id='word_1_73' title='bbox 1905 861 2084 914; x_wconf 85' lang='lat' dir='ltr'><strong>medio</strong></span> 
     </span>
    </p>
   </div>
   <div class='ocr_carea' id='block_1_11' title="bbox 506 948 2085 1021">
    <p class='ocr_par' dir='ltr' id='par_1_11' title="bbox 506 948 2085 1021">
     <span class='ocr_line' id='line_1_11' title="bbox 506 948 2085 1021; baseline -0.003 -14"><span class='ocrx_word' id='word_1_74' title='bbox 506 954 729 1018; x_wconf 81' lang='lat' dir='ltr'><strong>dicitur,</strong></span> <span class='ocrx_word' id='word_1_75' title='bbox 758 959 849 1021; x_wconf 87' lang='lat' dir='ltr'><strong>qui</strong></span> <span class='ocrx_word' id='word_1_76' title='bbox 871 951 963 1004; x_wconf 88' lang='lat' dir='ltr'><strong>dat</strong></span> <span class='ocrx_word' id='word_1_77' title='bbox 987 951 1280 1020; x_wconf 87' lang='lat' dir='ltr'><strong>impulsum</strong></span> <span class='ocrx_word' id='word_1_78' title='bbox 1305 950 1535 1004; x_wconf 75' lang='lat' dir='ltr'><strong>actionis</strong></span> <span class='ocrx_word' id='word_1_79' title='bbox 1559 949 1639 1002; x_wconf 89' lang='lat' dir='ltr'><strong>vel</strong></span> <span class='ocrx_word' id='word_1_80' title='bbox 1659 949 1948 1018; x_wconf 79' lang='lat' dir='ltr'><strong>passionis,</strong></span> <span class='ocrx_word' id='word_1_81' title='bbox 1970 948 2085 1002; x_wconf 89' lang='lat' dir='ltr'><strong>sive</strong></span> 
     </span>
    </p>
   </div>
   <div class='ocr_carea' id='block_1_12' title="bbox 507 1037 2084 1113">
    <p class='ocr_par' dir='ltr' id='par_1_12' title="bbox 507 1037 2084 1113">
     <span class='ocr_line' id='line_1_12' title="bbox 507 1037 2084 1113; baseline -0.004 -15"><span class='ocrx_word' id='word_1_82' title='bbox 507 1045 902 1113; x_wconf 77' lang='lat' dir='ltr'><strong>irreprehensa:</strong></span> <span class='ocrx_word' id='word_1_83' title='bbox 931 1042 1048 1096; x_wconf 84' lang='lat' dir='ltr'><strong>sive</strong></span> <span class='ocrx_word' id='word_1_84' title='bbox 1068 1041 1431 1110; x_wconf 60' lang='lat' dir='ltr'><strong>reprehensas.</strong></span> <span class='ocrx_word' id='word_1_85' title='bbox 1479 1037 1760 1094; x_wconf 84' lang='lat' dir='ltr'><strong>Invenitur</strong></span> <span class='ocrx_word' id='word_1_86' title='bbox 1795 1048 1974 1092; x_wconf 82' lang='lat' dir='ltr'><strong>autem</strong></span> <span class='ocrx_word' id='word_1_87' title='bbox 2007 1038 2084 1092; x_wconf 88' lang='lat' dir='ltr'><strong>lo-</strong></span> 
     </span>
    </p>
   </div>
   <div class='ocr_carea' id='block_1_13' title="bbox 504 1131 2086 1204">
    <p class='ocr_par' dir='ltr' id='par_1_13' title="bbox 504 1131 2086 1204">
     <span class='ocr_line' id='line_1_13' title="bbox 504 1131 2086 1204; baseline -0.003 -14"><span class='ocrx_word' id='word_1_88' title='bbox 504 1137 654 1190; x_wconf 86' lang='lat' dir='ltr'><strong>cutio</strong></span> <span class='ocrx_word' id='word_1_89' title='bbox 713 1133 968 1204; x_wconf 76' lang='lat' dir='ltr'><strong>privatim</strong></span> <span class='ocrx_word' id='word_1_90' title='bbox 1010 1140 1232 1200; x_wconf 83' lang='lat' dir='ltr'><strong>accepta</strong></span> <span class='ocrx_word' id='word_1_91' title='bbox 1304 1133 1368 1186; x_wconf 84' lang='lat' dir='ltr'><strong>ad</strong></span> <span class='ocrx_word' id='word_1_92' title='bbox 1430 1131 1642 1201; x_wconf 82' lang='lat' dir='ltr'><strong>aliquid</strong></span> <span class='ocrx_word' id='word_1_93' title='bbox 1691 1131 1996 1185; x_wconf 81' lang='lat' dir='ltr'><strong>solitarium</strong></span> <span class='ocrx_word' id='word_1_94' title='bbox 2031 1139 2086 1186; x_wconf 84' lang='lat' dir='ltr'><strong>et</strong></span> 
     </span>
    </p>
   </div>
   <div class='ocr_carea' id='block_1_14' title="bbox 508 1221 2087 1295">
    <p class='ocr_par' dir='ltr' id='par_1_14' title="bbox 508 1221 2087 1295">
     <span class='ocr_line' id='line_1_14' title="bbox 508 1221 2087 1295; baseline -0.004 -15"><span class='ocrx_word' id='word_1_95' title='bbox 508 1227 562 1280; x_wconf 91' lang='lat' dir='ltr'><strong>in</strong></span> <span class='ocrx_word' id='word_1_96' title='bbox 626 1226 1127 1295; x_wconf 83' lang='lat' dir='ltr'><strong>vituperationem;</strong></span> <span class='ocrx_word' id='word_1_97' title='bbox 1186 1223 1417 1292; x_wconf 86' lang='lat' dir='ltr'><strong>qualiter</strong></span> <span class='ocrx_word' id='word_1_98' title='bbox 1462 1223 1633 1286; x_wconf 83' lang='grc' dir='ltr'>αῐτιος</span> <span class='ocrx_word' id='word_1_99' title='bbox 1692 1223 1786 1291; x_wconf 88' lang='lat' dir='ltr'><strong>qui</strong></span> <span class='ocrx_word' id='word_1_100' title='bbox 1840 1221 2087 1292; x_wconf 81' lang='lat' dir='ltr'><strong>scripstit</strong></span> 
     </span>
    </p>
   </div>
   <div class='ocr_carea' id='block_1_15' title="bbox 505 1315 2089 1384">
    <p class='ocr_par' dir='ltr' id='par_1_15' title="bbox 505 1315 2089 1384">
     <span class='ocr_line' id='line_1_15' title="bbox 505 1315 2089 1384; baseline -0.004 -12"><span class='ocrx_word' id='word_1_101' title='bbox 505 1317 828 1373; x_wconf 85' lang='lat' dir='ltr'><strong>Callimachi</strong></span> <span class='ocrx_word' id='word_1_102' title='bbox 875 1330 1073 1371; x_wconf 80' lang='lat' dir='ltr'><strong>causas</strong></span> <span class='ocrx_word' id='word_1_103' title='bbox 1125 1315 1243 1370; x_wconf 82' lang='lat' dir='ltr'><strong>sive</strong></span> <span class='ocrx_word' id='word_1_104' title='bbox 1286 1315 1593 1384; x_wconf 85' lang='lat' dir='ltr'><strong>culpandus</strong></span> <span class='ocrx_word' id='word_1_105' title='bbox 1653 1315 1738 1369; x_wconf 87' lang='lat' dir='ltr'><strong>vel</strong></span> <span class='ocrx_word' id='word_1_106' title='bbox 1793 1315 2089 1384; x_wconf 79' lang='lat' dir='ltr'><strong>reprehen—</strong></span> 
     </span>
    </p>
   </div>
   <div class='ocr_carea' id='block_1_16' title="bbox 506 1407 2082 1479">
    <p class='ocr_par' dir='ltr' id='par_1_16' title="bbox 506 1407 2082 1479">
     <span class='ocr_line' id='line_1_16' title="bbox 506 1407 2082 1479; baseline -0.003 -12"><span class='ocrx_word' id='word_1_107' title='bbox 506 1412 718 1466; x_wconf 83' lang='lat' dir='ltr'><strong>dendus</strong></span> <span class='ocrx_word' id='word_1_108' title='bbox 767 1419 850 1466; x_wconf 88' lang='lat' dir='ltr'><strong>est</strong></span> <span class='ocrx_word' id='word_1_109' title='bbox 899 1409 992 1479; x_wconf 91' lang='lat' dir='ltr'><strong>qui</strong></span> <span class='ocrx_word' id='word_1_110' title='bbox 1030 1409 1160 1465; x_wconf 87' lang='lat' dir='ltr'><strong>talia</strong></span> <span class='ocrx_word' id='word_1_111' title='bbox 1220 1409 1484 1479; x_wconf 85' lang='lat' dir='ltr'><strong>scripstit.</strong></span> <span class='ocrx_word' id='word_1_112' title='bbox 1538 1409 1743 1464; x_wconf 81' lang='lat' dir='ltr'><strong>Nomen</strong></span> <span class='ocrx_word' id='word_1_113' title='bbox 1800 1407 2082 1479; x_wconf 85' lang='lat' dir='ltr'><strong>proprium</strong></span> 
     </span>
    </p>
   </div>
   <div class='ocr_carea' id='block_1_17' title="bbox 509 1501 2088 1567">
    <p class='ocr_par' dir='ltr' id='par_1_17' title="bbox 509 1501 2088 1567">
     <span class='ocr_line' id='line_1_17' title="bbox 509 1501 2088 1567; baseline -0.001 -11"><span class='ocrx_word' id='word_1_114' title='bbox 509 1504 800 1565; x_wconf 77' lang='grc' dir='ltr'><strong>Παναίτιος</strong></span> <span class='ocrx_word' id='word_1_115' title='bbox 827 1543 842 1567; x_wconf 90' lang='grc'><strong>,</strong></span> <span class='ocrx_word' id='word_1_116' title='bbox 881 1501 1246 1557; x_wconf 82' lang='lat' dir='ltr'><strong>venerabilem</strong></span> <span class='ocrx_word' id='word_1_117' title='bbox 1297 1502 1510 1556; x_wconf 86' lang='lat' dir='ltr'><strong>videtur</strong></span> <span class='ocrx_word' id='word_1_118' title='bbox 1535 1511 1715 1556; x_wconf 76' lang='lat' dir='ltr'><strong>tamen</strong></span> <span class='ocrx_word' id='word_1_119' title='bbox 1749 1501 1948 1556; x_wconf 85' lang='lat' dir='ltr'><strong>habere</strong></span> <span class='ocrx_word' id='word_1_120' title='bbox 1971 1502 2088 1554; x_wconf 85' lang='lat' dir='ltr'><strong>Iau-</strong></span> 
     </span>
    </p>
   </div>
   <div class='ocr_carea' id='block_1_18' title="bbox 507 1591 2091 1664">
    <p class='ocr_par' dir='ltr' id='par_1_18' title="bbox 507 1591 2091 1664">
     <span class='ocr_line' id='line_1_18' title="bbox 507 1591 2091 1664; baseline -0.003 -14"><span class='ocrx_word' id='word_1_121' title='bbox 507 1598 654 1662; x_wconf 87' lang='lat' dir='ltr'><strong>dem,</strong></span> <span class='ocrx_word' id='word_1_122' title='bbox 687 1594 1015 1664; x_wconf 85' lang='lat' dir='ltr'><strong>philosopho</strong></span> <span class='ocrx_word' id='word_1_123' title='bbox 1063 1602 1477 1664; x_wconf 74' lang='lat' dir='ltr'><strong>congruentem,</strong></span> <span class='ocrx_word' id='word_1_124' title='bbox 1504 1607 1727 1648; x_wconf 85' lang='lat' dir='ltr'><strong>causam</strong></span> <span class='ocrx_word' id='word_1_125' title='bbox 1791 1591 2091 1662; x_wconf 81' lang='lat' dir='ltr'><strong>cujuslibet</strong></span> 
     </span>
    </p>
   </div>
   <div class='ocr_carea' id='block_1_19' title="bbox 2185 404 3734 478">
    <p class='ocr_par' dir='ltr' id='par_1_19' title="bbox 2185 404 3734 478">
     <span class='ocr_line' id='line_1_19' title="bbox 2185 404 3734 478; baseline 0.001 -16"><span class='ocrx_word' id='word_1_126' title='bbox 2185 404 2329 462; x_wconf 77' lang='grc' dir='ltr'>εἶναι</span> <span class='ocrx_word' id='word_1_127' title='bbox 2364 407 2498 462; x_wconf 75' lang='grc' dir='ltr'><strong>αὐτὸ</strong></span> <span class='ocrx_word' id='word_1_128' title='bbox 2523 409 2585 460; x_wconf 71' lang='grc' dir='ltr'><strong>τὸ</strong></span> <span class='ocrx_word' id='word_1_129' title='bbox 2617 409 2806 478; x_wconf 68' lang='grc' dir='ltr'>μηδὲν,</span> <span class='ocrx_word' id='word_1_130' title='bbox 2835 407 3028 471; x_wconf 76' lang='grc' dir='ltr'>παίζει</span> <span class='ocrx_word' id='word_1_131' title='bbox 3047 410 3143 462; x_wconf 74' lang='grc' dir='ltr'><strong>καὶ</strong></span> <span class='ocrx_word' id='word_1_132' title='bbox 3167 407 3346 474; x_wconf 84' lang='grc' dir='ltr'>οὗτος,</span> <span class='ocrx_word' id='word_1_133' title='bbox 3375 407 3558 463; x_wconf 81' lang='grc' dir='ltr'>οὐσίαν</span> <span class='ocrx_word' id='word_1_134' title='bbox 3579 410 3734 477; x_wconf 76' lang='grc' dir='ltr'>λέγων</span> 
     </span>
    </p>
   </div>
   <div class='ocr_carea' id='block_1_20' title="bbox 2187 497 3743 570">
    <p class='ocr_par' dir='ltr' id='par_1_20' title="bbox 2187 497 3743 570">
     <span class='ocr_line' id='line_1_20' title="bbox 2187 497 3743 570; baseline 0.001 -18"><span class='ocrx_word' id='word_1_135' title='bbox 2187 499 2282 552; x_wconf 77' lang='grc' dir='ltr'><strong>καὶ</strong></span> <span class='ocrx_word' id='word_1_136' title='bbox 2303 497 2386 562; x_wconf 74' lang='grc' dir='ltr'>ὃν,</span> <span class='ocrx_word' id='word_1_137' title='bbox 2425 497 2488 550; x_wconf 78' lang='grc' dir='ltr'>τὸ</span> <span class='ocrx_word' id='word_1_138' title='bbox 2519 498 2846 568; x_wconf 77' lang='grc' dir='ltr'><strong>αὐτόχρημα</strong></span> <span class='ocrx_word' id='word_1_139' title='bbox 2879 499 2954 568; x_wconf 78' lang='grc' dir='ltr'>μὴ</span> <span class='ocrx_word' id='word_1_140' title='bbox 2982 498 3042 551; x_wconf 78' lang='grc' dir='ltr'><strong>δν</strong></span> <span class='ocrx_word' id='word_1_141' title='bbox 3078 499 3176 554; x_wconf 81' lang='grc' dir='ltr'><strong>καὶ</strong></span> <span class='ocrx_word' id='word_1_142' title='bbox 3226 500 3397 570; x_wconf 82' lang='grc' dir='ltr'>μηδέν</span> <span class='ocrx_word' id='word_1_143' title='bbox 3416 514 3433 530; x_wconf 88' lang='grc'><strong>·</strong></span> <span class='ocrx_word' id='word_1_144' title='bbox 3464 501 3554 554; x_wconf 79' lang='grc' dir='ltr'><strong>καὶ</strong></span> <span class='ocrx_word' id='word_1_145' title='bbox 3587 500 3743 565; x_wconf 74' lang='grc' dir='ltr'>οὕτως</span> 
     </span>
    </p>
   </div>
   <div class='ocr_carea' id='block_1_21' title="bbox 2185 583 3743 659">
    <p class='ocr_par' dir='ltr' id='par_1_21' title="bbox 2185 583 3743 659">
     <span class='ocr_line' id='line_1_21' title="bbox 2185 583 3743 659; baseline 0.003 -19"><span class='ocrx_word' id='word_1_146' title='bbox 2185 591 2265 650; x_wconf 85' lang='grc' dir='ltr'><strong>εἰς</strong></span> <span class='ocrx_word' id='word_1_147' title='bbox 2295 589 2496 642; x_wconf 72' lang='grc' dir='ltr'>ἄτοπον</span> <span class='ocrx_word' id='word_1_148' title='bbox 2557 590 2792 656; x_wconf 76' lang='grc' dir='ltr'>ἀπάγων</span> <span class='ocrx_word' id='word_1_149' title='bbox 2825 588 2916 641; x_wconf 77' lang='grc' dir='ltr'>τὸν</span> <span class='ocrx_word' id='word_1_150' title='bbox 2961 589 3122 658; x_wconf 84' lang='grc' dir='ltr'>λόγον</span> <span class='ocrx_word' id='word_1_151' title='bbox 3152 583 3232 652; x_wconf 75' lang='grc' dir='ltr'>οἷς</span> <span class='ocrx_word' id='word_1_152' title='bbox 3291 590 3610 659; x_wconf 74' lang='grc' dir='ltr'>ἀντιφάσκει</span> <span class='ocrx_word' id='word_1_153' title='bbox 3630 607 3643 621; x_wconf 89' lang='grc'><strong>·</strong></span> <span class='ocrx_word' id='word_1_154' title='bbox 3670 592 3743 645; x_wconf 73' lang='grc' dir='ltr'>ἔτι</span> 
     </span>
    </p>
   </div>
   <div class='ocr_carea' id='block_1_22' title="bbox 2193 680 3746 752">
    <p class='ocr_par' dir='ltr' id='par_1_22' title="bbox 2193 680 3746 752">
     <span class='ocr_line' id='line_1_22' title="bbox 2193 680 3746 752; baseline 0.005 -21"><span class='ocrx_word' id='word_1_155' title='bbox 2193 681 2366 732; x_wconf 82' lang='grc' dir='ltr'><strong>ἰστέον</strong></span> <span class='ocrx_word' id='word_1_156' title='bbox 2396 683 2491 733; x_wconf 84' lang='grc' dir='ltr'><strong>καὶ</strong></span> <span class='ocrx_word' id='word_1_157' title='bbox 2523 680 2606 732; x_wconf 83' lang='grc' dir='ltr'>ὅτι</span> <span class='ocrx_word' id='word_1_158' title='bbox 2641 681 2811 741; x_wconf 73' lang='grc' dir='ltr'>αἴτιός</span> <span class='ocrx_word' id='word_1_159' title='bbox 2844 682 2966 734; x_wconf 75' lang='grc' dir='ltr'>ἑστι</span> <span class='ocrx_word' id='word_1_160' title='bbox 2990 681 3110 749; x_wconf 75' lang='grc' dir='ltr'>μὲν,</span> <span class='ocrx_word' id='word_1_161' title='bbox 3137 681 3226 734; x_wconf 80' lang='grc' dir='ltr'>ὅτε</span> <span class='ocrx_word' id='word_1_162' title='bbox 3253 681 3470 750; x_wconf 80' lang='grc' dir='ltr'>λέγεται</span> <span class='ocrx_word' id='word_1_163' title='bbox 3495 684 3684 752; x_wconf 80' lang='grc' dir='ltr'><strong>μέσως,</strong></span> <span class='ocrx_word' id='word_1_164' title='bbox 3719 688 3746 739; x_wconf 77' lang='grc' dir='ltr'><strong>ὁ</strong></span> 
     </span>
    </p>
   </div>
   <div class='ocr_carea' id='block_1_23' title="bbox 2188 769 3744 842">
    <p class='ocr_par' dir='ltr' id='par_1_23' title="bbox 2188 769 3744 842">
     <span class='ocr_line' id='line_1_23' title="bbox 2188 769 3744 842; baseline 0.001 -19"><span class='ocrx_word' id='word_1_165' title='bbox 2188 771 2446 840; x_wconf 77' lang='grc' dir='ltr'>ἀφορμὴν</span> <span class='ocrx_word' id='word_1_166' title='bbox 2475 769 2598 833; x_wconf 85' lang='grc' dir='ltr'>δοὺς</span> <span class='ocrx_word' id='word_1_167' title='bbox 2628 769 2884 840; x_wconf 79' lang='grc' dir='ltr'>πράξεως</span> <span class='ocrx_word' id='word_1_168' title='bbox 2920 770 2952 840; x_wconf 80' lang='grc' dir='ltr'>ἢ</span> <span class='ocrx_word' id='word_1_169' title='bbox 2987 770 3190 834; x_wconf 83' lang='grc' dir='ltr'>πάθους</span> <span class='ocrx_word' id='word_1_170' title='bbox 3224 772 3374 833; x_wconf 72' lang='grc' dir='ltr'>τινος</span> <span class='ocrx_word' id='word_1_171' title='bbox 3403 771 3437 840; x_wconf 76' lang='grc' dir='ltr'>ἢ</span> <span class='ocrx_word' id='word_1_172' title='bbox 3491 772 3685 840; x_wconf 79' lang='grc' dir='ltr'>ἁψόγου</span> <span class='ocrx_word' id='word_1_173' title='bbox 3712 775 3744 842; x_wconf 76' lang='grc' dir='ltr'><strong>ἢ</strong></span> 
     </span>
    </p>
   </div>
   <div class='ocr_carea' id='block_1_24' title="bbox 2189 858 3746 930">
    <p class='ocr_par' dir='ltr' id='par_1_24' title="bbox 2189 858 3746 930">
     <span class='ocr_line' id='line_1_24' title="bbox 2189 858 3746 930; baseline 0.002 -18"><span class='ocrx_word' id='word_1_174' title='bbox 2189 859 2459 929; x_wconf 68' lang='grc' dir='ltr'>ἐπιψόγου</span> <span class='ocrx_word' id='word_1_175' title='bbox 2485 877 2498 892; x_wconf 69' lang='grc' dir='ltr'><strong>ο</strong></span> <span class='ocrx_word' id='word_1_176' title='bbox 2538 858 2772 929; x_wconf 81' lang='grc' dir='ltr'>εὓρηται</span> <span class='ocrx_word' id='word_1_177' title='bbox 2798 859 2857 912; x_wconf 72' lang='grc' dir='ltr'>δὲ</span> <span class='ocrx_word' id='word_1_178' title='bbox 2889 860 2921 930; x_wconf 79' lang='grc' dir='ltr'><strong>ἡ</strong></span> <span class='ocrx_word' id='word_1_179' title='bbox 2959 859 3102 924; x_wconf 78' lang='grc' dir='ltr'>λέξις</span> <span class='ocrx_word' id='word_1_180' title='bbox 3145 860 3288 922; x_wconf 85' lang='grc' dir='ltr'>ἰδίως</span> <span class='ocrx_word' id='word_1_181' title='bbox 3321 861 3591 928; x_wconf 73' lang='grc' dir='ltr'>ληφθεῖσα</span> <span class='ocrx_word' id='word_1_182' title='bbox 3621 865 3746 915; x_wconf 72' lang='grc' dir='ltr'>κατά.</span> 
     </span>
    </p>
   </div>
   <div class='ocr_carea' id='block_1_25' title="bbox 2191 949 3747 1024">
    <p class='ocr_par' dir='ltr' id='par_1_25' title="bbox 2191 949 3747 1024">
     <span class='ocr_line' id='line_1_25' title="bbox 2191 949 3747 1024; baseline -0.017 -3"><span class='ocrx_word' id='word_1_183' title='bbox 2191 969 2243 1005; x_wconf 77' lang='grc' dir='ltr'><strong>τι</strong></span> <span class='ocrx_word' id='word_1_184' title='bbox 2279 953 2513 1022; x_wconf 79' lang='grc' dir='ltr'>μονῆρες</span> <span class='ocrx_word' id='word_1_185' title='bbox 2537 954 2634 1006; x_wconf 77' lang='grc' dir='ltr'><strong>καὶ</strong></span> <span class='ocrx_word' id='word_1_186' title='bbox 2666 954 2759 1008; x_wconf 74' lang='grc' dir='ltr'><strong>ἐπὶ</strong></span> <span class='ocrx_word' id='word_1_187' title='bbox 2782 954 2954 1022; x_wconf 66' lang='grc' dir='ltr'>ψόγου</span> <span class='ocrx_word' id='word_1_188' title='bbox 2979 969 2992 983; x_wconf 79' lang='lat'>&#39;</span> <span class='ocrx_word' id='word_1_189' title='bbox 3041 949 3154 1007; x_wconf 76' lang='grc' dir='ltr'>οἷον</span> <span class='ocrx_word' id='word_1_190' title='bbox 3182 953 3355 1016; x_wconf 70' lang='grc' dir='ltr'>αἴτιος</span> <span class='ocrx_word' id='word_1_191' title='bbox 3381 957 3410 1007; x_wconf 84' lang='grc' dir='ltr'>ὁ</span> <span class='ocrx_word' id='word_1_192' title='bbox 3437 954 3645 1024; x_wconf 73' lang='grc' dir='ltr'>γράψας</span> <span class='ocrx_word' id='word_1_193' title='bbox 3669 956 3747 1006; x_wconf 73' lang='grc' dir='ltr'><strong>αῖ-</strong></span> 
     </span>
    </p>
   </div>
   <div class='ocr_carea' id='block_1_26' title="bbox 2190 1044 3754 1114">
    <p class='ocr_par' dir='ltr' id='par_1_26' title="bbox 2190 1044 3754 1114">
     <span class='ocr_line' id='line_1_26' title="bbox 2190 1044 3754 1114; baseline 0.001 -18"><span class='ocrx_word' id='word_1_194' title='bbox 2190 1061 2283 1097; x_wconf 80' lang='grc' dir='ltr'><strong>τια</strong></span> <span class='ocrx_word' id='word_1_195' title='bbox 2326 1045 2706 1114; x_wconf 75' lang='grc' dir='ltr'><strong>Καλλιμάχου,</strong></span> <span class='ocrx_word' id='word_1_196' title='bbox 2762 1045 2884 1113; x_wconf 68' lang='grc' dir='ltr'>ἦτοι</span> <span class='ocrx_word' id='word_1_197' title='bbox 2935 1044 3208 1106; x_wconf 86' lang='grc' dir='ltr'>αἱτιατέος</span> <span class='ocrx_word' id='word_1_198' title='bbox 3254 1044 3353 1096; x_wconf 74' lang='grc' dir='ltr'><strong>καὶ</strong></span> <span class='ocrx_word' id='word_1_199' title='bbox 3405 1044 3689 1107; x_wconf 81' lang='grc' dir='ltr'>κολαστέος</span> <span class='ocrx_word' id='word_1_200' title='bbox 3725 1048 3754 1097; x_wconf 82' lang='grc' dir='ltr'>ὁ</span> 
     </span>
    </p>
   </div>
   <div class='ocr_carea' id='block_1_27' title="bbox 2189 1133 3757 1207">
    <p class='ocr_par' dir='ltr' id='par_1_27' title="bbox 2189 1133 3757 1207">
     <span class='ocr_line' id='line_1_27' title="bbox 2189 1133 3757 1207; baseline -0.004 -14"><span class='ocrx_word' id='word_1_201' title='bbox 2189 1136 2408 1207; x_wconf 76' lang='grc' dir='ltr'>γράψας</span> <span class='ocrx_word' id='word_1_202' title='bbox 2433 1137 2638 1191; x_wconf 74' lang='grc' dir='ltr'>ἐκεῖνα.</span> <span class='ocrx_word' id='word_1_203' title='bbox 2683 1137 2743 1189; x_wconf 86' lang='lat'><strong>&#39;0</strong></span> <span class='ocrx_word' id='word_1_204' title='bbox 2777 1137 2958 1205; x_wconf 79' lang='grc' dir='ltr'>μέντοι</span> <span class='ocrx_word' id='word_1_205' title='bbox 3001 1134 3291 1198; x_wconf 82' lang='grc' dir='ltr'>Παναίτιος</span> <span class='ocrx_word' id='word_1_206' title='bbox 3336 1135 3398 1187; x_wconf 83' lang='grc' dir='ltr'>τὸ</span> <span class='ocrx_word' id='word_1_207' title='bbox 3434 1133 3646 1205; x_wconf 75' lang='grc' dir='ltr'>κύριον,</span> <span class='ocrx_word' id='word_1_208' title='bbox 3675 1138 3757 1187; x_wconf 70' lang='grc' dir='ltr'><strong>εὑ-</strong></span> 
     </span>
    </p>
   </div>
   <div class='ocr_carea' id='block_1_28' title="bbox 2195 1226 3755 1297">
    <p class='ocr_par' dir='ltr' id='par_1_28' title="bbox 2195 1226 3755 1297">
     <span class='ocr_line' id='line_1_28' title="bbox 2195 1226 3755 1297; baseline -0.003 -17"><span class='ocrx_word' id='word_1_209' title='bbox 2195 1227 2411 1296; x_wconf 83' lang='grc' dir='ltr'>φημίαν</span> <span class='ocrx_word' id='word_1_210' title='bbox 2469 1227 2615 1297; x_wconf 71' lang='grc' dir='ltr'>ἔχειν</span> <span class='ocrx_word' id='word_1_211' title='bbox 2646 1228 2792 1280; x_wconf 83' lang='grc' dir='ltr'>δοκεῖ</span> <span class='ocrx_word' id='word_1_212' title='bbox 2833 1228 3060 1297; x_wconf 78' lang='grc' dir='ltr'><strong>σεμνὴν,</strong></span> <span class='ocrx_word' id='word_1_213' title='bbox 3098 1226 3374 1295; x_wconf 83' lang='grc' dir='ltr'>φιλοσόφῳ</span> <span class='ocrx_word' id='word_1_214' title='bbox 3427 1228 3755 1295; x_wconf 76' lang='grc' dir='ltr'>πρέπουσαν,</span> 
     </span>
    </p>
   </div>
   <div class='ocr_carea' id='block_1_29' title="bbox 2195 1313 3760 1384">
    <p class='ocr_par' dir='ltr' id='par_1_29' title="bbox 2195 1313 3760 1384">
     <span class='ocr_line' id='line_1_29' title="bbox 2195 1313 3760 1384; baseline 0.003 -19"><span class='ocrx_word' id='word_1_215' title='bbox 2195 1313 2396 1376; x_wconf 76' lang='grc' dir='ltr'>παντὸς</span> <span class='ocrx_word' id='word_1_216' title='bbox 2428 1315 2758 1383; x_wconf 81' lang='grc' dir='ltr'>πράγματος</span> <span class='ocrx_word' id='word_1_217' title='bbox 2789 1315 2970 1368; x_wconf 78' lang='grc' dir='ltr'><strong>αἰτίαν</strong></span> <span class='ocrx_word' id='word_1_218' title='bbox 2994 1315 3299 1368; x_wconf 77' lang='grc' dir='ltr'><strong>ἀποδιδόντι</strong></span> <span class='ocrx_word' id='word_1_219' title='bbox 3324 1316 3549 1369; x_wconf 80' lang='grc' dir='ltr'><strong>δέουσαν</strong></span> <span class='ocrx_word' id='word_1_220' title='bbox 3576 1333 3589 1346; x_wconf 89' lang='grc'><strong>·</strong></span> <span class='ocrx_word' id='word_1_221' title='bbox 3622 1315 3648 1369; x_wconf 77' lang='grc' dir='ltr'><strong>ὃ</strong></span> <span class='ocrx_word' id='word_1_222' title='bbox 3672 1317 3760 1384; x_wconf 77' lang='grc' dir='ltr'>τῆς</span> 
     </span>
    </p>
   </div>
   <div class='ocr_carea' id='block_1_30' title="bbox 2195 1405 3762 1473">
    <p class='ocr_par' dir='ltr' id='par_1_30' title="bbox 2195 1405 3762 1473">
     <span class='ocr_line' id='line_1_30' title="bbox 2195 1405 3762 1473; baseline 0.001 -16"><span class='ocrx_word' id='word_1_223' title='bbox 2195 1405 2528 1458; x_wconf 63' lang='grc' dir='ltr'>ἀνυποθέτου</span> <span class='ocrx_word' id='word_1_224' title='bbox 2563 1405 2886 1473; x_wconf 83' lang='grc' dir='ltr'>φιλοσοφίας</span> <span class='ocrx_word' id='word_1_225' title='bbox 2931 1406 3064 1460; x_wconf 82' lang='grc' dir='ltr'>ῑδιόν</span> <span class='ocrx_word' id='word_1_226' title='bbox 3112 1408 3252 1470; x_wconf 68' lang='grc' dir='ltr'>ἐστι,</span> <span class='ocrx_word' id='word_1_227' title='bbox 3289 1407 3384 1459; x_wconf 74' lang='grc' dir='ltr'><strong>καὶ</strong></span> <span class='ocrx_word' id='word_1_228' title='bbox 3431 1408 3576 1461; x_wconf 78' lang='grc' dir='ltr'>θεῖον</span> <span class='ocrx_word' id='word_1_229' title='bbox 3614 1408 3762 1459; x_wconf 72' lang='grc' dir='ltr'>αὐτό-</span> 
     </span>
    </p>
   </div>
   <div class='ocr_carea' id='block_1_31' title="bbox 2195 1490 3765 1567">
    <p class='ocr_par' dir='ltr' id='par_1_31' title="bbox 2195 1490 3765 1567">
     <span class='ocr_line' id='line_1_31' title="bbox 2195 1490 3765 1567; baseline 0.002 -21"><span class='ocrx_word' id='word_1_230' title='bbox 2195 1511 2407 1565; x_wconf 83' lang='grc' dir='ltr'>χρημα,</span> <span class='ocrx_word' id='word_1_231' title='bbox 2449 1499 2541 1548; x_wconf 57' lang='grc' dir='ltr'><strong>καί⁸</strong></span> <span class='ocrx_word' id='word_1_232' title='bbox 2576 1496 2696 1566; x_wconf 86' lang='grc' dir='ltr'>Θεῷ</span> <span class='ocrx_word' id='word_1_233' title='bbox 2737 1496 2969 1566; x_wconf 83' lang='grc' dir='ltr'>πρέπον,</span> <span class='ocrx_word' id='word_1_234' title='bbox 3003 1495 3134 1567; x_wconf 76' lang='grc' dir='ltr'>παρ’</span> <span class='ocrx_word' id='word_1_235' title='bbox 3172 1490 3217 1562; x_wconf 80' lang='grc' dir='ltr'>ᾧ</span> <span class='ocrx_word' id='word_1_236' title='bbox 3250 1497 3471 1550; x_wconf 79' lang='grc' dir='ltr'>πάντων</span> <span class='ocrx_word' id='word_1_237' title='bbox 3513 1497 3572 1549; x_wconf 91' lang='grc' dir='ltr'>αἰ</span> <span class='ocrx_word' id='word_1_238' title='bbox 3600 1495 3765 1550; x_wconf 80' lang='grc' dir='ltr'>αἰτίαι</span> 
     </span>
    </p>
   </div>
   <div class='ocr_carea' id='block_1_32' title="bbox 2199 1585 3766 1657">
    <p class='ocr_par' dir='ltr' id='par_1_32' title="bbox 2199 1585 3766 1657">
     <span class='ocr_line' id='line_1_32' title="bbox 2199 1585 3766 1657; baseline 0.001 -19"><span class='ocrx_word' id='word_1_239' title='bbox 2199 1585 2309 1640; x_wconf 83' lang='grc' dir='ltr'>τῶν</span> <span class='ocrx_word' id='word_1_240' title='bbox 2359 1587 2582 1654; x_wconf 79' lang='grc' dir='ltr'>ἀγαθῶν</span> <span class='ocrx_word' id='word_1_241' title='bbox 2633 1587 2708 1648; x_wconf 86' lang='grc' dir='ltr'>ὡς</span> <span class='ocrx_word' id='word_1_242' title='bbox 2764 1586 3093 1657; x_wconf 78' lang='grc' dir='ltr'>πανταιτίῳ,</span> <span class='ocrx_word' id='word_1_243' title='bbox 3142 1585 3237 1640; x_wconf 81' lang='grc' dir='ltr'><strong>καί</strong></span> <span class='ocrx_word' id='word_1_244' title='bbox 3291 1587 3350 1652; x_wconf 82' lang='grc' dir='ltr'>ὃς</span> <span class='ocrx_word' id='word_1_245' title='bbox 3401 1586 3581 1641; x_wconf 82' lang='grc' dir='ltr'>πάντα</span> <span class='ocrx_word' id='word_1_246' title='bbox 3618 1586 3766 1650; x_wconf 82' lang='grc' dir='ltr'>εἰδὼς</span> 
     </span>
    </p>
   </div>
   <div class='ocr_carea' id='block_1_33' title="bbox 511 1672 2091 1754">
    <p class='ocr_par' dir='ltr' id='par_1_33' title="bbox 511 1682 2091 1754">
     <span class='ocr_line' id='line_1_33' title="bbox 511 1682 2091 1754; baseline -0.004 -11"><span class='ocrx_word' id='word_1_247' title='bbox 511 1689 588 1743; x_wconf 88' lang='lat' dir='ltr'><strong>rei</strong></span> <span class='ocrx_word' id='word_1_248' title='bbox 624 1687 858 1742; x_wconf 83' lang='lat' dir='ltr'><strong>tradenti</strong></span> <span class='ocrx_word' id='word_1_249' title='bbox 899 1688 1162 1743; x_wconf 75' lang='lat' dir='ltr'><strong>debitam:</strong></span> <span class='ocrx_word' id='word_1_250' title='bbox 1221 1683 1367 1754; x_wconf 81' lang='lat' dir='ltr'><strong>quod</strong></span> <span class='ocrx_word' id='word_1_251' title='bbox 1431 1684 1680 1752; x_wconf 70' lang='lat' dir='ltr'><strong>positiva:</strong></span> <span class='ocrx_word' id='word_1_252' title='bbox 1735 1682 2091 1753; x_wconf 77' lang='lat' dir='ltr'><strong>philosophia:</strong></span> 
     </span>
    </p>
   </div>
   <div class='ocr_carea' id='block_1_34' title="bbox 2197 1672 3768 1754">
    <p class='ocr_par' dir='ltr' id='par_1_34' title="bbox 2197 1678 3768 1750">
     <span class='ocr_line' id='line_1_34' title="bbox 2197 1678 3768 1750; baseline -0.001 -18"><span class='ocrx_word' id='word_1_253' title='bbox 2197 1679 2498 1749; x_wconf 75' lang='grc' dir='ltr'>διαπέμπει</span> <span class='ocrx_word' id='word_1_254' title='bbox 2535 1679 2738 1746; x_wconf 79' lang='grc' dir='ltr'>γνῶσιν</span> <span class='ocrx_word' id='word_1_255' title='bbox 2782 1681 2876 1733; x_wconf 74' lang='grc' dir='ltr'><strong>καὶ</strong></span> <span class='ocrx_word' id='word_1_256' title='bbox 2907 1681 3020 1743; x_wconf 79' lang='grc' dir='ltr'>τοῖς</span> <span class='ocrx_word' id='word_1_257' title='bbox 3051 1678 3174 1732; x_wconf 81' lang='grc' dir='ltr'>κατ’</span> <span class='ocrx_word' id='word_1_258' title='bbox 3203 1679 3498 1750; x_wconf 76' lang='grc' dir='ltr'>ἄνθρωπον</span> <span class='ocrx_word' id='word_1_259' title='bbox 3554 1679 3768 1747; x_wconf 74' lang='grc' dir='ltr'>φιλοσο-</span> 
     </span>
    </p>
   </div>
   <div class='ocr_carea' id='block_1_35' title="bbox 509 1775 2084 1849">
    <p class='ocr_par' dir='ltr' id='par_1_35' title="bbox 509 1775 2084 1849">
     <span class='ocr_line' id='line_1_35' title="bbox 509 1775 2084 1849; baseline -0.004 -15"><span class='ocrx_word' id='word_1_260' title='bbox 509 1781 785 1849; x_wconf 91' lang='lat' dir='ltr'><strong>proprium</strong></span> <span class='ocrx_word' id='word_1_261' title='bbox 819 1789 926 1841; x_wconf 88' lang='lat' dir='ltr'><strong>est,</strong></span> <span class='ocrx_word' id='word_1_262' title='bbox 958 1792 1190 1848; x_wconf 84' lang='lat' dir='ltr'><strong>vereque</strong></span> <span class='ocrx_word' id='word_1_263' title='bbox 1219 1776 1466 1831; x_wconf 87' lang='lat' dir='ltr'><strong>divinum</strong></span> <span class='ocrx_word' id='word_1_264' title='bbox 1491 1785 1546 1830; x_wconf 89' lang='lat' dir='ltr'><strong>et</strong></span> <span class='ocrx_word' id='word_1_265' title='bbox 1574 1775 1686 1830; x_wconf 88' lang='lat' dir='ltr'><strong>Deo</strong></span> <span class='ocrx_word' id='word_1_266' title='bbox 1717 1777 2084 1840; x_wconf 83' lang='lat' dir='ltr'><strong>conveniens,</strong></span> 
     </span>
    </p>
   </div>
   <div class='ocr_carea' id='block_1_36' title="bbox 509 1871 2088 1940">
    <p class='ocr_par' dir='ltr' id='par_1_36' title="bbox 509 1871 2088 1940">
     <span class='ocr_line' id='line_1_36' title="bbox 509 1871 2088 1940; baseline -0.004 -14"><span class='ocrx_word' id='word_1_267' title='bbox 509 1872 648 1940; x_wconf 86' lang='lat' dir='ltr'><strong>apud</strong></span> <span class='ocrx_word' id='word_1_268' title='bbox 677 1885 862 1940; x_wconf 88' lang='lat' dir='ltr'><strong>quem,</strong></span> <span class='ocrx_word' id='word_1_269' title='bbox 887 1880 943 1926; x_wconf 90' lang='lat' dir='ltr'><strong>ut</strong></span> <span class='ocrx_word' id='word_1_270' title='bbox 981 1871 1225 1926; x_wconf 82' lang='lat' dir='ltr'><strong>omnium</strong></span> <span class='ocrx_word' id='word_1_271' title='bbox 1272 1886 1516 1934; x_wconf 80' lang='lat' dir='ltr'><strong>causam,</strong></span> <span class='ocrx_word' id='word_1_272' title='bbox 1560 1876 1888 1924; x_wconf 88' lang='lat' dir='ltr'><strong>cunctorum</strong></span> <span class='ocrx_word' id='word_1_273' title='bbox 1957 1875 2088 1923; x_wconf 86' lang='lat' dir='ltr'><strong>sunt</strong></span> 
     </span>
    </p>
   </div>
   <div class='ocr_carea' id='block_1_37' title="bbox 2191 1769 3768 1844">
    <p class='ocr_par' dir='ltr' id='par_1_37' title="bbox 2191 1769 3768 1844">
     <span class='ocr_line' id='line_1_37' title="bbox 2191 1769 3768 1844; baseline 0.001 -20"><span class='ocrx_word' id='word_1_274' title='bbox 2191 1769 2376 1841; x_wconf 78' lang='grc' dir='ltr'>φοῦσι,</span> <span class='ocrx_word' id='word_1_275' title='bbox 2405 1773 2521 1834; x_wconf 83' lang='grc' dir='ltr'>τοῖς</span> <span class='ocrx_word' id='word_1_276' title='bbox 2568 1770 2668 1841; x_wconf 73' lang='grc' dir='ltr'>μὲν</span> <span class='ocrx_word' id='word_1_277' title='bbox 2709 1770 2769 1836; x_wconf 75' lang='grc' dir='ltr'><strong>ἐξ</strong></span> <span class='ocrx_word' id='word_1_278' title='bbox 2821 1770 3145 1844; x_wconf 79' lang='grc' dir='ltr'>ὲπιμέτρου,</span> <span class='ocrx_word' id='word_1_279' title='bbox 3198 1774 3312 1835; x_wconf 78' lang='grc' dir='ltr'><strong>τοίς</strong></span> <span class='ocrx_word' id='word_1_280' title='bbox 3355 1770 3400 1824; x_wconf 83' lang='grc' dir='ltr'>δ’</span> <span class='ocrx_word' id='word_1_281' title='bbox 3464 1771 3666 1838; x_wconf 76' lang='grc' dir='ltr'>ἄλλως,</span> <span class='ocrx_word' id='word_1_282' title='bbox 3696 1769 3768 1833; x_wconf 79' lang='grc' dir='ltr'>ὥς</span> 
     </span>
    </p>
   </div>
   <div class='ocr_carea' id='block_1_38' title="bbox 2199 1865 2472 1936">
    <p class='ocr_par' dir='ltr' id='par_1_38' title="bbox 2199 1865 2472 1936">
     <span class='ocr_line' id='line_1_38' title="bbox 2199 1865 2472 1936; baseline 0.007 -19"><span class='ocrx_word' id='word_1_283' title='bbox 2199 1865 2472 1936; x_wconf 85' lang='grc' dir='ltr'>βούλεται.</span> 
     </span>
    </p>
   </div>
   <div class='ocr_carea' id='block_1_39' title="bbox 511 1955 3777 2035">
    <p class='ocr_par' dir='ltr' id='par_1_39' title="bbox 511 1955 3777 2035">
     <span class='ocr_line' id='line_1_39' title="bbox 511 1955 3777 2035; baseline -0.003 -18"><span class='ocrx_word' id='word_1_284' title='bbox 511 1965 780 2035; x_wconf 83' lang='lat' dir='ltr'><strong>principia</strong></span> <span class='ocrx_word' id='word_1_285' title='bbox 807 1965 1097 2028; x_wconf 85' lang='lat' dir='ltr'><strong>bonorum,</strong></span> <span class='ocrx_word' id='word_1_286' title='bbox 1132 1962 1336 2033; x_wconf 89' lang='lat' dir='ltr'><strong>quique</strong></span> <span class='ocrx_word' id='word_1_287' title='bbox 1365 1970 1558 2018; x_wconf 86' lang='lat' dir='ltr'><strong>cuncta</strong></span> <span class='ocrx_word' id='word_1_288' title='bbox 1583 1960 1785 2025; x_wconf 87' lang='lat' dir='ltr'><strong>sciens,</strong></span> <span class='ocrx_word' id='word_1_289' title='bbox 1815 1959 2061 2014; x_wconf 87' lang='lat' dir='ltr'><strong>immittit</strong></span> <span class='ocrx_word' id='word_1_290' title='bbox 2081 1958 2368 2014; x_wconf 88' lang='lat' dir='ltr'><strong>scientiam</strong></span> <span class='ocrx_word' id='word_1_291' title='bbox 2397 1957 2505 2012; x_wconf 84' lang='lat' dir='ltr'><strong>illis</strong></span> <span class='ocrx_word' id='word_1_292' title='bbox 2533 1957 2626 2028; x_wconf 85' lang='lat' dir='ltr'><strong>qui</strong></span> <span class='ocrx_word' id='word_1_293' title='bbox 2649 1956 2948 2012; x_wconf 86' lang='lat' dir='ltr'><strong>secundum</strong></span> <span class='ocrx_word' id='word_1_294' title='bbox 2977 1957 3249 2014; x_wconf 82' lang='lat' dir='ltr'><strong>hominem</strong></span> <span class='ocrx_word' id='word_1_295' title='bbox 3280 1955 3638 2028; x_wconf 65' lang='lat' dir='ltr'><strong>philosophias</strong></span> <span class='ocrx_word' id='word_1_296' title='bbox 3660 1962 3777 2008; x_wconf 72' lang='lat' dir='ltr'><strong>stu-</strong></span> 
     </span>
    </p>
   </div>
   <div class='ocr_carea' id='block_1_40' title="bbox 512 2051 2642 2125">
    <p class='ocr_par' dir='ltr' id='par_1_40' title="bbox 512 2051 2642 2125">
     <span class='ocr_line' id='line_1_40' title="bbox 512 2051 2642 2125; baseline -0.001 -17"><span class='ocrx_word' id='word_1_297' title='bbox 512 2057 660 2122; x_wconf 85' lang='lat' dir='ltr'><strong>dent,</strong></span> <span class='ocrx_word' id='word_1_298' title='bbox 715 2057 838 2112; x_wconf 85' lang='lat' dir='ltr'><strong>aliis</strong></span> <span class='ocrx_word' id='word_1_299' title='bbox 881 2057 1100 2125; x_wconf 80' lang='lat' dir='ltr'><strong>quidem</strong></span> <span class='ocrx_word' id='word_1_300' title='bbox 1157 2071 1279 2111; x_wconf 88' lang='lat' dir='ltr'><strong>cum</strong></span> <span class='ocrx_word' id='word_1_301' title='bbox 1313 2055 1666 2121; x_wconf 87' lang='lat' dir='ltr'><strong>abundantia,</strong></span> <span class='ocrx_word' id='word_1_302' title='bbox 1721 2054 1846 2111; x_wconf 86' lang='lat' dir='ltr'><strong>aliis</strong></span> <span class='ocrx_word' id='word_1_303' title='bbox 1877 2063 2058 2110; x_wconf 87' lang='lat' dir='ltr'><strong>autem</strong></span> <span class='ocrx_word' id='word_1_304' title='bbox 2098 2054 2276 2120; x_wconf 86' lang='lat' dir='ltr'><strong>aliter,</strong></span> <span class='ocrx_word' id='word_1_305' title='bbox 2304 2059 2470 2124; x_wconf 82' lang='lat' dir='ltr'><strong>prout</strong></span> <span class='ocrx_word' id='word_1_306' title='bbox 2508 2051 2642 2107; x_wconf 84' lang='lat' dir='ltr'><strong>vult.</strong></span> 
     </span>
    </p>
   </div>
   <div class='ocr_carea' id='block_1_41' title="bbox 587 2241 2095 2316">
    <p class='ocr_par' dir='ltr' id='par_1_41' title="bbox 587 2241 2095 2316">
     <span class='ocr_line' id='line_1_41' title="bbox 587 2241 2095 2316; baseline 0.003 -21"><span class='ocrx_word' id='word_1_307' title='bbox 587 2241 710 2297; x_wconf 77' lang='lat' dir='ltr'><strong>lOl.</strong></span> <span class='ocrx_word' id='word_1_308' title='bbox 765 2241 1226 2314; x_wconf 63' lang='lat' dir='ltr'><strong>Equipollentem</strong></span> <span class='ocrx_word' id='word_1_309' title='bbox 1260 2245 1343 2299; x_wconf 87' lang='lat' dir='ltr'><strong>vel</strong></span> <span class='ocrx_word' id='word_1_310' title='bbox 1369 2245 1613 2315; x_wconf 74' lang='lat' dir='ltr'><strong>ejusdem</strong></span> <span class='ocrx_word' id='word_1_311' title='bbox 1671 2247 1926 2316; x_wconf 71' lang='lat' dir='ltr'><strong>potentia:</strong></span> <span class='ocrx_word' id='word_1_312' title='bbox 1951 2245 2095 2301; x_wconf 89' lang='lat' dir='ltr'><strong>dice-</strong></span> 
     </span>
    </p>
   </div>
   <div class='ocr_carea' id='block_1_42' title="bbox 515 2335 2098 2402">
    <p class='ocr_par' dir='ltr' id='par_1_42' title="bbox 515 2335 2098 2402">
     <span class='ocr_line' id='line_1_42' title="bbox 515 2335 2098 2402; baseline 0.003 -14"><span class='ocrx_word' id='word_1_313' title='bbox 515 2351 576 2388; x_wconf 88' lang='lat' dir='ltr'><strong>re</strong></span> <span class='ocrx_word' id='word_1_314' title='bbox 642 2335 930 2402; x_wconf 79' lang='lat' dir='ltr'><strong>Spiritum,</strong></span> <span class='ocrx_word' id='word_1_315' title='bbox 1013 2335 1263 2391; x_wconf 82' lang='lat' dir='ltr'><strong>eamdem</strong></span> <span class='ocrx_word' id='word_1_316' title='bbox 1338 2337 1444 2391; x_wconf 84' lang='lat' dir='ltr'><strong>viin</strong></span> <span class='ocrx_word' id='word_1_317' title='bbox 1533 2337 1713 2394; x_wconf 79' lang='lat' dir='ltr'><strong>habet.</strong></span> <span class='ocrx_word' id='word_1_318' title='bbox 1787 2338 1935 2392; x_wconf 83' lang='lat' dir='ltr'><strong>idem</strong></span> <span class='ocrx_word' id='word_1_319' title='bbox 2012 2347 2098 2394; x_wconf 89' lang='lat' dir='ltr'><strong>est</strong></span> 
     </span>
    </p>
   </div>
   <div class='ocr_carea' id='block_1_43' title="bbox 515 2426 2094 2502">
    <p class='ocr_par' dir='ltr' id='par_1_43' title="bbox 515 2426 2094 2502">
     <span class='ocr_line' id='line_1_43' title="bbox 515 2426 2094 2502; baseline 0.005 -24"><span class='ocrx_word' id='word_1_320' title='bbox 515 2426 696 2481; x_wconf 84' lang='lat' dir='ltr'><strong>dicere</strong></span> <span class='ocrx_word' id='word_1_321' title='bbox 727 2427 796 2481; x_wconf 89' lang='lat' dir='ltr'><strong>de</strong></span> <span class='ocrx_word' id='word_1_322' title='bbox 843 2428 1159 2496; x_wconf 79' lang='grc' dir='ltr'>ὁμοσθενὲς,</span> <span class='ocrx_word' id='word_1_323' title='bbox 1213 2443 1320 2483; x_wconf 90' lang='lat' dir='ltr'><strong>non</strong></span> <span class='ocrx_word' id='word_1_324' title='bbox 1369 2438 1548 2484; x_wconf 88' lang='lat' dir='ltr'><strong>autem</strong></span> <span class='ocrx_word' id='word_1_325' title='bbox 1599 2429 1668 2486; x_wconf 88' lang='lat' dir='ltr'><strong>de</strong></span> <span class='ocrx_word' id='word_1_326' title='bbox 1695 2430 2094 2502; x_wconf 76' lang='grc' dir='ltr'>ὀμοιοσθενέςι</span> 
     </span>
    </p>
   </div>
   <div class='ocr_carea' id='block_1_44' title="bbox 517 2517 2097 2590">
    <p class='ocr_par' dir='ltr' id='par_1_44' title="bbox 517 2517 2097 2590">
     <span class='ocr_line' id='line_1_44' title="bbox 517 2517 2097 2590; baseline 0.003 -19"><span class='ocrx_word' id='word_1_327' title='bbox 517 2518 659 2571; x_wconf 84' lang='lat' dir='ltr'><strong>sicut</strong></span> <span class='ocrx_word' id='word_1_328' title='bbox 677 2517 820 2570; x_wconf 85' lang='lat' dir='ltr'><strong>enim</strong></span> <span class='ocrx_word' id='word_1_329' title='bbox 838 2518 1146 2588; x_wconf 74' lang='lat' dir='ltr'><strong>dagmatire</strong></span> <span class='ocrx_word' id='word_1_330' title='bbox 1165 2519 1518 2587; x_wconf 87' lang='lat' dir='ltr'><strong>prohibemur</strong></span> <span class='ocrx_word' id='word_1_331' title='bbox 1535 2522 1714 2576; x_wconf 86' lang='lat' dir='ltr'><strong>dicere</strong></span> <span class='ocrx_word' id='word_1_332' title='bbox 1735 2521 2097 2590; x_wconf 78' lang='grc' dir='ltr'>ὁμοιοούσιον,</span> 
     </span>
    </p>
   </div>
   <div class='ocr_carea' id='block_1_45' title="bbox 516 2609 2098 2682">
    <p class='ocr_par' dir='ltr' id='par_1_45' title="bbox 516 2609 2098 2682">
     <span class='ocr_line' id='line_1_45' title="bbox 516 2609 2098 2682; baseline 0.004 -22"><span class='ocrx_word' id='word_1_333' title='bbox 516 2609 599 2662; x_wconf 78' lang='lat' dir='ltr'><strong>sic</strong></span> <span class='ocrx_word' id='word_1_334' title='bbox 653 2609 816 2663; x_wconf 85' lang='lat' dir='ltr'><strong>etiam</strong></span> <span class='ocrx_word' id='word_1_335' title='bbox 887 2609 1241 2679; x_wconf 59' lang='lat' dir='ltr'><strong>emissent;</strong></span> <span class='ocrx_word' id='word_1_336' title='bbox 1306 2627 1521 2666; x_wconf 87' lang='lat' dir='ltr'><strong>necnon</strong></span> <span class='ocrx_word' id='word_1_337' title='bbox 1575 2612 1990 2682; x_wconf 80' lang='grc' dir='ltr'>ὁμοιοδῦναμον,</span> <span class='ocrx_word' id='word_1_338' title='bbox 2043 2613 2098 2667; x_wconf 77' lang='lat' dir='ltr'><strong>in</strong></span> 
     </span>
    </p>
   </div>
   <div class='ocr_carea' id='block_1_46' title="bbox 520 2699 2096 2770">
    <p class='ocr_par' dir='ltr' id='par_1_46' title="bbox 520 2699 2096 2770">
     <span class='ocr_line' id='line_1_46' title="bbox 520 2699 2096 2770; baseline 0.004 -19"><span class='ocrx_word' id='word_1_339' title='bbox 520 2699 604 2756; x_wconf 82' lang='lat' dir='ltr'><strong>liis</strong></span> <span class='ocrx_word' id='word_1_340' title='bbox 628 2715 749 2769; x_wconf 67' lang='lat' dir='ltr'><strong>qum</strong></span> <span class='ocrx_word' id='word_1_341' title='bbox 779 2710 1028 2770; x_wconf 85' lang='lat' dir='ltr'><strong>spectant</strong></span> <span class='ocrx_word' id='word_1_342' title='bbox 1067 2702 1132 2756; x_wconf 91' lang='lat' dir='ltr'><strong>ad</strong></span> <span class='ocrx_word' id='word_1_343' title='bbox 1160 2711 1404 2758; x_wconf 83' lang='lat' dir='ltr'><strong>sanctam</strong></span> <span class='ocrx_word' id='word_1_344' title='bbox 1435 2701 1784 2759; x_wconf 82' lang='lat' dir='ltr'><strong>Trinitatem.</strong></span> <span class='ocrx_word' id='word_1_345' title='bbox 1803 2702 2096 2760; x_wconf 85' lang='lat' dir='ltr'><strong>Sciendum</strong></span> 
     </span>
    </p>
   </div>
   <div class='ocr_carea' id='block_1_47' title="bbox 517 2793 2097 2862">
    <p class='ocr_par' dir='ltr' id='par_1_47' title="bbox 517 2793 2097 2862">
     <span class='ocr_line' id='line_1_47' title="bbox 517 2793 2097 2862; baseline 0.004 -18"><span class='ocrx_word' id='word_1_346' title='bbox 517 2803 700 2845; x_wconf 86' lang='lat' dir='ltr'><strong>autem</strong></span> <span class='ocrx_word' id='word_1_347' title='bbox 729 2793 894 2846; x_wconf 89' lang='lat' dir='ltr'><strong>etiam</strong></span> <span class='ocrx_word' id='word_1_348' title='bbox 926 2794 1070 2861; x_wconf 89' lang='lat' dir='ltr'><strong>quod</strong></span> <span class='ocrx_word' id='word_1_349' title='bbox 1103 2795 1147 2848; x_wconf 90' lang='lat' dir='ltr'><strong>si</strong></span> <span class='ocrx_word' id='word_1_350' title='bbox 1174 2794 1396 2862; x_wconf 86' lang='lat' dir='ltr'><strong>quidem</strong></span> <span class='ocrx_word' id='word_1_351' title='bbox 1433 2797 1762 2851; x_wconf 85' lang='lat' dir='ltr'><strong>scriberetur</strong></span> <span class='ocrx_word' id='word_1_352' title='bbox 1802 2813 1818 2850; x_wconf 87' lang='lat'><strong>:</strong></span> <span class='ocrx_word' id='word_1_353' title='bbox 1858 2794 1966 2850; x_wconf 90' lang='lat' dir='ltr'><strong>Par</strong></span> <span class='ocrx_word' id='word_1_354' title='bbox 2001 2795 2097 2850; x_wconf 87' lang='lat' dir='ltr'><strong>tibi</strong></span> 
     </span>
    </p>
   </div>
   <div class='ocr_carea' id='block_1_48' title="bbox 519 2885 2096 2959">
    <p class='ocr_par' dir='ltr' id='par_1_48' title="bbox 519 2885 2096 2959">
     <span class='ocr_line' id='line_1_48' title="bbox 519 2885 2096 2959; baseline 0.004 -24"><span class='ocrx_word' id='word_1_355' title='bbox 519 2885 785 2952; x_wconf 83' lang='lat' dir='ltr'><strong>potentia,</strong></span> <span class='ocrx_word' id='word_1_356' title='bbox 834 2885 1057 2937; x_wconf 86' lang='lat' dir='ltr'><strong>verbum</strong></span> <span class='ocrx_word' id='word_1_357' title='bbox 1094 2886 1343 2940; x_wconf 88' lang='lat' dir='ltr'><strong>eamdem</strong></span> <span class='ocrx_word' id='word_1_358' title='bbox 1383 2887 1489 2940; x_wconf 88' lang='lat' dir='ltr'><strong>vim</strong></span> <span class='ocrx_word' id='word_1_359' title='bbox 1525 2887 1752 2941; x_wconf 86' lang='lat' dir='ltr'><strong>haberet</strong></span> <span class='ocrx_word' id='word_1_360' title='bbox 1787 2901 1888 2942; x_wconf 90' lang='lat' dir='ltr'><strong>nec</strong></span> <span class='ocrx_word' id='word_1_361' title='bbox 1914 2888 2096 2959; x_wconf 82' lang='lat' dir='ltr'><strong>aliqua</strong></span> 
     </span>
    </p>
   </div>
   <div class='ocr_carea' id='block_1_49' title="bbox 516 2975 2094 3051">
    <p class='ocr_par' dir='ltr' id='par_1_49' title="bbox 516 2975 2094 3051">
     <span class='ocr_line' id='line_1_49' title="bbox 516 2975 2094 3051; baseline 0.005 -24"><span class='ocrx_word' id='word_1_362' title='bbox 516 2975 899 3044; x_wconf 79' lang='lat' dir='ltr'><strong>explanatione</strong></span> <span class='ocrx_word' id='word_1_363' title='bbox 931 2984 1132 3044; x_wconf 82' lang='lat' dir='ltr'><strong>egeret.</strong></span> <span class='ocrx_word' id='word_1_364' title='bbox 1159 2975 1214 3029; x_wconf 88' lang='lat' dir='ltr'><strong>Si</strong></span> <span class='ocrx_word' id='word_1_365' title='bbox 1241 2991 1370 3030; x_wconf 89' lang='lat' dir='ltr'><strong>vero</strong></span> <span class='ocrx_word' id='word_1_366' title='bbox 1399 2977 1534 3032; x_wconf 86' lang='lat' dir='ltr'><strong>alias</strong></span> <span class='ocrx_word' id='word_1_367' title='bbox 1557 2978 1836 3034; x_wconf 87' lang='lat' dir='ltr'><strong>scribitur:</strong></span> <span class='ocrx_word' id='word_1_368' title='bbox 1865 2979 2094 3051; x_wconf 84' lang='grc' dir='ltr'>Πνεῦμά</span> 
     </span>
    </p>
   </div>
   <div class='ocr_carea' id='block_1_50' title="bbox 520 3067 2091 3142">
    <p class='ocr_par' dir='ltr' id='par_1_50' title="bbox 520 3067 2091 3142">
     <span class='ocr_line' id='line_1_50' title="bbox 520 3067 2091 3142; baseline 0.007 -25"><span class='ocrx_word' id='word_1_369' title='bbox 520 3084 614 3118; x_wconf 86' lang='grc' dir='ltr'>σου</span> <span class='ocrx_word' id='word_1_370' title='bbox 663 3081 760 3135; x_wconf 85' lang='lat' dir='ltr'><strong>par</strong></span> <span class='ocrx_word' id='word_1_371' title='bbox 801 3069 1067 3136; x_wconf 82' lang='lat' dir='ltr'><strong>potentia,</strong></span> <span class='ocrx_word' id='word_1_372' title='bbox 1123 3078 1181 3122; x_wconf 89' lang='lat' dir='ltr'><strong>ut</strong></span> <span class='ocrx_word' id='word_1_373' title='bbox 1229 3067 1418 3137; x_wconf 79' lang='lat' dir='ltr'><strong>legas:</strong></span> <span class='ocrx_word' id='word_1_374' title='bbox 1457 3070 1684 3139; x_wconf 85' lang='lat' dir='ltr'><strong>spiritus</strong></span> <span class='ocrx_word' id='word_1_375' title='bbox 1713 3079 1838 3127; x_wconf 91' lang='lat' dir='ltr'><strong>tuus</strong></span> <span class='ocrx_word' id='word_1_376' title='bbox 1864 3087 1964 3142; x_wconf 90' lang='lat' dir='ltr'><strong>par</strong></span> <span class='ocrx_word' id='word_1_377' title='bbox 1994 3075 2091 3129; x_wconf 88' lang='lat' dir='ltr'><strong>tibi</strong></span> 
     </span>
    </p>
   </div>
   <div class='ocr_carea' id='block_1_51' title="bbox 519 3154 2162 3246">
    <p class='ocr_par' dir='ltr' id='par_1_51' title="bbox 519 3154 2162 3246">
     <span class='ocr_line' id='line_1_51' title="bbox 519 3154 2162 3246; baseline 0.007 -40"><span class='ocrx_word' id='word_1_378' title='bbox 519 3154 786 3222; x_wconf 85' lang='lat' dir='ltr'><strong>potentia,</strong></span> <span class='ocrx_word' id='word_1_379' title='bbox 822 3157 1092 3208; x_wconf 85' lang='lat' dir='ltr'><strong>sententia</strong></span> <span class='ocrx_word' id='word_1_380' title='bbox 1124 3158 1449 3212; x_wconf 83' lang='lat' dir='ltr'><strong>remittenda</strong></span> <span class='ocrx_word' id='word_1_381' title='bbox 1479 3169 1562 3214; x_wconf 88' lang='lat' dir='ltr'><strong>est</strong></span> <span class='ocrx_word' id='word_1_382' title='bbox 1603 3161 1671 3214; x_wconf 91' lang='lat' dir='ltr'><strong>ad</strong></span> <span class='ocrx_word' id='word_1_383' title='bbox 1729 3161 2046 3230; x_wconf 86' lang='lat' dir='ltr'><strong>psallentem</strong></span> <span class='ocrx_word' id='word_1_384' title='bbox 2074 3178 2088 3217; x_wconf 89' lang='lat'><strong>:</strong></span> <span class='ocrx_word' id='word_1_385' title='bbox 2117 3185 2162 3246; x_wconf 70' lang='grc' dir='ltr'>ο</span> 
     </span>
    </p>
   </div>
   <div class='ocr_carea' id='block_1_52' title="bbox 518 3243 2094 3320">
    <p class='ocr_par' dir='ltr' id='par_1_52' title="bbox 518 3243 2094 3320">
     <span class='ocr_line' id='line_1_52' title="bbox 518 3243 2094 3320; baseline 0.006 -23"><span class='ocrx_word' id='word_1_386' title='bbox 518 3243 778 3313; x_wconf 89' lang='lat' dir='ltr'><strong>Spiritum</strong></span> <span class='ocrx_word' id='word_1_387' title='bbox 814 3243 907 3313; x_wconf 92' lang='lat' dir='ltr'><strong>qui</strong></span> <span class='ocrx_word' id='word_1_388' title='bbox 941 3259 1092 3298; x_wconf 89' lang='lat' dir='ltr'><strong>meus</strong></span> <span class='ocrx_word' id='word_1_389' title='bbox 1121 3254 1205 3299; x_wconf 90' lang='lat' dir='ltr'><strong>est</strong></span> <span class='ocrx_word' id='word_1_390' title='bbox 1233 3255 1289 3300; x_wconf 88' lang='lat' dir='ltr'><strong>et</strong></span> <span class='ocrx_word' id='word_1_391' title='bbox 1317 3245 1517 3314; x_wconf 85' lang='lat' dir='ltr'><strong>Patris,</strong></span> <span class='ocrx_word' id='word_1_392' title='bbox 1544 3247 1780 3315; x_wconf 86' lang='lat' dir='ltr'><strong>mittam,</strong></span> <span class='ocrx_word' id='word_1_393' title='bbox 1803 3249 1918 3320; x_wconf 86' lang='lat' dir='ltr'><strong>jam</strong></span> <span class='ocrx_word' id='word_1_394' title='bbox 1955 3250 2094 3308; x_wconf 80' lang='lat' dir='ltr'><strong>alias</strong></span> 
     </span>
    </p>
   </div>
   <div class='ocr_carea' id='block_1_53' title="bbox 520 3332 2098 3416">
    <p class='ocr_par' dir='ltr' id='par_1_53' title="bbox 520 3332 2098 3416">
     <span class='ocr_line' id='line_1_53' title="bbox 520 3332 2098 3416; baseline 0.006 -27"><span class='ocrx_word' id='word_1_395' title='bbox 520 3332 848 3389; x_wconf 69' lang='lat' dir='ltr'><strong>sufficienter</strong></span> <span class='ocrx_word' id='word_1_396' title='bbox 867 3336 1220 3405; x_wconf 82' lang='lat' dir='ltr'><strong>explicatum.</strong></span> <span class='ocrx_word' id='word_1_397' title='bbox 1253 3337 1548 3408; x_wconf 72' lang='grc' dir='ltr'>Νημερτὲς</span> <span class='ocrx_word' id='word_1_398' title='bbox 1586 3349 1765 3396; x_wconf 86' lang='lat' dir='ltr'><strong>autem</strong></span> <span class='ocrx_word' id='word_1_399' title='bbox 1802 3343 1956 3397; x_wconf 81' lang='lat' dir='ltr'><strong>venit</strong></span> <span class='ocrx_word' id='word_1_400' title='bbox 1976 3359 2008 3398; x_wconf 88' lang='lat' dir='ltr'><strong>a</strong></span> <span class='ocrx_word' id='word_1_401' title='bbox 2031 3360 2098 3416; x_wconf 76' lang='grc' dir='ltr'><strong>νη</strong></span> 
     </span>
    </p>
   </div>
   <div class='ocr_carea' id='block_1_54' title="bbox 520 3426 2097 3504">
    <p class='ocr_par' dir='ltr' id='par_1_54' title="bbox 520 3426 2097 3504">
     <span class='ocr_line' id='line_1_54' title="bbox 520 3426 2097 3504; baseline 0.006 -24"><span class='ocrx_word' id='word_1_402' title='bbox 520 3426 786 3496; x_wconf 86' lang='lat' dir='ltr'><strong>privativo</strong></span> <span class='ocrx_word' id='word_1_403' title='bbox 811 3436 866 3480; x_wconf 88' lang='lat' dir='ltr'><strong>et</strong></span> <span class='ocrx_word' id='word_1_404' title='bbox 891 3442 922 3481; x_wconf 90' lang='lat' dir='ltr'><strong>a</strong></span> <span class='ocrx_word' id='word_1_405' title='bbox 950 3427 1116 3481; x_wconf 82' lang='lat' dir='ltr'><strong>verbo</strong></span> <span class='ocrx_word' id='word_1_406' title='bbox 1147 3427 1507 3500; x_wconf 75' lang='grc' dir='ltr'><strong>ἁμαρτάνειν,</strong></span> <span class='ocrx_word' id='word_1_407' title='bbox 1536 3439 1589 3485; x_wconf 88' lang='lat' dir='ltr'><strong>et</strong></span> <span class='ocrx_word' id='word_1_408' title='bbox 1623 3432 1900 3504; x_wconf 78' lang='lat' dir='ltr'><strong>signiﬁcat</strong></span> <span class='ocrx_word' id='word_1_409' title='bbox 1928 3448 2097 3490; x_wconf 75' lang='lat' dir='ltr'><strong>verax</strong></span> 
     </span>
    </p>
   </div>
   <div class='ocr_carea' id='block_1_55' title="bbox 519 3517 2098 3589">
    <p class='ocr_par' dir='ltr' id='par_1_55' title="bbox 519 3517 2098 3589">
     <span class='ocr_line' id='line_1_55' title="bbox 519 3517 2098 3589; baseline 0.006 -16"><span class='ocrx_word' id='word_1_410' title='bbox 519 3527 572 3574; x_wconf 90' lang='lat' dir='ltr'><strong>et</strong></span> <span class='ocrx_word' id='word_1_411' title='bbox 601 3517 912 3584; x_wconf 79' lang='lat' dir='ltr'><strong>inlallibile,</strong></span> <span class='ocrx_word' id='word_1_412' title='bbox 973 3521 1469 3589; x_wconf 88' lang='lat' dir='ltr'><strong>quomodocunque</strong></span> <span class='ocrx_word' id='word_1_413' title='bbox 1512 3524 1777 3579; x_wconf 85' lang='lat' dir='ltr'><strong>veracitas</strong></span> <span class='ocrx_word' id='word_1_414' title='bbox 1825 3525 1969 3580; x_wconf 84' lang='lat' dir='ltr'><strong>inter</strong></span> <span class='ocrx_word' id='word_1_415' title='bbox 1999 3527 2098 3582; x_wconf 82' lang='lat' dir='ltr'><strong>ho-</strong></span> 
     </span>
    </p>
   </div>
   <div class='ocr_carea' id='block_1_56' title="bbox 523 3605 2095 3687">
    <p class='ocr_par' dir='ltr' id='par_1_56' title="bbox 523 3605 2095 3687">
     <span class='ocr_line' id='line_1_56' title="bbox 523 3605 2095 3687; baseline 0.005 -22"><span class='ocrx_word' id='word_1_416' title='bbox 523 3612 699 3666; x_wconf 87' lang='lat' dir='ltr'><strong>mines</strong></span> <span class='ocrx_word' id='word_1_417' title='bbox 753 3605 1005 3666; x_wconf 79' lang='lat' dir='ltr'><strong>exerceri</strong></span> <span class='ocrx_word' id='word_1_418' title='bbox 1060 3612 1234 3681; x_wconf 87' lang='lat' dir='ltr'><strong>possit</strong></span> <span class='ocrx_word' id='word_1_419' title='bbox 1287 3622 1342 3667; x_wconf 93' lang='lat' dir='ltr'><strong>et</strong></span> <span class='ocrx_word' id='word_1_420' title='bbox 1367 3614 1672 3670; x_wconf 83' lang='lat' dir='ltr'><strong>secundum</strong></span> <span class='ocrx_word' id='word_1_421' title='bbox 1707 3617 1763 3671; x_wconf 89' lang='lat' dir='ltr'><strong>id</strong></span> <span class='ocrx_word' id='word_1_422' title='bbox 1806 3617 1952 3687; x_wconf 86' lang='lat' dir='ltr'><strong>quod</strong></span> <span class='ocrx_word' id='word_1_423' title='bbox 1987 3633 2095 3673; x_wconf 90' lang='lat' dir='ltr'><strong>non</strong></span> 
     </span>
    </p>
   </div>
   <div class='ocr_carea' id='block_1_57' title="bbox 521 3703 2098 3765">
    <p class='ocr_par' dir='ltr' id='par_1_57' title="bbox 521 3703 2098 3765">
     <span class='ocr_line' id='line_1_57' title="bbox 521 3703 2098 3765; baseline 0.004 -7"><span class='ocrx_word' id='word_1_424' title='bbox 521 3704 796 3758; x_wconf 83' lang='lat' dir='ltr'><strong>diceretur</strong></span> <span class='ocrx_word' id='word_1_425' title='bbox 826 3703 991 3757; x_wconf 90' lang='lat' dir='ltr'><strong>homo</strong></span> <span class='ocrx_word' id='word_1_426' title='bbox 1021 3704 1278 3758; x_wconf 80' lang='lat' dir='ltr'><strong>mendax.</strong></span> <span class='ocrx_word' id='word_1_427' title='bbox 1306 3704 1425 3759; x_wconf 83' lang='lat' dir='ltr'><strong>Non</strong></span> <span class='ocrx_word' id='word_1_428' title='bbox 1457 3715 1638 3761; x_wconf 88' lang='lat' dir='ltr'><strong>autem</strong></span> <span class='ocrx_word' id='word_1_429' title='bbox 1665 3721 1697 3761; x_wconf 89' lang='lat' dir='ltr'><strong>a</strong></span> <span class='ocrx_word' id='word_1_430' title='bbox 1728 3718 1882 3764; x_wconf 87' lang='lat' dir='ltr'><strong>recto</strong></span> <span class='ocrx_word' id='word_1_431' title='bbox 1913 3709 2098 3765; x_wconf 79' lang='lat' dir='ltr'><strong>devia-</strong></span> 
     </span>
    </p>
   </div>
   <div class='ocr_carea' id='block_1_58' title="bbox 522 3794 2094 3869">
    <p class='ocr_par' dir='ltr' id='par_1_58' title="bbox 522 3794 2094 3869">
     <span class='ocr_line' id='line_1_58' title="bbox 522 3794 2094 3869; baseline 0.004 -21"><span class='ocrx_word' id='word_1_432' title='bbox 522 3802 624 3860; x_wconf 88' lang='lat' dir='ltr'><strong>ret,</strong></span> <span class='ocrx_word' id='word_1_433' title='bbox 659 3794 758 3864; x_wconf 84' lang='lat' dir='ltr'><strong>qui</strong></span> <span class='ocrx_word' id='word_1_434' title='bbox 803 3802 1066 3863; x_wconf 84' lang='lat' dir='ltr'><strong>tanquam</strong></span> <span class='ocrx_word' id='word_1_435' title='bbox 1120 3794 1439 3850; x_wconf 85' lang='lat' dir='ltr'><strong>adverbium</strong></span> <span class='ocrx_word' id='word_1_436' title='bbox 1493 3798 1632 3852; x_wconf 83' lang='lat' dir='ltr'><strong>hanc</strong></span> <span class='ocrx_word' id='word_1_437' title='bbox 1685 3801 2094 3869; x_wconf 82' lang='lat' dir='ltr'><strong>expressionem</strong></span> 
     </span>
    </p>
   </div>
   <div class='ocr_carea' id='block_1_59' title="bbox 520 3883 2093 3954">
    <p class='ocr_par' dir='ltr' id='par_1_59' title="bbox 520 3883 2093 3954">
     <span class='ocr_line' id='line_1_59' title="bbox 520 3883 2093 3954; baseline 0.006 -18"><span class='ocrx_word' id='word_1_438' title='bbox 520 3883 810 3953; x_wconf 83' lang='lat' dir='ltr'><strong>acciperet,</strong></span> <span class='ocrx_word' id='word_1_439' title='bbox 843 3887 922 3939; x_wconf 92' lang='lat' dir='ltr'><strong>uti</strong></span> <span class='ocrx_word' id='word_1_440' title='bbox 957 3885 1107 3954; x_wconf 89' lang='lat' dir='ltr'><strong>prius</strong></span> <span class='ocrx_word' id='word_1_441' title='bbox 1137 3886 1242 3940; x_wconf 88' lang='lat' dir='ltr'><strong>hoc</strong></span> <span class='ocrx_word' id='word_1_442' title='bbox 1291 3895 1661 3941; x_wconf 87' lang='lat' dir='ltr'><strong>monstratum</strong></span> <span class='ocrx_word' id='word_1_443' title='bbox 1723 3897 1832 3952; x_wconf 80' lang='lat' dir='ltr'><strong>est,</strong></span> <span class='ocrx_word' id='word_1_444' title='bbox 1897 3889 1975 3944; x_wconf 90' lang='lat' dir='ltr'><strong>ita</strong></span> <span class='ocrx_word' id='word_1_445' title='bbox 2034 3897 2093 3945; x_wconf 89' lang='lat' dir='ltr'><strong>ut</strong></span> 
     </span>
    </p>
   </div>
   <div class='ocr_carea' id='block_1_60' title="bbox 522 3975 2096 4050">
    <p class='ocr_par' dir='ltr' id='par_1_60' title="bbox 522 3975 2096 4050">
     <span class='ocr_line' id='line_1_60' title="bbox 522 3975 2096 4050; baseline 0.004 -20"><span class='ocrx_word' id='word_1_446' title='bbox 522 3987 683 4042; x_wconf 87' lang='lat' dir='ltr'><strong>poeta</strong></span> <span class='ocrx_word' id='word_1_447' title='bbox 719 3975 898 4030; x_wconf 83' lang='lat' dir='ltr'><strong>dicat:</strong></span> <span class='ocrx_word' id='word_1_448' title='bbox 945 3976 1079 4031; x_wconf 76' lang='lat' dir='ltr'><strong>Vere</strong></span> <span class='ocrx_word' id='word_1_449' title='bbox 1103 3979 1324 4032; x_wconf 81' lang='lat' dir='ltr'><strong>misisti.</strong></span> <span class='ocrx_word' id='word_1_450' title='bbox 1355 3975 1474 4033; x_wconf 82' lang='lat' dir='ltr'><strong>Non</strong></span> <span class='ocrx_word' id='word_1_451' title='bbox 1505 3979 1652 4034; x_wconf 89' lang='lat' dir='ltr'><strong>eniut</strong></span> <span class='ocrx_word' id='word_1_452' title='bbox 1686 3991 1806 4034; x_wconf 87' lang='lat' dir='ltr'><strong>erat</strong></span> <span class='ocrx_word' id='word_1_453' title='bbox 1835 3979 2096 4050; x_wconf 86' lang='lat' dir='ltr'><strong>possibile</strong></span> 
     </span>
    </p>
   </div>
   <div class='ocr_carea' id='block_1_61' title="bbox 523 4067 2095 4139">
    <p class='ocr_par' dir='ltr' id='par_1_61' title="bbox 523 4067 2095 4139">
     <span class='ocr_line' id='line_1_61' title="bbox 523 4067 2095 4139; baseline 0.006 -19"><span class='ocrx_word' id='word_1_454' title='bbox 523 4078 576 4122; x_wconf 89' lang='lat' dir='ltr'><strong>te</strong></span> <span class='ocrx_word' id='word_1_455' title='bbox 599 4068 885 4121; x_wconf 81' lang='lat' dir='ltr'><strong>mentitum</strong></span> <span class='ocrx_word' id='word_1_456' title='bbox 905 4067 1074 4122; x_wconf 73' lang='lat' dir='ltr'><strong>fuisse</strong></span> <span class='ocrx_word' id='word_1_457' title='bbox 1095 4069 1398 4124; x_wconf 81' lang='lat' dir='ltr'><strong>discentem</strong></span> <span class='ocrx_word' id='word_1_458' title='bbox 1425 4088 1438 4123; x_wconf 91' lang='lat'><strong>:</strong></span> <span class='ocrx_word' id='word_1_459' title='bbox 1481 4071 1896 4139; x_wconf 84' lang='lat' dir='ltr'><strong>promissionem</strong></span> <span class='ocrx_word' id='word_1_460' title='bbox 1918 4071 2095 4129; x_wconf 86' lang='lat' dir='ltr'><strong>Patris</strong></span> 
     </span>
    </p>
   </div>
   <div class='ocr_carea' id='block_1_62' title="bbox 521 4142 2096 4225">
    <p class='ocr_par' dir='ltr' id='par_1_62' title="bbox 521 4142 2096 4225">
     <span class='ocr_line' id='line_1_62' title="bbox 521 4142 2096 4225; baseline 0.006 -18"><span class='ocrx_word' id='word_1_461' title='bbox 521 4159 576 4210; x_wconf 90' lang='lat' dir='ltr'><strong>te</strong></span> <span class='ocrx_word' id='word_1_462' title='bbox 605 4155 889 4225; x_wconf 87' lang='lat' dir='ltr'><strong>discipulis</strong></span> <span class='ocrx_word' id='word_1_463' title='bbox 975 4154 1093 4210; x_wconf 77' lang='lat' dir='ltr'><strong>fore</strong></span> <span class='ocrx_word' id='word_1_464' title='bbox 1125 4159 1450 4212; x_wconf 86' lang='lat' dir='ltr'><strong>missurum.</strong></span> <span class='ocrx_word' id='word_1_465' title='bbox 1487 4142 1663 4216; x_wconf 40' lang='lat' dir='ltr'><strong>&#39;Tuus</strong></span> <span class='ocrx_word' id='word_1_466' title='bbox 1719 4163 1868 4216; x_wconf 91' lang='lat' dir='ltr'><strong>enim</strong></span> <span class='ocrx_word' id='word_1_467' title='bbox 1915 4175 2096 4217; x_wconf 86' lang='lat' dir='ltr'><strong>sermo</strong></span> 
     </span>
    </p>
   </div>
   <div class='ocr_carea' id='block_1_63' title="bbox 524 4246 2093 4322">
    <p class='ocr_par' dir='ltr' id='par_1_63' title="bbox 524 4246 2093 4322">
     <span class='ocr_line' id='line_1_63' title="bbox 524 4246 2093 4322; baseline 0.007 -25"><span class='ocrx_word' id='word_1_468' title='bbox 524 4246 728 4301; x_wconf 82' lang='lat' dir='ltr'><strong>veritas</strong></span> <span class='ocrx_word' id='word_1_469' title='bbox 754 4253 858 4313; x_wconf 87' lang='lat' dir='ltr'><strong>est,</strong></span> <span class='ocrx_word' id='word_1_470' title='bbox 893 4257 950 4300; x_wconf 87' lang='lat' dir='ltr'><strong>et</strong></span> <span class='ocrx_word' id='word_1_471' title='bbox 971 4254 1022 4300; x_wconf 89' lang='lat' dir='ltr'><strong>te</strong></span> <span class='ocrx_word' id='word_1_472' title='bbox 1055 4247 1261 4302; x_wconf 88' lang='lat' dir='ltr'><strong>scimus</strong></span> <span class='ocrx_word' id='word_1_473' title='bbox 1283 4263 1410 4304; x_wconf 79' lang='lat' dir='ltr'><strong>esse</strong></span> <span class='ocrx_word' id='word_1_474' title='bbox 1435 4251 1720 4307; x_wconf 87' lang='lat' dir='ltr'><strong>veritatem</strong></span> <span class='ocrx_word' id='word_1_475' title='bbox 1752 4254 1951 4322; x_wconf 87' lang='lat' dir='ltr'><strong>ipsam,</strong></span> <span class='ocrx_word' id='word_1_476' title='bbox 1983 4268 2093 4310; x_wconf 90' lang='lat' dir='ltr'><strong>non</strong></span> 
     </span>
    </p>
   </div>
   <div class='ocr_carea' id='block_1_64' title="bbox 523 4335 2096 4410">
    <p class='ocr_par' dir='ltr' id='par_1_64' title="bbox 523 4335 2096 4410">
     <span class='ocr_line' id='line_1_64' title="bbox 523 4335 2096 4410; baseline 0.008 -23"><span class='ocrx_word' id='word_1_477' title='bbox 523 4337 705 4390; x_wconf 76' lang='lat' dir='ltr'><strong>minus</strong></span> <span class='ocrx_word' id='word_1_478' title='bbox 739 4349 805 4389; x_wconf 83' lang='lat' dir='ltr'><strong>ac</strong></span> <span class='ocrx_word' id='word_1_479' title='bbox 838 4342 960 4390; x_wconf 88' lang='lat' dir='ltr'><strong>tuos</strong></span> <span class='ocrx_word' id='word_1_480' title='bbox 1018 4335 1074 4390; x_wconf 89' lang='lat' dir='ltr'><strong>in</strong></span> <span class='ocrx_word' id='word_1_481' title='bbox 1101 4338 1394 4395; x_wconf 84' lang='lat' dir='ltr'><strong>sanctitate</strong></span> <span class='ocrx_word' id='word_1_482' title='bbox 1425 4354 1712 4410; x_wconf 88' lang='lat' dir='ltr'><strong>compares</strong></span> <span class='ocrx_word' id='word_1_483' title='bbox 1769 4341 1986 4398; x_wconf 82' lang='lat' dir='ltr'><strong>Patrem</strong></span> <span class='ocrx_word' id='word_1_484' title='bbox 2040 4351 2096 4399; x_wconf 88' lang='lat' dir='ltr'><strong>et</strong></span> 
     </span>
    </p>
   </div>
   <div class='ocr_carea' id='block_1_65' title="bbox 522 4425 2097 4506">
    <p class='ocr_par' dir='ltr' id='par_1_65' title="bbox 522 4425 2097 4506">
     <span class='ocr_line' id='line_1_65' title="bbox 522 4425 2097 4506; baseline 0.006 -24"><span class='ocrx_word' id='word_1_485' title='bbox 522 4427 813 4496; x_wconf 83' lang='lat' dir='ltr'><strong>Spiritum.</strong></span> <span class='ocrx_word' id='word_1_486' title='bbox 833 4425 1102 4484; x_wconf 84' lang='lat' dir='ltr'><strong>Locutio:</strong></span> <span class='ocrx_word' id='word_1_487' title='bbox 1131 4428 1324 4486; x_wconf 82' lang='lat' dir='ltr'><strong>Misisti</strong></span> <span class='ocrx_word' id='word_1_488' title='bbox 1347 4433 1634 4502; x_wconf 86' lang='lat' dir='ltr'><strong>apostolis,</strong></span> <span class='ocrx_word' id='word_1_489' title='bbox 1661 4435 1866 4506; x_wconf 89' lang='lat' dir='ltr'><strong>aliquid</strong></span> <span class='ocrx_word' id='word_1_490' title='bbox 1891 4436 2097 4493; x_wconf 83' lang='lat' dir='ltr'><strong>habere</strong></span> 
     </span>
    </p>
   </div>
   <div class='ocr_carea' id='block_1_66' title="bbox 2276 2243 3780 2315">
    <p class='ocr_par' dir='ltr' id='par_1_66' title="bbox 2276 2243 3780 2315">
     <span class='ocr_line' id='line_1_66' title="bbox 2276 2243 3780 2315; baseline -0.003 -15"><span class='ocrx_word' id='word_1_491' title='bbox 2276 2251 2380 2315; x_wconf 85' lang='grc' dir='ltr'><strong>ρα’.</strong></span> <span class='ocrx_word' id='word_1_492' title='bbox 2425 2243 2718 2307; x_wconf 73' lang='grc' dir='ltr'>Ἰσοσθενὲς</span> <span class='ocrx_word' id='word_1_493' title='bbox 2765 2243 2823 2297; x_wconf 73' lang='grc' dir='ltr'>δὲ</span> <span class='ocrx_word' id='word_1_494' title='bbox 2849 2243 3075 2308; x_wconf 80' lang='grc' dir='ltr'>Πνευμα</span> <span class='ocrx_word' id='word_1_495' title='bbox 3123 2245 3302 2298; x_wconf 75' lang='grc' dir='ltr'>εἰπεῖν</span> <span class='ocrx_word' id='word_1_496' title='bbox 3336 2245 3433 2298; x_wconf 74' lang='grc' dir='ltr'><strong>καὶ</strong></span> <span class='ocrx_word' id='word_1_497' title='bbox 3480 2245 3780 2298; x_wconf 84' lang='grc' dir='ltr'>ταυτοσθε-</span> 
     </span>
    </p>
   </div>
   <div class='ocr_carea' id='block_1_67' title="bbox 2199 2332 3780 2406">
    <p class='ocr_par' dir='ltr' id='par_1_67' title="bbox 2199 2332 3780 2406">
     <span class='ocr_line' id='line_1_67' title="bbox 2199 2332 3780 2406; baseline 0.001 -20"><span class='ocrx_word' id='word_1_498' title='bbox 2199 2337 2312 2402; x_wconf 61' lang='lat' dir='ltr'><strong>veg,</strong></span> <span class='ocrx_word' id='word_1_499' title='bbox 2349 2340 2447 2406; x_wconf 83' lang='grc' dir='ltr'>τὴν</span> <span class='ocrx_word' id='word_1_500' title='bbox 2477 2335 2650 2405; x_wconf 78' lang='grc' dir='ltr'>αὐτὴν</span> <span class='ocrx_word' id='word_1_501' title='bbox 2689 2333 2802 2404; x_wconf 73' lang='grc' dir='ltr'>ἔχει</span> <span class='ocrx_word' id='word_1_502' title='bbox 2833 2334 3066 2404; x_wconf 79' lang='grc' dir='ltr'>δύναμιν</span> <span class='ocrx_word' id='word_1_503' title='bbox 3089 2347 3107 2365; x_wconf 85' lang='grc'>⁶</span> <span class='ocrx_word' id='word_1_504' title='bbox 3134 2332 3236 2404; x_wconf 65' lang='grc' dir='ltr'>ἥδη</span> <span class='ocrx_word' id='word_1_505' title='bbox 3261 2333 3320 2386; x_wconf 81' lang='grc' dir='ltr'>δὲ</span> <span class='ocrx_word' id='word_1_506' title='bbox 3343 2333 3440 2387; x_wconf 78' lang='grc' dir='ltr'><strong>καὶ</strong></span> <span class='ocrx_word' id='word_1_507' title='bbox 3461 2333 3780 2404; x_wconf 80' lang='grc' dir='ltr'>όμοσθενὲς,</span> 
     </span>
    </p>
   </div>
   <div class='ocr_carea' id='block_1_68' title="bbox 2199 2422 3785 2497">
    <p class='ocr_par' dir='ltr' id='par_1_68' title="bbox 2199 2422 3785 2497">
     <span class='ocr_line' id='line_1_68' title="bbox 2199 2422 3785 2497; baseline -0.002 -19"><span class='ocrx_word' id='word_1_508' title='bbox 2199 2427 2258 2479; x_wconf 82' lang='grc' dir='ltr'>οὐ</span> <span class='ocrx_word' id='word_1_509' title='bbox 2301 2425 2409 2497; x_wconf 71' lang='grc' dir='ltr'>μὴν</span> <span class='ocrx_word' id='word_1_510' title='bbox 2437 2425 2536 2480; x_wconf 69' lang='grc' dir='ltr'><strong>καὶ</strong></span> <span class='ocrx_word' id='word_1_511' title='bbox 2563 2424 2940 2494; x_wconf 81' lang='grc' dir='ltr'>ὁμοιοσθενές.</span> <span class='ocrx_word' id='word_1_512' title='bbox 2985 2424 3073 2486; x_wconf 83' lang='grc' dir='ltr'>Ὠς</span> <span class='ocrx_word' id='word_1_513' title='bbox 3102 2424 3210 2492; x_wconf 73' lang='grc' dir='ltr'><strong>γὰρ</strong></span> <span class='ocrx_word' id='word_1_514' title='bbox 3241 2422 3550 2478; x_wconf 79' lang='grc' dir='ltr'>κεκώλυται</span> <span class='ocrx_word' id='word_1_515' title='bbox 3577 2424 3785 2492; x_wconf 60' lang='grc' dir='ltr'>δογμα-</span> 
     </span>
    </p>
   </div>
   <div class='ocr_carea' id='block_1_69' title="bbox 2199 2514 3784 2585">
    <p class='ocr_par' dir='ltr' id='par_1_69' title="bbox 2199 2514 3784 2585">
     <span class='ocr_line' id='line_1_69' title="bbox 2199 2514 3784 2585; baseline -0.002 -14"><span class='ocrx_word' id='word_1_516' title='bbox 2199 2516 2366 2578; x_wconf 76' lang='grc' dir='ltr'>τικῶς</span> <span class='ocrx_word' id='word_1_517' title='bbox 2401 2518 2462 2569; x_wconf 74' lang='grc' dir='ltr'>τὸ</span> <span class='ocrx_word' id='word_1_518' title='bbox 2486 2515 2848 2584; x_wconf 80' lang='grc' dir='ltr'>όμοιοούσιον,</span> <span class='ocrx_word' id='word_1_519' title='bbox 2885 2515 3030 2569; x_wconf 82' lang='grc' dir='ltr'>οὕτω</span> <span class='ocrx_word' id='word_1_520' title='bbox 3076 2516 3258 2569; x_wconf 76' lang='grc' dir='ltr'>καὶτὸ</span> <span class='ocrx_word' id='word_1_521' title='bbox 3301 2515 3652 2585; x_wconf 75' lang='grc' dir='ltr'>ὁμοιοσθενὲς</span> <span class='ocrx_word' id='word_1_522' title='bbox 3687 2514 3784 2568; x_wconf 63' lang='grc' dir='ltr'><strong>ἐπὶ</strong></span> 
     </span>
    </p>
   </div>
   <div class='ocr_carea' id='block_1_70' title="bbox 2204 2606 3787 2678">
    <p class='ocr_par' dir='ltr' id='par_1_70' title="bbox 2204 2606 3787 2678">
     <span class='ocr_line' id='line_1_70' title="bbox 2204 2606 3787 2678; baseline 0.001 -18"><span class='ocrx_word' id='word_1_523' title='bbox 2204 2609 2305 2678; x_wconf 80' lang='grc' dir='ltr'>τῆς</span> <span class='ocrx_word' id='word_1_524' title='bbox 2339 2608 2501 2677; x_wconf 74' lang='grc' dir='ltr'>ἁγίας</span> <span class='ocrx_word' id='word_1_525' title='bbox 2523 2607 2774 2677; x_wconf 84' lang='grc' dir='ltr'>Τριάδος,</span> <span class='ocrx_word' id='word_1_526' title='bbox 2797 2606 3015 2661; x_wconf 79' lang='grc' dir='ltr'>καθὰτε</span> <span class='ocrx_word' id='word_1_527' title='bbox 3040 2609 3101 2660; x_wconf 78' lang='grc' dir='ltr'>τὸ</span> <span class='ocrx_word' id='word_1_528' title='bbox 3127 2607 3541 2678; x_wconf 81' lang='grc' dir='ltr'>ὸμοιοδύναμον.</span> <span class='ocrx_word' id='word_1_529' title='bbox 3577 2606 3787 2662; x_wconf 74' lang='grc' dir='ltr'>’ἰστέον</span> 
     </span>
    </p>
   </div>
   <div class='ocr_carea' id='block_1_71' title="bbox 2202 2699 3783 2771">
    <p class='ocr_par' dir='ltr' id='par_1_71' title="bbox 2202 2699 3783 2771">
     <span class='ocr_line' id='line_1_71' title="bbox 2202 2699 3783 2771; baseline 0.001 -18"><span class='ocrx_word' id='word_1_530' title='bbox 2202 2700 2263 2753; x_wconf 83' lang='grc' dir='ltr'><strong>δι</strong></span> <span class='ocrx_word' id='word_1_531' title='bbox 2291 2703 2389 2754; x_wconf 71' lang='grc' dir='ltr'><strong>καὶ</strong></span> <span class='ocrx_word' id='word_1_532' title='bbox 2415 2700 2492 2764; x_wconf 81' lang='grc' dir='ltr'><strong>ὡς</strong></span> <span class='ocrx_word' id='word_1_533' title='bbox 2521 2701 2571 2754; x_wconf 85' lang='grc' dir='ltr'><strong>εἰ</strong></span> <span class='ocrx_word' id='word_1_534' title='bbox 2606 2701 2708 2770; x_wconf 71' lang='grc' dir='ltr'>μὲν</span> <span class='ocrx_word' id='word_1_535' title='bbox 2736 2701 3013 2771; x_wconf 74' lang='grc' dir='ltr'><strong>γράφεται</strong></span> <span class='ocrx_word' id='word_1_536' title='bbox 3042 2699 3314 2763; x_wconf 78' lang='grc' dir='ltr'>ἰσοσθενές</span> <span class='ocrx_word' id='word_1_537' title='bbox 3339 2716 3447 2768; x_wconf 86' lang='grc' dir='ltr'>σοι,</span> <span class='ocrx_word' id='word_1_538' title='bbox 3475 2701 3577 2770; x_wconf 80' lang='grc' dir='ltr'>τὴν</span> <span class='ocrx_word' id='word_1_539' title='bbox 3604 2701 3783 2770; x_wconf 71' lang='grc' dir='ltr'>αὐτὴν</span> 
     </span>
    </p>
   </div>
   <div class='ocr_carea' id='block_1_72' title="bbox 2199 2791 3779 2863">
    <p class='ocr_par' dir='ltr' id='par_1_72' title="bbox 2199 2791 3779 2863">
     <span class='ocr_line' id='line_1_72' title="bbox 2199 2791 3779 2863; baseline -0.001 -17"><span class='ocrx_word' id='word_1_540' title='bbox 2199 2792 2316 2863; x_wconf 73' lang='grc' dir='ltr'>ἔχει</span> <span class='ocrx_word' id='word_1_541' title='bbox 2347 2791 2601 2862; x_wconf 81' lang='grc' dir='ltr'>δύναμιν,</span> <span class='ocrx_word' id='word_1_542' title='bbox 2635 2791 2698 2846; x_wconf 84' lang='grc' dir='ltr'>οὐ</span> <span class='ocrx_word' id='word_1_543' title='bbox 2738 2791 2921 2846; x_wconf 75' lang='grc' dir='ltr'>δέεται</span> <span class='ocrx_word' id='word_1_544' title='bbox 2952 2807 3096 2857; x_wconf 84' lang='grc' dir='ltr'>τινος</span> <span class='ocrx_word' id='word_1_545' title='bbox 3125 2791 3448 2856; x_wconf 74' lang='grc' dir='ltr'>ἰπιστασίας</span> <span class='ocrx_word' id='word_1_546' title='bbox 3474 2791 3539 2846; x_wconf 81' lang='grc' dir='ltr'><strong>τὺ</strong></span> <span class='ocrx_word' id='word_1_547' title='bbox 3573 2793 3779 2863; x_wconf 81' lang='grc' dir='ltr'>ῥητόν·</span> 
     </span>
    </p>
   </div>
   <div class='ocr_carea' id='block_1_73' title="bbox 2197 2881 3784 2954">
    <p class='ocr_par' dir='ltr' id='par_1_73' title="bbox 2197 2881 3784 2954">
     <span class='ocr_line' id='line_1_73' title="bbox 2197 2881 3784 2954; baseline 0.002 -17"><span class='ocrx_word' id='word_1_548' title='bbox 2197 2885 2248 2938; x_wconf 85' lang='grc' dir='ltr'><strong>εἰ</strong></span> <span class='ocrx_word' id='word_1_549' title='bbox 2279 2884 2326 2937; x_wconf 82' lang='grc' dir='ltr'>δ’</span> <span class='ocrx_word' id='word_1_550' title='bbox 2381 2882 2558 2946; x_wconf 76' lang='grc' dir='ltr'>ἄλλως</span> <span class='ocrx_word' id='word_1_551' title='bbox 2604 2884 2875 2954; x_wconf 71' lang='grc' dir='ltr'>γράφεται</span> <span class='ocrx_word' id='word_1_552' title='bbox 2929 2882 3199 2947; x_wconf 84' lang='grc' dir='ltr'>ἰσοσθενές</span> <span class='ocrx_word' id='word_1_553' title='bbox 3249 2899 3348 2938; x_wconf 87' lang='grc' dir='ltr'><strong>σου</strong></span> <span class='ocrx_word' id='word_1_554' title='bbox 3382 2881 3638 2953; x_wconf 81' lang='grc' dir='ltr'>Πνεῦμα,</span> <span class='ocrx_word' id='word_1_555' title='bbox 3696 2884 3784 2940; x_wconf 59' lang='lat' dir='ltr'><strong>[va</strong></span> 
     </span>
    </p>
   </div>
   <div class='ocr_carea' id='block_1_74' title="bbox 2197 2976 3780 3048">
    <p class='ocr_par' dir='ltr' id='par_1_74' title="bbox 2197 2976 3780 3048">
     <span class='ocr_line' id='line_1_74' title="bbox 2197 2976 3780 3048; baseline 0.001 -18"><span class='ocrx_word' id='word_1_556' title='bbox 2197 2976 2330 3048; x_wconf 82' lang='grc' dir='ltr'>λέγῃ</span> <span class='ocrx_word' id='word_1_557' title='bbox 2363 2976 2423 3030; x_wconf 78' lang='grc' dir='ltr'>τὸ</span> <span class='ocrx_word' id='word_1_558' title='bbox 2466 2976 2696 3047; x_wconf 84' lang='grc' dir='ltr'>Πνεῦμά</span> <span class='ocrx_word' id='word_1_559' title='bbox 2722 2993 2817 3030; x_wconf 83' lang='grc' dir='ltr'><strong>σου</strong></span> <span class='ocrx_word' id='word_1_560' title='bbox 2846 2977 2907 3030; x_wconf 82' lang='grc' dir='ltr'><strong>τὺ</strong></span> <span class='ocrx_word' id='word_1_561' title='bbox 2943 2977 3214 3041; x_wconf 76' lang='grc' dir='ltr'>ἰσοσθενές</span> <span class='ocrx_word' id='word_1_562' title='bbox 3246 2993 3350 3043; x_wconf 87' lang='grc' dir='ltr'>σοι,</span> <span class='ocrx_word' id='word_1_563' title='bbox 3384 2976 3780 3045; x_wconf 71' lang='grc' dir='ltr'>ἀναπεμπτέον</span> 
     </span>
    </p>
   </div>
   <div class='ocr_carea' id='block_1_75' title="bbox 2195 3067 3782 3139">
    <p class='ocr_par' dir='ltr' id='par_1_75' title="bbox 2195 3067 3782 3139">
     <span class='ocr_line' id='line_1_75' title="bbox 2195 3067 3782 3139; baseline 0 -17"><span class='ocrx_word' id='word_1_564' title='bbox 2195 3068 2298 3139; x_wconf 78' lang='grc' dir='ltr'>τὴν</span> <span class='ocrx_word' id='word_1_565' title='bbox 2323 3067 2538 3124; x_wconf 69' lang='grc' dir='ltr'>ἔννοιαν</span> <span class='ocrx_word' id='word_1_566' title='bbox 2565 3070 2647 3131; x_wconf 84' lang='grc' dir='ltr'><strong>εἰς</strong></span> <span class='ocrx_word' id='word_1_567' title='bbox 2670 3069 2763 3122; x_wconf 79' lang='grc' dir='ltr'>τὸν</span> <span class='ocrx_word' id='word_1_568' title='bbox 2795 3067 3093 3138; x_wconf 79' lang='grc' dir='ltr'>ψάλλοντα,</span> <span class='ocrx_word' id='word_1_569' title='bbox 3119 3068 3179 3124; x_wconf 82' lang='grc' dir='ltr'><strong>τὸ</strong></span> <span class='ocrx_word' id='word_1_570' title='bbox 3215 3067 3442 3134; x_wconf 84' lang='grc' dir='ltr'>Πνεῦμα</span> <span class='ocrx_word' id='word_1_571' title='bbox 3464 3068 3527 3122; x_wconf 74' lang='grc' dir='ltr'><strong>τὺ</strong></span> <span class='ocrx_word' id='word_1_572' title='bbox 3552 3069 3696 3138; x_wconf 66' lang='grc' dir='ltr'>ἐμόν</span> <span class='ocrx_word' id='word_1_573' title='bbox 3721 3085 3782 3122; x_wconf 89' lang='grc' dir='ltr'><strong>τε</strong></span> 
     </span>
    </p>
   </div>
   <div class='ocr_carea' id='block_1_76' title="bbox 2196 3160 3782 3232">
    <p class='ocr_par' dir='ltr' id='par_1_76' title="bbox 2196 3160 3782 3232">
     <span class='ocr_line' id='line_1_76' title="bbox 2196 3160 3782 3232; baseline 0.001 -18"><span class='ocrx_word' id='word_1_574' title='bbox 2196 3162 2292 3213; x_wconf 76' lang='grc' dir='ltr'><strong>καὶ</strong></span> <span class='ocrx_word' id='word_1_575' title='bbox 2329 3160 2542 3232; x_wconf 81' lang='grc' dir='ltr'>Πατρὸς</span> <span class='ocrx_word' id='word_1_576' title='bbox 2573 3160 2882 3226; x_wconf 77' lang='grc' dir='ltr'>ἀποστελῶ,</span> <span class='ocrx_word' id='word_1_577' title='bbox 2915 3160 3260 3232; x_wconf 73' lang='grc' dir='ltr'>ἑξηγημένον</span> <span class='ocrx_word' id='word_1_578' title='bbox 3309 3161 3519 3232; x_wconf 69' lang='grc' dir='ltr'>ἑτέροις</span> <span class='ocrx_word' id='word_1_579' title='bbox 3548 3162 3782 3225; x_wconf 74' lang='grc' dir='ltr'>ἱκανῶς.</span> 
     </span>
    </p>
   </div>
   <div class='ocr_carea' id='block_1_77' title="bbox 2196 3249 3783 3323">
    <p class='ocr_par' dir='ltr' id='par_1_77' title="bbox 2196 3249 3783 3323">
     <span class='ocr_line' id='line_1_77' title="bbox 2196 3249 3783 3323; baseline 0 -18"><span class='ocrx_word' id='word_1_580' title='bbox 2196 3249 2270 3305; x_wconf 80' lang='grc' dir='ltr'><strong>Τὸ</strong></span> <span class='ocrx_word' id='word_1_581' title='bbox 2304 3250 2362 3306; x_wconf 70' lang='grc' dir='ltr'>δι</span> <span class='ocrx_word' id='word_1_582' title='bbox 2389 3251 2667 3322; x_wconf 64' lang='grc' dir='ltr'>νημερτὲς</span> <span class='ocrx_word' id='word_1_583' title='bbox 2695 3250 2904 3320; x_wconf 79' lang='grc' dir='ltr'>γίνεται</span> <span class='ocrx_word' id='word_1_584' title='bbox 2949 3251 3049 3322; x_wconf 70' lang='grc' dir='ltr'>μὲν</span> <span class='ocrx_word' id='word_1_585' title='bbox 3086 3253 3153 3305; x_wconf 71' lang='grc' dir='ltr'><strong>ἐκ</strong></span> <span class='ocrx_word' id='word_1_586' title='bbox 3178 3251 3275 3305; x_wconf 87' lang='grc' dir='ltr'><strong>τοῦ</strong></span> <span class='ocrx_word' id='word_1_587' title='bbox 3323 3267 3406 3321; x_wconf 77' lang='grc' dir='ltr'>νη</span> <span class='ocrx_word' id='word_1_588' title='bbox 3447 3251 3783 3323; x_wconf 75' lang='grc' dir='ltr'>στερητικοῦ</span> 
     </span>
    </p>
   </div>
   <div class='ocr_carea' id='block_1_78' title="bbox 2197 3341 3788 3414">
    <p class='ocr_par' dir='ltr' id='par_1_78' title="bbox 2197 3341 3788 3414">
     <span class='ocr_line' id='line_1_78' title="bbox 2197 3341 3788 3414; baseline 0.002 -18"><span class='ocrx_word' id='word_1_589' title='bbox 2197 3345 2294 3396; x_wconf 80' lang='grc' dir='ltr'><strong>καὶ</strong></span> <span class='ocrx_word' id='word_1_590' title='bbox 2326 3343 2422 3396; x_wconf 89' lang='grc' dir='ltr'><strong>τοῦ</strong></span> <span class='ocrx_word' id='word_1_591' title='bbox 2463 3343 2824 3412; x_wconf 75' lang='grc' dir='ltr'>ἁμαρτάνειν,</span> <span class='ocrx_word' id='word_1_592' title='bbox 2872 3344 2970 3397; x_wconf 77' lang='grc' dir='ltr'><strong>καὶ</strong></span> <span class='ocrx_word' id='word_1_593' title='bbox 2999 3341 3150 3414; x_wconf 77' lang='grc' dir='ltr'>δηλοῖ</span> <span class='ocrx_word' id='word_1_594' title='bbox 3194 3341 3398 3412; x_wconf 80' lang='grc' dir='ltr'>ἀληθὲς</span> <span class='ocrx_word' id='word_1_595' title='bbox 3430 3344 3526 3400; x_wconf 79' lang='grc' dir='ltr'><strong>καὶ</strong></span> <span class='ocrx_word' id='word_1_596' title='bbox 3575 3345 3788 3400; x_wconf 77' lang='grc' dir='ltr'>ἀπται-</span> 
     </span>
    </p>
   </div>
   <div class='ocr_carea' id='block_1_79' title="bbox 2198 3432 3782 3508">
    <p class='ocr_par' dir='ltr' id='par_1_79' title="bbox 2198 3432 3782 3508">
     <span class='ocr_line' id='line_1_79' title="bbox 2198 3432 3782 3508; baseline 0.003 -22"><span class='ocrx_word' id='word_1_597' title='bbox 2198 3450 2324 3488; x_wconf 87' lang='grc' dir='ltr'>στον</span> <span class='ocrx_word' id='word_1_598' title='bbox 2351 3435 2409 3488; x_wconf 72' lang='grc' dir='ltr'>ὲν</span> <span class='ocrx_word' id='word_1_599' title='bbox 2440 3433 2521 3504; x_wconf 81' lang='grc' dir='ltr'>τῷ</span> <span class='ocrx_word' id='word_1_600' title='bbox 2547 3432 2798 3488; x_wconf 79' lang='grc' dir='ltr'>ὁπωσοῦν</span> <span class='ocrx_word' id='word_1_601' title='bbox 2839 3432 3196 3508; x_wconf 75' lang='grc' dir='ltr'>ἀνθρωπίνως</span> <span class='ocrx_word' id='word_1_602' title='bbox 3231 3435 3520 3505; x_wconf 70' lang='grc' dir='ltr'>ἀληθεύειν</span> <span class='ocrx_word' id='word_1_603' title='bbox 3541 3451 3558 3468; x_wconf 89' lang='grc'><strong>·</strong></span> <span class='ocrx_word' id='word_1_604' title='bbox 3589 3436 3724 3491; x_wconf 77' lang='grc' dir='ltr'>καθ’</span> <span class='ocrx_word' id='word_1_605' title='bbox 3753 3436 3782 3490; x_wconf 83' lang='grc' dir='ltr'><strong>δ</strong></span> 
     </span>
    </p>
   </div>
   <div class='ocr_carea' id='block_1_80' title="bbox 2194 3524 3783 3599">
    <p class='ocr_par' dir='ltr' id='par_1_80' title="bbox 2194 3524 3783 3599">
     <span class='ocr_line' id='line_1_80' title="bbox 2194 3524 3783 3599; baseline 0.005 -21"><span class='ocrx_word' id='word_1_606' title='bbox 2194 3526 2294 3579; x_wconf 71' lang='grc' dir='ltr'><strong>καὶ</strong></span> <span class='ocrx_word' id='word_1_607' title='bbox 2318 3524 2608 3596; x_wconf 80' lang='grc' dir='ltr'>ἄνθρωπος</span> <span class='ocrx_word' id='word_1_608' title='bbox 2632 3526 2736 3580; x_wconf 81' lang='grc' dir='ltr'><strong>οὐκ</strong></span> <span class='ocrx_word' id='word_1_609' title='bbox 2757 3527 3199 3599; x_wconf 75' lang='grc' dir='ltr'>ἀφαμαρτοεπὴς</span> <span class='ocrx_word' id='word_1_610' title='bbox 3226 3528 3422 3598; x_wconf 80' lang='grc' dir='ltr'>ῥηθείη</span> <span class='ocrx_word' id='word_1_611' title='bbox 3446 3528 3539 3585; x_wconf 81' lang='grc' dir='ltr'>ἀν.</span> <span class='ocrx_word' id='word_1_612' title='bbox 3564 3528 3690 3584; x_wconf 75' lang='grc' dir='ltr'><strong>Οὔκ</strong></span> <span class='ocrx_word' id='word_1_613' title='bbox 3715 3530 3783 3586; x_wconf 76' lang='grc' dir='ltr'>ἂν</span> 
     </span>
    </p>
   </div>
   <div class='ocr_carea' id='block_1_81' title="bbox 2193 3615 3775 3692">
    <p class='ocr_par' dir='ltr' id='par_1_81' title="bbox 2193 3615 3775 3692">
     <span class='ocr_line' id='line_1_81' title="bbox 2193 3615 3775 3692; baseline 0.004 -22"><span class='ocrx_word' id='word_1_614' title='bbox 2193 3615 2251 3670; x_wconf 77' lang='grc' dir='ltr'>δὲ</span> <span class='ocrx_word' id='word_1_615' title='bbox 2285 3618 2518 3690; x_wconf 73' lang='grc' dir='ltr'>σφαλείη</span> <span class='ocrx_word' id='word_1_616' title='bbox 2547 3617 2641 3672; x_wconf 86' lang='grc' dir='ltr'><strong>τοῦ</strong></span> <span class='ocrx_word' id='word_1_617' title='bbox 2669 3618 2908 3685; x_wconf 80' lang='grc' dir='ltr'>δέοντος,</span> <span class='ocrx_word' id='word_1_618' title='bbox 2937 3619 2992 3672; x_wconf 77' lang='grc' dir='ltr'><strong>εἰ</strong></span> <span class='ocrx_word' id='word_1_619' title='bbox 3018 3635 3106 3684; x_wconf 83' lang='grc' dir='ltr'><strong>τις</strong></span> <span class='ocrx_word' id='word_1_620' title='bbox 3135 3620 3226 3674; x_wconf 71' lang='grc' dir='ltr'><strong>καὶ</strong></span> <span class='ocrx_word' id='word_1_621' title='bbox 3247 3620 3325 3684; x_wconf 80' lang='grc' dir='ltr'><strong>ὡς</strong></span> <span class='ocrx_word' id='word_1_622' title='bbox 3358 3621 3657 3692; x_wconf 71' lang='grc' dir='ltr'>ἐπίρρημα</span> <span class='ocrx_word' id='word_1_623' title='bbox 3687 3624 3775 3676; x_wconf 76' lang='grc' dir='ltr'><strong>ὲν-</strong></span> 
     </span>
    </p>
   </div>
   <div class='ocr_carea' id='block_1_82' title="bbox 2195 3709 3782 3785">
    <p class='ocr_par' dir='ltr' id='par_1_82' title="bbox 2195 3709 3782 3785">
     <span class='ocr_line' id='line_1_82' title="bbox 2195 3709 3782 3785; baseline 0.001 -20"><span class='ocrx_word' id='word_1_624' title='bbox 2195 3710 2372 3766; x_wconf 79' lang='grc' dir='ltr'>·εαῦθα</span> <span class='ocrx_word' id='word_1_625' title='bbox 2401 3711 2545 3783; x_wconf 75' lang='grc' dir='ltr'><strong>λάϐῃ</strong></span> <span class='ocrx_word' id='word_1_626' title='bbox 2573 3712 2672 3781; x_wconf 75' lang='grc' dir='ltr'>τὴν</span> <span class='ocrx_word' id='word_1_627' title='bbox 2717 3709 2862 3776; x_wconf 76' lang='grc' dir='ltr'>λέξιν</span> <span class='ocrx_word' id='word_1_628' title='bbox 2904 3709 3134 3779; x_wconf 76' lang='grc' dir='ltr'>ταύτην,</span> <span class='ocrx_word' id='word_1_629' title='bbox 3174 3711 3320 3766; x_wconf 78' lang='grc' dir='ltr'><strong>καθὰ</strong></span> <span class='ocrx_word' id='word_1_630' title='bbox 3348 3713 3446 3766; x_wconf 74' lang='grc' dir='ltr'><strong>καὶ</strong></span> <span class='ocrx_word' id='word_1_631' title='bbox 3476 3713 3614 3767; x_wconf 78' lang='grc' dir='ltr'>αὐτὸ</span> <span class='ocrx_word' id='word_1_632' title='bbox 3645 3731 3782 3785; x_wconf 78' lang='grc' dir='ltr'>προ-</span> 
     </span>
    </p>
   </div>
   <div class='ocr_carea' id='block_1_83' title="bbox 2193 3801 3779 3876">
    <p class='ocr_par' dir='ltr' id='par_1_83' title="bbox 2193 3801 3779 3876">
     <span class='ocr_line' id='line_1_83' title="bbox 2193 3801 3779 3876; baseline 0.002 -18"><span class='ocrx_word' id='word_1_633' title='bbox 2193 3805 2512 3876; x_wconf 79' lang='grc' dir='ltr'>δεδήλωται,</span> <span class='ocrx_word' id='word_1_634' title='bbox 2535 3804 2622 3858; x_wconf 79' lang='grc' dir='ltr'>ῑνα</span> <span class='ocrx_word' id='word_1_635' title='bbox 2651 3803 2786 3875; x_wconf 78' lang='grc' dir='ltr'>λέγῃ</span> <span class='ocrx_word' id='word_1_636' title='bbox 2811 3807 2840 3858; x_wconf 86' lang='grc' dir='ltr'><strong>ό</strong></span> <span class='ocrx_word' id='word_1_637' title='bbox 2859 3803 3092 3874; x_wconf 81' lang='grc' dir='ltr'>Ποιητὴς</span> <span class='ocrx_word' id='word_1_638' title='bbox 3112 3804 3218 3871; x_wconf 79' lang='grc' dir='ltr'>ὅτι,</span> <span class='ocrx_word' id='word_1_639' title='bbox 3247 3801 3522 3874; x_wconf 75' lang='grc' dir='ltr'>’Δψευδῶς</span> <span class='ocrx_word' id='word_1_640' title='bbox 3545 3806 3779 3876; x_wconf 65' lang='grc' dir='ltr'>ἐξέπεμ-</span> 
     </span>
    </p>
   </div>
   <div class='ocr_carea' id='block_1_84' title="bbox 2193 3894 3778 3970">
    <p class='ocr_par' dir='ltr' id='par_1_84' title="bbox 2193 3894 3778 3970">
     <span class='ocr_line' id='line_1_84' title="bbox 2193 3894 3778 3970; baseline -0.001 -13"><span class='ocrx_word' id='word_1_641' title='bbox 2193 3899 2324 3969; x_wconf 68' lang='grc' dir='ltr'>ψας.</span> <span class='ocrx_word' id='word_1_642' title='bbox 2380 3900 2456 3953; x_wconf 81' lang='grc' dir='ltr'><strong>Οὐ</strong></span> <span class='ocrx_word' id='word_1_643' title='bbox 2514 3899 2622 3970; x_wconf 81' lang='grc' dir='ltr'><strong>γὰρ</strong></span> <span class='ocrx_word' id='word_1_644' title='bbox 2679 3894 2750 3968; x_wconf 80' lang='grc' dir='ltr'>ἦν</span> <span class='ocrx_word' id='word_1_645' title='bbox 2793 3898 3102 3967; x_wconf 80' lang='grc' dir='ltr'>ψεύσασθαί</span> <span class='ocrx_word' id='word_1_646' title='bbox 3159 3915 3220 3952; x_wconf 90' lang='grc' dir='ltr'><strong>σε</strong></span> <span class='ocrx_word' id='word_1_647' title='bbox 3259 3900 3484 3954; x_wconf 81' lang='grc' dir='ltr'>εἰπόντα</span> <span class='ocrx_word' id='word_1_648' title='bbox 3541 3900 3622 3963; x_wconf 75' lang='grc' dir='ltr'>ὡς</span> <span class='ocrx_word' id='word_1_649' title='bbox 3677 3900 3778 3970; x_wconf 72' lang='grc' dir='ltr'><strong>τὴν</strong></span> 
     </span>
    </p>
   </div>
   <div class='ocr_carea' id='block_1_85' title="bbox 2195 3989 3776 4063">
    <p class='ocr_par' dir='ltr' id='par_1_85' title="bbox 2195 3989 3776 4063">
     <span class='ocr_line' id='line_1_85' title="bbox 2195 3989 3776 4063; baseline 0.001 -19"><span class='ocrx_word' id='word_1_650' title='bbox 2195 3990 2527 4059; x_wconf 77' lang='grc' dir='ltr'>ἐπαγγελίαν</span> <span class='ocrx_word' id='word_1_651' title='bbox 2551 3991 2647 4046; x_wconf 85' lang='grc' dir='ltr'><strong>τοῦ</strong></span> <span class='ocrx_word' id='word_1_652' title='bbox 2675 3989 2887 4063; x_wconf 72' lang='grc' dir='ltr'>Πατρδς</span> <span class='ocrx_word' id='word_1_653' title='bbox 2913 3991 3301 4058; x_wconf 79' lang='grc' dir='ltr'>ὲξαποστελεῖς</span> <span class='ocrx_word' id='word_1_654' title='bbox 3323 3995 3440 4058; x_wconf 74' lang='grc' dir='ltr'>τοῖς</span> <span class='ocrx_word' id='word_1_655' title='bbox 3467 3992 3776 4063; x_wconf 78' lang='grc' dir='ltr'>μαθηταῖς.</span> 
     </span>
    </p>
   </div>
   <div class='ocr_carea' id='block_1_86' title="bbox 2209 4082 3775 4154">
    <p class='ocr_par' dir='ltr' id='par_1_86' title="bbox 2209 4082 3775 4154">
     <span class='ocr_line' id='line_1_86' title="bbox 2209 4082 3775 4154; baseline 0.003 -18"><span class='ocrx_word' id='word_1_656' title='bbox 2209 4082 2270 4136; x_wconf 88' lang='lat'><strong>&#39;0</strong></span> <span class='ocrx_word' id='word_1_657' title='bbox 2305 4083 2416 4154; x_wconf 71' lang='grc' dir='ltr'><strong>γὰρ</strong></span> <span class='ocrx_word' id='word_1_658' title='bbox 2443 4084 2603 4152; x_wconf 82' lang='grc' dir='ltr'>λόγος</span> <span class='ocrx_word' id='word_1_659' title='bbox 2631 4085 2660 4137; x_wconf 84' lang='grc' dir='ltr'><strong>ό</strong></span> <span class='ocrx_word' id='word_1_660' title='bbox 2687 4083 2778 4148; x_wconf 75' lang='grc' dir='ltr'>σὸς</span> <span class='ocrx_word' id='word_1_661' title='bbox 2803 4083 3036 4154; x_wconf 78' lang='grc' dir='ltr'>ἀλήθειά</span> <span class='ocrx_word' id='word_1_662' title='bbox 3059 4085 3198 4149; x_wconf 63' lang='grc' dir='ltr'>ἔστι,</span> <span class='ocrx_word' id='word_1_663' title='bbox 3221 4082 3412 4138; x_wconf 72' lang='grc' dir='ltr'>καθότι</span> <span class='ocrx_word' id='word_1_664' title='bbox 3443 4085 3542 4139; x_wconf 76' lang='grc' dir='ltr'><strong>καὶ</strong></span> <span class='ocrx_word' id='word_1_665' title='bbox 3571 4087 3775 4140; x_wconf 76' lang='grc' dir='ltr'>αὐτοαο</span> 
     </span>
    </p>
   </div>
   <div class='ocr_carea' id='block_1_87' title="bbox 2195 4173 3776 4251">
    <p class='ocr_par' dir='ltr' id='par_1_87' title="bbox 2195 4173 3776 4251">
     <span class='ocr_line' id='line_1_87' title="bbox 2195 4173 3776 4251; baseline 0.004 -25"><span class='ocrx_word' id='word_1_666' title='bbox 2195 4173 2419 4244; x_wconf 79' lang='grc' dir='ltr'>λήθειάν</span> <span class='ocrx_word' id='word_1_667' title='bbox 2450 4191 2510 4228; x_wconf 89' lang='grc' dir='ltr'><strong>σε</strong></span> <span class='ocrx_word' id='word_1_668' title='bbox 2533 4175 2760 4245; x_wconf 85' lang='grc' dir='ltr'>οἰδαμεν</span> <span class='ocrx_word' id='word_1_669' title='bbox 2786 4176 2907 4228; x_wconf 80' lang='grc' dir='ltr'>κατ’</span> <span class='ocrx_word' id='word_1_670' title='bbox 2934 4176 3048 4229; x_wconf 71' lang='grc' dir='ltr'>ἴσον</span> <span class='ocrx_word' id='word_1_671' title='bbox 3085 4179 3202 4242; x_wconf 82' lang='grc' dir='ltr'><strong>τοίς</strong></span> <span class='ocrx_word' id='word_1_672' title='bbox 3239 4179 3675 4246; x_wconf 77' lang='grc' dir='ltr'>ωναγιωτάτοις</span> <span class='ocrx_word' id='word_1_673' title='bbox 3697 4180 3776 4251; x_wconf 74' lang='grc' dir='ltr'><strong>τῷ</strong></span> 
     </span>
    </p>
   </div>
   <div class='ocr_carea' id='block_1_88' title="bbox 2199 4265 3780 4339">
    <p class='ocr_par' dir='ltr' id='par_1_88' title="bbox 2199 4265 3780 4339">
     <span class='ocr_line' id='line_1_88' title="bbox 2199 4265 3780 4339; baseline 0.004 -21"><span class='ocrx_word' id='word_1_674' title='bbox 2199 4265 2372 4335; x_wconf 81' lang='grc' dir='ltr'>Πατρὶ</span> <span class='ocrx_word' id='word_1_675' title='bbox 2400 4268 2496 4319; x_wconf 83' lang='grc' dir='ltr'><strong>καὶ</strong></span> <span class='ocrx_word' id='word_1_676' title='bbox 2523 4265 2600 4336; x_wconf 82' lang='grc' dir='ltr'>τῷ</span> <span class='ocrx_word' id='word_1_677' title='bbox 2625 4266 2904 4337; x_wconf 82' lang='grc' dir='ltr'>Πνεύματι</span> <span class='ocrx_word' id='word_1_678' title='bbox 2920 4283 2935 4297; x_wconf 73' lang='grc'><strong><em>⁸</em></strong></span> <span class='ocrx_word' id='word_1_679' title='bbox 2969 4267 3033 4322; x_wconf 75' lang='grc' dir='ltr'>τὸ</span> <span class='ocrx_word' id='word_1_680' title='bbox 3056 4269 3140 4334; x_wconf 62' lang='grc' dir='ltr'>δὲ,</span> <span class='ocrx_word' id='word_1_681' title='bbox 3163 4268 3520 4339; x_wconf 70' lang='grc' dir='ltr'>Ἑξέπεμψας</span> <span class='ocrx_word' id='word_1_682' title='bbox 3541 4271 3780 4326; x_wconf 74' lang='grc' dir='ltr'>ἀποστό-</span> 
     </span>
    </p>
   </div>
   <div class='ocr_carea' id='block_1_89' title="bbox 2196 4356 3780 4433">
    <p class='ocr_par' dir='ltr' id='par_1_89' title="bbox 2196 4356 3780 4433">
     <span class='ocr_line' id='line_1_89' title="bbox 2196 4356 3780 4433; baseline 0.006 -23"><span class='ocrx_word' id='word_1_683' title='bbox 2196 4356 2332 4422; x_wconf 79' lang='grc' dir='ltr'>λοις,</span> <span class='ocrx_word' id='word_1_684' title='bbox 2365 4357 2512 4428; x_wconf 68' lang='grc' dir='ltr'>ἔχειν</span> <span class='ocrx_word' id='word_1_685' title='bbox 2543 4375 2598 4414; x_wconf 84' lang='grc' dir='ltr'><strong>τι</strong></span> <span class='ocrx_word' id='word_1_686' title='bbox 2619 4360 2750 4431; x_wconf 74' lang='grc' dir='ltr'>ἀρτι</span> <span class='ocrx_word' id='word_1_687' title='bbox 2787 4360 2886 4414; x_wconf 73' lang='grc' dir='ltr'><strong>καὶ</strong></span> <span class='ocrx_word' id='word_1_688' title='bbox 2909 4363 2973 4414; x_wconf 73' lang='grc' dir='ltr'>τὸ</span> <span class='ocrx_word' id='word_1_689' title='bbox 3014 4361 3170 4431; x_wconf 69' lang='grc' dir='ltr'>ἅγιον</span> <span class='ocrx_word' id='word_1_690' title='bbox 3196 4361 3432 4432; x_wconf 78' lang='grc' dir='ltr'>Πνεῦμα</span> <span class='ocrx_word' id='word_1_691' title='bbox 3449 4364 3651 4433; x_wconf 21' lang='grc' dir='ltr'>δηλοίεο</span> <span class='ocrx_word' id='word_1_692' title='bbox 3683 4368 3780 4420; x_wconf 74' lang='grc' dir='ltr'><strong>καὶ</strong></span> 
     </span>
    </p>
   </div>
   <div class='ocr_carea' id='block_1_90' title="bbox 2197 4449 3782 4527">
    <p class='ocr_par' dir='ltr' id='par_1_90' title="bbox 2197 4449 3782 4527">
     <span class='ocr_line' id='line_1_90' title="bbox 2197 4449 3782 4527; baseline 0.005 -24"><span class='ocrx_word' id='word_1_693' title='bbox 2197 4449 2383 4505; x_wconf 75' lang='grc' dir='ltr'>καινὸν</span> <span class='ocrx_word' id='word_1_694' title='bbox 2411 4451 2564 4506; x_wconf 82' lang='grc' dir='ltr'>οὐδέν</span> <span class='ocrx_word' id='word_1_695' title='bbox 2608 4452 2760 4507; x_wconf 76' lang='grc' dir='ltr'>ἐστιν</span> <span class='ocrx_word' id='word_1_696' title='bbox 2804 4451 2951 4508; x_wconf 76' lang='grc' dir='ltr'>οὕτω</span> <span class='ocrx_word' id='word_1_697' title='bbox 2981 4455 3209 4523; x_wconf 76' lang='grc' dir='ltr'>νοῆσαιο</span> <span class='ocrx_word' id='word_1_698' title='bbox 3248 4454 3615 4525; x_wconf 80' lang='grc' dir='ltr'>Παράκλητον</span> <span class='ocrx_word' id='word_1_699' title='bbox 3671 4459 3782 4527; x_wconf 71' lang='grc' dir='ltr'><strong>γὰρ</strong></span> 
     </span>
    </p>
   </div>
   <div class='ocr_carea' id='block_1_91' title="bbox 521 4517 2091 4615">
    <p class='ocr_par' dir='ltr' id='par_1_91' title="bbox 521 4517 2091 4593">
     <span class='ocr_line' id='line_1_91' title="bbox 521 4517 2091 4593; baseline 0.006 -21"><span class='ocrx_word' id='word_1_700' title='bbox 521 4531 666 4572; x_wconf 90' lang='lat' dir='ltr'><strong>nunc</strong></span> <span class='ocrx_word' id='word_1_701' title='bbox 689 4517 851 4573; x_wconf 86' lang='lat' dir='ltr'><strong>etiam</strong></span> <span class='ocrx_word' id='word_1_702' title='bbox 875 4529 1125 4574; x_wconf 87' lang='lat' dir='ltr'><strong>sanctum</strong></span> <span class='ocrx_word' id='word_1_703' title='bbox 1159 4519 1418 4590; x_wconf 89' lang='lat' dir='ltr'><strong>Spiritum</strong></span> <span class='ocrx_word' id='word_1_704' title='bbox 1450 4521 1832 4593; x_wconf 81' lang='lat' dir='ltr'><strong>demonstrat;</strong></span> <span class='ocrx_word' id='word_1_705' title='bbox 1858 4539 1960 4582; x_wconf 88' lang='lat' dir='ltr'><strong>nec</strong></span> <span class='ocrx_word' id='word_1_706' title='bbox 1990 4529 2091 4581; x_wconf 88' lang='lat' dir='ltr'><strong>mi-</strong></span> 
     </span>
    </p>
   </div>
   <div class='ocr_carea' id='block_1_92' title="bbox 2197 4517 3781 4615">
    <p class='ocr_par' dir='ltr' id='par_1_92' title="bbox 2200 4517 3781 4615">
     <span class='ocr_line' id='line_1_92' title="bbox 2200 4517 3781 4615; baseline 0.006 -22"><span class='ocrx_word' id='word_1_707' title='bbox 2200 4541 2260 4593; x_wconf 81' lang='grc' dir='ltr'>τὸ</span> <span class='ocrx_word' id='word_1_708' title='bbox 2293 4542 2451 4610; x_wconf 78' lang='grc' dir='ltr'>ἅγιον</span> <span class='ocrx_word' id='word_1_709' title='bbox 2493 4541 2720 4614; x_wconf 83' lang='grc' dir='ltr'>Πνεῦμα</span> <span class='ocrx_word' id='word_1_710' title='bbox 2765 4544 2880 4608; x_wconf 79' lang='grc' dir='ltr'>τοῖς</span> <span class='ocrx_word' id='word_1_711' title='bbox 2911 4517 3184 4615; x_wconf 71' lang='grc' dir='ltr'>μαθηταῖς</span> <span class='ocrx_word' id='word_1_712' title='bbox 3221 4517 3582 4612; x_wconf 72' lang='grc' dir='ltr'>ἀπέσταλται,</span> <span class='ocrx_word' id='word_1_713' title='bbox 3627 4517 3781 4604; x_wconf 54' lang='lat' dir='ltr'><strong>unde</strong></span> 
     </span>
    </p>
   </div>
   <div class='ocr_carea' id='block_1_93' title="bbox 519 4610 2092 4688">
    <p class='ocr_par' dir='ltr' id='par_1_93' title="bbox 519 4610 2092 4688">
     <span class='ocr_line' id='line_1_93' title="bbox 519 4610 2092 4688; baseline 0.006 -24"><span class='ocrx_word' id='word_1_714' title='bbox 519 4625 639 4664; x_wconf 88' lang='lat' dir='ltr'><strong>rum</strong></span> <span class='ocrx_word' id='word_1_715' title='bbox 672 4619 758 4666; x_wconf 77' lang='lat' dir='ltr'><strong>est</strong></span> <span class='ocrx_word' id='word_1_716' title='bbox 788 4611 858 4665; x_wconf 88' lang='lat' dir='ltr'><strong>ita</strong></span> <span class='ocrx_word' id='word_1_717' title='bbox 894 4612 1135 4666; x_wconf 86' lang='lat' dir='ltr'><strong>sentire:</strong></span> <span class='ocrx_word' id='word_1_718' title='bbox 1171 4610 1490 4669; x_wconf 80' lang='lat' dir='ltr'><strong>Paracletus</strong></span> <span class='ocrx_word' id='word_1_719' title='bbox 1513 4615 1660 4669; x_wconf 92' lang='lat' dir='ltr'><strong>enim</strong></span> <span class='ocrx_word' id='word_1_720' title='bbox 1695 4625 1920 4671; x_wconf 82' lang='lat' dir='ltr'><strong>sanctus</strong></span> <span class='ocrx_word' id='word_1_721' title='bbox 1967 4616 2092 4688; x_wconf 88' lang='lat' dir='ltr'><strong>Spi-</strong></span> 
     </span>
    </p>
   </div>
   <div class='ocr_carea' id='block_1_94' title="bbox 518 4702 2092 4773">
    <p class='ocr_par' dir='ltr' id='par_1_94' title="bbox 518 4702 2092 4773">
     <span class='ocr_line' id='line_1_94' title="bbox 518 4702 2092 4773; baseline 0.006 -17"><span class='ocrx_word' id='word_1_722' title='bbox 518 4703 654 4758; x_wconf 88' lang='lat' dir='ltr'><strong>ritus</strong></span> <span class='ocrx_word' id='word_1_723' title='bbox 686 4703 948 4773; x_wconf 83' lang='lat' dir='ltr'><strong>apostolis</strong></span> <span class='ocrx_word' id='word_1_724' title='bbox 979 4702 1182 4759; x_wconf 85' lang='lat' dir='ltr'><strong>missus</strong></span> <span class='ocrx_word' id='word_1_725' title='bbox 1209 4715 1295 4761; x_wconf 87' lang='lat' dir='ltr'><strong>est</strong></span> <span class='ocrx_word' id='word_1_726' title='bbox 1310 4719 1328 4772; x_wconf 83' lang='lat'><strong>;</strong></span> <span class='ocrx_word' id='word_1_727' title='bbox 1358 4704 1609 4762; x_wconf 82' lang='lat' dir='ltr'><strong>Salvator</strong></span> <span class='ocrx_word' id='word_1_728' title='bbox 1631 4716 1811 4763; x_wconf 89' lang='lat' dir='ltr'><strong>autem</strong></span> <span class='ocrx_word' id='word_1_729' title='bbox 1843 4708 2092 4766; x_wconf 84' lang='lat' dir='ltr'><strong>Christus</strong></span> 
     </span>
    </p>
   </div>
   <div class='ocr_carea' id='block_1_95' title="bbox 519 4793 2088 4872">
    <p class='ocr_par' dir='ltr' id='par_1_95' title="bbox 519 4793 2088 4872">
     <span class='ocr_line' id='line_1_95' title="bbox 519 4793 2088 4872; baseline 0.008 -26"><span class='ocrx_word' id='word_1_730' title='bbox 519 4794 744 4849; x_wconf 85' lang='lat' dir='ltr'><strong>nuntius</strong></span> <span class='ocrx_word' id='word_1_731' title='bbox 779 4794 939 4850; x_wconf 89' lang='lat' dir='ltr'><strong>nobis</strong></span> <span class='ocrx_word' id='word_1_732' title='bbox 969 4809 999 4848; x_wconf 91' lang='lat' dir='ltr'><strong>a</strong></span> <span class='ocrx_word' id='word_1_733' title='bbox 1035 4793 1195 4850; x_wconf 83' lang='lat' dir='ltr'><strong>Patre</strong></span> <span class='ocrx_word' id='word_1_734' title='bbox 1229 4797 1490 4852; x_wconf 87' lang='lat' dir='ltr'><strong>salutaris</strong></span> <span class='ocrx_word' id='word_1_735' title='bbox 1549 4799 1721 4866; x_wconf 82' lang='lat' dir='ltr'><strong>venit;</strong></span> <span class='ocrx_word' id='word_1_736' title='bbox 1751 4800 1896 4856; x_wconf 88' lang='lat' dir='ltr'><strong>sicut</strong></span> <span class='ocrx_word' id='word_1_737' title='bbox 1920 4816 2088 4872; x_wconf 76' lang='lat' dir='ltr'><strong>ange-</strong></span> 
     </span>
    </p>
   </div>
   <div class='ocr_carea' id='block_1_96' title="bbox 519 4880 2093 4962">
    <p class='ocr_par' dir='ltr' id='par_1_96' title="bbox 519 4880 2093 4962">
     <span class='ocr_line' id='line_1_96' title="bbox 519 4880 2093 4962; baseline 0.011 -28"><span class='ocrx_word' id='word_1_738' title='bbox 519 4880 732 4948; x_wconf 82' lang='lat' dir='ltr'><strong>lus,qui</strong></span> <span class='ocrx_word' id='word_1_739' title='bbox 757 4898 923 4952; x_wconf 86' lang='lat' dir='ltr'><strong>super</strong></span> <span class='ocrx_word' id='word_1_740' title='bbox 945 4900 1134 4940; x_wconf 85' lang='lat' dir='ltr'><strong>omnes</strong></span> <span class='ocrx_word' id='word_1_741' title='bbox 1180 4887 1403 4956; x_wconf 76' lang='lat' dir='ltr'><strong>angelos</strong></span> <span class='ocrx_word' id='word_1_742' title='bbox 1440 4897 1546 4955; x_wconf 89' lang='lat' dir='ltr'><strong>est,</strong></span> <span class='ocrx_word' id='word_1_743' title='bbox 1570 4900 1758 4960; x_wconf 89' lang='lat' dir='ltr'><strong>utpote</strong></span> <span class='ocrx_word' id='word_1_744' title='bbox 1793 4895 2093 4962; x_wconf 85' lang='lat' dir='ltr'><strong>supersub-</strong></span> 
     </span>
    </p>
   </div>
   <div class='ocr_carea' id='block_1_97' title="bbox 521 4974 2090 5046">
    <p class='ocr_par' dir='ltr' id='par_1_97' title="bbox 521 4974 2090 5046">
     <span class='ocr_line' id='line_1_97' title="bbox 521 4974 2090 5046; baseline 0.01 -19"><span class='ocrx_word' id='word_1_745' title='bbox 521 4974 813 5029; x_wconf 79' lang='lat' dir='ltr'><strong>stantialis.</strong></span> <span class='ocrx_word' id='word_1_746' title='bbox 842 4976 956 5030; x_wconf 84' lang='lat' dir='ltr'><strong>Vox</strong></span> <span class='ocrx_word' id='word_1_747' title='bbox 978 4992 1160 5032; x_wconf 87' lang='lat' dir='ltr'><strong>autem</strong></span> <span class='ocrx_word' id='word_1_748' title='bbox 1187 4978 1446 5046; x_wconf 76' lang='lat' dir='ltr'><strong>beneﬁcus</strong></span> <span class='ocrx_word' id='word_1_749' title='bbox 1485 4984 1724 5037; x_wconf 83' lang='lat' dir='ltr'><strong>ostendit</strong></span> <span class='ocrx_word' id='word_1_750' title='bbox 1757 4985 2090 5041; x_wconf 79' lang='lat' dir='ltr'><strong>manifestis-</strong></span> 
     </span>
    </p>
   </div>
   <div class='ocr_carea' id='block_1_98' title="bbox 521 5067 2096 5140">
    <p class='ocr_par' dir='ltr' id='par_1_98' title="bbox 521 5067 2096 5140">
     <span class='ocr_line' id='line_1_98' title="bbox 521 5067 2096 5140; baseline 0.006 -18"><span class='ocrx_word' id='word_1_751' title='bbox 521 5068 658 5122; x_wconf 84' lang='lat' dir='ltr'><strong>sime</strong></span> <span class='ocrx_word' id='word_1_752' title='bbox 677 5067 1086 5122; x_wconf 85' lang='lat' dir='ltr'><strong>benelicentiam</strong></span> <span class='ocrx_word' id='word_1_753' title='bbox 1100 5086 1219 5126; x_wconf 87' lang='lat' dir='ltr'><strong>esse</strong></span> <span class='ocrx_word' id='word_1_754' title='bbox 1239 5087 1358 5140; x_wconf 83' lang='lat' dir='ltr'><strong>qua:</strong></span> <span class='ocrx_word' id='word_1_755' title='bbox 1376 5087 1404 5124; x_wconf 93' lang='lat' dir='ltr'><strong>a</strong></span> <span class='ocrx_word' id='word_1_756' title='bbox 1425 5071 1536 5127; x_wconf 89' lang='lat' dir='ltr'><strong>Deo</strong></span> <span class='ocrx_word' id='word_1_757' title='bbox 1553 5072 1779 5129; x_wconf 90' lang='lat' dir='ltr'><strong>veniunt</strong></span> <span class='ocrx_word' id='word_1_758' title='bbox 1793 5075 2096 5132; x_wconf 84' lang='lat' dir='ltr'><strong>charisma-</strong></span> 
     </span>
    </p>
   </div>
   <div class='ocr_carea' id='block_1_99' title="bbox 519 5158 2090 5233">
    <p class='ocr_par' dir='ltr' id='par_1_99' title="bbox 519 5158 2090 5233">
     <span class='ocr_line' id='line_1_99' title="bbox 519 5158 2090 5233; baseline 0.008 -21"><span class='ocrx_word' id='word_1_759' title='bbox 519 5165 596 5223; x_wconf 88' lang='lat' dir='ltr'><strong>ta,</strong></span> <span class='ocrx_word' id='word_1_760' title='bbox 619 5171 719 5212; x_wconf 89' lang='lat' dir='ltr'><strong>nec</strong></span> <span class='ocrx_word' id='word_1_761' title='bbox 732 5158 955 5214; x_wconf 89' lang='lat' dir='ltr'><strong>omnino</strong></span> <span class='ocrx_word' id='word_1_762' title='bbox 977 5167 1188 5220; x_wconf 88' lang='lat' dir='ltr'><strong>tantum</strong></span> <span class='ocrx_word' id='word_1_763' title='bbox 1212 5163 1263 5216; x_wconf 90' lang='lat' dir='ltr'><strong>in</strong></span> <span class='ocrx_word' id='word_1_764' title='bbox 1283 5166 1620 5233; x_wconf 87' lang='lat' dir='ltr'><strong>particulari,</strong></span> <span class='ocrx_word' id='word_1_765' title='bbox 1643 5168 1736 5223; x_wconf 88' lang='lat' dir='ltr'><strong>sed</strong></span> <span class='ocrx_word' id='word_1_766' title='bbox 1777 5169 2090 5224; x_wconf 84' lang='lat' dir='ltr'><strong>communi-</strong></span> 
     </span>
    </p>
   </div>
   <div class='ocr_carea' id='block_1_100' title="bbox 520 5250 2099 5326">
    <p class='ocr_par' dir='ltr' id='par_1_100' title="bbox 520 5250 2099 5326">
     <span class='ocr_line' id='line_1_100' title="bbox 520 5250 2099 5326; baseline 0.008 -22"><span class='ocrx_word' id='word_1_767' title='bbox 520 5259 633 5305; x_wconf 89' lang='lat' dir='ltr'><strong>ter:</strong></span> <span class='ocrx_word' id='word_1_768' title='bbox 655 5250 856 5306; x_wconf 89' lang='lat' dir='ltr'><strong>honum</strong></span> <span class='ocrx_word' id='word_1_769' title='bbox 873 5251 1038 5322; x_wconf 87' lang='lat' dir='ltr'><strong>igitur</strong></span> <span class='ocrx_word' id='word_1_770' title='bbox 1058 5262 1184 5309; x_wconf 89' lang='lat' dir='ltr'><strong>tunc</strong></span> <span class='ocrx_word' id='word_1_771' title='bbox 1202 5256 1464 5324; x_wconf 82' lang='lat' dir='ltr'><strong>apostolis</strong></span> <span class='ocrx_word' id='word_1_772' title='bbox 1481 5259 1732 5326; x_wconf 87' lang='lat' dir='ltr'><strong>missum,</strong></span> <span class='ocrx_word' id='word_1_773' title='bbox 1750 5261 1818 5316; x_wconf 83' lang='lat' dir='ltr'><strong>ad</strong></span> <span class='ocrx_word' id='word_1_774' title='bbox 1842 5275 1942 5318; x_wconf 83' lang='lat' dir='ltr'><strong>nos</strong></span> <span class='ocrx_word' id='word_1_775' title='bbox 1959 5262 2099 5317; x_wconf 79' lang='lat' dir='ltr'><strong>hue-</strong></span> 
     </span>
    </p>
   </div>
   <div class='ocr_carea' id='block_1_101' title="bbox 519 5346 2094 5424">
    <p class='ocr_par' dir='ltr' id='par_1_101' title="bbox 519 5346 2094 5424">
     <span class='ocr_line' id='line_1_101' title="bbox 519 5346 2094 5424; baseline 0.009 -26"><span class='ocrx_word' id='word_1_776' title='bbox 519 5357 693 5414; x_wconf 86' lang='lat' dir='ltr'><strong>usqtte</strong></span> <span class='ocrx_word' id='word_1_777' title='bbox 712 5346 957 5414; x_wconf 86' lang='lat' dir='ltr'><strong>pervenit</strong></span> <span class='ocrx_word' id='word_1_778' title='bbox 977 5354 1031 5400; x_wconf 92' lang='lat' dir='ltr'><strong>et</strong></span> <span class='ocrx_word' id='word_1_779' title='bbox 1051 5346 1107 5401; x_wconf 87' lang='lat' dir='ltr'><strong>in</strong></span> <span class='ocrx_word' id='word_1_780' title='bbox 1125 5356 1387 5404; x_wconf 70' lang='lat' dir='ltr'><strong>aeternum</strong></span> <span class='ocrx_word' id='word_1_781' title='bbox 1421 5353 1720 5418; x_wconf 87' lang='lat' dir='ltr'><strong>perveniet.</strong></span> <span class='ocrx_word' id='word_1_782' title='bbox 1748 5353 1864 5409; x_wconf 81' lang='lat' dir='ltr'><strong>Hoc</strong></span> <span class='ocrx_word' id='word_1_783' title='bbox 1887 5365 2094 5424; x_wconf 87' lang='lat' dir='ltr'><strong>autem,</strong></span> 
     </span>
    </p>
   </div>
   <div class='ocr_carea' id='block_1_102' title="bbox 520 5432 2096 5516">
    <p class='ocr_par' dir='ltr' id='par_1_102' title="bbox 520 5432 2096 5516">
     <span class='ocr_line' id='line_1_102' title="bbox 520 5432 2096 5516; baseline 0.013 -28"><span class='ocrx_word' id='word_1_784' title='bbox 520 5432 704 5490; x_wconf 84' lang='lat' dir='ltr'><strong>Gloria</strong></span> <span class='ocrx_word' id='word_1_785' title='bbox 725 5440 977 5506; x_wconf 83' lang='lat' dir='ltr'><strong>potestati</strong></span> <span class='ocrx_word' id='word_1_786' title='bbox 995 5449 1121 5505; x_wconf 65' lang='lat' dir='ltr'><strong>tuae,</strong></span> <span class='ocrx_word' id='word_1_787' title='bbox 1143 5440 1438 5496; x_wconf 86' lang='lat' dir='ltr'><strong>insinuatio</strong></span> <span class='ocrx_word' id='word_1_788' title='bbox 1467 5454 1553 5498; x_wconf 86' lang='lat' dir='ltr'><strong>est</strong></span> <span class='ocrx_word' id='word_1_789' title='bbox 1573 5446 1716 5513; x_wconf 85' lang='lat' dir='ltr'><strong>quod</strong></span> <span class='ocrx_word' id='word_1_790' title='bbox 1733 5457 1984 5516; x_wconf 79' lang='lat' dir='ltr'><strong>potentes</strong></span> <span class='ocrx_word' id='word_1_791' title='bbox 2028 5450 2096 5507; x_wconf 84' lang='lat' dir='ltr'><strong>ad</strong></span> 
     </span>
    </p>
   </div>
   <div class='ocr_carea' id='block_1_103' title="bbox 519 5529 1740 5606">
    <p class='ocr_par' dir='ltr' id='par_1_103' title="bbox 519 5529 1740 5606">
     <span class='ocr_line' id='line_1_103' title="bbox 519 5529 1740 5606; baseline 0.009 -21"><span class='ocrx_word' id='word_1_792' title='bbox 519 5529 874 5591; x_wconf 82' lang='lat' dir='ltr'><strong>imitationem</strong></span> <span class='ocrx_word' id='word_1_793' title='bbox 911 5533 1004 5590; x_wconf 87' lang='lat' dir='ltr'><strong>Dei</strong></span> <span class='ocrx_word' id='word_1_794' title='bbox 1033 5534 1306 5591; x_wconf 75' lang='lat' dir='ltr'><strong>beneﬁcos</strong></span> <span class='ocrx_word' id='word_1_795' title='bbox 1358 5549 1480 5591; x_wconf 81' lang='lat' dir='ltr'><strong>esse</strong></span> <span class='ocrx_word' id='word_1_796' title='bbox 1503 5547 1740 5606; x_wconf 87' lang='lat' dir='ltr'><strong>oportet.</strong></span> 
     </span>
    </p>
   </div>
   <div class='ocr_carea' id='block_1_104' title="bbox 2198 4633 3785 4713">
    <p class='ocr_par' dir='ltr' id='par_1_104' title="bbox 2198 4633 3785 4713">
     <span class='ocr_line' id='line_1_104' title="bbox 2198 4633 3785 4713; baseline 0.003 -25"><span class='ocrx_word' id='word_1_797' title='bbox 2198 4633 2391 4704; x_wconf 79' lang='grc' dir='ltr'>Σωτὴρ</span> <span class='ocrx_word' id='word_1_798' title='bbox 2429 4633 2486 4689; x_wconf 68' lang='grc' dir='ltr'>δὲ</span> <span class='ocrx_word' id='word_1_799' title='bbox 2514 4635 2751 4706; x_wconf 77' lang='grc' dir='ltr'>Χριστὸς</span> <span class='ocrx_word' id='word_1_800' title='bbox 2779 4635 3080 4700; x_wconf 77' lang='grc' dir='ltr'>ἀπόστολος</span> <span class='ocrx_word' id='word_1_801' title='bbox 3123 4638 3255 4707; x_wconf 72' lang='grc' dir='ltr'>ἡμῖν</span> <span class='ocrx_word' id='word_1_802' title='bbox 3279 4637 3560 4709; x_wconf 66' lang='grc' dir='ltr'>πατρόθεν</span> <span class='ocrx_word' id='word_1_803' title='bbox 3603 4643 3785 4713; x_wconf 64' lang='grc' dir='ltr'><strong>σωτήρ</strong></span> 
     </span>
    </p>
   </div>
   <div class='ocr_carea' id='block_1_105' title="bbox 2203 4721 3778 4803">
    <p class='ocr_par' dir='ltr' id='par_1_105' title="bbox 2203 4721 3778 4803">
     <span class='ocr_line' id='line_1_105' title="bbox 2203 4721 3778 4803; baseline 0.006 -25"><span class='ocrx_word' id='word_1_804' title='bbox 2203 4739 2316 4796; x_wconf 90' lang='grc' dir='ltr'>ριος</span> <span class='ocrx_word' id='word_1_805' title='bbox 2345 4721 2512 4797; x_wconf 76' lang='grc' dir='ltr'>ἦλθεν</span> <span class='ocrx_word' id='word_1_806' title='bbox 2531 4743 2546 4758; x_wconf 75' lang='grc' dir='ltr'><strong>ο</strong></span> <span class='ocrx_word' id='word_1_807' title='bbox 2599 4727 2746 4782; x_wconf 80' lang='grc' dir='ltr'>καθὰ</span> <span class='ocrx_word' id='word_1_808' title='bbox 2779 4727 2875 4782; x_wconf 73' lang='grc' dir='ltr'><strong>καὶ</strong></span> <span class='ocrx_word' id='word_1_809' title='bbox 2924 4729 3156 4798; x_wconf 74' lang='grc' dir='ltr'>ἄγγελος</span> <span class='ocrx_word' id='word_1_810' title='bbox 3184 4732 3215 4783; x_wconf 77' lang='grc' dir='ltr'><strong><em>ὁ</em></strong></span> <span class='ocrx_word' id='word_1_811' title='bbox 3259 4730 3406 4802; x_wconf 71' lang='grc' dir='ltr'>ὑπὲρ</span> <span class='ocrx_word' id='word_1_812' title='bbox 3435 4733 3653 4796; x_wconf 78' lang='grc' dir='ltr'>πάντας</span> <span class='ocrx_word' id='word_1_813' title='bbox 3679 4735 3778 4803; x_wconf 78' lang='grc' dir='ltr'><strong>ἀγ-</strong></span> 
     </span>
    </p>
   </div>
   <div class='ocr_carea' id='block_1_106' title="bbox 2197 4816 3779 4895">
    <p class='ocr_par' dir='ltr' id='par_1_106' title="bbox 2197 4816 3779 4895">
     <span class='ocr_line' id='line_1_106' title="bbox 2197 4816 3779 4895; baseline 0.009 -28"><span class='ocrx_word' id='word_1_814' title='bbox 2197 4816 2414 4884; x_wconf 70' lang='grc' dir='ltr'>γέλους,</span> <span class='ocrx_word' id='word_1_815' title='bbox 2439 4818 2525 4871; x_wconf 73' lang='grc' dir='ltr'>ὅτι</span> <span class='ocrx_word' id='word_1_816' title='bbox 2577 4821 2674 4872; x_wconf 82' lang='grc' dir='ltr'><strong>καὶ</strong></span> <span class='ocrx_word' id='word_1_817' title='bbox 2729 4820 3085 4890; x_wconf 77' lang='grc' dir='ltr'>ὑπεροὺσιοςο</span> <span class='ocrx_word' id='word_1_818' title='bbox 3133 4822 3194 4876; x_wconf 80' lang='grc' dir='ltr'>τὸ</span> <span class='ocrx_word' id='word_1_819' title='bbox 3237 4821 3404 4888; x_wconf 68' lang='grc' dir='ltr'><strong>δὲὼς</strong></span> <span class='ocrx_word' id='word_1_820' title='bbox 3432 4825 3779 4895; x_wconf 67' lang='grc' dir='ltr'>εὐεργέτης.</span> 
     </span>
    </p>
   </div>
   <div class='ocr_carea' id='block_1_107' title="bbox 2197 4907 3780 4991">
    <p class='ocr_par' dir='ltr' id='par_1_107' title="bbox 2197 4907 3780 4991">
     <span class='ocr_line' id='line_1_107' title="bbox 2197 4907 3780 4991; baseline 0.009 -31"><span class='ocrx_word' id='word_1_821' title='bbox 2197 4907 2348 4977; x_wconf 78' lang='grc' dir='ltr'><strong>δηλοί</strong></span> <span class='ocrx_word' id='word_1_822' title='bbox 2393 4913 2710 4979; x_wconf 80' lang='grc' dir='ltr'>σαφέστατα</span> <span class='ocrx_word' id='word_1_823' title='bbox 2757 4915 3082 4981; x_wconf 80' lang='grc' dir='ltr'>εὐεργεσίαν</span> <span class='ocrx_word' id='word_1_824' title='bbox 3111 4913 3254 4970; x_wconf 74' lang='grc' dir='ltr'>εἶναι</span> <span class='ocrx_word' id='word_1_825' title='bbox 3283 4917 3353 4970; x_wconf 75' lang='grc' dir='ltr'>τὰ</span> <span class='ocrx_word' id='word_1_826' title='bbox 3382 4917 3575 4972; x_wconf 82' lang='grc' dir='ltr'>θεόθεν</span> <span class='ocrx_word' id='word_1_827' title='bbox 3619 4924 3780 4991; x_wconf 77' lang='grc' dir='ltr'>χαρί-</span> 
     </span>
    </p>
   </div>
   <div class='ocr_carea' id='block_1_108' title="bbox 2200 5005 3778 5080">
    <p class='ocr_par' dir='ltr' id='par_1_108' title="bbox 2200 5005 3778 5080">
     <span class='ocr_line' id='line_1_108' title="bbox 2200 5005 3778 5080; baseline 0.009 -26"><span class='ocrx_word' id='word_1_828' title='bbox 2200 5018 2406 5071; x_wconf 83' lang='grc' dir='ltr'>σματα,</span> <span class='ocrx_word' id='word_1_829' title='bbox 2446 5005 2543 5057; x_wconf 81' lang='grc' dir='ltr'><strong>καὶ</strong></span> <span class='ocrx_word' id='word_1_830' title='bbox 2572 5005 2792 5068; x_wconf 78' lang='grc' dir='ltr'>πάντως</span> <span class='ocrx_word' id='word_1_831' title='bbox 2824 5006 2924 5075; x_wconf 77' lang='grc' dir='ltr'><strong>οὐχ</strong></span> <span class='ocrx_word' id='word_1_832' title='bbox 2955 5007 3144 5071; x_wconf 82' lang='grc' dir='ltr'>ἀπλῶς</span> <span class='ocrx_word' id='word_1_833' title='bbox 3175 5009 3232 5062; x_wconf 71' lang='grc' dir='ltr'><strong>ἰν</strong></span> <span class='ocrx_word' id='word_1_834' title='bbox 3263 5010 3440 5080; x_wconf 80' lang='grc' dir='ltr'>μέρει,</span> <span class='ocrx_word' id='word_1_835' title='bbox 3478 5011 3622 5066; x_wconf 72' lang='grc' dir='ltr'>ἀλλὰ</span> <span class='ocrx_word' id='word_1_836' title='bbox 3662 5030 3778 5067; x_wconf 78' lang='grc' dir='ltr'>κοι-</span> 
     </span>
    </p>
   </div>
   <div class='ocr_carea' id='block_1_109' title="bbox 2199 5094 3778 5173">
    <p class='ocr_par' dir='ltr' id='par_1_109' title="bbox 2199 5094 3778 5173">
     <span class='ocr_line' id='line_1_109' title="bbox 2199 5094 3778 5173; baseline 0.008 -25"><span class='ocrx_word' id='word_1_837' title='bbox 2199 5094 2318 5156; x_wconf 81' lang='grc' dir='ltr'>νάς.</span> <span class='ocrx_word' id='word_1_838' title='bbox 2357 5094 2430 5147; x_wconf 86' lang='grc' dir='ltr'>Τὸ</span> <span class='ocrx_word' id='word_1_839' title='bbox 2464 5095 2595 5163; x_wconf 89' lang='grc' dir='ltr'>γοῦν</span> <span class='ocrx_word' id='word_1_840' title='bbox 2622 5100 2734 5160; x_wconf 76' lang='grc' dir='ltr'><strong>τοίς</strong></span> <span class='ocrx_word' id='word_1_841' title='bbox 2761 5100 3082 5164; x_wconf 77' lang='grc' dir='ltr'>ἀποστόλοις</span> <span class='ocrx_word' id='word_1_842' title='bbox 3107 5102 3366 5171; x_wconf 74' lang='grc' dir='ltr'>πεμφθὲν</span> <span class='ocrx_word' id='word_1_843' title='bbox 3382 5120 3517 5158; x_wconf 77' lang='grc' dir='ltr'>ποτε</span> <span class='ocrx_word' id='word_1_844' title='bbox 3542 5105 3778 5173; x_wconf 75' lang='grc' dir='ltr'>ἀγαθὸν,</span> 
     </span>
    </p>
   </div>
   <div class='ocr_carea' id='block_1_110' title="bbox 2201 5185 3782 5263">
    <p class='ocr_par' dir='ltr' id='par_1_110' title="bbox 2201 5185 3782 5263">
     <span class='ocr_line' id='line_1_110' title="bbox 2201 5185 3782 5263; baseline 0.011 -26"><span class='ocrx_word' id='word_1_845' title='bbox 2201 5185 2296 5239; x_wconf 75' lang='grc' dir='ltr'><strong>καὶ</strong></span> <span class='ocrx_word' id='word_1_846' title='bbox 2325 5185 2403 5249; x_wconf 86' lang='grc' dir='ltr'><strong>εἰς</strong></span> <span class='ocrx_word' id='word_1_847' title='bbox 2421 5187 2570 5257; x_wconf 75' lang='grc' dir='ltr'>ἡμᾶς</span> <span class='ocrx_word' id='word_1_848' title='bbox 2595 5187 2864 5242; x_wconf 78' lang='grc' dir='ltr'>διαϐαίνει</span> <span class='ocrx_word' id='word_1_849' title='bbox 2889 5189 3053 5261; x_wconf 81' lang='grc' dir='ltr'>μέχρι</span> <span class='ocrx_word' id='word_1_850' title='bbox 3075 5195 3170 5247; x_wconf 81' lang='grc' dir='ltr'><strong>καὶ</strong></span> <span class='ocrx_word' id='word_1_851' title='bbox 3194 5193 3312 5261; x_wconf 88' lang='grc' dir='ltr'>νῦν,</span> <span class='ocrx_word' id='word_1_852' title='bbox 3340 5197 3432 5249; x_wconf 77' lang='grc' dir='ltr'><strong>καὶ</strong></span> <span class='ocrx_word' id='word_1_853' title='bbox 3463 5199 3545 5260; x_wconf 76' lang='grc' dir='ltr'><strong>εἰς</strong></span> <span class='ocrx_word' id='word_1_854' title='bbox 3571 5198 3782 5263; x_wconf 78' lang='grc' dir='ltr'>αἰῶνας</span> 
     </span>
    </p>
   </div>
   <div class='ocr_carea' id='block_1_111' title="bbox 2200 5274 3783 5364">
    <p class='ocr_par' dir='ltr' id='par_1_111' title="bbox 2200 5274 3783 5364">
     <span class='ocr_line' id='line_1_111' title="bbox 2200 5274 3783 5364; baseline 0.012 -36"><span class='ocrx_word' id='word_1_855' title='bbox 2200 5274 2550 5348; x_wconf 68' lang='grc' dir='ltr'>διαϐήσεται·</span> <span class='ocrx_word' id='word_1_856' title='bbox 2584 5281 2646 5334; x_wconf 78' lang='grc' dir='ltr'>τὸ</span> <span class='ocrx_word' id='word_1_857' title='bbox 2676 5282 2756 5348; x_wconf 63' lang='grc' dir='ltr'>δὲ,</span> <span class='ocrx_word' id='word_1_858' title='bbox 2788 5285 2944 5350; x_wconf 80' lang='grc' dir='ltr'>Δόξα</span> <span class='ocrx_word' id='word_1_859' title='bbox 2996 5285 3078 5352; x_wconf 82' lang='grc' dir='ltr'>τῷ</span> <span class='ocrx_word' id='word_1_860' title='bbox 3121 5287 3324 5357; x_wconf 76' lang='grc' dir='ltr'>κράτει</span> <span class='ocrx_word' id='word_1_861' title='bbox 3363 5305 3508 5356; x_wconf 87' lang='grc' dir='ltr'>σου,</span> <span class='ocrx_word' id='word_1_862' title='bbox 3547 5291 3783 5364; x_wconf 77' lang='grc' dir='ltr'>αἰνιγμά</span> 
     </span>
    </p>
   </div>
   <div class='ocr_carea' id='block_1_112' title="bbox 2203 5368 3786 5449">
    <p class='ocr_par' dir='ltr' id='par_1_112' title="bbox 2203 5368 3786 5449">
     <span class='ocr_line' id='line_1_112' title="bbox 2203 5368 3786 5449; baseline 0.013 -31"><span class='ocrx_word' id='word_1_863' title='bbox 2203 5368 2319 5420; x_wconf 76' lang='grc' dir='ltr'>ἐστι</span> <span class='ocrx_word' id='word_1_864' title='bbox 2353 5369 2448 5422; x_wconf 83' lang='grc' dir='ltr'><strong>τοῦ</strong></span> <span class='ocrx_word' id='word_1_865' title='bbox 2483 5372 2680 5442; x_wconf 83' lang='grc' dir='ltr'>χρῆναι</span> <span class='ocrx_word' id='word_1_866' title='bbox 2713 5374 2840 5438; x_wconf 81' lang='grc' dir='ltr'>τοὺς</span> <span class='ocrx_word' id='word_1_867' title='bbox 2867 5377 3165 5446; x_wconf 77' lang='grc' dir='ltr'>κραταιοὺς</span> <span class='ocrx_word' id='word_1_868' title='bbox 3211 5378 3602 5449; x_wconf 77' lang='grc' dir='ltr'>εὐεργετικοὺς</span> <span class='ocrx_word' id='word_1_869' title='bbox 3645 5379 3786 5440; x_wconf 75' lang='grc' dir='ltr'>εἶναι</span> 
     </span>
    </p>
   </div>
   <div class='ocr_carea' id='block_1_113' title="bbox 2203 5461 2792 5536">
    <p class='ocr_par' dir='ltr' id='par_1_113' title="bbox 2203 5461 2792 5536">
     <span class='ocr_line' id='line_1_113' title="bbox 2203 5461 2792 5536; baseline 0.015 -26"><span class='ocrx_word' id='word_1_870' title='bbox 2203 5461 2340 5530; x_wconf 71' lang='grc' dir='ltr'>πρὸς</span> <span class='ocrx_word' id='word_1_871' title='bbox 2372 5463 2506 5516; x_wconf 73' lang='grc' dir='ltr'>Θεοῦ</span> <span class='ocrx_word' id='word_1_872' title='bbox 2540 5465 2792 5536; x_wconf 74' lang='grc' dir='ltr'>μίμησιν.</span> 
     </span>
    </p>
   </div>
  </div>
