3996 6194
492 216 596 284 ΕΞΙ

1284 218 1364 281 ΙΝ
1407 217 1747 281 IIYMNUM
1796 218 2451 283 PENTECOSTALEM
2496 220 2976 285 DAMASCENI.

3664 231 3772 293 6322

489 345 602 413 γὰρ
634 339 777 395 Θεοῦ
831 342 1173 395 συντέθειται
1204 342 1233 394 ὁ
1282 341 1572 411 ἄνθρωπος
1621 342 2068 413 διεξοδικωτέρῳ,

2182 355 2417 411 namque
2452 340 2544 396 Dei
2574 341 2909 413 compositus
2952 353 3033 396 est
3078 342 3241 396 homo
3281 342 3539 414 largiore.
3576 348 3765 416 sicque

492 435 592 487 καὶ
619 432 767 487 οὕτω
821 433 1033 486 πλείονι
1084 436 1177 485 καί
1213 432 1538 503 ὲνδοξοτέρῳ
1594 434 1704 488 τῶν
1755 438 1861 506 πρὸ
1905 434 2075 489 αὑτοῦ

494 522 909 593 παραχθέντων,
946 523 1022 585 ὼς
1054 523 1202 575 εστιν
1257 524 1321 575 ὲκ
1369 524 1469 593 τῆς
1519 524 1802 594 θειοτάτης
1855 524 2083 595 Γραφῆς

490 614 879 679 ἀναλέξασθαι.
918 616 1029 670 Καὶ
1049 618 1232 670 τοίνυν
1263 618 1403 670 κατὰ
1424 616 1685 688 τοιαύτην
1710 618 1840 681 ἴσως
1868 618 2082 671 ἔννοιαν

491 704 889 776 συντεθεεμὲνη
938 707 1104 776 φύσις
1136 707 1340 778 ἠθικῶς
1366 710 1394 762 ὀ
1427 708 1717 781 ἄνθρωπος
1747 709 1947 778 λέγοιτ’
1972 711 2039 765 ἄν
2061 725 2076 740 ⁶

490 795 669 859 ἄλλως
696 798 807 866 γὰρ
839 802 934 851 καὶ
964 800 1031 852 τὰ
1079 798 1215 852 ἄλλα
1241 798 1470 869 σώματα
1520 799 1770 855 κελεύσει
1814 800 1912 855 τοῦ
1940 800 2077 855 Θεοῦ

491 890 758 953 γεγονότα
796 888 1031 944 σύνθετὰ
1065 892 1223 952 εἰσιν,
1258 891 1319 944 οὐ
1350 891 1524 962 δήπου
1569 892 1678 963 γὰρ
1714 892 1884 947 ἁπλᾶ.
1917 893 1990 945 Τὸ
2021 893 2078 946 δὲ

492 980 784 1047 κεραννὺς,
813 978 979 1033 καλὸν
1008 978 1068 1034 ὃν
1100 982 1181 1044 εἰς
1216 979 1314 1050 τὴν
1338 982 1482 1035 κατὰ
1509 982 1570 1036 τὸ
1595 981 1819 1054 λουτρὸν
1844 981 2076 1055 τροπὴν,

490 1070 613 1123 οὐδὲ
642 1070 725 1134 είς
755 1070 854 1140 τὴν
876 1071 973 1124 τοῦ
1000 1072 1165 1139 ἁγίου
1194 1071 1577 1146 βαπτίσματος
1604 1074 1815 1129 ἔννοιαν
1843 1075 2078 1138 ἀκαλλές

490 1160 609 1213 ἐστι
638 1176 651 1190 ⁸
682 1161 780 1214 καὶ
812 1160 920 1233 γὰρ
958 1162 1054 1216 καὶ
1082 1164 1269 1217 ἐκεῖνα
1298 1165 1696 1234 μυστηριωδῶς
1724 1164 2072 1233 κεράννυται,

492 1254 566 1316 ὼς
599 1252 807 1306 οἴδασιν
833 1255 883 1306 oi.
912 1258 1263 1324 μεμυημένοι
1291 1255 1423 1327 πέρ’
1452 1250 1535 1319 οἷς
1560 1256 1655 1310 καὶ
1687 1257 1746 1309 τὸ
1773 1256 2076 1325 ἁγιώτατον

495 1341 670 1412 μύρον
703 1345 797 1397 καὶ
840 1344 901 1397 τὸ
944 1344 1125 1414 τίμιον
1159 1345 1340 1400 ἔλαιον
1385 1345 1639 1399 θειότατα
1694 1347 2073 1418 μεμυστηρία-

494 1452 617 1490 σται
644 1452 659 1466 ·
702 1435 1015 1509 συμποτικὴ
1058 1436 1115 1489 δὲ
1144 1437 1288 1504 λέξις
1328 1437 1464 1492 οὖσα
1491 1439 1552 1492 τὸ
1597 1439 1951 1510 κεραννύναι,
1981 1440 2074 1492 καὶ

493 1529 649 1597 παρὰ
679 1527 740 1580 τὸ
772 1528 941 1600 κέρας
998 1530 1291 1601 γενομένη,
1325 1530 1394 1583 δι’
1430 1528 1490 1583 οῦ
1540 1531 1642 1601 τῆν
1683 1531 1843 1584 πόσιν
1872 1532 1920 1584 ci
1969 1550 2073 1585 πα-

491 1618 633 1673 λαιοὶ
668 1624 1096 1694 προσεφέροντο,
1117 1622 1508 1693 μετενήνεκται
1542 1623 1667 1692 ἄρτι
1689 1622 1900 1677 ἐκεῖθεν
1935 1623 2075 1677 θειό-

2187 432 2395 504 majore
2427 442 2481 487 et
2515 433 2810 490 illustriore
2839 451 3001 504 quant
3033 449 3097 489 ea
3126 450 3247 507 qua;
3270 445 3397 491 ante
3424 436 3605 506 ipsum
3638 455 3767 508 pro-

2185 522 2349 578 ducta
2402 531 2552 588 sunt,
2596 532 2654 578 ut
2708 539 2774 580 ex
2835 525 3176 582 divinissima
3247 526 3531 598 Scriptura
3590 542 3769 601 potest

2189 614 2440 685 intelligi.
2475 615 2661 686 Itaque
2688 616 2842 686 juxta
2895 618 3059 674 talem
3099 621 3431 677 sententiam
3464 626 3766 695 composita

2187 717 2380 762 natura
2447 709 2730 763 moraliter
2792 709 2958 764 homo
3020 712 3349 767 diceretur:
3402 714 3561 771 aliter
3618 717 3764 771 enim

2183 811 2380 857 czetera
2447 816 2665 871 quoque
2715 816 2947 871 corpora
3004 802 3096 859 Dei
3152 804 3401 875 jussione
3467 808 3760 877 producta,

2183 890 2484 961 composita
2526 901 2677 959 sunt,
2724 908 2829 948 non
2879 908 3013 949 sane
3058 896 3351 965 simplicia.
3390 898 3503 953 Vox
3572 908 3755 957 autem

2182 984 2449 1055 κεραννὺς
2487 982 2552 1038 ad
2590 992 2808 1054 tropum
2836 985 2900 1041 de
2927 985 3124 1043 balneo
3157 987 3322 1053 bona,
3355 1004 3456 1045 nec
3483 991 3551 1046 ad
3583 992 3762 1047 sancti

2186 1076 2525 1159 baptismatis
2579 1076 2907 1132 sententiam
2962 1087 3045 1133 est
3090 1078 3402 1137 invenusta.
3457 1082 3558 1141 Hic
3612 1086 3757 1141 enim

2183 1160 2344 1219 etiam
2383 1170 2609 1238 mystica
2666 1170 2723 1222 lit
2780 1169 2983 1235 mislio,
3026 1171 3169 1226 sicut
3214 1185 3485 1230 noverunt
3538 1177 3761 1244 initiati,

2181 1260 2500 1329 proquibus
2531 1260 2944 1317 sanctissimum
2997 1273 3336 1334 unguentum
3368 1276 3424 1322 et
3463 1268 3760 1335 pretiosum

2181 1352 2361 1406 oleum
2395 1352 2737 1407 divinissiute
2765 1363 3086 1410 consecrata
3124 1366 3274 1412 sunt.
3302 1356 3618 1416 Convivalis
3655 1376 3724 1417 au
3748 1391 3763 1401 ο

2182 1455 2288 1500 tom
2314 1459 2436 1498 cum
2471 1446 2541 1498 sit
2569 1444 2736 1499 dictio
2760 1445 2819 1498 τὸ
2852 1446 3206 1517 κεραννύναι,
3238 1456 3289 1503 et
3316 1449 3476 1519 juxta
3505 1451 3564 1505 τὸ
3594 1454 3762 1525 κέρας

2183 1529 2350 1595 facta,
2390 1546 2499 1601 quo
2529 1542 2715 1603 potum
2744 1543 2957 1591 veteres
2984 1536 3355 1607 proferebant,
3387 1555 3535 1596 nunc
3562 1542 3759 1597 exinde

2180 1623 2422 1679 derivata
2454 1634 2538 1679 est
2575 1625 2811 1683 divinior
2848 1642 2980 1683 sane
3015 1624 3241 1685 mistura
3266 1671 3279 1698 ,
3310 1647 3431 1702 qua:
3461 1648 3619 1689 sacro
3645 1633 3758 1690 l'er-

490 1728 649 1783 τερον
685 1712 881 1783 δηλοῦν
916 1714 1097 1784 μίγμα
1131 1714 1194 1767 τὸ
1229 1713 1371 1767 κατὰ
1409 1713 1470 1769 τὸ
1501 1712 1658 1781 ἅγιον
1693 1713 1897 1786 θερμὸν
1932 1708 2068 1782 αἷμα

2180 1714 2436 1785 ventique
2473 1717 2738 1788 sanguine
2762 1732 2971 1774 necnon
3002 1731 3142 1789 aqua
3173 1734 3458 1786 constans.
3491 1740 3556 1780 ex
3589 1724 3757 1781 latere

490 1805 586 1857 καὶ
616 1804 762 1875 ὕδωρ
786 1806 844 1858 τὸ
879 1808 942 1859 ἐκ
969 1806 1069 1879 τῆς
1099 1807 1341 1878 πλευρᾶς
1380 1805 1472 1860 τοῦ
1521 1805 1776 1878 Σωτῆρος
1809 1806 2070 1877 Χριστοῦ.

496 1899 655 1951 Ἐστι
704 1898 762 1951 δὲ
792 1898 1120 1968 λογίσασθαι
1155 1900 1237 1954 ὃτι
1288 1898 1427 1971 πρὸς
1461 1899 1524 1954 τὸ
1576 1899 1903 1971 κεραννύναι
1939 1900 2071 1965 ἴσως

490 1994 729 2063 ἐπῆκται
763 1995 855 2047 καὶ
883 1995 915 2065 ὴ
948 1992 1335 2063 συντεθειμένη
1366 1995 1527 2064 φύσις
1548 1994 1583 2063 ἠ
1612 1993 1734 2048 κατ’
1759 1992 2070 2065 ἄνθρωπον,

490 2085 581 2138 ἵνα
629 2083 663 2159 ᾖ
725 2085 999 2155 ἁρμόττον
1045 2087 1107 2139 τὸ
1161 2085 1537 2156 πνευματικὸν
1594 2086 1756 2140 τοῦτο
1816 2076 2072 2158 κέρασμα

489 2179 658 2248 ῆγουν
717 2180 906 2249 κρᾶμα
964 2177 1098 2249 πρὸς
1149 2171 1210 2231 τὸ
1270 2177 1603 2233 θεόπλαστον
1661 2178 1927 2250 σύνθεμα,
1977 2178 2072 2232 καὶ

490 2274 768 2345 ἀναμιχθῇ
829 2273 1070 2343 συθέτφ
1123 2271 1301 2342 τούτῳ
1338 2271 1594 2326 σύνθετον
1642 2270 1921 2326 θειότατον
1975 2271 2072 2324 καὶ

490 2368 668 2419 ὲκεξνο
689 2367 747 2419 τὸ
774 2368 837 2420 ἐκ
883 2365 1044 2420 Θεοῦ.
1073 2365 1329 2421 Μάλιστα
1356 2366 1414 2418 δὲ
1444 2364 1723 2433 λογιστέον
1748 2366 1833 2420 ὅτι
1862 2364 1958 2418 καὶ
1984 2364 2069 2418 αἴ-

490 2476 663 2529 νιγμα
691 2459 793 2529 τῆς
832 2462 1067 2530 φρικτῆς
1100 2459 1211 2513 τῶν
1260 2457 1589 2527 ἁγιωτάτων
1624 2459 1944 2529 μυστηρίων
1970 2455 2067 2510 τοῦ

489 2551 626 2606 Θεοῦ
674 2551 1054 2622 μεταλήψεως,
1087 2552 1120 2623 ἡ
1164 2551 1417 2622 παροῦσα
1448 2550 1652 2622 φράσις
1680 2549 1795 2603 ἐστί
1820 2564 1834 2580 ·
1879 2549 2069 2619 κρᾶμα

489 2644 600 2715 γὰρ
623 2644 945 2712 ἁγιαστικον
971 2645 1087 2697 ἐκεῖ
1113 2643 1346 2714 αἵματος
1379 2642 1646 2713 κυριακοῦ
1698 2638 2070 2713 μυστηριπε-

488 2752 580 2789 ται
629 2736 724 2790 καὶ
770 2734 965 2799 ὕδατος
1014 2736 1109 2789 καὶ
1155 2735 1361 2801 ζέσεως
1402 2734 1787 2806 πνευματικῆς
1835 2734 1948 2788 τῶν
2005 2735 2070 2786 ἐκ

494 2828 735 2900 πλευρᾶς
764 2829 1045 2900 ἀκηράτου
1074 2827 1143 2883 δι’
1167 2823 1236 2902 ἦς
1267 2827 1711 2898 ἁνεπλάσθημεν.
1741 2824 1803 2881 El
1837 2824 1897 2879 δὲ
1923 2826 1986 2879 τὸ
2012 2825 2069 2891 ἐξ

488 2922 769 2994 ἀκηράτου
799 2923 935 2994 πρὸς
986 2924 1047 2976 τὸ
1079 2921 1344 2995 κεραννὺς
1372 2920 1590 2993 ἐπήχθη
1616 2919 1756 2976 κατά
1796 2936 1942 2985 τινα,
1978 2936 2071 2972 τυ·-

2177 1800 2478 1860 Salvatoris
2541 1805 2743 1861 Christi
2809 1806 3087 1877 proﬂuxit.
3150 1812 3336 1867 Potest
3393 1829 3520 1870 vero
3578 1819 3755 1886 putari

2173 1898 2318 1968 quod
2365 1899 2432 1951 ad
2482 1898 2542 1952 τὸ
2594 1901 2925 1971 κεραννύναι
2964 1911 3046 1957 est
3098 1904 3265 1957 relata
3302 1906 3469 1960 ctiam
3523 1909 3758 1963 hominis

2176 1998 2369 2043 natura
2402 1991 2728 2059 composita,
2780 2000 2839 2045 ut
2889 1992 2981 2048 illa
3030 1993 3291 2064 spiritalis
3354 1997 3584 2052 mistura
3641 2019 3758 2053 sivo

2173 2081 2488 2137 commistio
2508 2098 2633 2137 cum
2660 2084 2841 2139 divina
2875 2087 3273 2157 compositione
3290 2089 3361 2144 sit
3386 2092 3637 2161 adoptata
3666 2114 3680 2156 ί
3705 2104 3761 2149 ct

2173 2174 2301 2229 huic
2361 2177 2667 2245 composito
2711 2178 3116 2235 divinissintum
3165 2180 3312 2237 istud
3361 2186 3753 2256 compositum,

2172 2265 2319 2333 quod
2338 2282 2405 2322 ex
2433 2266 2540 2323 Deo
2558 2271 3029 2335 est,commistum
3056 2274 3151 2328 sit.
3182 2273 3415 2333 Maxime
3453 2292 3578 2333 vero
3609 2278 3758 2348 cogi-

2173 2354 2396 2410 tandum
2446 2365 2530 2411 est
2578 2369 2901 2427 praesentem
2956 2362 3253 2419 dictionem
3293 2380 3415 2423 esse
3457 2374 3757 2424 tremendae

2174 2442 2647 2503 sanctissimorum
2718 2448 2809 2506 Dei
2872 2455 3260 2525 mysteriorum
3320 2459 3753 2528 participatiouis

2172 2536 2403 2611 aenigma
2436 2557 2450 2594 :
2488 2550 2573 2597 est
2617 2544 2763 2597 enim
2811 2546 2885 2600 ibi
2928 2548 3159 2617 mystice
3210 2551 3557 2607 sanctissima
3608 2568 3756 2606 com-

2173 2627 2356 2683 misuo
2382 2627 2648 2688 Dominici
2678 2634 2963 2704 Sanguinis
3000 2643 3050 2689 et
3080 2650 3260 2707 aqum,
3288 2653 3495 2694 net-non
3526 2642 3757 2697 fervoris

2173 2720 2498 2791 spiritualis,
2524 2738 2553 2778 e
2573 2724 2868 2793 purissimo
2892 2726 3084 2793 latere,
3119 2744 3227 2798 quo
3264 2729 3514 2799 plasmati
3543 2748 3751 2804 sumus..-

2172 2814 2582 2885 prolluentiunt.
2622 2817 2702 2872 Att
2745 2828 2927 2874 autent
2966 2820 3089 2887 hoc,
3155 2823 3216 2889 ἐξ
3253 2825 3558 2895 ἀκηράτου,
3594 2825 3755 2893 juxta

2172 2910 2492 2979 quamdam,
2535 2910 2819 2967 fortuitam
2873 2914 3092 2983 quidem
3118 2956 3133 2978 ,
3170 2918 3263 2973 sed
3293 2918 3593 2988 jucundam
3631 2923 3755 2977 rbe-

487 3016 645 3087 λαίαν
683 3014 804 3086 μὲν,
864 3015 1127 3084 γλυκεῖαν
1158 3015 1217 3069 δὲ
1251 3014 1503 3067 εἰκασίαν
1538 3013 1838 3084 ῥητορικῆς
1885 3028 2039 3082 παρη
2054 3044 2063 3049 ,η

2178 3003 2363 3057 lorica:
2396 3001 2580 3073 ﬁgurae.
2610 3005 2678 3060 de
2723 3020 2861 3059 sono
2916 3007 3221 3069 imitatione
3273 3012 3536 3080 speciem,
3569 3016 3752 3083 qualia

2345 3096 2706 3118 ,,-ε.,,.,,.ε.,,,,
3305 3105 3315 3118 .
3397 3103 3410 3118 ς
3705 3108 3716 3118 ι

487 3111 702 3178 χὴσεως
766 3109 927 3161 ὁποῖα
983 3107 1077 3159 καὶ
1119 3104 1348 3159 τοιαῦτα
1403 3104 1573 3159 πολλὰ
1618 3107 1732 3168 τοῖς
1793 3104 2067 3175 γράφοντι

492 3201 979 3271 παραπίπτουσιν,
1034 3200 1135 3253 οὐκ
1187 3200 1492 3263 ἀναγκαῖον
1548 3195 2064 3267 ἐξακριϐώσασθαι·

492 3298 655 3367 μόνον
711 3294 765 3348 δὲ
803 3294 1266 3367 παρασημαντὲον
1295 3292 1369 3349 ὡς
1429 3290 1674 3345 τοιοῦτον
1722 3292 1816 3344 καὶ
1866 3292 1922 3344 ἐν
1954 3293 2066 3353 τοῖς

486 3388 615 3459 ἑξῆς
643 3389 722 3452 τὸ,
765 3386 1019 3457 κάμπτει
1045 3390 1191 3458 γόνυ
1225 3389 1384 3457 γόνῳ
1408 3388 1639 3456 Πατρός
1661 3402 1674 3416 ·
1713 3389 1810 3442 καὶ
1830 3385 2067 3456 ἀλλνχοῦ

484 3484 570 3546 τὸ,
607 3481 677 3545 ἐξ
727 3480 1068 3551 ἀ.ὶοχεύτου
1123 3480 1461 3551 προελθὼν,
1520 3480 1616 3533 καὶ
1668 3480 1919 3550 λογχθεὶς
1968 3481 2068 3546 τὴν

486 3574 753 3643 πλευράν.
964 3588 972 3598 ”

559 3665 670 3737 π’·
703 3666 776 3719 Τδ
795 3666 851 3719 δὲ
879 3665 1294 3737 ὁμσροσλυτεῖς,
1325 3662 1647 3734 Θαυμασίως
1670 3666 1784 3737 ἔχει
1812 3668 1948 3737 πρὸς
1975 3668 2067 3738 δή-

487 3759 660 3812 λωσιν
693 3758 787 3811 τοῦ
842 3758 985 3813 κατά
1027 3759 1088 3811 τὸ
1123 3758 1279 3825 ἆγιον
1313 3754 1454 3829 αἷμα
1482 3758 1580 3811 καὶ
1631 3757 1798 3829 ὕδωρ,
1850 3760 1939 3812 ὅτε
1973 3763 2067 3812 Δε-

488 3852 752 3922 σποτικῆς
810 3850 1069 3918 νυγείσης
1122 3849 1362 3921 πλευρᾶς
1413 3849 1657 3920 ἐξῆλθεν.
1716 3850 1927 3914 ’Ἄλλως
1964 3852 2064 3921 μὲν

483 3944 594 4011 γὰρ
646 3940 938 4011 ἁσύμὸατα
968 3942 1048 4003 εἰς
1078 3938 1159 4005 ἒν,
1208 3942 1240 4009 ἡ
1287 3943 1502 4004 πάντως
1534 3940 1569 3995 ἄ
1605 3941 1747 3995 ωθεν
1794 3940 2065 4011 ὅμόρησις

487 4036 583 4087 καὶ
616 4036 649 4105 ἡ
684 4032 936 4087 κάτωθεν
984 4029 1172 4100 βλύσις
1200 4047 1214 4063 ο
1247 4032 1336 4083 ἐπὶ
1365 4031 1423 4085 δὲ
1469 4030 1565 4085 τοῦ
1613 4032 1669 4084 ἐν
1694 4030 1771 4101 τῷ
1809 4031 2065 4099 παντίμῳ

486 4126 701 4195 σταυρῷ
746 4125 1099 4195 θεανθρώπου
1133 4124 1308 4192 Λόγου
1339 4121 1767 4191 ἀξιολογώτατον
1796 4123 1855 4176 τὸ
1891 4123 2062 4194 ῥῆμα.

496 4222 557 4275 '0
587 4223 685 4292 μὲν
737 4225 846 4293 γὰρ
896 4220 1215 4292 ὅμὸρος,τὸ
1263 4220 1356 4273 καὶ
1400 4219 1596 4287 ὑψόθεν
1647 4221 1744 4274 καὶ
1794 4222 1857 4273 ὲκ
1914 4218 2065 4281 Θείας

484 4317 724 4386 πλευρᾶς
755 4318 815 4369 τὸ
845 4314 1166 4383 ἁγιαστικὸν
1186 4310 1328 4385 αἷμα
1362 4316 1453 4367 καὶ
1482 4313 1628 4386 ὕδωρ
1652 4314 1935 4369 κατελθεῖν
1967 4332 2064 4385 ση-

2175 3103 2304 3149 suut
2343 3096 2710 3152 scribentibus
2761 3099 2945 3169 elapsa
3003 3100 3191 3166 multa,
3250 3105 3315 3156 ad
3366 3103 3423 3157 τὸ
3486 3108 3753 3175 κεραννύς

2172 3189 2406 3243 relatum
2446 3188 2536 3253 sit,
2570 3203 2674 3244 non
2711 3205 2935 3246 necesse
2962 3201 3048 3247 est
3077 3203 3333 3248 accurate
3362 3195 3577 3249 deﬁniri
3612 3214 3624 3250 :
3662 3211 3754 3250 so-

2171 3280 2280 3335 lum
2302 3295 2428 3335 vero
2450 3283 2744 3339 notandum
2770 3282 2872 3337 tale
2898 3298 3114 3356 quoque
3139 3300 3261 3341 esse
3294 3287 3346 3340 in
3375 3288 3753 3358 sentientibus,

2169 3372 2335 3440 ﬂectit
2374 3373 2504 3443 γόνυ
2553 3373 2695 3447 γόνῳ
2752 3373 2966 3443 Patris;
3015 3387 3069 3432 et
3114 3377 3243 3434 alibi
3283 3396 3298 3433 :
3340 3378 3402 3444 ἐξ
3452 3380 3751 3452 ἁλοχεύτου

2172 3465 2496 3536 procedens,
2540 3479 2595 3522 et
2632 3469 2801 3525 latere
2840 3467 3115 3541 λογχθείς.

2246 3646 2367 3700 tuo.
2416 3646 2525 3699 Vox
2568 3646 2993 3716 ὁμδροϐὶῦτείς,
3037 3648 3307 3702 mirabilis
3352 3657 3435 3704 est
3481 3650 3547 3703 ad
3579 3649 3754 3722 signi-

2171 3739 2445 3792 licaudum
2479 3743 2623 3793 sacri
2666 3740 2951 3808 sanguinis
2995 3748 3049 3794 et
3100 3756 3253 3807 aqua:
3290 3737 3579 3804 ιιιιιιιιιιιιιι,
3624 3757 3751 3798 cum

2168 3843 2491 3899 epercusso
2536 3830 2750 3882 Domini
2811 3830 3190 3885 latereexivit.
3243 3828 3357 3883 Non
3415 3833 3557 3885 enim
3613 3831 3753 3887 alias

2172 3936 2276 3973 una
2343 3929 2649 3991 congruunt
2704 3921 2933 3992 pluvia,
2995 3937 3118 3992 quae
3175 3922 3463 3977 desursum
3527 3923 3752 3979 omnino

2171 4012 2341 4077 venit,
2396 4021 2451 4067 et
2499 4012 2695 4068 elfusio
2723 4052 2738 4076 ,
2775 4028 2897 4082 quae
2952 4013 3020 4068 ab
3056 4012 3165 4067 imo
3203 4022 3289 4067 est
3342 4013 3656 4085 (δμὸρησις
3695 4024 3751 4069 et

2168 4104 2381 4175 βλύσις)
2404 4119 2420 4174 ;
2466 4105 2561 4160 sed
2596 4104 2661 4159 de
2704 4101 2883 4158 Verbo
2924 4103 3336 4176 Theauthropo,
3390 4106 3751 4161 venerandis-

2166 4199 2321 4254 simae
2359 4198 2511 4254 cruci
2544 4198 2725 4264 alIixo,
2759 4198 3350 4256 convenientissimum
3376 4210 3459 4255 est
3488 4199 3693 4255 dictum
3732 4217 3747 4254 :

2169 4289 2353 4357 pluvia
2424 4304 2661 4361 namque
2722 4289 2978 4361 (ὄμϐρος)
3042 4294 3278 4361 desuper
3329 4300 3386 4347 et
3440 4308 3506 4347 ex
3566 4292 3753 4347 divino

485 4383 667 4482 μαίνει
690 4425 705 4439 ·
736 4410 798 4462 τὸ
830 4408 887 4461 δὲ
916 4407 1120 4478 βλύειν,
1150 4406 1211 4460 τὸ
1234 4383 1344 4462 απὸ
1367 4408 1465 4476 τῆς
1505 4383 1671 4476 γῆθεν
1703 4383 2066 4477 προσλήψεως

2176 4383 2344 4438 latere
2365 4383 2805 4438 sacratissimum
2841 4384 3165 4455 sanguinem
3212 4396 3265 4441 et
3295 4400 3491 4455 aquam
3516 4386 3753 4442 exivisse

483 4505 670 4557 ἐκεῖνα
728 4502 1074 4572 προρῤεῦσαι
1123 4499 1293 4569 δηλοῖ.
1344 4500 1641 4571 Ἀκήρατος
1689 4500 1746 4553 δὲ
1792 4500 2062 4570 πλευ;.ἁὴ

481 4595 579 4651 τοῦ
609 4594 881 4648 Δεσπότου
908 4592 1068 4658 θεοῦ,
1094 4593 1184 4644 διὰ
1211 4592 1270 4644 τὸ
1294 4590 1369 4662 μὴ
1401 4594 1597 4645 παθεῖν
1620 4592 1767 4661 κῆρα
1798 4592 1897 4662 τὴν
1923 4594 2064 4645 κατὰ

479 4689 670 4752 ἁπλῶς
717 4688 1027 4758 ἄνθρωπον.
1068 4686 1129 4741 Εἰ
1169 4684 1279 4754 γὰρ
1328 4686 1421 4738 καὶ
1470 4684 1545 4753 μὴ
1592 4684 1871 4754 ise/pta;
1927 4684 2064 4740 οὖσα

477 4783 588 4854 πρὸ
618 4781 853 4835 θανάτου
893 4781 927 4844 ἡ
974 4777 1280 4846 Δεσποτικὴ
1313 4777 1450 4846 σὰρξ
1481 4775 1781 4846 ὲνεκρώθη,
1812 4771 1878 4847 ἧς
1907 4779 2001 4828 καὶ
2027 4778 2060 4847 ἡ

476 4873 693 4944 πλευρὰ
725 4871 912 4942 μέρος,
937 4868 1053 4922 ἀλλ’
1084 4869 1185 4922 οὐκ
1211 4864 1317 4921 εἶδε
1345 4866 1672 4937 διαφθορὰν,
1706 4870 1767 4922 οὐ
1802 4871 1911 4939 μὴν
1940 4869 2063 4921 οὐδὲ

476 4966 687 5037 φθορὰν
716 4963 860 5036 μετὰ
886 4963 947 5017 τὸ
985 4963 1161 5025 πάθος
1204 4961 1297 5014 καὶ
1338 4964 1435 5031 τὴν
1492 4962 1728 5031 ἔγερσιν,
1758 4962 1832 5024 ὡς
1859 4962 2061 5030 διαίρω-

474 5059 615 5124 τίζει
656 5058 751 5112 καὶ
803 5059 831 5110 ὁ
888 5057 951 5108 ὲκ
989 5052 1283 5122 Δαμασκοῦ
1338 5054 1591 5122 λαμπρὸς
1642 5054 1896 5125 δᾳδοῦχος
1949 5056 2059 5108 τῶν

474 5153 648 5221 ἁγίων
693 5149 949 5221 Γραφῶν.
986 5148 1060 5200 Τὸ
1102 5147 1159 5201 δὲ
1187 5147 1526 5218 νενυγμίνης
1581 5146 1824 5216 πλευρᾶς
1875 5165 2061 5218 κυριοο

474 5246 769 5307 λεκτεῖται,
800 5242 875 5306 ὡς
907 5241 1140 5295 παλαιαὶ
1170 5240 1389 5313 δηλοῦσι
1420 5241 1671 5311 χρήσεις,
1717 5242 1774 5292 ὲν
1814 5235 1903 5304 αἷς
1931 5243 2061 5295 νύσ-

475 5356 588 5394 οειν
617 5337 837 5407 λέγεται
869 5337 930 5389 τὸ
958 5337 1167 5388 κεντεῖν
1198 5350 1211 5365 ο
1243 5333 1420 5395 ἄλλως
1450 5333 1506 5386 δὲ
1530 5333 1809 5404 τροπικῶς
1842 5334 2058 5387 νύσσειν

472 5430 814 5500 λέγεταικαὶ
859 5429 918 5481 το
947 5428 1131 5495 λόγοις
1180 5426 1213 5496 ἢ
1268 5426 1453 5495 ἔργοις
1489 5424 1756 5495 ἐρεθίζειν
1808 5427 1927 5479 τινὰ
1977 5428 2055 5490 είς

473 5523 673 5595 πρᾶξιν
705 5523 941 5577 οίανοῦν.

546 5704 647 5775 ρξ’.
694 5700 755 5755 ῚΙ
789 5701 843 5755 δὲ
897 5701 1046 5763 ζέσις
1076 5696 1170 5752 τοῦ
1217 5695 1535 5768 Πνεῦματος
1587 5695 1917 5767 πεπόρισται
1954 5694 2053 5764 μὲν

2169 4477 2476 4547 signiﬁcat;
2510 4491 2801 4546 erumpere
2838 4476 3065 4549 (βλύειν)
3108 4493 3237 4532 vero
3268 4494 3336 4532 ex
3375 4477 3754 4549 assumptione

2171 4580 2386 4625 terrena
2422 4570 2526 4623 ista
2563 4568 2888 4639 proﬂuxisse
2938 4569 3202 4626 ostendit.
3254 4568 3634 4639 lncorruptum
3667 4578 3753 4625 est

2171 4661 2387 4717 Domini
2424 4659 2516 4715 Dei
2547 4661 2711 4728 latus,
2743 4678 2808 4716 eo
2858 4661 3006 4732 quod
3058 4662 3193 4718 meri
3243 4661 3484 4717 hominis
3509 4676 3618 4716 non
3659 4679 3751 4718 su-

2170 4755 2330 4810 bierit
2362 4753 2555 4810 fatum.
2614 4753 2727 4810 Etsi
2756 4756 2927 4820 enim,
2969 4772 3077 4810 non
3109 4754 3421 4823 incorrupta
3447 4765 3572 4808 ante
3604 4769 3751 4808 mor-

2170 4857 2301 4909 tem,
2331 4860 2461 4901 cat‘o
2493 4845 2705 4899 Domini
2763 4855 2976 4899 mortua
3024 4854 3131 4905 est.
3166 4844 3326 4912 Cujus
3355 4859 3573 4914 quoque
3606 4844 3749 4898 latus

2168 4952 2292 5008 pars
2344 4947 2485 5004 erat,
2542 4953 2649 4992 non
2714 4947 2892 4991 tamen
2960 4936 3095 4990 vidit
3149 4936 3587 5006 cat-ruptioncm,
3647 4951 3747 4989 nec

2169 5032 2333 5085 ullam
2371 5031 2752 5086 alteratiouent
2787 5039 2909 5099 post
2938 5029 3248 5100 passionem
3282 5046 3347 5085 ac
3384 5029 3748 5086 resurrectio-

2166 5138 2315 5190 nem,
2351 5133 2409 5178 ut
2464 5124 2699 5189 exulicat
2752 5123 2985 5179 illustris
3043 5140 3106 5177 ex
3167 5121 3435 5179 Damasco
3462 5136 3744 5176 sacrarum

2163 5221 2568 5287 Scripturarum
2610 5219 2984 5275 ’lucernarius.
3028 5217 3203 5273 Dictio
3246 5231 3374 5272 vero
3410 5212 3745 5285 νενυγμένης

2164 5314 2432 5385 πλευρᾶς,
2492 5312 2712 5383 proprie
2760 5310 3018 5375 stttttitur,
3076 5320 3134 5363 ut
3189 5307 3401 5372 antiqui
3449 5307 3747 5363 ostendunt

2165 5424 2320 5475 usus,
2345 5408 2547 5478 quibus
2581 5403 2802 5459 νύσσειν
2834 5403 3037 5456 dicitur
3076 5401 3135 5453 τὸ
3169 5399 3380 5452 κεντεῖν
3408 5417 3420 5453 :
3465 5398 3601 5453 alias
3646 5413 3743 5451 au—

2164 5514 2270 5557 tem
2304 5501 2548 5565 νύσσειν,
2588 5499 2772 5554 verbis
2804 5506 2860 5552 et
2888 5496 3150 5567 operibus
3188 5494 3425 5562 aliquem
3462 5492 3531 5548 ad
3556 5508 3745 5562 quem—

2160 5611 2378 5666 cunque
2432 5606 2610 5650 actum
2638 5592 2898 5654 excitare,
2934 5589 3143 5657 tropice
3165 5586 3387 5641 dicitur.

2234 5691 2353 5745 tU't'.
2398 5689 2525 5744 FCH
2541 5705 2603 5743 or
2632 5696 2813 5742 autem
2848 5682 3080 5754 Spiritus
3112 5689 3284 5752 poetae
3333 5681 3553 5753 quidem
3607 5691 3745 5749 pra)-
