3996 6194
433 294 540 359 695

1124 343 1131 349 .
1200 304 1302 367 ιΝ
1365 257 1739 367 Ηγιιινιιιι
1770 306 2037 370 rsum

2141 310 2254 372 ΞΤᾹ
2264 311 2417 374 LEM
2462 314 2920 382 DAMASCENI.
2944 384 2945 389 η

3590 323 3695 385 (iiii

420 414 679 507 sidente,
718 416 812 471 ῐνα
838 418 1085 488 δηλονότι
1115 423 1272 478 καλοὶ
1309 425 1541 494 γένησθε
1569 442 1582 463 ν
1616 428 1712 482 καὶ
1745 428 2018 487 ἀνακεκα-

2144 431 2532 503 lluminamini,
2594 447 2653 492 ut
2712 454 2909 507 nempe
2961 437 3088 493 boni
3140 436 3281 499 sitis,
3342 444 3396 491 et
3455 438 3690 493 revelata

431 505 697 580 λυμμένῳ
746 514 1027 585 προσώπῳ
1085 515 1374 584 βλέποντες
1428 518 1565 573 Θεὸν
1625 520 2011 589 ἀγγελοειδῶςο

428 601 608 671 μηδὲν
638 604 855 659 σκοτίου
904 600 1537 679 αίσχουςπροκᾶλυμμα
1587 614 1884 683 προσώπου
1919 615 2016 685 φέ-

439 713 644 767 ροντες.
672 698 763 751 Διὸ
797 698 891 754 καὶ
918 701 1114 771 ἐπάγει
1140 704 1171 763 ὁ
1210 703 1374 760 Δαὸὶδ
1408 706 1545 774 μετὰ
1577 707 1660 770 τὺ,
1682 709 2013 779 Φωτίσθητε,

437 787 520 852 τὴ,
551 790 662 842 Καὶ
686 791 755 844 τὰ
785 791 1055 860 πρόσωπα
1083 795 1238 862 ὑμῶν
1262 799 1323 851 οὐ
1354 798 1431 867 μὴ
1459 800 1848 869 καταισχυνθῇ.
1872 800 2019 855 Ἀλλ’

439 878 593 933 οὔπω
632 884 730 947 μὲν
780 884 1073 951 ἀπρόσιτος
1117 888 1149 956 ἡ
1209 888 1337 956 ἁγία
1401 890 1592 959 Τριὰς,
1638 893 1666 944 ὁ
1710 887 1791 954 εἷς
1843 891 2017 956 Θεός⁶

441 973 671 1044 ἅχρονος
720 976 797 1044 δὲ,
832 977 915 1032 ὅτι
945 981 1110 1044 αὐτὸς
1140 981 1222 1056 μὴ,
1261 982 1343 1036 ὅτι
1395 1000 1458 1051 γε
1491 984 1718 1053 χρόνους
1751 983 1846 1040 καὶ
1899 1003 2021 1039 και-

443 1066 591 1131 ρους,
622 1067 758 1121 ait:
812 1071 904 1123 και
953 1075 1078 1134 τοὺς
1126 1075 1329 1140 αἰῶνας
1364 1077 1612 1147 ἐποίησε.
1661 1079 1757 1132 Διὸ
1801 1078 1919 1133 οὐδὲ
1950 1064 2019 1150 ἦν

418 1154 421 1155 ⁷
444 1157 625 1229 χρόνῳ
654 1159 957 1233 ὑπέχεσθαι
981 1164 1073 1219 τδν
1094 1166 1292 1231 παντὸς
1314 1168 1509 1240 χρόνου
1540 1169 1776 1239 ποιητὴν
1802 1169 1897 1223 καὶ
1923 1172 2019 1223 xti-

446 1266 581 1313 ριον.
619 1251 693 1303 Τὸ
724 1253 804 1320 δὲ,
836 1254 1083 1323 κάμπτει
1116 1258 1270 1325 γόνυ,
1302 1259 1331 1314 ὃ
1365 1261 1481 1315 ἐστι
1511 1263 1813 1331 προσκυνεῖ
1839 1262 1896 1314 ὲν
1945 1261 2022 1331 τῷ

444 1346 784 1410 γονυπετεῖν,
831 1348 1001 1415 ἤγουν
1050 1348 1143 1402 ἐπὶ
1176 1351 1305 1419 γόνυ
1361 1353 1583 1408 πίπτειν
1623 1353 1721 1408 καὶ
1769 1353 2024 1423 γονυκλι-

444 1438 581 1502 τεῖν,
612 1437 884 1507 μετῆκται
920 1442 1028 1496 ἀπὸ
1070 1444 1309 1498 τετανῶν
1332 1448 1631 1514 σωμάτων,
1663 1446 1701 1502 ἃ
1736 1447 2024 1502 ταπεινού-

450 1544 593 1596 μενα
622 1531 967 1603 κάμπτονται
989 1549 1005 1567 ο
1033 1536 1219 1591 ὁποῖόν
1248 1555 1303 1594 τι
1336 1539 1432 1594 καὶ
1475 1539 1697 1594 τεταναῖ
1724 1540 2024 1609 λεγόμεναι

447 1619 669 1687 τρίχεςο
704 1619 823 1677 ἔστι
854 1622 912 1676 δὲ
962 1624 996 1694 ἤ
1047 1626 1301 1690 ἐπίτασις
1349 1626 1582 1681 τετανοιῖ
1621 1628 1682 1687 τὸ
1727 1628 1915 1692 ἀτενὲς
1950 1631 2025 1691 ὡς

448 1709 570 1764 λίαν
600 1713 896 1782 τεταμένον
925 1715 1006 1772 είς
1039 1714 1245 1788 ὄρθιον,
1271 1717 1306 1789 ἢ
1341 1719 1600 1790 στέρησις
1625 1718 1701 1779 ὡς
1728 1720 1804 1790 μὴ
1836 1719 2027 1788 δεόμε-

2117 521 2258 579 l'acie
2318 522 2486 582 Deum
2541 528 2783 598 angelice
2833 536 3067 586 tuentes.
3118 527 3365 598 nihilque
3413 527 3691 595 opprobrii

2118 615 2393 672 tenebrosi
2468 618 2716 674 velamen
2768 621 2925 676 faciei
2996 619 3258 675 ferentes.
3306 619 3496 690 Itaque
3525 627 3693 687 post:

2116 707 2534 770 llluminamiui,
2592 710 2757 764 David
2807 712 3035 780 adjicit:
3070 721 3123 766 et
3168 710 3334 766 facies
3358 721 3554 767 vestrm
3588 724 3696 764 non

2119 798 2548 857 confundantur.
2607 800 2724 857 Non
2796 803 2971 861 solum
3028 812 3210 859 autem
3272 802 3551 858 inadibilis
3609 809 3696 857 est

2118 902 2309 948 sancta
2361 891 2625 960 Trinitas,
2670 910 2815 952 unus
2857 894 2999 951 Deus
3054 902 3184 952 :est
3222 896 3385 950 etiam
3443 902 3696 954 aeternus,

2119 983 2267 1053 quod
2297 986 2415 1054 ipse
2456 999 2563 1040 non
2614 992 2824 1040 tantum
2882 993 3099 1053 tempus
3142 995 3197 1043 et
3245 984 3466 1049 saecula,
3508 983 3603 1037 sed
3636 991 3693 1036 et

2120 1074 2460 1131 mternitates
2491 1073 2638 1130 fecit.
2679 1075 2806 1131 Ideo
2843 1075 3070 1145 tempori
3104 1090 3210 1131 non
3238 1085 3356 1130 erat
3389 1073 3692 1141 subjicien-

2121 1167 2245 1231 dus,
2277 1167 2365 1236 qui
2398 1166 2692 1237 cujuslibet
2708 1169 2973 1236 temporis
3000 1177 3086 1224 est
3114 1175 3307 1232 auctor
3330 1178 3385 1222 et
3409 1166 3695 1222 Dominus.

2106 1257 2243 1321 Hoc
2296 1267 2481 1314 autem
2514 1276 2531 1314 ε
2562 1259 2811 1328 κάμπτει
2865 1260 3019 1329 γόνυ,
3058 1258 3204 1329 quod
3260 1267 3346 1315 est
3391 1259 3584 1313 adorat
3642 1256 3695 1311 in

2122 1351 2201 1422 τῷ
2242 1354 2586 1422 γονυπετεῖν,
2625 1354 2740 1408 sive
2787 1353 2841 1409 in
2902 1354 3299 1423 prosternendo
3347 1365 3409 1409 se
3454 1361 3506 1408 et
3555 1368 3694 1420 genu

2126 1439 2410 1509 ﬂectendo,
2460 1444 2783 1500 translatum
2825 1456 2910 1500 est
2959 1444 3029 1500 ab
3064 1446 3303 1500 extentis
3351 1444 3702 1513 corporibus,

2110 1550 2245 1605 qua:
2295 1535 2532 1591 demissa
2608 1533 2942 1604 ﬂeetuntur,
2990 1534 3223 1605 qualiter
3281 1539 3449 1591 etiam
3500 1537 3705 1592 extenti

2126 1626 2256 1683 dicti
2284 1627 2488 1683 crines.
2530 1626 2625 1683 Est
2670 1636 2849 1682 autem
2888 1626 3153 1683 tensionis
3177 1641 3463 1692 excessus,
3497 1625 3710 1682 inﬂexi-

2129 1720 2255 1781 bile,
2284 1728 2341 1773 ut
2368 1718 2535 1774 nimis
2565 1727 2778 1775 tensmn
2811 1719 2865 1773 in
2899 1727 3133 1784 rectum,
3163 1716 3244 1773 vel
3275 1718 3530 1789 privatio,
3562 1717 3708 1774 sicut

450 1818 542 1854 νον
591 1778 800 1866 τάσεως
854 1778 1117 1870 πλείονος,
1351 1778 1623 1873 ἀπόλεσας
1677 1778 2021 1878 κέκαμπται.

2141 1828 2237 1867 non
2283 1826 2451 1882 egens
2508 1812 2719 1878 majore
2763 1812 3046 1876 tensione;
3095 1778 3289 1882 quam.
3325 1812 3416 1882 qui
3473 1811 3710 1882 perdidit

452 1892 693 1947 Τοιαῦτα
718 1894 775 1947 δὲ
814 1895 882 1948 τὰ
917 1896 994 1966 μὴ
1044 1898 1203 1966 ὄρθια
1236 1899 1414 1954 πάντα
1468 1899 1722 1968 σώματα,
1755 1900 1813 1953 ἐν
1860 1896 1940 1959 οἷς
1974 1903 2026 1955 αί

452 1982 605 2037 οὖλαι
661 1985 872 2057 τρίχες,
921 1986 1019 2042 καὶ
1056 1988 1124 2042 τὰ
1169 1990 1433 2060 γναμπτὰ
1483 1991 1761 2062 ἄγκιστρα
1817 1993 1912 2045 καὶ
1960 1994 2031 2045 τὰ

452 2073 881 2144 ἀγκιστροειδῶς
927 2078 1300 2150 περιηγμένα,
1337 2081 1437 2150 οὐχ
1483 2080 1689 2152 ἣκιστα
1734 2081 1791 2135 δὲ
1839 2081 1931 2135 και)⁸
1962 2084 2031 2134 τὰ

452 2166 649 2236 κυρτὰ.
698 2161 775 2222 ὧν
804 2171 1139 2241 παρωνυμίαι
1162 2170 1213 2224 οἱ
1258 2171 1556 2227 ἁλιευτικοὶ
1605 2172 1819 2243 κύρτοι.
1859 2171 2029 2235 Ὑπο-

453 2260 624 2326 ταγῆς
653 2260 711 2314 δὲ
761 2259 1031 2329 σύμϐολον
1071 2260 1251 2328 ἄκρας
1284 2259 1346 2315 τδ
1399 2261 1674 2330 κάμπτειν
1724 2258 1897 2328 γόνυ“
1949 2256 2032 2311 διδ

453 2352 549 2407 κν).
580 2354 693 2416 τοῖς
740 2352 1024 2421 κρᾱταιοῖε
1057 2353 1371 2425 βασιλεῦσιν
1415 2353 1506 2408 ὅτε
1555 2370 1657 2407 που
1690 2351 1843 2415 ἔθνος
1900 2351 2031 2405 ὑπο-

455 2445 627 2513 ταγῇ,
655 2428 934 2511 κάμπτειν
966 2444 1116 2511 αὐτῷ
1145 2444 1276 2512 γόνυ
1303 2443 1527 2512 λέγεται
1554 2460 1570 2475 ο
1601 2444 1663 2499 τδ
1695 2443 1764 2498 δὲ
1799 2443 2029 2515 μελῳδι-

459 2534 574 2594 κῶς
602 2534 664 2589 τὰ
693 2534 890 2588 πάντα
932 2537 1124 2593 είπεῖν,
1155 2536 1187 2605 ἢ
1234 2537 1294 2588 τὸ
1328 2534 1452 2592 πᾶν
1482 2536 1900 2607 ⁴διιιτοστολικῶς⁹
1932 2538 2031 2609 τῆς

459 2622 633 2695 αὐτῆς
667 2625 876 2690 ἑννοίας
918 2628 1026 2681 εἰσὶ
1065 2626 1160 2682 ἐπὶ
1201 2629 1315 2692 τοῖς
1368 2631 1553 2698 σοφοῖς
1581 2645 1598 2662 ο
1652 2629 1894 2702 κοσμικὴ
1923 2628 2035 2702 γὰρ

456 2715 645 2788 ὁλότης
676 2716 744 2770 δι’
770 2717 1050 2789 ἑκατέρων
1083 2718 1435 2789 σημαίνεται.
1996 2706 2012 2787 ξ

534 2807 604 2880 ρι’
609 2850 624 2865 .
655 2808 1016 2879 Παράκλητον
1043 2810 1096 2864 δὲ
1123 2812 1213 2864 τὸν
1247 2813 1374 2867 Υίδν
1403 2813 1540 2882 πρὸς
1578 2815 1668 2868 τὸν
1699 2814 1922 2884 Πατέρα
1944 2806 2033 2870 λέ-

458 2919 653 2971 γομεν,
689 2902 834 2957 καθά
868 2903 964 2957 καὶ
992 2905 1051 2957 τὸ
1098 2905 1354 2974 Πνεῦμα*
1390 2906 1488 2960 οὐκ
1538 2907 1605 2961 ἂν
1636 2907 1758 2961 οὐδὲ
1786 2906 1881 2962 τοῦ
1918 2910 2030 2963 Πα-

449 2994 587 3066 ,τρὸς
635 2994 995 3060 ἀπαξιοῦντος
1024 2995 1084 3048 τὸ
1131 2998 1367 3067 πρᾶγμα
1414 2998 1442 3067 ἢ
1479 2997 1653 3060 ἄλλως
1703 3000 2035 3071 ἀποστερου-

2132 1902 2473 1958 incurvatur.
2507 1901 2660 1958 Talia
2688 1913 2819 1959 sunt
2844 1910 3030 1960 autem
3060 1903 3246 1959 omnia
3272 1918 3379 1958 non
3412 1911 3559 1959 recta
3584 1917 3709 1957 eor-

2129 2008 2285 2062 pora,
2324 1993 2378 2048 in
2409 1993 2612 2063 quibus
2646 1994 2816 2064 crispi
2843 2002 2976 2050 sunt
3000 1994 3209 2059 crines,
3239 2004 3297 2049 et
3328 1994 3477 2048 curvi
3528 1993 3701 2057 hami,

2128 2092 2185 2138 et
2216 2084 2267 2138 in
2295 2084 2442 2139 hami
2479 2083 2653 2139 forma
2701 2093 2856 2141 torta:
2908 2099 3021 2149 res,
3048 2085 3141 2141 sed
3176 2093 3232 2139 et
3261 2085 3498 2140 maxime
3528 2099 3711 2140 curvas

2133 2174 2356 2244 (κυρτὰ)
2415 2191 2645 2245 quorum
2714 2183 2798 2232 est
2827 2175 3095 2232 derivatio
3151 2175 3448 2246 piscatoria
3514 2189 3700 2231 nassa.

2135 2265 2377 2321 Summa:
2411 2281 2541 2322 vero
2589 2267 2951 2336 subiectionis
2987 2266 3300 2339 symbolum
3349 2274 3433 2322 est
3476 2281 3710 2321 curvare

2133 2371 2276 2424 genu
2307 2374 2322 2413 :
2359 2358 2593 2428 ideoque
2623 2374 2749 2414 eum
2786 2359 3101 2429 potentibus
3141 2358 3362 2427 regibus
3409 2371 3543 2427 gens
3575 2359 3708 2414 suh-

2132 2449 2339 2521 jicitur,
2404 2449 2505 2517 ipsi
2559 2464 2792 2505 curvare
2854 2465 2996 2518 genu
3059 2450 3284 2505 dicitur.
3337 2449 3529 2505 Dicere
3588 2465 3714 2504 vero

2136 2554 2259 2597 cum
2311 2547 2466 2608 posta
2524 2541 2728 2607 omnia,
2790 2540 2876 2596 vel
2911 2555 3035 2595 cum
3075 2541 3327 2609 apostolo
3383 2530 3557 2602 οηυίε,
3613 2556 3715 2610 pro

2137 2629 2478 2698 sapientibus
2528 2631 2776 2701 ejusdem
2825 2641 2915 2688 est
2956 2633 3288 2690 sententim:
3340 2632 3409 2686 ab
3466 2643 3699 2701 utroque

2135 2723 2281 2777 cnim
2325 2723 2657 2779 universitas
2686 2724 2874 2779 mundi
2901 2723 3260 2793 signiﬁcatur.

2217 2817 2341 2872 110.
2416 2817 2758 2887 Paraclctnm
2805 2825 2985 2872 autem
3034 2815 3175 2887 apud
3244 2814 3458 2871 Patrem
3515 2813 3713 2872 Filium

2140 2908 2397 2971 dicimus,
2438 2908 2580 2964 sicut
2610 2917 2663 2961 et
2700 2907 3005 2978 Spiritum;
3053 2922 3178 2963 cum
3206 2924 3263 2963 re
3307 2925 3415 2962 non
3457 2908 3716 2977 indignus

2141 3008 2288 3055 esset
2321 2998 2437 3069 ipse
2467 2999 2648 3065 Pater,
2682 3012 2783 3053 nec
2814 2997 3038 3053 aliunde
3088 2996 3339 3052 frustrari
3378 3006 3557 3067 potest
3607 2997 3717 3051 hu-

464 3085 626 3153 μένου
651 3084 745 3139 τοῦ
804 3085 1087 3140 καλεῖσθαι
1118 3084 1259 3141 οὕτω
1284 3105 1299 3119 ο
1336 3090 1396 3140 οὐ
1450 3089 1610 3156 μόνον
1658 3091 1739 3143 ὅτι
1777 3108 2031 3161 παρακα-

2141 3088 2374 3159 iusmodi
2412 3089 2652 3144 nomine.
2692 3088 2814 3161 Ipse
2840 3089 3045 3159 quippe
3072 3088 3136 3142 ad
3172 3102 3258 3143 res
3286 3098 3507 3144 nostras
3556 3087 3717 3143 adva-

459 3177 633 3230 λεῖται
669 3179 766 3232 καὶ¹
798 3178 961 3241 αὐτὸς
989 3179 1096 3235 ὑπὸ
1122 3182 1221 3248 τῆς
1252 3179 1461 3243 οἰκείας
1507 3180 1916 3252 φιλανθρωπίας
1952 3184 2032 3247 είς

459 3272 529 3323 τὰ
564 3270 705 3341 ὑπὲρ
732 3270 912 3342 ἡμῶν.
950 3271 1030 3326 ἔτι
1060 3274 1114 3326 δὲ
1141 3274 1232 3326 καὶ⁵
1265 3272 1352 3343 ὑφ’
1382 3274 1543 3345 ἡμῶν
1572 3275 2034 3348 προκαλουμένων

461 3364 563 3431 τὴν
588 3363 801 3417 ἐκεῖθεν
834 3364 1112 3435 βοήθειαν,
1148 3366 1283 3422 ἀλλὰ
1315 3367 1408 3420 καὶ
1435 3368 1516 3421 ὅτι
1548 3369 1866 3440 παρακαλεῖ
1887 3371 2037 3441 ἡμᾶς

461 3457 537 3520 ὥς
570 3457 618 3511 εἰ
670 3458 764 3512 καὶ
810 3457 1043 3528 κατέψα,
1093 3459 1187 3512 καὶ
1236 3459 1540 3525 ποππύξων
1590 3462 1906 3529 ἐκολάκευε,
1942 3467 2038 3521 καὶ

466 3550 647 3603 πάντα
682 3549 885 3619 τρόπον
934 3550 1173 3620 ἐπήγετο
1202 3551 1282 3613 εἰς
1326 3550 1385 3604 τὸ
1414 3553 1509 3606 καὶ
1539 3554 1687 3616 υἱοὺς
1718 3554 1812 3609 καὶ
1842 3554 2038 3627 κληρο⁴

463 3644 663 3713 νόμους
693 3641 1021 3707 ἀποτελέσαι¹
1044 3640 1239 3697 αὐτοῦ.
1270 3642 1331 3696 Εἰ
1358 3642 1467 3713 γὰρ
1497 3643 1572 3714 μὴ
1594 3646 1622 3698 ὁ
1650 3645 1840 3716 Πατὴρ
1868 3646 2039 3703 ἐθέλει

467 3734 564 3789 καὶ
593 3735 819 3789 δύναται
858 3718 1203 3805 παρακαλεῖν
1231 3736 1381 3806 ἡμᾶς
1412 3736 1492 3798 είς
1518 3736 1586 3797 τὰ
1617 3738 1872 3807 κρείττω,
1898 3740 2042 3810 τάχα

468 3826 535 3881 ἂν
566 3826 685 3881 οὐδὲ
714 3825 743 3880 ὁ
789 3826 939 3894 Υἱὸς,
969 3828 1091 3881 οὐδὲ
1117 3826 1178 3880 τὸ
1210 3827 1434 3895 Πνεῦμα
1480 3827 1662 3893 ἕξουσι
1711 3831 1771 3886 τὸ
1798 3830 2044 3886 τοιοῦτον

472 3922 739 3990 σέμνωμα
760 3933 776 3951 ·
808 3919 906 3973 καὶ
949 3918 1126 3984 ἄλλως
1155 3919 1212 3973 δὲ
1258 3920 1355 3974 τοῦ
1407 3921 1566 3988 ᾲγίου
1599 3922 1915 3990 Πνεύματος
1946 3907 2044 3979 (Ξὺν

471 4014 549 4081 τῷ
584 4012 760 4083 Πατρὶ
785 4011 880 4065 καὶ
910 4010 989 4081 τῷ
1038 4010 1151 4081 Υἱῷ
1200 4000 1824 4085 συμπροσκυνουμένου,
1870 4017 1959 4069 ναὶ
1987 4017 2044 4071 δὲ

474 4104 569 4159 καὶ
617 4103 1075 4174 συνδοξαζομένου
1130 4103 1216 4171 ἐφ’
1273 4098 1354 4171 οἷς
1406 4108 1790 4176 τερατουργεῖ,
1845 4109 2045 4163 ἄτοπόν

475 4199 623 4250 ἐστιν
648 4197 974 4265 ἀποστερεῖν
1005 4193 1169 4248 αὑτοῦ
1198 4194 1297 4265 τὴν
1328 4195 1489 4267 ἡμῶν
1514 4196 1878 4266 παράκλησιν.

548 4287 673 4359 ρια¹.
703 4287 825 4360 Χρὴ
876 4288 982 4356 γὰρ
1034 4286 1231 4340 εἰδέναι
1260 4286 1335 4349 ὡς
1362 4287 1478 4356 πρὸ
1524 4288 1743 4342 πάντων
1782 4289 1890 4352 τῶν
1924 4290 2046 4344 κατ’

473 4379 795 4451 ἀνθρώπους
827 4379 1174 4450 θεομιμήτιιις
1207 4378 1303 4432 καὶ
1329 4377 1727 4442 διδασκαλικῶς
1756 4382 1916 4451 οἱονεὶ
1945 4400 2049 4436 πα-

2137 3192 2314 3246 catur,
2360 3195 2469 3237 non
2510 3180 2685 3237 solum
2731 3195 2762 3236 a
2802 3195 2899 3237 sua
2934 3174 3273 3250 benignitate
3323 3187 3543 3249 propter
3592 3195 3713 3241 nos,

2137 3274 2231 3331 sed
2263 3273 2426 3329 etiam
2457 3287 2487 3327 a
2521 3272 2681 3328 nobis
2705 3272 2883 3344 ipsius
2909 3271 3175 3328 auxilium
3213 3271 3279 3326 ad
3307 3286 3408 3328 nos
3449 3272 3717 3327 advocant—

2138 3367 2303 3422 tibus.
2334 3366 2562 3436 Insuper
2590 3365 2818 3422 advocat
2860 3378 2996 3429 nos,
3040 3363 3199 3435 quasi
3245 3378 3351 3419 nos
3383 3372 3719 3427 attrectaret,

2139 3442 2521 3530 sibilandoque
2593 3457 2815 3524 leniret,
2841 3466 2897 3512 et
2928 3457 3080 3512 omni
3116 3455 3279 3510 modo
3311 3470 3416 3512 nos
3443 3454 3633 3520 allicit,
3661 3463 3720 3508 ut

2141 3550 2282 3606 ﬁlios
2309 3558 2364 3606 et
2409 3547 2653 3605 haeredes
2705 3563 2833 3606 suos
2886 3565 2989 3606 nos
3022 3547 3241 3604 etiieiat.
3279 3549 3395 3602 lmo
3425 3547 3527 3602 nisi
3559 3546 3718 3601 Pater

2141 3643 2270 3701 velit
2317 3650 2373 3697 et
2416 3643 2595 3713 possit
2647 3658 2750 3700 nos
2797 3642 2866 3697 ad
2918 3642 3137 3698 meliora
3183 3656 3402 3707 vocare,
3455 3639 3735 3695 continuo

2143 3750 2322 3805 neque
2371 3734 2543 3791 Filius
2576 3749 2753 3804 neque
2803 3733 3041 3805 Spiritus
3086 3734 3194 3790 hoc
3241 3732 3412 3788 decus
3472 3730 3718 3784 haberet.

2146 3828 2383 3883 Aliunde
2428 3820 2559 3883 vero
2605 3827 2699 3883 ubi
2751 3833 2976 3883 sanctus
3034 3824 3274 3893 Spiritus
3315 3838 3441 3877 cum
3473 3820 3630 3877 Patre
3669 3830 3723 3874 et

2146 3917 2287 3973 Filio
2337 3918 2496 3973 simul
2544 3920 2805 3972 adorator
2848 3922 2903 3970 et
2947 3915 3385 3986 congloriticatur
3419 3927 3516 3982 pro
3559 3912 3725 3967 mira-

2146 4010 2288 4064 culis
2315 4026 2437 4078 qua:
2489 4019 2686 4079 [.atrat,
2728 4006 3024 4063 absurdum
3078 4015 3227 4060 esset
3271 4001 3571 4060 advocandi
3622 4017 3737 4056 nos

2147 4088 2299 4156 illum
2328 4101 2536 4156 honore
2564 4100 2797 4169 privare.

2224 4281 2347 4336 111.
2393 4279 2547 4337 Scire
2578 4279 2721 4334 enim
2755 4286 2972 4348 oportet
3008 4275 3175 4348 quod,
3208 4289 3319 4348 pra:
3345 4272 3605 4330 omnibus
3632 4273 3727 4342 qui

2152 4375 2297 4430 inter
2330 4373 2582 4428 homines
2607 4371 2673 4427 ad
2709 4369 2811 4426 Dei'
2835 4371 3334 4440 magistrorumque
3385 4367 3562 4422 instar
3594 4372 3725 4421 sunt

478 4475 785 4547 ρακλήτων,
814 4476 841 4525 ό
892 4471 1097 4543 κυρίως
1134 4467 1491 4540 Παράκλητος
1520 4470 1712 4547 Πατὴρ
1750 4472 1847 4523 καὶ
1876 4471 2037 4541 Λόγος

2155 4466 2318 4536 quasi
2381 4463 2674 4531 paracleti,
2718 4462 2809 4516 ille
2858 4463 2949 4533 qui
3015 4460 3232 4532 preprie
3276 4456 3591 4512 Paracletus
3642 4466 3727 4509 est

478 4570 570 4622 καὶ
601 4566 823 4634 Πνεῦμα
856 4565 948 4618 ἐπὶ
980 4565 1103 4624 τοὺς
1139 4561 1594 4633 μακαριωτάτους
1617 4556 1749 4633 ἦλθε
1781 4561 2050 4635 μαθητὰς,

479 4660 576 4713 καὶ
613 4656 730 4727 μετ’
756 4655 1000 4718 ἐκείνους
1035 4653 1131 4707 ἐπὶ
1161 4653 1288 4717 τοὺς
1318 4649 1388 4704 δι’
1418 4651 1644 4705 ἐκείνων
1674 4652 2056 4720 ὲπεγνωκότας

479 4744 568 4800 sitv
595 4744 725 4798 Θεὸν
759 4759 771 4773 ·
801 4743 858 4807 ὃς
890 4741 951 4797 οὐ
985 4742 1145 4811 μόνον
1181 4739 1488 4794 λαλούντων
1516 4739 1624 4793 τῶν
1669 4740 1836 4794 αὑτοῦ
1871 4741 2056 4811 δεομέ-

479 4856 609 4897 νων,
644 4835 777 4889 ἀλλὰ
811 4834 904 4888 καὶ
962 4834 1139 4905 μήπω
1160 4833 1296 4902 μηδὲ
1345 4833 1718 4905 λαλησάντων,
1749 4834 2018 4903 πάρεστιν
2043 4849 2056 4865 ·

480 4927 508 4981 ὃ
538 4928 602 4998 δὴ
648 4924 988 4996 παρακαλεῖν
1039 4924 1487 4995 ὁμολογουμένως
1541 4924 1681 4978 ἐστί.
1743 4923 2063 4996 Παρακαλεῖ

446 5018 561 5085 νδὲ,
613 5016 891 5069 τουτέστιν
942 5014 1109 5083 ἔγγὺς
1161 5012 1325 5068 αὐτοῦ
1369 5013 1547 5078 καλεῖ,
1593 5013 1730 5084 πρὸς
1785 5013 2062 5085 σωτηρίαν

485 5112 612 5172 τοὺς
668 5110 753 5162 τὸν
807 5106 1066 5176 λογισμὸν
1097 5106 1318 5177 ἔχοντας
1364 5104 1498 5172 πρὸς
1551 5105 1703 5175 αὐτῷ
1750 5105 2059 5176 μυριαχῶς,

483 5196 597 5256 οἷον
613 5198 699 5254 διὰ
712 5199 822 5253 τῶν
851 5201 1168 5270 κτισμάτων
1187 5198 1475 5265 καλλινδῆς,
1502 5198 1536 5251 ἃ
1559 5197 1627 5252 δι’
1648 5200 1796 5269 ἡμᾶς
1812 5198 2060 5269 ἐποίησε,

452 5298 460 5304 ”
486 5296 699 5365 καὶτῆς
723 5294 935 5348 ἐκεῖθεν
965 5293 1317 5363 παντοδαπῆς
1344 5291 1589 5364 ἀμόχθου
1612 5292 1749 5363 ἡμῖν
1771 5289 2062 5360 ὠφελείας,

486 5392 575 5444 καὶ
615 5388 706 5442 διὰ
757 5388 852 5440 τοῦ
891 5388 963 5455 ἀγ
1007 5386 1073 5439 θὰ
1131 5386 1231 5455 μὲν
1281 5388 1394 5449 τοῖς
1438 5386 1662 5453 ἀγαθοῖς
1720 5386 2062 5455 ὲπιμετρείν,

483 5484 595 5542 τοῖς
627 5480 685 5532 δὲ
729 5474 922 5542 κςκοῖς
980 5477 1154 5541 ἄλλως
1203 5477 1652 5548 προσφέρεσθαι·
1686 5475 1799 5547 ,καὶ
1849 5474 1938 5529 διὰ
1967 5474 2063 5529 τοῦ

487 5570 1051 5644 ἐπιφιλοτιμήσασοαι
1082 5572 1208 5623 νοῦν
1257 5570 1351 5622 καὶ
1394 5569 1635 5622 διάνοιαν
1682 5567 2066 5637 ἐπιγνώμονας

486 5663 697 5731 ἀγαθοῦ
733 5681 791 5716 τε
828 5666 911 5716 xu."
950 5659 1125 5716 κακοῦ
1153 5678 1165 5689 ·
1202 5661 1276 5724 ὡς
1301 5659 1362 5713 τὸ
1396 5661 1495 5730 μὲν
1523 5659 1799 5729 ἐγκρίνειν
1827 5660 1923 5713 καὶ
1946 5662 2067 5712 ἐπι.

487 5757 761 5827 λέγεσθαι.
799 5758 857 5809 τὸ
881 5754 935 5809 δὲ
971 5754 1290 5826 ἀποκρίνειν
1315 5754 1410 5806 καὶ
1439 5752 1659 5817 ἐξωθεῖν
1685 5746 1773 5807 οἷα
1801 5751 1894 5805 τοῦ
1928 5754 2068 5807 κατὰ

2157 4555 2339 4621 Pater,
2401 4554 2640 4610 Verbum
2680 4563 2735 4607 et
2791 4550 3033 4623 Spiritus
3091 4550 3157 4606 ad
3187 4549 3538 4605 beatissimos
3586 4547 3729 4599 venit

2158 4647 2480 4718 discipulos,
2513 4655 2565 4699 et
2597 4653 2720 4715 post
2745 4644 2869 4699 illos
2896 4643 2961 4698 ad
2995 4657 3091 4698 eos
3120 4641 3214 4712 qui
3249 4655 3344 4710 per
3373 4640 3527 4712 ipsos
3560 4637 3728 4721 Deum

2158 4746 2568 4811 cognoverunt;
2601 4746 2763 4806 atque
2790 4752 2896 4790 non
2946 4736 3121 4790 solum
3175 4730 3551 4801 loquentibus,
3614 4729 3733 4797 ipso

2159 4830 2470 4904 egentibus,
2507 4828 2599 4885 sed
2647 4830 2813 4885 etiam
2864 4827 3107 4883 nondum
3144 4824 3365 4889 loculis,
3408 4823 3598 4883 adest;
3631 4823 3737 4877 hec

2160 4936 2244 4981 est
2292 4928 2497 4988 autem,
2531 4922 2610 4975 uti
2649 4928 2886 4986 constat,
2926 4916 3272 4992 παρακαλεῖν
3309 4935 3325 4974 :
3368 4916 3600 4973 advocat
3631 4931 3734 4970 au-

2165 5025 2297 5083 tem,
2345 5014 2397 5070 id
2438 5024 2542 5078 est,
2600 5012 2667 5068 ad
2720 5029 2781 5068 se
2839 5012 3065 5083 propius
3100 5010 3257 5067 vocat
3285 5011 3350 5067 ad
3378 5010 3610 5067 salutem
3640 5023 3734 5063 eos

2164 5107 2257 5179 qui
2293 5121 2478 5162 secum
2512 5112 2741 5159 utuntur
2773 5103 2984 5157 ratione
3029 5102 3220 5157 multis
3267 5101 3466 5167 modis,
3501 5098 3737 5170 qualiter

2163 5213 2258 5270 per
2285 5206 2659 5252 creaturarum
2696 5194 3184 5265 pulchritudinem,
3216 5208 3353 5265 quas
3384 5200 3606 5265 propter
3635 5202 3736 5243 nos

2166 5290 2318 5358 fecit,
2348 5299 2404 5345 et
2433 5287 2827 5344 multiformem
2876 5286 3076 5343 exinde
3107 5270 3288 5342 nobis
3315 5285 3522 5352 absque
3553 5280 3738 5335 labore

2168 5381 2476 5449 utilitatem,
2534 5390 2590 5434 et
2648 5394 2749 5450 per
2805 5378 3268 5448 bonitatem-qua
3319 5376 3459 5429 bona
3515 5370 3737 5441 quidem

2168 5472 2384 5529 aliunde
2414 5471 2644 5543 largitur
2674 5471 2853 5537 bonis,
2884 5470 3040 5526 malis
3069 5479 3251 5525 autem
3280 5466 3412 5521 alias
3436 5463 3737 5525 succurrit.

2168 5580 2381 5621 necnon
2438 5579 2536 5635 per
2589 5564 2937 5620 dilectionem
2975 5575 3081 5632 qua
3119 5557 3470 5629 prosequitur
3507 5567 3743 5612 mentem

2167 5668 2222 5713 et
2248 5674 2343 5711 cur
2381 5673 2503 5728 quae
2542 5657 2742 5712 bonum
2768 5665 2822 5712 et
2857 5654 3059 5710 malum
3090 5652 3445 5719 discernunt;
3488 5660 3547 5706 ιιι
3571 5665 3740 5703 unum

2173 5750 2388 5822 quidem
2448 5749 2741 5805 admittant
2790 5756 2845 5802 ct
2893 5746 3114 5815 eligant,
3168 5743 3396 5800 alterum
3445 5754 3625 5799 autem
3660 5759 3743 5796 re-
