3996 6194
305 329 412 394 627

1023 337 1446 399 EUSTATHH
1483 338 1775 400 THESSA
1791 337 2258 400 LONICENSIS
2300 333 2861 400 METROPOLIT/E

3465 323 3574 392 6‘18

301 450 536 518 probent
585 463 642 508 ct
690 454 936 525 eliciant,
1001 465 1260 523 tanquam
1324 457 1548 511 homine
1584 459 1877 510 secundum

1989 459 2124 514 Θεὸν
2155 459 2446 529 ἀνθρώπου
2480 455 2724 522 ἀνάξιον.
2761 455 2824 509 Ei
2851 453 2908 508 δὲ
2939 451 3033 506 καὶ
3068 449 3270 504 θλίδων
3299 449 3448 520 ἡμᾶς
3483 450 3574 504 καὶ

302 541 472 598 Deum
499 546 704 616 aliquid
735 547 1043 615 indignum.
1062 548 1219 613 Quod
1250 549 1292 600 si
1327 565 1427 603 nos
1452 549 1718 616 afﬂigens,
1739 561 1792 604 et
1824 547 1877 603 in

302 639 626 695 memoriam
649 640 947 706 subiiciens
972 656 1073 697 nos
1093 641 1263 710 ipsius
1281 656 1400 696 csse
1427 657 1636 706 servos,
1657 643 1722 696 ad
1745 643 1881 696 bene

300 729 569 797 agendum
595 743 695 787 nos
721 731 956 799 inducit,
983 735 1209 788 muninu
1245 735 1322 788 sic
1346 736 1510 790 etiam
1534 734 1599 790 ad
1623 734 1882 791 salutaria

301 836 402 874 nos
454 825 704 889 advocat,
732 833 990 896 tanquam
1031 828 1438 894 mortiﬁcando,
1463 839 1515 884 et
1537 829 1882 894 viviﬁcando,

298 928 590 983 pauperem
654 914 909 973 faciendo
977 917 1316 991 divitemqne
1385 921 1698 983 reddendo,
1773 921 1882 976 hu-

303 1004 565 1062 tuiliando
596 1016 650 1064 et
667 1008 955 1076 elevando,
979 1013 1303 1082 ceterisque
1331 1013 1650 1082 huiusmodi
1681 1013 1878 1070 modis.

374 1095 498 1152 ΗΞ.
531 1098 687 1166 Quod
733 1110 912 1158 autem
945 1118 1010 1160 ex
1041 1106 1300 1162 omnibus
1331 1106 1384 1160 in
1419 1116 1672 1178 promptu
1705 1105 1882 1162 maxi-

303 1200 392 1241 me
417 1196 498 1242 est
529 1203 594 1246 ac
642 1191 985 1259 facillimum,
1020 1205 1095 1262 et,
1155 1196 1232 1251 uti
1293 1197 1418 1267 quis
1454 1210 1598 1254 recte
1652 1196 1878 1260 diceret,

304 1279 478 1349 magis
509 1280 729 1337 obvium
785 1299 852 1340 ac
887 1286 1170 1355 populare,
1207 1301 1443 1355 vereque
1473 1289 1689 1343 cunctis
1713 1302 1880 1342 com-

301 1385 488 1437 mune,
543 1374 775 1431 advocat
803 1378 967 1432 etiam
1005 1392 1101 1447 per
1133 1391 1266 1434 suos
1295 1379 1599 1449 dlscipuios
1631 1389 1684 1435 et
1715 1381 1878 1436 docu-

303 1474 483 1518 menta
514 1465 934 1538 quibuscunque
983 1470 1323 1538 temporibus
1370 1483 1710 1540 opportuna;
1745 1485 1880 1542 quo-

302 1569 422 1608 rum
479 1557 584 1612 alia
667 1558 888 1626 quidem
945 1561 1478 1618 circumscribuntur
1527 1563 1880 1620 sanctissimo

300 1647 560 1705 conclusa
616 1649 934 1722 Evangelio,
999 1655 1102 1708 alia
1140 1670 1268 1712 vero
1321 1671 1490 1726 prope
1516 1657 1568 1712 in
1603 1656 1877 1713 inﬁnitum

300 1739 542 1812 antiquis
599 1742 1073 1801 circumferuntur
1143 1747 1554 1807 traditionibus.
1609 1748 1875 1806 Paracicti

1992 551 2252 620 ἐνθύμιον
2290 548 2610 604 ὑποϐαλλων
2661 545 2760 600 τοῦ
2789 541 2928 598 εἶναι
2974 542 3197 605 δούλους
3245 540 3438 609 αὐτοῦ,
3492 539 3575 604 εις

1992 643 2413 714 ἀγαθοπραξίαν
2441 643 2588 713 ἡμᾶς
2629 641 2847 709 ἀνάγει,
2888 636 3205 707 παρακαλεῖ
3233 636 3455 698 πάντως
3480 635 3574 688 καὶ

1988 735 2166 796 οὕτως
2196 737 2276 799 εις
2314 737 2383 788 τά
2409 735 2655 804 σωτήρια
2694 733 2886 800 ῶσπερ
2912 733 3005 786 καὶ
3029 729 3133 800 ,διά
3159 727 3253 782 τοῦ
3281 725 3570 785 θανατοῦν.

1991 828 2083 882 καὶ
2116 827 2430 898 ζωογονεῖν.
2468 826 2564 880 καὶ
2611 825 2932 896 πτωχίζειν,
2963 821 3060 878 καὶ
3110 819 3444 902 πλουτίζειν,
3474 819 3572 876 καὶ

1989 919 2304 988 ταπεινοῦν,
2333 922 2430 974 καὶ
2454 919 2716 992 ἀνυψοῦν,
2747 918 2843 972 καὶ
2873 917 3092 971 πάντων
3120 915 3228 969 τῶν
3258 914 3437 976 ἄλλων
3470 915 3571 967 ὃσα

1989 1014 2242 1073 τοιαῦτα.

2063 1105 2187 1178 ριβ’.
2205 1107 2280 1162 Τδ
2307 1107 2364 1161 δὲ
2395 1106 2617 1162 πάντων
2640 1102 3068 1176 προχειρότατον
3095 1101 3192 1156 καὶ⁸
3218 1099 3569 1170 εὐπόριστον,

1988 1205 2086 1254 καὶ
2137 1199 2214 1264 ὡς
2267 1199 2334 1254 ἀν
2393 1213 2477 1263 τις
2535 1194 2713 1266 ὀρθῶς
2770 1195 2913 1250 εἴποι
2970 1193 3420 1264 λεωφορούμενον
3471 1191 3572 1246 καὶ

1985 1292 2487 1362 δημοκοπούμενον,
2518 1289 2615 1347 καλ⁸
2644 1289 2862 1360 ἀληθῶς
2903 1289 3224 1355 πάγκοινον.
3258 1284 3572 1357 παρακαλεῖ

1987 1385 2081 1438 καὶ
2107 1384 2199 1438 διὰ
2244 1383 2355 1438 τῶν
2386 1382 2552 1439 αὐτοῦ
2579 1381 2842 1454 μαθητῶν
2883 1398 2944 1435 τε
2985 1379 3081 1435 καὶ
3117 1377 3429 1450 μαθητειῶν
3457 1376 3568 1430 τῶν

1987 1473 2062 1538 ὡς
2111 1474 2372 1530 ἑκάστοτε
2418 1474 2612 1544 καιροῦ
2640 1489 2654 1506 ο
2699 1463 2775 1526 ῶν
2825 1471 2882 1526 αἱ
2934 1472 3035 1541 μὲν
3086 1468 3460 1541 μεμέτρηνται
3488 1465 3569 1535 τῷ

1986 1565 2344 1639 εῦαγεστάτῳ
2388 1564 2711 1636 Εῦαγγελιῳ
2741 1561 3226 1635 περιειλημμέναι,
3271 1560 3329 1612 αῑ
3375 1559 3432 1612 δὲ
3478 1575 3570 1623 μι-

1987 1657 2122 1730 κροῦ
2150 1661 2244 1714 καὶ
2274 1659 2355 1727 είς
2389 1659 2643 1727 ἀπειρίαν
2687 1657 2940 1726 κέχυνται
2980 1656 3102 1717 ταῖς
3145 1651 3410 1706 ἀνέκαθεν
3451 1649 3570 1704 δια-

1986 1753 2188 1821 δοχαῖς.
2224 1751 2574 1822 Παράκλητοι
2625 1749 2758 1820 γὰρ,
2818 1747 3163 1821 θαρῤούντως
3209 1745 3373 1816 φημὶ,
3425 1743 3566 1812 μετά

301 1846 562 1903 namque.
600 1835 938 1892 conﬁdenter
973 1838 1122 1901 dico.
1155 1850 1276 1909 post
1314 1838 1506 1906 Deum,
1541 1841 1718 1910 primo
1749 1841 1876 1912 qui-

1984 1818 2078 1899 τὸν
2117 1845 2251 1899 Θεὸν
2300 1818 2494 1914 πρῶτα
2545 1841 2647 1911 μὶν
2701 1818 2752 1895 oi
2802 1843 2861 1894 ὲν
2892 1818 2988 1909 ’τῷ
3048 1837 3365 1906 παλαιτάτῳ
3413 1837 3566 1905 νόμῳ

297 1923 422 1978 dem
457 1924 511 1979 in
543 1925 768 1996 antiqua
811 1926 927 1998 iege
953 1927 1232 1998 propheta!
1265 1928 1568 2000 salutisque
1596 1929 1871 1999 magistri.

297 2015 496 2072 deinde
551 2027 864 2088 quotquot,
909 2027 1036 2076 ante
1089 2019 1420 2076 celebratam
1468 2020 1633 2076 hodie
1698 2021 1875 2076 sancti

302 2107 544 2178 Spiritus
569 2109 623 2164 in
656 2110 819 2167 nobis
849 2109 1327 2174 iuliabitationem,
1366 2110 1587 2168 fuerunt
1614 2113 1872 2183 apostoli,

301 2213 400 2268 per
434 2211 838 2270 argumentum,
875 2210 932 2256 ιιι
981 2201 1323 2272 plerumque,
1382 2218 1586 2273 perque
1617 2203 1878 2276 objurga-

299 2293 502 2347 tioncm
571 2292 905 2350 advocantes
972 2293 1347 2350 reformabant
1405 2296 1668 2366 papulos,
1719 2296 1876 2364 juxta

305 2388 440 2443 illud
480 2404 494 2441 :
533 2385 736 2458 Argue,
799 2387 1044 2458 increpa,
1095 2389 1406 2444 exhortare.
1465 2388 1684 2443 Illorum
1746 2405 1877 2446 vero

304 2493 654 2552 successores
718 2480 1006 2549 apostolici
1070 2479 1195 2546 viri,
1253 2495 1486 2552 quorum
1527 2481 1701 2551 gratia
1754 2497 1876 2553 quae

301 2571 600 2627 secundum
643 2569 907 2636 Spiritum
957 2581 1206 2629 sanctum
1265 2583 1372 2639 est,
1427 2574 1494 2628 ad
1551 2585 1872 2644 praesentem

304 2678 478 2732 usque
525 2665 928 2734 generationem
964 2665 1238 2734 pervenit,
1283 2665 1532 2723 similiter
1573 2666 1870 2722 exhortano

299 2764 389 2808 tttr
417 2763 470 2809 et
500 2754 597 2825 ipsi
646 2755 714 2811 ad
744 2754 1000 2813 virtutem.
1043 2757 1345 2823 auditores,
1395 2757 1739 2828 maximeque
1797 2758 1874 2813 illi

297 2847 390 2915 qui
451 2857 581 2902 sunt
634 2849 986 2914 sacerdotes,
1055 2848 1252 2919 quibus
1321 2863 1580 2919 expresse
1643 2849 1875 2921 papulas

298 2940 574 2994 exhortari
603 2941 982 3010 praescriptum
1018 2951 1122 2998 est.

370 3031 495 3086 115.
531 3032 588 3085 in
628 3031 712 3087 bis
747 3041 928 3087 autem
963 3031 1365 3090 observandum
1410 3033 1578 3105 quod,
1615 3035 1659 3091 si
1694 3053 1872 3108 παρα-

299 3126 488 3194 κλήσει
511 3124 698 3178 eadem
726 3125 868 3180 serie
891 3125 1222 3194 respondere
1249 3125 1458 3182 scimus
1491 3125 1872 3198 Παράκλητον,

299 3227 466 3286 atque
493 3217 731 3274 dicimus
761 3219 1196 3275 consolationem
1231 3231 1258 3273 a
1296 3219 1457 3274 nobis
1503 3219 1708 3275 remitti
1741 3233 1873 3275 con-

297 3310 560 3374 solatmi,
617 3324 780 3365 nemo
811 3320 989 3366 tamen
1037 3325 1103 3366 ex
1137 3311 1296 3367 nobis
1335 3311 1638 3382 paracletus
1692 3313 1874 3368 vocari

299 3407 514 3468 posset,
552 3398 646 3454 sed
677 3399 778 3454 soli
832 3397 943 3456 Deo
977 3401 1083 3456 tale
1138 3414 1336 3458 nomen
1396 3401 1726 3458 attributum
1769 3411 1874 3464 est.

298 3489 392 3558 qui
419 3489 639 3560 quidem
689 3491 837 3545 venit
877 3491 944 3546 ad
1007 3505 1109 3548 nos
1171 3501 1317 3548 recte
1362 3491 1712 3561 advocantes,
1752 3508 1876 3563 pro-

301 3583 531 3651 pinquat
558 3585 870 3654 egentibus,
895 3595 948 3640 ct
974 3585 1136 3641 nobis
1167 3584 1438 3641 inhabitat
1465 3600 1589 3641 cunt
1621 3587 1878 3643 decenter

294 3675 632 3744 advocatur;
663 3675 878 3732 aliunde
898 3692 1027 3734 vero
1051 3677 1274 3750 dignum
1306 3689 1495 3734 censet
1535 3678 1875 3733 honorabili-

299 3779 382 3823 ter
407 3770 460 3824 in
497 3769 696 3826 throno
719 3769 906 3841 gloriae
929 3769 1079 3842 regni
1122 3769 1206 3826 sui
1236 3784 1482 3835 manere,
1515 3787 1580 3826 ne
1608 3771 1878 3842 pertingat

297 3863 476 3930 ipsum
525 3863 730 3933 aliquid
785 3880 890 3918 non
935 3865 1286 3921 conveniens.
1349 3863 1636 3920 Rationem
1693 3875 1874 3920 autem

302 3958 465 4013 habet
495 3956 870 4014 advocationis
915 3971 981 4012 ex
1007 3958 1168 4013 nobis
1194 3957 1261 4014 ad
1300 3956 1645 4022 altis~imum,
1683 3968 1738 4012 et
1777 3957 1876 4012 itc-

301 4065 421 4106 rum
455 4051 829 4106 advocationis
884 4051 1086 4106 exhinc
1135 4065 1262 4119 erga
1299 4065 1399 4106 nos
1431 4065 1497 4105 ex
1535 4049 1735 4106 nostris
1775 4049 1880 4104 du-

302 4143 559 4212 plicatio:
607 4158 981 4216 supponamus
1041 4159 1186 4199 enim
1245 4143 1486 4212 aliquem
1535 4143 1588 4197 in
1643 4142 1879 4198 diﬂicilis

300 4239 483 4292 exitus
516 4236 694 4306 locum
735 4235 905 4292 fuisse
937 4235 1149 4303 lapsum
1201 4235 1456 4304 scireque
1501 4243 1732 4290 stantem
1785 4249 1876 4290 su-

301 4344 395 4398 per
424 4329 568 4383 hunc
599 4338 818 4398 puteum
874 4329 1148 4384 hominem
1190 4342 1514 4396 generosum
1551 4341 1607 4382 et
1631 4328 1873 4383 amicum

298 4437 460 4492 quem
495 4422 749 4478 advocari
779 4422 1047 4492 supplicat
1071 4421 1138 4477 ad
1169 4421 1598 4491 susceptionem.
1623 4419 1680 4474 Si
1708 4435 1876 4490 porro

1981 1937 2260 2006 προφῆται
2311 1935 2407 1990 καὶ
2453 1933 2768 1988 διδάσκαλοι
2799 1929 2897 1987 τοῦ
2951 1928 3246 1996 σώζεσθαι.
3287 1924 3405 1982 εἷτα
3433 1930 3563 1982 61:6-

1981 2047 2088 2094 σοι,
2129 2026 2236 2097 πρὸ
2267 2025 2369 2095 τῆς
2403 2023 2805 2094 ἔορταζομένης
2843 2024 2968 2091 ἄρτι
3005 2022 3061 2075 ἐν
3111 2023 3236 2092 ἡμῖν
3265 2019 3364 2072 τοῦ
3396 2018 3560 2086 ἁγίου

1978 2118 2297 2188 Πνεύματος
2349 2117 2632 2190 ἑνδημίας,
2671 2116 2974 2192 ’ἀπόστολοι
3023 2115 3163 2186 μετά
3215 2114 3456 2185 ἔλεγχον.
3484 2113 3560 2176 ὡς

1978 2213 2046 2266 τά
2098 2209 2288 2273 πολλὰ,
2354 2212 2448 2264 καὶ
2497 2209 2822 2280 ἐπιτίμησιν
2884 2205 3337 2277 παρακαλοῦντες
3392 2205 3557 2274 διωρ-

1979 2301 2170 2356 θοῦντο
2193 2301 2319 2364 τοῦς
2351 2300 2538 2363 λαοὺς.
2570 2298 2712 2353 κατά
2761 2298 2842 2360 τὸ.
2879 2297 3165 2366 Ἐλεγξον,
3206 2297 3556 2366 ἐπιτίμησον,

1980 2393 2364 2464 παρακάλεσον
2391 2408 2405 2423 ⁸
2461 2391 2557 2456 οῦς
2615 2391 2664 2446 oi
2723 2390 2846 2461 μετ’
2897 2390 3143 2453 ἐκείνους
3203 2387 3558 2443 ἀποστολικοὶ

1977 2485 2172 2557 ἄνδρες
2215 2483 2615 2554 διαδεξάμενοι.
2653 2474 2728 2535 ὧν
2772 2483 2805 2552 ἡ
2848 2481 2993 2536 κατά
3026 2480 3086 2534 τὸ
3119 2481 3278 2549 ἀγιον
3327 2479 3556 2546 Πνεῦμα

1973 2578 2135 2650 χάρις
2176 2577 2339 2649 μέχρι
2369 2577 2463 2630 καὶ
2491 2577 2574 2641 είς
2602 2575 2704 2644 τὴν
2728 2573 2830 2630 νῦν
2857 2573 3054 2644 γενεὰν
3089 2574 3342 2643 καθήκει,
3377 2589 3560 2640 παραυ

1953 2667 2237 2722 ςκαλοῦσιν
2278 2667 2480 2738 ὁμοίως
2509 2667 2604 2722 καὶ
2639 2665 2796 2720 αὐτοὶ
2831 2665 2970 2736 πρδς
3024 2665 3226 2736 ἀρετὴν
3255 2664 3385 2728 τοὺς
3417 2665 3558 2718 ἐπα·

1975 2759 2257 2823 κούοντας.
2301 2758 2395 2813 καὶ
2451 2758 2687 2830 μάλιστα
2749 2760 2798 2812 oi
2863 2759 3028 2829 ἱερεῖς
3049 2773 3067 2791 ο
3125 2751 3208 2821 οἷς
3263 2755 3559 2828 γραφικῶς

1974 2851 2288 2907 ἐντέταλται
2328 2851 2666 2920 παρακαλεῖν
2689 2853 2782 2908 τὸν
2804 2851 2952 2908 λαόν.

2050 3038 2176 3102 ριγ⁹.
2223 3031 2317 3086 Ἐν
2371 3033 2582 3096 τούτοις
2633 3032 2690 3086 δὶ
2751 3031 3058 3103 σημείωσαι
3103 3030 3180 3096 ὡς
3233 3031 3283 3085 ει
3342 3031 3438 3084 καὶ
3484 3033 3555 3101 τῇ

1981 3126 2324 3196 παρακλήσει
2355 3126 2740 3198 συστοιχοῦντα
2771 3128 2995 3194 οἴδαμεν
3042 3127 3136 3181 τδν
3167 3127 3556 3196 ηαράκλητον,

1977 3219 2210 3288 λέγομεν
2241 3218 2294 3273 δὲ
2322 3220 2419 3272 καὶ
2459 3219 2812 3288 παράκλησιν
2839 3219 2906 3272 δι’
2941 3218 3101 3290 ἡμῶν
3130 3217 3560 3286 ἀναπέμπεσθαι

1975 3311 2054 3381 τῷ
2101 3311 2469 3383 Παρακλήτῳ,
2503 3312 2617 3365 ἀλλ’
2669 3307 2764 3366 οὖν
2793 3311 2974 3374 οὐδεὶς
3014 3311 3172 3380 ήμῶν
3204 3311 3559 3382 Ιιαράκλητος

1977 3400 2284 3469 ἐπιλέγοιτο
2330 3401 2437 3456 ἀν’
2487 3402 2622 3456 ἀλλά
2674 3403 2821 3471 μόνῳ
2867 3399 2947 3472 τῷ
2991 3401 3112 3470 Θεῷ
3165 3401 3464 3470 νενέμηται
3495 3397 3562 3452 ea

1977 3493 2217 3548 τοιοῦτον
2263 3494 2435 3564 δνομα
2486 3494 2566 3556 είς
2613 3493 2912 3562 ἐξαίρετον,
2970 3494 3250 3562 ἐρχομένῳ
3305 3492 3404 3562 μὲν
3454 3491 3558 3564 ἐφ’

1978 3583 2128 3656 ἡμᾶς
2164 3563 2619 3656 παρακαλοῦντας
2662 3584 2860 3654 ὀρθῶς,
2899 3583 2998 3638 καὶ
3046 3584 3323 3653 ἐγγίζοντι
3366 3563 3558 3653 διιδμέ-

1979 3694 2111 3744 νοις,
2136 3678 2230 3731 καὶ
2282 3678 2414 3747 ἡμῖν
2449 3675 2801 3746 ἐνσκηνοῦντι
2845 3678 2904 3727 έν
2958 3674 3038 3745 τῷ
3082 3675 3404 3748 πρεπόντως
3451 3693 3559 3728 παο

1982 3767 2446 3841 ρακλητεύεσθαιο
2485 3767 2660 3831 ἄλλως
2699 3767 2758 3821 δὲ
2787 3765 3028 3833 ἀξιοῦντι
3063 3768 3276 3838 σεμνῶς
3308 3768 3398 3820 ini
3436 3766 3562 3834 θρόο

1977 3879 2073 3930 νῳ
2105 3861 2263 3932 δόξης
2294 3863 2392 3931 τῆς
2431 3859 2710 3931 βασιλείας
2738 3860 2906 3914 αὑτοῦ
2943 3861 3128 3927 μένειν
3158 3861 3235 3925 ὡς
3275 3860 3349 3932 μὴ
3383 3879 3562 3929 παρα·-

1977 3955 2174 4025 ψαύειν
2207 3952 2373 4008 αὐτοῦ
2402 3953 2470 4008 τὰ
2507 3953 2582 4025 μὴ
2610 3953 2914 4024 πρέποντα.
2955 3954 3111 4024 Ἔχει
3152 3953 3209 4006 δὲ
3245 3953 3306 4006 τὸ
3336 3951 3562 4018 εὔλογον

1979 4051 2012 4122 ἠ
2048 4051 2240 4120 διπλόή
2272 4050 2369 4117 τῆς
2403 4047 2462 4113 ἐξ
2514 4047 2672 4120 ήμῶν
2721 4046 3126 4118 παρακλήσεως
3155 4046 3236 4109 είς
3273 4045 3365 4098 τὸν
3398 4042 3564 4113 ’Υψι-

1980 4159 2105 4197 στον
2150 4143 2244 4198 καὶ
2294 4142 2396 4212 τῆς
2443 4141 2656 4195 ικεῐθεν
2701 4134 2860 4204 αὖθις
2903 4139 2990 4208 ἐφ’
3023 4139 3156 4210 ἠμῐν
3200 4137 3264 4190 ικ
3289 4137 3400 4189 τῶν
3435 4135 3564 4188 καθ’

1977 4235 2148 4303 ἡμᾶς.
2181 4234 2508 4288 ’Υποθετέον
2546 4234 2654 4303 γὰρ
2689 4232 3077 4288 καταπεσόντα
3102 4229 3224 4284 τινά
3250 4229 3330 4292 εἰς
3357 4228 3560 4293 δυσεξ-

1979 4327 2165 4397 ἰτητον
2211 4326 2413 4380 λάκκον
2463 4326 2555 4378 καὶ
2619 4324 2799 4379 εἰδότα
2861 4322 3188 4392 ἐφίστασθαι
3233 4321 3314 4390 τῷ
3352 4319 3566 4391 βοθύνῳ

1979 4420 2175 4491 ἐκείνῳ
2199 4419 2442 4488 γενναῖον
2477 4417 2647 4488 ἀνδρα
2675 4416 2832 4486 φέλον
2862 4414 3295 4471 κατακαλεῖσθαι
3329 4412 3565 4468 ποτνιὼο

298 4525 465 4586 caput
498 4513 768 4570 inclinans
801 4514 903 4570 iste
924 4554 939 4579 ,
971 4514 1259 4584 amicoque
1309 4529 1406 4583 per
1436 4527 1635 4567 nomen
1670 4512 1874 4566 immit-

1984 4531 2143 4584 μενον
2169 4515 2251 4576 είς
2275 4511 2568 4584 ἀνάληψιν.
2607 4511 2670 4565 El
2696 4511 2760 4582 δὴ
2790 4509 2997 4573 ἐκεῖνος
3043 4506 3322 4577 ἐπικύψας
3355 4505 3450 4559 καὶ
3480 4505 3564 4574 τῷ

300 4619 422 4668 tens
441 4607 882 4680 appel'ationem,
907 4607 1316 4678 exhortansque
1340 4603 1409 4660 ab
1438 4605 1549 4660 imo
1583 4603 1879 4660 extendere

297 4717 543 4768 manum,
573 4711 630 4757 et
648 4699 868 4754 auditus
890 4700 1147 4770 corripiat
1167 4714 1384 4754 manum
1404 4698 1638 4752 amicam
1656 4706 1710 4752 et
1733 4695 1799 4751 ad
1823 4713 1880 4752 se

300 4793 524 4848 trahens
546 4801 703 4847 terra:
725 4791 884 4848 matri
910 4790 1161 4846 restituat
1186 4787 1486 4852 hominem,
1503 4795 1563 4842 ιιι
1589 4796 1881 4857 reponatur

302 4883 395 4937 ubi
428 4882 607 4938 stabat
635 4893 760 4939 ante
791 4897 1006 4948 casum,
1033 4898 1098 4937 en
1127 4881 1424 4938 advocatus
1448 4880 1537 4936 ille
1567 4880 1634 4935 ad
1662 4880 1880 4935 salvan-

299 4978 428 5030 dum
460 4975 765 5040 hominem,
784 4976 936 5030 illum
963 4975 1203 5031 vicissim
1226 4974 1513 5031 advocavit
1532 4984 1586 5028 et
1606 4973 1836 5029 saivavit
1864 4988 1878 5028 :

299 5069 380 5122 sic
431 5067 596 5122 etiam
646 5069 954 5137 paraclctus
1017 5066 1300 5132 Dominus,
1335 5066 1612 5122 hominem
1643 5066 1881 5136 diligens

302 5160 502 5218 salvari
541 5160 923 5227 advocantem,
977 5161 1128 5216 illum
1165 5161 1397 5216 advocat
1425 5162 1603 5216 taliter
1636 5159 1794 5224 adici,
1825 5168 1881 5214 et

302 5268 430 5310 ecce
480 5253 554 5309 ibi
611 5269 829 5323 quoque
894 5251 1093 5324 duplex
1130 5253 1440 5319 advocatio,
1484 5267 1592 5308 una
1656 5251 1878 5320 quidem

303 5345 602 5402 Salvatoris
621 5345 904 5424 paracieti,
927 5346 1276 5416 provocantis
1311 5355 1586 5414 egentem,
1617 5344 1720 5398 alia
1752 5359 1880 5399 vero

301 5442 466 5507 illius,
492 5441 582 5512 qui
614 5441 720 5496 dici
754 5449 937 5511 posset
965 5439 1358 5512 παρικλήτωρ.
1383 5437 1511 5493 ideo
1538 5437 1762 5507 pulchre
1787 5453 1884 5491 ca-

303 5534 381 5582 nit
409 5531 504 5599 qui
529 5528 607 5585 sic
631 5531 868 5600 aliquem
891 5547 921 5586 e
952 5531 1042 5586 Dei
1075 5530 1280 5586 sanctis
1308 5528 1578 5600 supplicat
1611 5544 1626 5582 :
1659 5527 1880 5583 Advoco

303 5631 354 5683 te
385 5621 646 5679 advocare
677 5640 782 5678 mc.

1983 4608 2122 4680 φίλῳ
2147 4607 2340 4678 κλῆσιν
2376 4604 2698 4676 ἐπιπέμψας
2729 4603 2864 4674 πρὸς
2893 4601 3068 4669 ὄνομα
3107 4601 3205 4654 καὶ
3248 4597 3568 4670 παρακαλέ-

1985 4717 2081 4764 σας
2115 4698 2392 4754 ἀνατεῖναι
2435 4698 2592 4767 χεῖρα
2636 4693 2885 4750 κάτωθεν
2921 4692 3015 4744 καὶ
3046 4690 3342 4751 άκουαθεὶς
3369 4687 3565 4759 δράξε-

1980 4807 2071 4843 ται
2101 4789 2200 4858 τῆς
2249 4788 2409 4857 φίλης
2454 4785 2658 4858 χειρὸς.
2696 4783 2790 4839 καὶ
2821 4781 3130 4843 ἀνελκύσας
3185 4778 3462 4834 ἀποδώσει
3492 4781 3562 4850 τῇ

1986 4881 2154 4952 μητρὶ
2195 4881 2264 4951 γῇ
2315 4879 2408 4932 τὸν
2446 4878 2759 4949 ἄνθρωπον,
2793 4875 2870 4938 ὡς
2905 4871 3238 4928 καθεστάναι
3290 4871 3411 4924 ὅποι
3466 4868 3565 4922 καὶ

1986 4971 2095 5042 πρὸ
2150 4971 2246 5023 τοῦ
2299 4969 2619 5039 πτώματος,
2680 4965 2790 5020 ἰδοῦ
2848 4960 3294 5035 παρακαλεσθεῖς
3352 4959 3565 5021 helvo;

1986 5061 2072 5132 ἐφ’
2121 5054 2165 5129 ᾧ
2215 5058 2630 5129 περισώσασθαι
2689 5057 3016 5128 ἄνθρωπον,
3062 5051 3567 5121 ἀντιπαρεκάλεσεν

1985 5155 2190 5206 ἑκεῖνον
2249 5153 2342 5205 καὶ
2371 5152 2648 5205 σέσωκεν·
2695 5147 2838 5202 οὕτω
2885 5147 2949 5218 δὴ
2994 5146 3088 5200 καὶ
3139 5147 3166 5198 ὁ
3210 5141 3568 5214 ιιαράκλητος

1983 5241 2175 5312 κύριος
2238 5240 2529 5310 ἄνθρωπον
2583 5237 2754 5309 φιλῶν
2805 5234 3235 5304 παρακαλοῦντα
3298 5232 3567 5300 σωθῆναι,

1985 5335 2296 5403 παρακαλεί
2343 5331 2540 5384 παθεῖν
2599 5331 2804 5383 ἐκεῖνον
2855 5327 3022 5388 οὓτω,
3075 5326 3172 5380 καὶ⁸
3227 5324 3339 5377 ίδοῦ
3393 5323 3570 5395 διπλῆ

1985 5422 2260 5490 κάνταῦθα
2307 5421 2676 5492 παράκλησις,
2725 5420 2756 5487 ἡ
2815 5417 2913 5488 μὲν
2961 5415 3057 5470 τοῦ
3106 5413 3360 5482 Σωεῆρος
3391 5429 3572 5480 παρα-

1984 5516 2181 5585 κλήτου
2229 5512 2680 5586 προκαλουμένου
2731 5512 2826 5564 τὸν
2855 5510 3133 5577 δεόμενον,
3167 5508 3200 5577 ἡ
3234 5507 3290 5559 δὲ
3341 5505 3458 5567 τοῦ,
3489 5504 3571 5571 ῶς

1983 5609 2155 5671 οὕτως
2203 5610 2493 5677 ὀνομάσαι,
2535 5604 2974 5676 παρακλήτορος.
3009 5601 3102 5655 Διὸ
3153 5599 3335 5662 καλῶς
3368 5598 3568 5666 ψάλλει

1985 5703 2014 5754 ὁ
2042 5701 2371 5767 δυσωπῇσας
2399 5702 2508 5753 τῶν
2538 5716 2658 5754 τινα
2689 5692 2823 5753 Θεοῦ
2851 5696 3027 5766 ἁγίων
3057 5695 3132 5759 ὡς
3160 5692 3472 5764 Παρακαλῶ
3500 5709 3566 5747 σε

1988 5794 2364 5866 παρακαλέσαι
2408 5810 2497 5863 με.
