3996 6194
265 275 396 345 ’631

967 285 1386 349 EUSTATHH
1429 287 1528 348 ἸἮ
1543 287 1722 350 ESSA
1732 289 1877 350 LON

1994 289 2202 348 ENSIS'
2233 287 2791 352 METROPOLITE

3448 279 3557 344 632

289 393 692 451 ltroecssionem
727 407 753 442 a
797 393 950 446 Patre
1007 395 1322 461 distinrttts,
1377 395 1684 451 concedunt
1733 397 1860 457 alia,

2000 399 2032 452 ὰ
2068 400 2201 454 ἄλλ]
2235 400 2411 452 πᾶντα
2463 397 2618 451 κοινᾶ
2669 393 2809 449 εῖναι
2844 393 3002 449 ὁποῖα
3033 395 3182 448 εἴποι
3215 409 3300 456 τις
3329 389 3397 445 ἄν
3423 408 3436 421 ⁶
3477 394 3558 457 ὡς

289 495 631 552 qumcunque
660 483 843 538 dicere
867 485 990 554 quis
1049 496 1258 555 posset,
1317 502 1441 543 esse
1509 489 1865 553 communia;

291 574 365 628 ita
392 584 449 627 ut
489 575 736 644 proinde,
769 576 1024 631 salutaris
1082 579 1242 634 nobis
1292 582 1568 650 omnibus,
1627 581 1867 639 Trinitas

292 669 419 733 ista,
461 668 696 738 propriis
757 668 979 737 quidem
1034 671 1449 727 characterihus
1509 675 1868 730 circumscri-

293 772 411 827 pta.
439 761 532 814 sed
569 761 621 813 in
652 759 981 815 immensum
1015 761 1210 819 diﬂusa
1235 765 1748 833 supersuhstantiali
1771 781 1870 822 na-

293 862 415 904 tura
444 852 808 921 potentiarutu
842 868 1070 907 suarum
1104 855 1158 909 in
1185 855 1462 922 Operando
1492 866 1655 925 atque
1687 859 1870 928 provi-

289 943 488 1007 dendo,
521 958 862 1015 unoquoque
909 945 1100 1002 doceat
1151 947 1399 1001 homines
1447 950 1499 1002 in
1571 950 1865 1018 quamdam

291 1036 708 1105 ntultipartitam
779 1038 1130 1110 divinumque
1203 1044 1644 1096 communionem
1694 1043 1868 1099 infor-

294 1129 456 1185 mari.

364 1223 485 1279 “6.
529 1222 594 1276 Et
627 1224 707 1278 sic
738 1222 973 1293 illiquod
1013 1243 1182 1280 unum
1243 1241 1325 1283 est
1376 1231 1475 1283 tria
1539 1233 1866 1299 cogitantes,

295 1328 402 1368 non
439 1317 699 1370 omittunt
751 1319 881 1385 quin
920 1320 1100 1371 statim
1148 1323 1520 1386 continuoque
1567 1338 1629 1376 ac
1687 1325 1870 1378 subito

294 1424 356 1463 ea
389 1425 531 1478 qum,
561 1412 700 1463 sicut
731 1411 938 1466 dictum
971 1423 1073 1473 est,
1103 1427 1227 1468 sunt
1251 1416 1446 1476 divisa,
1487 1416 1552 1469 ad
1594 1432 1758 1471 unum
1790 1433 1870 1469 re-

294 1499 534 1566 ducant;
567 1512 620 1557 et
650 1503 752 1558 hoc
781 1504 942 1560 e'tius
972 1519 1134 1575 quam
1164 1507 1366 1561 diceret
1399 1509 1597 1578 aliquis
1623 1510 1672 1562 id
1702 1526 1870 1564 ttnttm

295 1592 615 1648 Trinitatem
647 1594 730 1649 vel
795 1596 935 1651 hanc
995 1595 1320 1652 Trinitatem
1383 1614 1505 1655 esse
1555 1601 1867 1655 monadem.

294 1686 528 1757 Ideoque
549 1688 958 1745 distinctionem
991 1691 1274 1756 facientes,
1309 1693 1454 1748 sicut
1508 1704 1705 1748 mutuo
1733 1695 1869 1747 rami

298 1781 801 1838 eousubstantiales
827 1791 882 1838 et
909 1785 1075 1839 veluti
1118 1799 1477 1855 congeneres,
1510 1785 1674 1842 simul
1715 1802 1873 1858 sapa»

299 1879 492 1927 rentur
523 1884 788 1942 quantum
815 1875 949 1930 satis
986 1884 1152 1932 estut
1207 1877 1517 1940 videantur,
1571 1887 1630 1932 et
1688 1879 1874 1932 statim

302 1965 366 2016 ad
395 1964 624 2034 primam
657 1967 1019 2022 coluesionem
1049 1980 1358 2028 recurrant.
1416 1969 1576 2024 iidem
1604 1970 1670 2024 ad
1725 1985 1877 2026 men-

303 2065 408 2109 tem
435 2058 728 2113 human-nn
757 2077 819 2116 ac
853 2046 1118 2116 rationem
1160 2075 1209 2114 et
1264 2063 1515 2131 spiritum
1568 2063 1622 2116 in
1681 2064 1874 2117 eodeni

305 2148 494 2204 ordine
519 2151 842 2207 couliantem
865 2163 917 2207 et
942 2165 1383 2219 concurrentcm,
1443 2162 1650 2210 sanctae
1689 2153 1877 2209 Triui-

306 2241 437 2296 tatis
468 2251 792 2312 conceptum
830 2245 1170 2311 producunt;
1201 2254 1275 2310 et,
1306 2245 1623 2300 adumbrata
1651 2260 1746 2313 per
1783 2246 1854 2298 hu

299 2331 536 2400 justuodi
570 2333 849 2402 pulchram
883 2336 936 2390 itt
965 2337 1122 2392 nobis
1190 2337 1515 2392 Trinitatem
1575 2337 1664 2391 illa
1721 2353 1878 2390 vene-

305 2420 471 2475 randa
500 2432 663 2492 atque
693 2425 1221 2490 eolendissimamos
1285 2429 1550 2484 inducunt
1604 2432 1669 2484 al
1734 2430 1882 2498 τοίί-

305 2514 556 2580 tandum,
587 2525 646 2570 ut
679 2517 963 2587 possibile,
994 2532 1091 2588 per
1121 2521 1305 2584 istam,
1345 2522 1624 2588 quomodo
1661 2524 1731 2577 sit
1763 2523 1880 2577 lucc

306 2609 405 2662 tria
431 2609 594 2664 simul
624 2619 678 2664 et
710 2625 903 2664 unum.
941 2611 1076 2664 Cum
1103 2615 1250 2667 enim
1274 2615 1326 2668 in
1370 2615 1528 2670 nobis
1572 2622 1726 2685 pater
1753 2615 1875 2669 ani-

308 2715 452 2766 mus,
475 2711 528 2756 et
551 2702 604 2756 in
637 2704 758 2771 ipso
781 2705 941 2768 ratio,
983 2715 1034 2761 et
1067 2723 1135 2762 ex
1169 2709 1289 2776 ipso
1312 2719 1366 2763 et
1398 2723 1496 2777 per
1522 2708 1702 2778 ipsum
1765 2708 1880 2778 spi-

304 2795 464 2860 ritus,
489 2810 607 2863 quae
653 2797 756 2852 tria
782 2808 911 2853 sunt
931 2809 982 2854 et
1018 2811 1361 2861 mensurata,
1389 2801 1442 2855 in
1469 2800 1674 2872 aliquid
1707 2817 1878 2856 unum

309 2889 747 2959 inseparab'liter
781 2893 1128 2962 conSpirant,
1157 2895 1430 2949 maximus
1481 2896 1644 2949 etiam
1716 2894 1876 2948 Pater

305 2993 357 3038 et
409 2984 816 3040 sanctissimum
877 2986 994 3054 ejus
1050 2984 1304 3051 Verbum,
1365 2995 1420 3041 et
1476 2987 1882 3043 sacratissimus

1973 496 2115 550 οὕτω
2144 497 2246 565 τὴν
2278 496 2497 550 πάντων
2529 495 2687 567 ήμῶν
2717 490 2994 562 σωστικὴν
3019 489 3232 562 Τριάδα
3273 503 3557 560 μεμετρηφ

1975 596 2145 663 μένην
2199 592 2300 660 μὲν
2347 592 2463 654 τοῖς
2511 589 3038 660 χαρακτηριστικοῖς
3078 584 3360 654 ίδιώμασι,
3391 595 3554 650 κεχυ-

1975 683 2144 752 μένην
2198 683 2254 736 δὲ
2290 683 2371 744 είς
2423 681 2655 750 ἄπειρον
2682 677 2760 748 τῷ
2812 673 3248 747 ύπερουσιασμῷ
3283 672 3393 726 τῶν
3434 668 3560 724 κατ’

1974 776 2145 844 αὐτὴν
2179 774 2497 842 ὲνεργειῶν,
2530 772 2643 827 τῶν
2691 789 2752 826 τε
2808 766 3246 841 δημιουργικῶν,
3279 766 3374 817 καὶ
3424 781 3558 831 προ⁴

1973 869 2262 939 νοητικῶν,
2293 867 2520 923 καὶτῶν
2548 865 2759 921 λοιπῶν
2788 863 3070 919 παιδεύειν
3103 861 3199 914 καλ
3242 859 3394 928 ἡμᾶς
3433 857 3563 916 τοὺς

1972 961 2297 1034 ὁνθρὼπους
2340 961 2421 1023 είς
2455 975 2582 1012 τινα
2627 957 2887 1025 τοιαύτην
2937 950 3225 1022 πολυμερῆ
3265 947 3558 1002 κοινωνίαν

1971 1055 2204 1108 ἔνθεον.’

2047 1230 2184 1302 ρις’.
2219 1233 2326 1287 Καὶ
2360 1233 2533 1294 οὕτως
2564 1233 2763 1284 ἐκεῖνοι
2811 1231 2941 1299 τρία
2972 1229 3223 1291 νοοῦντες
3255 1227 3316 1280 τὸ
3350 1227 3430 1286 ἓν,
3461 1226 3564 1277 ούκ

1972 1328 2169 1394 ἀφιᾶσι
2215 1328 2290 1397 μὴ
2349 1328 2470 1397 οὐχὶ
2508 1328 2791 1396 συντόμως
2825 1329 2920 1380 καὶ
2952 1325 3195 1396 ἀχρόνως
3237 1323 3332 1375 καὶ
3365 1321 3564 1386 ἀκαρεὶ

1973 1418 2061 1476 τὰ.
2109 1418 2183 1472 ὡς
2233 1419 2473 1488 εἴρηται,
2523 1418 2830 1489 διῃρημένα
2881 1417 3200 1484 σνναιρεῖνο
3235 1415 3332 1468 καὶ
3393 1413 3554 1464 τοῦτο

1975 1513 2170 1566 θᾶττον
2201 1513 2347 1582 ἥπερ
2381 1511 2579 1581 φρᾶσοι
2624 1528 2708 1574 τις
2740 1511 2828 1575 ἂν,
2867 1508 3103 1564 ἐνταῦθα
3144 1509 3205 1562 τ’)
3238 1508 3296 1561 ἓν
3330 1507 3559 1575 Τριάὂα,

1976 1605 2010 1674 ἢ
2044 1605 2145 1669 τὴν
2182 1604 2391 1672 Τριάδα
2440 1603 2648 1672 μονάδα
2695 1600 2860 1657 εῖναι.
2897 1604 3007 1656 Καὶ
3062 1601 3245 1656 τοίνυν
3291 1600 3567 1662 διελόντες

1979 1699 2051 1763 ῶς
2087 1698 2135 1750 εί
2175 1699 2270 1753 καὶ
2315 1700 2590 1766 συμφυεῖς
2629 1696 2818 1750 κλάδοι
2865 1696 3111 1765 ἀλλήλων
3162 1695 3416 1763 ἐχόμενοι
3467 1692 3566 1744 καὶ

1981 1785 2091 1844 οἷον
2121 1790 2558 1857 συμπεφυκότες,
2588 1788 2705 1856 ἅμα
2735 1789 3031 1843 διαστῶσιν
3063 1787 3145 1850 είς
3173 1788 3297 1839 ὅσον
3334 1785 3565 1849 ἰδέσθαι,

1979 1885 2076 1936 καὶ
2106 1880 2302 1934 αὐτίκα
2331 1882 2411 1944 εἰς
2448 1884 2728 1950 συμφυίαν
2771 1879 3108 1952 δραμοῦνται
3143 1881 3240 1946 τὴν
3273 1879 3564 1946 πρότερον,

1980 1976 2027 2026 οί
2072 1971 2229 2027 αὐτοὶ
2281 1973 2377 2024 καὶ
2413 1973 2493 2034 είς
2523 1972 2650 2027 νοῦν
2686 1972 2777 2025 τδν
2812 1971 2932 2026 κατ’
2987 1971 3276 2039 ἄνθρωπον
3331 1970 3427 2022 καὶ
3482 1969 3566 2029 είς

1980 2065 2138 2130 λόγον
2185 2064 2466 2127 τοιοῦτον,
2528 2067 2621 2116 καὶ
2667 2065 2747 2124 είς
2802 2062 3025 2130 πνεῦμα
3085 2065 3283 2132 στοίχῳ
3331 2060 3566 2130 τοιούτῳ

1983 2159 2268 2224 σύμπνουν
2317 2158 2409 2211 καὶ
2466 2157 2792 2225 σύνδρομον,
2843 2154 3242 2222 προϐιϐἁζουσι
3307 2155 3405 2217 τὴν
3458 2151 3564 2220 τῆς

1983 2251 2142 2318 ἁγίας
2194 2249 2430 2318 Τριάδος
2492 2248 2713 2318 νόησιν·
2747 2248 2842 2301 καὶ
2897 2247 3280 2313 ὲξεικάσαντες
3321 2248 3386 2315 τῇ
3436 2245 3564 2299 καθ’

1984 2345 2131 2415 ἡμᾶς
2160 2342 2299 2413 καλῇ
2329 2342 2522 2410 Τριάδι
2550 2340 2723 2411 ταύτῃ
2753 2343 2852 2411 τὴν
2899 2342 3170 2407 πάντιμον
3217 2337 3436 2404 εκείνην
3465 2337 3566 2390 καὶ

1986 2437 2308 2506 ύπέρτιμον,
2341 2436 2594 2502 ὲνάγουσι
2624 2436 2910 2488 κατανοεῖν
2947 2433 3094 2498 ἡμᾶς
3125 2431 3200 2494 ὥς
3233 2428 3462 2483 δυνατὸν
3501 2429 3565 2481 ὲκ

1983 2533 2209 2599 ταύτης.
2239 2529 2356 2582 πῶς
2385 2529 2480 2582 καὶ
2527 2528 2710 2597 ἐκείνη
2746 2530 2844 2580 καὶ
2877 2527 3002 2596 τρία
3035 2526 3147 2578 ἐστὶ
3181 2524 3278 2576 καὶ
3313 2524 3390 2577 ἓν.
3429 2524 3563 2576 Ὅτε

1985 2629 2094 2696 γέιρ
2123 2627 2181 2677 ὲν
2213 2626 2344 2692 ἡμῖν
2378 2625 2563 2693 πατὴρ
2596 2622 2742 2686 νοῦς,
2807 2623 2901 2674 καὶ
2936 2623 2964 2674 ὁ
2988 2621 3045 2672 ὲν
3078 2618 3229 2685 αύτῷ
3263 2618 3443 2686 λόγος,
3469 2617 3568 2670 καὶ

1984 2719 2046 2772 τὸ
2095 2718 2152 2783 ἐξ
2194 2717 2358 2770 αὑτοῦ
2406 2716 2499 2770 καί
2532 2715 2602 2768 δι’
2651 2713 2816 2766 αὐτοῦ
2867 2712 3109 2779 πνεῦμα.
3147 2713 3271 2774 τρία
3302 2711 3398 2763 καὶ
3438 2709 3572 2762 ὄντα

1984 2811 2078 2864 καὶ
2130 2807 2476 2878 μετρούμενα
2511 2807 2586 2867 είς
2635 2807 2693 2858 ἓν
2729 2823 2782 2857 τι
2835 2802 3189 2856 συννεύουσιν
3220 2801 3569 2869 ἀχωρίστιιντ,

1985 2900 2078 2954 καὶ
2126 2901 2156 2954 ὁ
2219 2900 2474 2968 μέγιστος
2528 2897 2742 2966 Πατὴρ,
2797 2896 2892 2948 καὶ
2945 2896 2973 2947 ό
3029 2892 3335 2960 ἀγιὼτατος
3394 2891 3573 2945 αὑτοῦ

1985 2992 2179 3057 Λόγος,
2224 2990 2320 3042 καὶ
2367 2989 2427 3041 τὸ
2483 2988 2753 3054 πανάγιον
2806 2983 3056 3052 Πνεῦμα,
3111 2983 3282 3051 ὁμοίῳ
3348 2982 3410 3047 δή
3461 2999 3574 3033 τινι

305 3075 568 3147 Spiritus,
631 3078 816 3146 aliquo
866 3079 1029 3132 simili
1084 3078 1244 3132 modo
1294 3094 1426 3134 sane
1476 3081 1880 3150 concipiuntur.

1994 3081 2176 3150 τρόπῳ
2227 3078 2772 3146 καταλαμϐάνονταιο
2821 3077 2881 3130 ἓν
2920 3076 2990 3128 ’δὲ
3040 3074 3264 3136 πάντως
3320 3074 3352 3142 ἡ
3398 3074 3574 3137 Τριᾶις

310 3167 492 3224 Unum
521 3179 700 3223 autem
738 3183 962 3238 prorsus
997 3179 1081 3224 est
1115 3172 1214 3226 ista
1245 3169 1510 3234 Trinitas,
1553 3181 1609 3226 et
1635 3172 1738 3225 tria
1774 3174 1885 3227 haec

311 3275 528 3325 mones,
564 3276 673 3316 non
699 3261 853 3331 juxta
890 3278 1012 3330 qua
1042 3274 1172 3317 sunt
1201 3264 1257 3318 in
1288 3263 1447 3318 nobis
1477 3263 1730 3318 habentia
1755 3279 1886 3318 cau-

312 3367 429 3409 sam
455 3353 742 3424 producta,
779 3354 956 3421 facta;
999 3355 1244 3409 omnium
1306 3370 1440 3410 vero
1512 3364 1764 3411 nostrum
1834 3366 1888 3411 et

311 3463 494 3504 rerum
529 3463 652 3518 qua:
689 3455 821 3503 sunt
847 3461 1065 3503 sursum
1101 3457 1153 3502 et
1175 3446 1340 3510 infra,
1365 3448 1482 3517 ipsa
1512 3456 1660 3503 certe
1681 3459 1739 3503 et
1770 3450 1885 3503 sola

311 3541 530 3614 proprie
562 3555 748 3597 causa.
1369 3545 1376 3552 '

384 3633 508 3690 H7.
549 3634 617 3690 Et
655 3645 941 3706 postquam
984 3635 1053 3688 ita
1089 3634 1509 3704 propemodum,
1547 3647 1654 3686 non
1693 3647 1889 3688 secun-

313 3730 440 3787 dum
472 3729 744 3793 homines,
786 3727 878 3783 sed
909 3726 1225 3797 angelorum
1265 3725 1486 3793 linguis,
1521 3724 1688 3780 locuti
1731 3734 1890 3779 erant

314 3823 514 3888 sancti,
544 3822 627 3878 vel
653 3821 854 3891 potius,
884 3829 1110 3875 auctore
1132 3817 1260 3882 Deo,
1290 3819 1419 3872 talia
1447 3817 1884 3876 constituerant,

316 3919 461 3976 sicut
496 3917 656 3973 nobis
710 3931 774 3972 ex
833 3915 1032 3969 divinis
1063 3913 1342 3980 sacrisque
1373 3911 1678 3979 Scripturis
1741 3910 1896 3965 colli-

317 4023 446 4078 gere
472 4009 652 4070 datur,
682 4005 840 4061 aliter
861 4005 1026 4060 etiam
1049 4003 1208 4057 nobis
1230 4003 1287 4056 in
1347 4013 1585 4055 mentem
1645 4000 1891 4054 eamdem

317 4099 721 4172 philosophiam
782 4103 932 4151 recte
987 4095 1150 4148 simul
1173 4109 1236 4148 ac
1303 4093 1581 4162 sapienter
1639 4093 1897 4146 inducere

320 4190 632 4248 studebant.
660 4187 943 4241 Ponebaut
984 4183 1226 4253 quidem,
1261 4194 1318 4235 ut
1349 4183 1587 4250 aliquam
1645 4183 1894 4246 domum,

322 4283 619 4336 maximum
657 4277 940 4340 mundum,
984 4286 1036 4330 et
1066 4283 1176 4328 tres
1211 4273 1282 4326 ibi
1336 4271 1745 4341 suspendebant
1803 4272 1900 4342 hy-

322 4375 534 4444 pethesi
563 4370 864 4442 lampades.
902 4378 1149 4426 sanctam
1217 4366 1598 4436 tril'ulgentem
1655 4365 1898 4418 Trinita-

329 4479 460 4520 lem.
499 4463 607 4521 Has
638 4473 818 4519 autem
857 4461 1135 4532 lampades
1184 4459 1594 4515 contuebantur
1647 4458 1897 4527 privatim

325 4555 562 4612 nitentes
592 4565 642 4610 el
677 4555 899 4608 domum
933 4553 1307 4607 illuminantes
1340 4550 1566 4613 ;exinde
1617 4565 1749 4602 vero
1790 4548 1902 4602 cla-

324 4648 515 4703 ritates
549 4657 603 4703 et
633 4647 968 4702 radiationes
1001 4645 1388 4716 excogitabant
1417 4651 1631 4707 tnutuo,
1692 4657 1788 4711 per
1845 4655 1902 4695 se

327 4741 613 4795 venientes
632 4750 684 4795 et
713 4749 1094 4808 eooperantcs,
1128 4753 1296 4791 unutn
1331 4736 1544 4791 eﬂicere
1577 4735 1779 4789 bonum
1809 4749 1903 4789 su-

329 4845 576 4902 premum
609 4838 664 4883 et
714 4828 891 4894 finale,
957 4825 1178 4896 hospitii
1229 4824 1765 4880 administrationem
1809 4839 1905 4894 per

328 4923 785 4978 lilutninatiouem
845 4932 899 4976 et
942 4921 1332 4990 pragmatieam
1380 4917 1786 4977 ostensionem,
1849 4919 1902 4969 in

331 5016 487 5083 cujus
519 5016 749 5083 gratiam
785 5013 918 5067 tales
946 5026 1189 5066 accensa:
1221 5010 1441 5063 fuerant
1489 5009 1806 5076 lampades;
1853 5016 1907 5062 et

328 5105 645 5174 hujusmodi
667 5103 917 5173 exemplo
942 5103 1228 5164 docebant,
1251 5116 1412 5153 unam
1433 5099 1908 5167 eumpositamqtte

329 5207 536 5253 sancta:
565 5196 853 5252 Trinitatis
899 5196 1298 5263 operationem,
1356 5201 1414 5246 ut
1462 5207 1639 5258 neque
1701 5195 1904 5246 trinum

333 5305 430 5362 per
458 5289 839 5346 confusionem
871 5291 926 5343 in
962 5303 1022 5342 ea
1053 5288 1345 5348 velaretur,
1375 5286 1469 5342 Sed
1497 5284 1786 5339 manifeste
1815 5302 1910 5354 pa-

333 5393 583 5448 teret;et
609 5383 872 5453 operatio,
901 5383 1030 5452 quin
1071 5392 1215 5435 esset
1251 5380 1560 5435 communis
1611 5389 1664 5434 et
1720 5380 1912 5432 incon:-

330 5472 472 5536 fusa,
497 5487 605 5528 non
635 5471 1011 5542 impediretur.
1049 5469 1187 5524 Sunt
1235 5469 1453 5538 quidem
1505 5470 1906 5539 sapientissima

332 5567 714 5636 sublimiaque,
737 5574 934 5633 praeter
967 5565 1071 5618 alia
1137 5564 1328 5628 multa,
1372 5563 1502 5618 talia
1554 5564 1910 5627 documenta,

334 5671 546 5712 necnon
585 5665 858 5712 rectarum
915 5655 1308 5728 cogitationum
1344 5655 1586 5718 inventa,
1633 5655 1726 5710 sed
1793 5655 1912 5724 ipsa

337 5760 518 5806 tamen
544 5750 796 5818 breviora
827 5761 955 5808 sunt
1005 5767 1066 5806 ac
1122 5749 1431 5820 corporalia
1497 5749 1732 5818 taliaque
1789 5764 1908 5818 quze

1989 3174 2152 3246 αὕτη,
2180 3175 2276 3228 καὶ
2308 3173 2437 3244 τρία
2467 3175 2497 3242 ἡ
2535 3172 2722 3242 μονὰς,
2755 3171 2817 3223 ού
2855 3170 2999 3224 κατὰ
3023 3170 3093 3224 τὰ
3123 3171 3182 3220 ὲν
3217 3169 3348 3236 ἡμῖν
3390 3168 3456 3219 τὰ
3489 3168 3580 3220 αἱ-

1987 3268 2170 3334 τιατὰ,
2212 3268 2282 3321 τὰ
2333 3266 2683 3338 παρηγμένα,
2713 3265 2782 3318 τὰ
2830 3263 3068 3333 ποιητά·
3104 3263 3326 3316 πάντων
3369 3261 3425 3314 δὲ
3479 3261 3578 3312 καὶ

1990 3360 2146 3430 ἡμῶν
2178 3361 2270 3413 καὶ
2302 3359 2408 3413 τῶν
2440 3375 2501 3412 τε
2551 3360 2664 3412 ἄνω
2708 3356 2802 3410 καὶ
2847 3355 2959 3409 τῶν
3005 3356 3178 3418 κάτω,
3219 3353 3360 3406 αὐτὰ
3383 3351 3446 3422 δὴ
3479 3349 3579 3403 καὶ

1993 3454 2129 3520 μόνα
2164 3454 2370 3520 κυρίως
2402 3450 2571 3504 αῐτια.

2068 3631 2189 3702 ριζ¹.
2223 3631 2334 3684 Καὶ
2366 3629 2508 3683 οὕτω
2543 3645 2660 3692 πως
2691 3630 2742 3682 οῑ
2795 3629 2941 3697 ἅγιοι
2983 3627 3046 3682 ού
3076 3627 3201 3682 κατ’
3245 3626 3581 3696 ἀνθρώπους

1993 3724 2347 3794 λαλήσαντες,
2399 3722 2534 3775 ἀλλὰ
2593 3721 2872 3789 γλώσσαις
2921 3722 3192 3790 ἀγγέλων,
3248 3721 3452 3791 μᾶλλον
3517 3722 3578 3774 δὲ

1997 3815 2410 3886 θεοπαραδότως
2437 3816 2503 3869 τὰ
2531 3815 2760 3869 τοιαῦτα
2807 3815 3273 3883 καταστήσαντες,
3305 3812 3381 3875 ὡς
3426 3812 3581 3866 ἔστιν

1997 3911 2130 3980 ἡμῖν
2163 3907 2525 3976 ἀναλέγεσθαι
2567 3906 2630 3959 ὲκ
2658 3907 2767 3958 τῶν
2808 3906 2969 3958 θείων
2992 3905 3088 3958 καὶ
3121 3904 3285 3975 ἱερῶν
3314 3903 3578 3973 Γραφῶν,

1998 4001 2454 4070 ἐφιλοτιμήσαντο
2501 3998 2806 4067 ἐμϐιϐάσαι
2832 3999 2968 4068 ἡμῖν
3000 3999 3079 4058 είς
3113 3996 3239 4050 νοῦν
3272 3997 3365 4049 καὶ
3403 3995 3586 4058 ἄλλως

1999 4091 2096 4160 τὴν
2122 4089 2380 4160 τοιαύτην
2409 4089 2732 4157 φιλοσοφίαν
2759 4086 3068 4150 εὐθυϐὀλως
3097 4086 3215 4155 ἅμα
3242 4087 3335 4139 καὶ
3365 4085 3542 4153 σοφῶς
3563 4101 3585 4120 ο

2000 4181 2076 4244 ὡς
2097 4177 2243 4234 οἷκον
2269 4180 2368 4250 μέν
2393 4197 2516 4233 τινα
2539 4178 2906 4249 ὑπερθέμενοι
2929 4179 3022 4231 τδν
3051 4169 3312 4248 μέγιστον
3345 4178 3578 4246 κόσμον,

2001 4272 2170 4342 λύχνα
2205 4273 2262 4326 δὲ
2301 4266 2414 4326 οἷον
2459 4259 3242 4338 ὑπανάψαντεςὺποθετικῶς
3295 4268 3441 4339 τρία,
3481 4269 3587 4335 τὴν

2003 4363 2280 4433 τρίφωτον
2311 4363 2476 4431 ἁγίαν
2519 4362 2726 4434 Τριάδα
2750 4377 2764 4391 '
2800 4362 2896 4414 καὶ
2925 4362 3054 4424 τοὺς
3090 4362 3189 4431 μὲν
3218 4360 3443 4431 λύχνους
3474 4360 3588 4430 ἰδίᾳ.

2007 4453 2336 4524 θεωροῦντες
2361 4453 2746 4523 ὲκλάμποντας
2779 4451 2874 4506 καὶ
2899 4452 2991 4505 τὸν
3025 4449 3176 4506 οἷκον
3204 4451 3543 4520 φωτίζοντας
3566 4467 3585 4483 ο

2007 4546 2104 4608 τὰς
2154 4545 2212 4600 δὲ
2258 4545 2470 4599 ἐκεῖθεν
2527 4543 2766 4616 λάμψεις
2812 4544 2906 4599 καὶ
2945 4543 3324 4606 ἀκτινοϐολίας
3369 4543 3591 4613 φιλοσο-

2007 4639 2234 4708 φοῦντες
2280 4637 2349 4692 δι’
2384 4637 2634 4709 ἀλλήλων
2680 4637 2922 4708 ἡκούσας
2972 4636 3066 4690 καὶ
3104 4637 3495 4705 συνεργούσας,
3528 4635 3591 4689 ἓν

2008 4735 2184 4786 ποιεῖν
2207 4733 2411 4800 ἀγαθὸν
2447 4731 2835 4802 καιριώτατον,
2868 4729 2964 4783 καὶ
2995 4729 3419 4799 σκοπιμώτατον
3447 4729 3595 4782 τελι-

2009 4826 2142 4892 κῶς,
2172 4825 2272 4896 τὴν
2315 4824 2411 4878 τοῦ
2445 4825 2707 4893 ὁσπητίου
2755 4824 3023 4888 διοίκησιν
3060 4820 3148 4875 διὰ
3183 4819 3465 4892 φωτισμοῦ
3496 4822 3593 4874 καὶ

2011 4917 2447 4981 καθυποδείξεως
2475 4916 2890 4986 πραγματικῆς,
2929 4911 2995 4987 ἦς
3042 4915 3202 4986 χάριν
3250 4915 3318 4967 τὰ
3362 4913 3594 4966 τοιαῦτα

2009 5013 2183 5082 λύχνα
2239 5009 2646 5081 ὲξανήφθησαν,
2699 5010 2792 5062 καὶ
2841 5008 3151 5062 διδάσκουσι
3202 5008 3298 5060 καὶ
3342 5007 3429 5059 ’ὲκ
3489 5006 3594 5072 τῆς

2011 5107 2271 5175 τοιαύτης
2312 5103 2702 5174 παραδείξεως,
2742 5103 2803 5152 τι
2837 5101 2935 5168 τῆς
2971 5099 3135 5169 ἁγίας
3159 5099 3391 5168 Τριάδος
3427 5116 3597 5167 μονεο

2011 5198 2276 5267 νέργητον
2313 5203 2694 5265 συνεργασμα,
2727 5195 2803 5256 ὡς
2840 5195 2977 5263 μήτε
3013 5193 3075 5247 τὸ
3108 5191 3389 5263 τριαδικδν
3420 5193 3598 5262 αὐτῆς

2013 5289 2301 5344 ὲσκιάσθαι
2341 5288 2428 5342 διὰ
2477 5287 2810 5357 συγχύσεως,
2849 5286 2989 5340 ἀλλὰ
3040 5285 3292 5355 φανερῶς
3340 5285 3601 5352 ἐκφαίνε-

2015 5381 2137 5434 σθαι
2160 5399 2173 5412 ο
2202 5382 2295 5433 καὶ
2337 5380 2397 5430 τὺ
2444 5381 2728 5448 ἐνέργημα
2762 5379 2820 5430 δὲ
2872 5378 3208 5439 κοινωνικῶς
3237 5377 3332 5430 καὶ
3360 5375 3605 5445 ἀσυγχύ-

2012 5493 2120 5537 τως
2165 5471 2573 5526 ἀνεπικώλυτον
2625 5466 2766 5526 εἶναι
2814 5472 2952 5542 αὐτῇ
2985 5487 2996 5501 ·
3034 5471 3127 5525 καὶ
3162 5472 3270 5524 εἰσὶ
3320 5471 3420 5537 μὲν
3463 5470 3605 5521 παν-

2016 5582 2154 5633 σοδγα
2185 5567 2279 5618 καὶ
2311 5567 2376 5618 τὰ
2405 5565 2631 5618 τοιαῦτα
2654 5565 2789 5634 πρὸς
2821 5564 3040 5634 μυρίοις
3069 5562 3252 5626 ἄλλοις
3273 5559 3603 5615 διδασκάλια

2015 5656 2107 5709 καὶ
2140 5653 2344 5724 ὑψηλὰ,
2385 5654 2479 5708 καὶ⁴
2527 5653 2784 5707 διανοιῶν
2830 5651 3035 5706 εύθέων
3088 5653 3399 5721 εὑρήματα,
3426 5649 3604 5718 ταχύο

2015 5765 2148 5816 τερα
2183 5747 2241 5800 δὲ
2285 5747 2380 5800 καὶ
2422 5747 2560 5801 αύτὰ
2600 5747 2772 5816 ὅμως,
2812 5749 2905 5802 καὶ
2934 5741 3226 5814 σωματικᾶ
3271 5744 3362 5798 καὶ
3393 5737 3480 5795 οἷα
3518 5741 3604 5810 μὴ
