3950 6204
263 296 373 358 633

1062 303 1146 363 IN
1189 304 1528 370 HYMNUM
1561 308 2228 374 l’EN-TECOSTALEM
2267 314 2730 376 DAMASCENI.

3439 314 3544 378 6'il

262 406 414 474 ἔχειν
461 407 836 480 πληροφορείν
882 411 1182 483 ἄνθρωπον
1232 419 1677 488 πολυπράγμονα
1711 422 1850 490 πρὸς

1968 440 2056 480 :on
2070 424 2289 480 vincere
2320 437 2598 496 nequeant
2627 427 2905 482 hominem
2935 429 2999 483 de
3019 427 3361 485 inscrutabili
3393 446 3546 488 com-

261 498 612 570 ἀσυζήτητον
647 502 984 574 κατάληψιν,
1015 507 1065 560 εί
1103 508 1179 576 μὴ
1214 509 1378 574 αὐτὸς
1415 513 1444 566 δ
1469 512 1605 574 Θεὸς
1638 515 1826 566 ἁποκα

261 591 441 660 λὺψας
493 595 620 658 τοὺς
685 596 1003 667 ὀφθαλμοὺς
1058 601 1169 654 τῶν
1219 602 1253 672 ἢ
1300 603 1851 679 ἀμϐλυωποῦντωνῆ

261 685 443 748 ἄλλως
495 687 938 756 δυσωπουμένων
968 691 1066 762 τὴν
1116 693 1255 764 πρὸς
1288 694 1382 747 τὸν
1406 695 1561 765 ἥλιον
1588 696 1690 762 τῆς
1719 696 1854 763 ἀλη-

264 776 422 858 θείας
467 780 790 848 ἀνάϐλεψιν,
835 783 1030 838 ἑαυτὸν
1063 786 1358 855 ὲμφανίσει
1391 790 1489 842 καὶ
1538 789 1741 854 διδάξει
1787 790 1856 843 τὰ

263 871 410 940 ὑπὲρ
439 871 798 944 ἀνθρωπικὴν
823 877 1178 948 κατανόησιν.
1211 879 1426 934 Οὐκοῦν
1458 881 1544 934 ἵνα
1575 883 1650 952 μὴ
1682 884 1854 952 ἀναγο

265 965 568 1035 καθῶμεν
592 968 918 1039 αὐτόχρημα
954 972 1402 1040 μεταλαμϐάνειν
1438 974 1507 1028 τὰ
1536 975 1647 1028 τῶν
1681 971 1855 1044 ἀγίων

269 1057 539 1126 ηατὲρων
570 1058 630 1123 ἐξ
664 1060 1022 1130 ἀντιγράφων
1065 1065 1443 1135 ὲρανιζόμενοι
1475 1071 1546 1118 τὰ
1576 1067 1673 1120 καὶ
1697 1068 1858 1136 ἡμῶν

266 1149 392 1219 δίχα
428 1151 631 1223 ἔκδηλα
658 1155 739 1218 είς
785 1153 1015 1219 ἔνδειξιν
1043 1158 1294 1226 φανερὰν
1324 1157 1420 1212 τοῦ
1459 1159 1592 1228 μίαν
1622 1162 1680 1212 ὲν
1709 1163 1858 1230 τρισὶ

267 1245 590 1314 προσώποις
631 1243 772 1300 εἶναι
819 1249 921 1316 τὴν
970 1251 1286 1322 ἀγιωτάτην
1314 1252 1572 1323 Θεότητα,
1604 1254 1704 1308 καὶ
1732 1254 1857 1323 είκῆ

266 1337 559 1404 φανεῖσθαι
609 1340 738 1410 περὶ
788 1342 857 1394 τὰ
903 1344 1073 1396 πᾶσιν
1123 1345 1450 1414 εὐπόριστα,
1503 1346 1859 1416 περιωρίσθω

265 1427 406 1493 ήμῐν
431 1426 537 1490 ἕως
564 1423 668 1482 ὧδε
697 1430 791 1482 καὶ
812 1432 840 1483 δ
860 1432 1104 1492 τοιοῦτος
1129 1434 1284 1497 νοῦς⁶
1309 1435 1371 1490 τὸ
1389 1434 1470 1499 δὲ,
1503 1435 1715 1506 ἔλαμψε
1742 1437 1858 1503 φῶς

266 1519 301 1585 ἡ
334 1519 499 1587 χάρις
553 1520 647 1572 τοῦ
677 1521 1018 1591 Πνεύματος.
1047 1524 1212 1594 διχῶς
1257 1527 1508 1596 νοητέον·
1542 1528 1576 1600 ἢ
1623 1528 1732 1600 γὰρ
1777 1530 1858 1582 ὅτι

267 1609 574 1662 ἀπετέλεσε
623 1610 831 1680 λάμψιν
878 1615 1227 1682 φωτίζουσαν
1271 1615 1450 1686 ψυχάς
1499 1619 1531 1687 ἠ
1573 1619 1734 1689 χάρις
1762 1619 1857 1671 τοῦ

268 1701 674 1768 ἑορταζομένου
702 1705 1042 1775 Πνιύματος,
1076 1709 1110 1778 ἢ
1143 1709 1226 1761 ὅτι
1263 1711 1510 1779 σήμερον
1553 1709 1859 1780 ἐξέλαμψεν

267 1792 560 1847 ἀνατείλαν
601 1796 718 1863 φῶς
767 1799 829 1851 οὐ
863 1799 924 1852 τὸ
961 1800 1215 1870 σύνηθες,
1247 1803 1344 1855 καὶ
1379 1801 1521 1872 πρὸς
1566 1802 1855 1872 αἴσθησιν,

269 1885 413 1939 ἀλλά
447 1889 478 1956 ἡ
512 1887 675 1957 χάρις
696 1889 791 1944 τοῦ
834 1891 994 1960 ἁγίου
1039 1894 1380 1962 Πνεύματος,
1411 1896 1499 1948 ἴνα
1533 1895 1734 1950 ταυτὸν
1770 1897 1857 1968 εἴη

272 1979 394 2046 φῶς
434 1979 668 2034 ἐνταῦθα
715 1983 916 2049 εἰπεῖν,
969 1986 1068 2039 καὶ
1109 1989 1271 2059 χάριν
1321 1987 1416 2042 τοῦ
1479 1988 1638 2058 ἁγίου
1686 1991 1861 2045 Πνεῦ-

274 2088 475 2140 ματος.
720 2110 727 2119 .

576 2167 903 2238 Τροπὰριον
925 2171 1134 2240 τρίτον
1160 2171 1272 2242 τῆς
1295 2173 1346 2228 δ’
1374 2173 1558 2243 ᾠδῆς.

348 2255 418 2314 Χ.
450 2259 705 2314 Τελεῖσθε
743 2263 945 2328 πάντες
975 2268 1042 2336 τῇ
1075 2265 1501 2342 θεαρχικωτάτῃ

459 2353 616 2406 Ὅσοι
641 2353 938 2424 λατρευταὶ
967 2359 1066 2425 τῆς
1090 2360 1430 2429 τριφεγγοῦς
1453 2361 1645 2425 οὐσίας
1667 2377 1681 2394 ο

467 2445 796 2516 ’Υπερφυῶς
825 2447 974 2502 τελεῖ
1005 2450 1116 2520 γὰρ
1153 2451 1233 2514 ὡς
1257 2452 1579 2522 εὐεργέτης,

454 2537 568 2591 Καὶ
599 2545 984 2610 πυξρσομορφοῖ
1005 2543 1237 2613 Χριστὸς
1259 2546 1339 2607 είς
1374 2545 1651 2616 σωτηρίαν

458 2628 630 2699 Ὅλην
649 2645 745 2697 πορ
759 2631 888 2694 ίξων
909 2632 1008 2700 τὴν
1029 2633 1190 2704 χάριν
1217 2634 1310 2688 τοῦ
1339 2636 1679 2705 Πνεύματος.

351 2721 481 2792 ριη’.
523 2723 869 2778 Ἦθικεύιται
902 2727 930 2779 ὁ
984 2727 1225 2798 μελῳδὸς
1287 2728 1406 2796 ἀμσ
1451 2729 1684 2798 παρόντι
1733 2745 1866 2798 τρο-

161 2887 171 2896 κ
265 2815 487 2884 stupidi,
519 2818 614 2870 καὶ
666 2819 738 2871 τά
785 2819 886 2889 τῆς
939 2821 1134 2891 ἑορτῆς
1183 2820 1486 2888 φιλοσοφεῖ.
1538 2822 1646 2875 Καὶ
1687 2822 1718 2891 ἡ
1765 2821 1864 2890 μὲν

264 2909 419 2978 πρὸς
461 2905 594 2981 ἦθος
657 2912 942 2977 παίδευσις
986 2913 1160 2982 λέγει,
1192 2915 1276 2968 ὃτι
1311 2914 1522 2976 Πάντες
1567 2915 1682 2968 ὅσοι
1736 2915 1864 2969 ἐστὲ

264 3003 576 3074 λατρευταὶ
601 3003 702 3073 τῆς
730 3005 1060 3074 τρισρεγγοῦς
1089 3006 1280 3068 οὐσίας
1315 3005 1581 3071 τελεῖσθε,
1614 3007 1862 3060 τουτέστι

271 3096 488 3163 μύσται
544 3096 786 3168 γίνεσθε,
817 3097 1040 3171 τελετὴν
1109 3099 1492 3170 ἑορτάζοντες,
1560 3100 1654 3153 κοιλ¹
1718 3099 1864 3154 οὐτω

268 3189 586 3246 τελειοῦσθε
629 3193 697 3260 τῇ
747 3191 979 3264 τοιαύτῃ
1029 3192 1448 3264 θεαρχικωτάτῃ
1498 3191 1695 3264 οὐσίᾳο
1727 3194 1761 3263 ἠ
1803 3192 1862 3246 δὲ

270 3286 573 3353 φιλόσοφος
619 3283 822 3352 θεωρία
878 3283 1221 3356 πληροφορεῖ
1260 3285 1346 3337 ὅτι
1383 3285 1416 3355 ἡ
1446 3285 1672 3355 τοιαύτη
1701 3285 1862 3338 οὐσία

269 3377 364 3432 διὰ
399 3373 496 3430 τοῦ
530 3374 790 3441 Χριστοῦ,
819 3375 879 3438 ὃς
925 3376 1224 3447 εὐεργέτης
1265 3377 1438 3441 δντως
1476 3377 1649 3440 ιστὶν,
1694 3378 1863 3446 ὑπερ-

271 3469 434 3539 φυῶς
457 3485 520 3522 τε
547 3466 692 3522 τελεῖ
719 3459 890 3538 ηγὸυν
933 3470 1082 3538 μυεῖ,
1125 3471 1374 3524 τουτέστι
1403 3473 1754 3540 μυσταγωγεῖ
1781 3470 1861 3522 διο

269 3563 520 3627 δάσκων,
555 3561 653 3615 καὶ
708 3561 985 3614 παιδεύων
1036 3562 1131 3614 καὶ
1175 3567 1566 3634 πυρσομορφοῑ
1610 3563 1672 3616 οὐ
1725 3562 1862 3634 πρὸς

270 3655 537 3724 ἐρύθημα
568 3652 753 3718 αἰδοῦς
789 3654 902 3706 εἴτε
953 3653 1206 3720 κάλλους,
1239 3655 1379 3709 ἀλλά
1430 3659 1512 3720 είς
1556 3657 1859 3728 σωτηρίαν,

271 3746 526 3814 πορίζων
580 3746 696 3805 τοῖς
730 3745 966 3812 μύσταις
1025 3745 1191 3799 αὐτοῦ
1237 3745 1369 3816 ὅλην
1405 3745 1508 3816 τὴν
1554 3747 1720 3815 χάριν
1765 3746 1862 3799 τοῦ

275 3839 626 3906 Πνεύματος.
658 3839 735 3891 Οὐ
775 3839 885 3908 γὰρ
926 3837 1126 3900 ἀτελὴς
1165 3839 1193 3890 ὁ
1240 3837 1396 3901 Θεὸς,
1427 3837 1618 3908 ὥσπερ
1650 3837 1712 3891 οὐ
1761 3835 1864 3910 τὴν

273 3929 673 4000 πληρεστάτην
729 3927 891 3997 φύσιν
925 3927 1093 3982 αὐτοῦ
1133 3928 1166 4000 ἢ
1213 3927 1343 3982 ἀλλο
1379 3945 1431 3982 τι
1463 3928 1574 3982 τῶν
1607 3929 1730 3983 κατ’
1759 3931 1863 3985 αὐ·

274 4021 395 4085 τὸν,
426 4022 521 4073 καὶ
548 4019 678 4091 περὶ
703 4019 890 4087 αὐτὸν,
923 4018 1099 4085 οὕτως
1125 4019 1248 4072 οὐδὲ
1271 4018 1372 4090 τὴν
1404 4018 1728 4089 εὐεργεσίαν
1766 4020 1863 4075 καὶ

274 4115 386 4187 τὴν
418 4114 582 4184 χάριν
636 4111 737 4183 τὴν
780 4111 841 4177 ἐξ
873 4111 1038 4166 αὐτοῦ
1089 4113 1232 4184 πρὸς
1284 4112 1379 4166 τοῦ
1430 4111 1622 4168 αὐτοῦ.
1659 4114 1720 4166 El
1754 4114 1862 4184 γὰρ

279 4222 312 4256 κ
340 4205 382 4256 κὶ
429 4204 574 4257 πάνυ
629 4202 801 4274 μικρά
859 4201 1156 4270 λαμϐάνων
1209 4201 1496 4273 προσίεται
1543 4202 1603 4266 ὅς
1651 4218 1716 4272 γε
1768 4207 1863 4257 καὶ

276 4295 654 4364 προσκυνήσει
696 4293 880 4364 χαίρει
923 4296 991 4363 τῇ
1039 4291 1164 4347 κατ’
1207 4292 1480 4364 ὀρθότητα
1509 4294 1606 4347 καὶ
1639 4293 1864 4366 εὐλογίᾳ

275 4388 592 4458 εὐγνώμονι
644 4387 719 4450 ὡς
769 4387 866 4440 καὶ
935 4387 1107 4450 ὅντως
1156 4386 1474 4456 εὐλογητὸς,
1532 4385 1648 4440 ἀλλ’
1699 4385 1863 4451 αὐτὸς

275 4481 670 4552 μεγαλόδωρός
702 4481 875 4544 ἔστιν,
903 4481 987 4534 ὅτι
1015 4481 1110 4533 καὶ
1147 4481 1592 4552 ἐλευθεριότητος
1619 4481 1862 4550 ἁπάσης,

274 4579 372 4629 καὶ
415 4567 1194 4644 μεγαλοπρεπείαςδεσπότης
1233 4571 1350 4643 ἅμα
1383 4574 1478 4627 καὶ
1508 4571 1862 4642 παραδότηςο

275 4669 372 4721 xxi.
395 4668 426 4719 δ
454 4665 548 4719 τδν
573 4665 961 4736 ἀναμάρτητον
985 4666 1274 4734 ἄνθρωπον
1298 4665 1419 4719 ὅλον
1444 4667 1638 4720 ἑαυτὸν
1667 4666 1866 4735 ἐκείνῳ

274 4760 625 4814 ἀντιδίδωσιν
659 4760 818 4830 εἰπερ
851 4758 998 4824 ἀξιος
1034 4758 1228 4811 τούτου
1261 4758 1512 4827 γένηται.

350 4853 481 4921 ριθν.
529 4851 728 4905 Ἰστέον
758 4851 817 4904 δὲ
858 4852 941 4904 ὅτι
995 4851 1407 4920 προστακτικῆς
1442 4865 1503 4902 τε
1561 4849 1867 4918 ἐγκλίσεως

276 4943 339 4995 te
365 4942 637 5006 τελεῖσθε,
667 4943 762 4997 καὶ
789 4943 874 4996 ὃτι
912 4941 1196 5012 μυστικῶς
1235 4942 1367 5012 ἁγία
1395 4942 1426 5011 ἡ
1455 4942 1679 5014 τοιαύτη
1716 4942 1864 5008 λέξις

280 5034 568 5104 σύστοιχος
605 5035 672 5104 τῇ
719 5034 931 5104 τελετῇ,
976 5033 1072 5086 καὶ
1117 5037 1184 5104 τῇ
1229 5033 1576 5105 τελεταρχίᾳ,
1611 5035 1706 5088 καὶ
1748 5038 1863 5100 τοῖς

279 5125 564 5189 ﬂuctui;
602 5125 714 5178 τῶν
749 5126 1070 5195 μυστηρίων
1115 5125 1450 5195 ὲκφάντορσι
1478 5140 1492 5154 ·
1531 5125 1775 5179 τοιοῦτον
1807 5126 1863 5180 δὲ

281 5220 380 5272 καί
407 5219 470 5272 τὸ
495 5217 659 5282 τελεῖ,
691 5219 833 5289 ὅπερ
854 5218 1113 5287 ἀνωτέρω
1144 5219 1348 5272 κεῖται.
1389 5217 1869 5290 ’Λποκαρανοῦται

283 5310 365 5376 δὶ,
398 5311 428 5364 δ
457 5310 522 5382 δή
569 5328 654 5374 τις
704 5309 832 5382 ἔφη,
867 5310 1043 5365 ταῦτα
1091 5312 1187 5365 καὶ⁸
1234 5311 1336 5364 ὅσα
1387 5310 1636 5377 τοιαῦτα,
1663 5304 1740 5366 ὧν
1777 5311 1870 5366 καὶ

287 5403 793 5474 πῳεμνήσθημενο
851 5403 1036 5472 σαφῶς
1104 5403 1161 5456 δὲ
1222 5405 1400 5456 είπεῖν
1468 5402 1870 5472 κεφαλαιοῦται

288 5497 390 5551 καὶ
445 5498 625 5568 ἀφορᾷ
675 5497 756 5560 είς
803 5496 904 5564 τὴν
954 5497 1078 5549 κατ’
1117 5497 1411 5567 ἄνθρωπον
1461 5497 1768 5563 τελείωσιν,
1799 5499 1869 5568 ἥν

285 5588 663 5658 εὐπραγοῦσιν
707 5589 756 5642 oi
782 5587 916 5654 πρὸς
934 5588 1106 5660 ὀρθὴν
1143 5588 1408 5659 ἀλήθειαν
1439 5590 1532 5642 καὶ
1565 5591 1864 5661 ὀρθότητα,

287 5679 352 5733 οὐ
385 5678 494 5749 μὴν
533 5681 612 5744 εις
657 5680 830 5751 κρῖμα
859 5679 892 5751 ἢ
929 5681 1009 5743 είς
1031 5681 1369 5749 κατάκριμα,
1409 5681 1476 5734 τά
1511 5682 1630 5734 θεία
1662 5682 1866 5752 μιμούο

289 5782 483 5839 μενοι·
519 5771 657 5840 τάχα
718 5769 772 5824 δὲ
830 5769 1056 5842 τοιαύτη
1108 5788 1188 5836 τις
1245 5771 1420 5825 ἔννοια
1473 5773 1568 5826 καὶ
1618 5773 1744 5836 τοὺς
1799 5775 1856 5826 ὲν

1960 518 2328 587 prchensione
2357 520 2664 584 curiosum,
2702 520 2810 575 nisi
2831 519 2972 576 Deus
2998 521 3110 590 ipse
3139 521 3388 577 revelans
3409 539 3544 577 ocu-

1958 608 2040 663 los
2074 610 2332 666 debilium
2363 620 2416 664 et
2451 626 2640 665 eorum
2679 613 2773 682 qui
2805 612 2943 668 alias
3001 612 3221 669 dil'licile
3271 614 3545 669 sustinent

1959 705 2094 759 solis
2125 705 2372 760 veritatis
2405 705 2776 772 intuitionem,
2805 706 3164 774 semetipsum
3234 707 3545 762 manifestet

1958 813 2009 851 ct
2035 813 2095 852 ca
2123 811 2244 866 qua:
2269 798 2563 852 humanam
2594 810 2855 867 superant
2875 799 3293 870 intelligentiam
3323 801 3537 856 doceat.

1963 891 2155 959 Itaque
2183 905 2252 946 ne
2286 891 2466 960 reipsa
2494 905 2756 960 cogamur
2819 907 2882 945 ex
2948 893 3230 961 rescriptis
3287 902 3546 948 eruentes
3583 956 3587 959 γ

1960 986 2234 1054 explicare
2254 985 2396 1040 dicta
2431 993 2744 1039 sanctormn
2775 983 3022 1048 Patrum,
3057 1001 3181 1056 quae
3204 987 3324 1041 sine
3386 986 3545 1042 nobis

1959 1078 2026 1131 ad
2057 1077 2705 1131 claredemonstrandum
2741 1077 2793 1130 in
2851 1077 3024 1130 tribus
3072 1077 3326 1147 personis
3375 1093 3542 1131 unam

1959 1183 2082 1222 esse
2105 1166 2508 1221 sanctissimam
2551 1165 2815 1220 Deitatem
2841 1165 3136 1220 manifeSIa
3176 1175 3328 1228 sunt,
3380 1167 3541 1222 vani-

1962 1277 2069 1330 que
2103 1259 2389 1314 videamur
2424 1260 2568 1314 circa
2595 1275 2685 1313 res
2720 1259 2980 1314 omnibus
3012 1259 3221 1322 obvias,
3257 1259 3546 1329 hucusque

1961 1355 2450 1410 circumscribatur
2489 1353 2648 1407 nobis
2713 1353 2828 1407 haec
2881 1354 3010 1405 talis
3080 1353 3375 1405 sententia.
3434 1351 3546 1405 Hoc

1961 1457 2140 1501 autem
2171 1464 2185 1499 :
2221 1444 2432 1514 ἔλαμψε
2455 1445 2571 1513 φῶς
2609 1446 2642 1515 ἡ
2674 1445 2834 1514 χάρις
2854 1444 2948 1496 τοῦ
2985 1443 3328 1513 Πνεύματος,
3359 1444 3542 1509 dupli-
3568 1425 3574 1430 '

1962 1540 2596 1608 citerintelligendnm:
2661 1547 2753 1592 aut
2799 1539 2968 1601 enim,
3029 1538 3172 1605 quod
3234 1537 3540 1590 claritatem

1962 1635 2176 1689 animas
2198 1634 2591 1688 illuminantem
2611 1632 2838 1701 perfecit
2866 1632 3120 1687 celebrati
3156 1629 3394 1699 Spiritus
3423 1644 3544 1698 gra-

1893 1759 1931 1811 Β
1967 1727 2060 1789 tia,
2087 1726 2169 1778 vel
2205 1725 2348 1794 quod
2386 1723 2550 1777 hodie
2577 1723 2714 1776 luxit
2745 1723 3003 1777 exoriens
3028 1723 3214 1776 lumen
3280 1735 3386 1773 non
3455 1733 3542 1772 as-

1961 1827 2202 1880 suetum,
2229 1824 2283 1870 et
2311 1815 2592 1876 sensibile.
2615 1815 2757 1884 quod
2782 1823 2961 1869 tamen
2999 1821 3082 1868 est
3138 1815 3312 1882 gratia
3370 1812 3540 1864 sancti

1963 1907 2224 1979 Spiritus,
2260 1917 2320 1963 ut
2373 1908 2518 1963 idem
2553 1909 2624 1962 sit
2657 1907 2839 1962 lumen
2867 1905 3166 1978 hic‘dicere
3197 1903 3546 1974 Spiritusque

1960 2003 2137 2058 sancti
2163 2002 2421 2072 gratiam.

2331 2179 2648 2247 Troparinm
2676 2178 2710 2231 '5
2753 2177 2869 2230 σάω
2908 2186 3138 2243 quarta'.

2109 2273 2338 2330 Servitis
2365 2286 2558 2326 omnes
2596 2270 2939 2324 divinissimo
2968 2265 3321 2336 principatui,

2033 2367 2179 2435 Quot
2210 2365 2353 2423 servi
2387 2365 2521 2418 estis
2554 2361 2850 2416 triluminis
2880 2359 3214 2414 substantim.

2038 2457 2539 2528 Snpernatttralitcr
2563 2455 2705 2509 enim
2747 2454 2957 2522 perlicit
2989 2465 3044 2508 ut
3071 2453 3404 2514 in-ncl'actor,

2035 2551 2103 2607 Et
2141 2551 2353 2622 igneam
2387 2546 2611 2600 formam
2643 2545 2895 2600 Christus
2918 2546 3012 2598 dat
3047 2547 3099 2597 in
3130 2545 3381 2610 salutem,

2033 2643 2223 2697 Totam
2256 2641 2540 2710 parrigens
2566 2637 2795 2707 gratiam
2823 2635 3081 2704 Spiritus.

2037 2734 2162 2788 HS.
2196 2732 2250 2786 In
2278 2727 2532 2802 praesenti
2575 2727 2794 2795 quidem
2829 2727 3052 2794 stropha
3085 2735 3238 2794 poeta
3267 2725 3549 2779 moraliter

1965 2843 2028 2882 ac
2052 2824 2430 2896 philosophice
2449 2835 2570 2891 qua:
2601 2831 2724 2874 sunt
2756 2819 3072 2874 festivitatis
3093 2825 3312 2872 tractat.
3337 2817 3402 2870 Et
3427 2817 3550 2885 qni-

1964 2922 2085 2976 dem
2117 2916 2339 2972 moralis
2371 2915 2658 2970 instructio
2703 2913 2836 2967 dicit
2873 2910 3239 2979 :Quicnnque
3283 2911 3546 2963 substan-

1967 3017 2055 3069 tiae
2085 3023 2165 3066 ter
2197 3010 2424 3066 lucentis
2459 3008 2591 3062 estis
2623 3006 2958 3061 adoratores.
2994 3004 3307 3069 initiamini,
3341 3004 3392 3054 id
3440 3009 3548 3067 est,

1890 3088 1935 3149 ε
1967 3114 2157 3177 mystze
2201 3102 2326 3160 sitis
2361 3101 2622 3172 mysteria
2655 3099 3019 3158 celebrantes.
3057 3108 3106 3150 et
3139 3097 3210 3149 ita
3252 3095 3341 3148 tali
3372 3095 3548 3147 omni-

1965 3197 2170 3268 potenti
2193 3194 2510 3250 substantia:
2533 3190 2964 3248 consecramini.
2993 3188 3382 3255 Philosophica
3417 3201 3548 3240 vero

1964 3289 2174 3346 theoria
2207 3289 2428 3359 plenam
2469 3287 2601 3340 facit
2643 3285 2803 3340 iidem
2839 3284 2986 3354 quod
3063 3282 3188 3337 talis
3237 3280 3544 3335 substantia

1965 3399 2062 3453 per
2089 3380 2394 3447 Christum,
2443 3382 2534 3446 qui
2599 3393 2728 3432 vere
2781 3376 3063 3431 beneficus
3122 3382 3226 3438 est,
3293 3372 3549 3441 superius

1965 3476 2197 3547 perlicit,
2223 3473 2275 3528 id
2304 3483 2408 3534 est,
2438 3471 2620 3526 initiat
2660 3479 2714 3526 et
2763 3468 2940 3525 sacris
2991 3473 3298 3532 consecrat,
3348 3464 3551 3517 docens

1962 3577 2017 3623 et
2041 3566 2321 3631 erudiens,
2351 3576 2404 3620 et
2427 3564 2571 3634 ignis
2624 3562 2862 3618 formam
2937 3559 3166 3628 ingerit,
3230 3572 3341 3611 non
3388 3555 3546 3625 juxta

1963 3661 2223 3716 ruborem
2256 3657 2482 3728 pudoris
2520 3654 2606 3710 vel
2639 3651 3088 3724 pulchritudinis,
3121 3651 3217 3704 sed
3282 3649 3350 3702 ad
3403 3648 3547 3702 salu-

1965 3761 2095 3816 tem,
2129 3749 2246 3807 suis
2276 3747 2471 3818 mystis
2495 3760 2714 3803 omnem
2742 3743 2980 3811 Spiritus
3003 3741 3234 3812 gratiam
3267 3739 3543 3809 praebens.

1962 3843 2082 3900 Non
2107 3853 2191 3897 est
2221 3841 2366 3896 enim
2399 3837 2756 3908 imperfectus
2807 3834 2974 3896 Deus,
3042 3834 3188 3888 sicut
3243 3847 3342 3886 nec
3395 3831 3542 3884 circa

1965 3931 2422 4005 perfectissimam
2455 3929 2577 3998 ejus
2610 3935 2884 3992 naturam,
2914 3923 2996 3976 vel
3019 3923 3164 3976 aliud
3187 3920 3318 3992 quid
3353 3935 3542 3974 eorum

1964 4027 2031 4083 ad
2057 4027 2235 4094 ipsum
2269 4019 2711 4092 respicientium,
2750 4016 2830 4072 sic
2853 4030 3031 4086 neque
3065 4013 3210 4070 circa
3240 4011 3546 4068 beneficen-

1965 4119 2098 4174 tiam
2135 4125 2190 4172 et
2225 4115 2461 4185 gratiam
2509 4125 2631 4183 quae
2664 4125 2730 4164 ex
2793 4108 2914 4178 ipso
2953 4113 3008 4162 et
3057 4120 3155 4176 per
3207 4104 3384 4174 ipsum
3438 4111 3544 4156 est.

1966 4210 2081 4265 Etsi
2104 4208 2249 4265 enim
2277 4207 2436 4262 valde
2472 4219 2636 4274 parva
2667 4200 2974 4266 suscipiens
3031 4198 3397 4267 concipiatur,
3451 4196 3544 4266 qni

1966 4302 2107 4359 facta
2177 4299 2480 4357 secundum
2541 4295 2922 4352 rectitudinem
2985 4293 3301 4348 adoratione
3349 4291 3548 4361 gaudet

1896 4428 1940 4484 υ
1969 4410 2182 4451 necnon
2223 4392 2487 4448 benevola
2520 4390 2700 4453 laude,
2722 4389 2879 4459 quasi
2910 4403 3095 4443 revera
3119 4387 3397 4456 laudatus,
3431 4373 3559 4454 ipse.

1970 4496 2150 4544 tamen
2189 4487 2242 4542 in
2274 4485 2433 4541 donis
2470 4483 2792 4553 magniﬁcus
2841 4490 2951 4546 est,
2984 4487 3173 4551 utpote
3207 4479 3298 4550 qui
3336 4490 3548 4533 cuncue

1967 4579 2313 4636 liberalitatis
2346 4585 2401 4632 et
2432 4573 2820 4643 magnitudinis
2846 4581 2931 4628 est
2973 4573 3228 4628 dominus
3257 4581 3311 4625 et
3358 4571 3546 4634 dator,

1969 4673 2174 4743 quique
2206 4671 2550 4725 innocentem
2616 4667 2892 4722 hominem
2943 4676 3115 4721 totum
3181 4666 3421 4734 seipsutn
3471 4665 3549 4719 illi

1967 4763 2087 4818 vice
2107 4776 2203 4818 sua
2238 4761 2402 4815 tradit
2433 4759 2562 4815 dum
2593 4759 2680 4814 ille
2713 4759 2909 4820 dignus
2947 4759 3047 4812 hoc
3082 4757 3192 4812 liat.

2045 4853 2171 4909 H9.
2201 4852 2494 4908 Sciendum
2527 4860 2612 4906 est
2641 4863 2829 4906 autem
2889 4849 3190 4916 imperativi
3225 4847 3372 4902 modi
3428 4864 3550 4903 esse

1968 4959 2160 5000 vocem
2198 4943 2490 5006 «exerces;
2549 4942 2887 5012 mysticeque
2941 4951 3187 4994 sanctam
3232 4955 3355 4996 esse
3413 4941 3552 4995 hanc

1970 5034 2306 5100 locutionem
2339 5049 2461 5105 qua:
2489 5033 2731 5105 ejusdem
2768 5041 2851 5087 est
2879 5033 3096 5102 generis
3145 5047 3208 5088 ac
3236 5031 3479 5106 ήτε).ετή
3500 5038 3555 5083 et

1969 5127 2374 5198 ήτελεταρχία,
2401 5136 2455 5182 et
2494 5127 2544 5180 oi
2577 5125 2817 5190 τελεταί,
2853 5126 2946 5195 qui
2982 5135 3110 5180 sunt
3162 5125 3549 5196 mysteriorum

1971 5220 2320 5289 interpretes.
2355 5219 2484 5273 Tale
2515 5228 2596 5273 est
2626 5234 2843 5289 quoque
2908 5221 3134 5275 verbum
3183 5219 3351 5282 τελεῖ,
3402 5217 3546 5286 quod

1978 5311 2237 5381 superius
2271 5311 2538 5366 habemus
2557 5310 3033 5382 Ἀποκαρςινοῦται
3061 5323 3264 5371 autem,
3283 5319 3339 5362 nt
3356 5308 3557 5378 aliquis

1972 5404 2130 5466 dixit,
2172 5404 2286 5459 haec
2317 5403 2530 5472 aliaque
2559 5404 2784 5466 sin‘tilia,
2815 5420 3046 5473 quormn
3108 5402 3425 5454 memoriam
3474 5401 3549 5456 l‘e-

1971 5496 2185 5550 cimns:
2224 5495 2328 5559 vel,
2361 5504 2420 5549 ut
2458 5495 2658 5550 clarius
2692 5503 2906 5563 loquar,
2939 5494 3248 5548 summatim
3297 5493 3559 5549 dicuntur

1971 5599 2025 5644 et.
2052 5596 2301 5659 spectant
2324 5587 2389 5642 ad
2418 5589 2654 5642 hominis
2683 5587 2963 5640 τελείωσιν
2991 5599 3151 5652 quam
3176 5594 3320 5640 recte
3351 5587 3558 5642 faciunt

1973 5680 2244 5749 quijuxta
2291 5689 2496 5734 rectam
2537 5681 2817 5733 veritatem
2858 5685 2908 5730 cl.
2955 5676 3317 5733 orthodoxam
3373 5679 3554 5749 fidem,

1971 5783 2076 5824 non
2110 5770 2162 5822 in
2187 5767 2447 5838 judicium
2478 5777 2532 5823 ct
2558 5766 3092 5831 condemnationem,
3123 5765 3306 5821 divina
3329 5766 3550 5821 imitan-
