3996 6194
320 248 425 312 637

1120 253 1202 312 IN
1246 253 1590 314 nimum
1624 254 2112 317 ΡΕΝτΕαοςτΑ
2128 256 2278 317 LEM
2327 256 2791 324 mansuem.
2828 313 2867 348 ,

3487 262 3596 331 638

321 364 606 436 φινύιητι,
643 363 833 416 τ-ιστὸν
865 362 1044 416 ἐκεῖνο
1088 363 1208 416 τότε
1246 365 1558 433 «pedalia;
1594 367 1690 418 καὶ
1722 368 1780 419 τὸ
1812 369 1907 435 τῆς

2019 377 2233 420 centum
2290 368 2488 421 initiati
2548 379 2802 425 naturam
2860 371 3079 427 reddit:
3147 371 3324 427 forma
3356 387 3597 444 namque

323 455 802 529 μεταμορφώσεως
831 454 1042 522 θαῦμα,
1077 456 1137 508 ὲν
1170 453 1214 522 ᾧ
1244 455 1385 526 ὑπὲρ
1415 457 1569 526 ἣλιον
1597 457 1845 527 ἔλαμψεν
1874 460 1904 514 6

320 548 552 614 Χριστος
584 564 599 580 ο
651 547 786 600 ἔνθα
816 546 1120 615 τηνικαῦτα
1149 547 1343 616 παρὼν
1373 551 1466 602 καὶ
1496 552 1731 613 ἐκεῖνος,
1765 549 1904 618 ἐμα-

319 640 409 693 θῖν
436 640 515 697 είς
550 640 719 693 πλέον
766 640 917 703 ὅπως
947 642 975 693 6
1006 640 1139 702 Θεὸς
1165 642 1346 693 πάντα
1376 642 1478 694 ὅσα
1507 641 1620 711 ἔχει
1655 642 1906 712 διανέμει

316 731 407 783 καὶ
435 732 550 791 τοῖς
581 730 745 783 αὑτὸν
776 729 1163 798 θεραπεύουσι.
1217 733 1325 785 Καὶ
1357 731 1538 785 ταῦτα
1570 734 1680 799 μὲν,
1701 732 1906 787 ἀπλού-

318 837 507 889 στερον
538 824 667 890 περὶ
692 822 786 876 τοῦ
820 822 894 878 ὡς
926 821 1129 894 ίρῤέθη
1164 824 1613 897 πυρσομορφοῦν.

2010 467 2116 520 est.
2158 468 2217 513 ιιι
2234 459 2482 514 antnfuit
2507 461 2738 528 dictum,
2788 464 2873 519 vel
2908 474 3104 521 natura
3124 465 3213 521 vel
3258 465 3449 529 facies.
3517 468 3596 523 si-

2017 561 2113 605 cut
2151 551 2281 606 olim
2317 553 2650 611 rlariﬂcatus
2678 564 2765 611 est
2816 556 3055 630 Moyses,
3123 558 3280 614 faciei
3318 559 3595 614 illumina-

2018 644 2188 704 tione.
2215 645 2475 701 credibile
2504 647 2615 716 jam
2669 657 2832 705 antea
2866 650 3231 708 faciensillud
3281 662 3337 708 et
3361 653 3579 709 transﬂ-

2018 734 2716 805 gurationis'miraculum,
2749 741 2804 796 in
2851 757 2961 811 quo
2988 744 3278 814 plusquam
3308 745 3390 801 sol
3413 744 3595 799 illuxit

2010 828 2294 897 Christus;
2327 833 2506 902 ibique
2528 834 2691 889 simul
2721 843 2912 893 astans
2930 836 3021 891 ille
3041 838 3212 908 magis
3238 838 3429 895 didicit
3454 853 3593 909 quo-

318 915 479 968 modo
509 926 732 978 cuncta,
771 931 1111 984 quaecunque
1138 916 1283 973 Deus
1315 918 1500 984 habet,
1536 918 1637 989 ipsi
1664 919 2030 985 servientibus
2060 922 2370 980 distribuat.
2403 924 2467 979 Et
2491 927 2607 983 hare
2634 928 2853 996 quidem
2884 929 3186 1001 simplicius
3218 931 3286 987 de
3313 934 3501 1001 verbo,
3532 938 3593 990 ut

314 1010 521 1065 dictum
558 1023 662 1073 est.
687 1010 1141 1082 πυρσομορφοῦν.

388 1109 530 1179 φιβ’.
584 1109 797 1170 ’Ἄλλως
852 1109 911 1162 δὲ
966 1109 1047 1170 είς
1098 1111 1379 1181 σωτηρίαν
1442 1113 1831 1179 πυρσομορφοῖ
1882 1112 1911 1165 6

266 1203 444 1285 ’ξυεὸε
503 1206 631 1264 τοὺς
682 1204 903 1273 ἀληθείς
965 1203 1135 1257 αὐτοῦ
1186 1204 1513 1273 λατρευτὰς,
1544 1204 1620 1268 ὡς
1679 1204 1911 1274 μορφῶν

292 1289 407 1351 ’καὶ
438 1296 728 1351 είδι.ποιῶν
755 1296 958 1358 αὐτοὺς
992 1298 1073 1357 τίς
1123 1297 1359 1364 πυρσὸν,
1396 1296 1425 1351 δ
1453 1299 1571 1351 ἔστι
1603 1298 1774 1365 φανὸν
1807 1298 1906 1350 καὶ

249 1371 263 1411 θ
317 1388 566 1455 φρυκτὸν
597 1387 678 1454 τῷ
730 1386 848 1440 δντι
897 1389 1171 1456 σωτήριον
1193 1403 1209 1420 ο
1237 1387 1299 1451 ὃς
1345 1389 1713 1459 προκείμενός
1745 1407 1845 1443 που
1873 1390 1905 1459 ἢ

314 1482 484 1543 viaea
512 1480 545 1551 ἦ
580 1480 682 1547 γῆς
717 1479 1089 1549 παραιγιαλου
1130 1481 1401 1551 σωτήριος
1435 1482 1761 1552 ⁶ιτρολὰμπει
1791 1485 1904 1547 τοῖς

314 1575 347 1642 ἦ
384 1578 508 1642 ἀμφ
532 1574 800 1642 ’γνοοῦσιν
843 1573 980 1626 ὅπου
1011 1574 1372 1645 προέρχονται
1401 1574 1506 1643 γῆς
1538 1573 1571 1643 ἢ
1603 1575 1899 1644 θαλάσσης,

313 1669 346 1737 η
380 1670 740 1735 πτοουμένςις
798 1666 1045 1720 κίνδυνον
1079 1669 1355 1737 προφανῆ.
1389 1667 1638 1722 Τοιοῦτοι
1672 1670 1729 1723 δὲ
1762 1672 1901 1739 πρὸς

311 1761 410 1815 τοῦ
447 1760 586 1813 θεοῦ
630 1766 722 1813 καὶ
773 1761 862 1813 διὰ
898 1761 991 1813 τὸν
1038 1762 1194 1822 Θεὸν,
1228 1764 1324 1814 καὶ
1374 1763 1526 1817 ἄλλοι
1565 1765 1663 1831 μὲν
1717 1765 1905 1833 μυρίοι

310 1854 430 1906 ὅσοι
464 1852 759 1920 ὶλεήμονες
782 1854 988 1905 inium
1029 1852 1128 1922 τὴν
1175 1854 1378 1923 ψυχὴν,
1413 1856 1508 1908 καὶ
1538 1856 1904 1924 ο“κτίρμονεε,

313 1948 413 2000 καὶ
444 1945 782 2012 φιλάδελφοι,
820 1946 916 1998 καὶ
948 1944 1349 2014 φιλάνθρωποι,
1388 1946 1485 1998 καὶ
1534 1946 1642 2015 πρὸ
1685 1946 1907 2000 πάντων

312 2040 587 2105 φιλόθεοι·
624 2038 865 2106 μάλιστα
908 2037 965 2090 δὲ
996 2037 1047 2089 οἱ
1100 2036 1341 2107 βασιλεῖς
1376 2038 1473 2091 καὶ
1525 2037 1575 2091 oi
1616 2039 1908 2109 προσεχῶς

311 2134 613 2205 βασιλικοὶ,
638 2134 734 2186 καὶ
763 2133 812 2184 οί
840 2131 949 2185 τῶν
983 2131 1301 2184 ἐπισκόπων
1340 2133 1397 2185 δὲ
1427 2134 1509 2195 είς
1550 2132 1865 2203 ὑπέρπλεον
1888 2148 1904 2162 ·

311 2223 401 2287 οἷς
443 2228 539 2280 καὶ⁵
591 2228 624 2296 ἡ
668 2226 860 2293 κλῆσις
895 2227 958 2278 ὲκ
1008 2224 1105 2277 τοῦ
1174 2210 1554 2294 περισκοπεῖν,
1609 2228 1706 2279 καὶ
1755 2224 1903 2279 οῦτω

312 2317 619 2384 φυλάσσειν
666 2317 993 2386 κεχάρισται
1017 2331 1030 2345 ·
1065 2313 1117 2367 εί
1173 2317 1379 2385 μήπου,
1413 2316 1551 2384 ὅπερ
1600 2316 1675 2385 μὴ
1716 2316 1902 2388 ἐάσῃς,

313 2405 368 2465 ὦ
402 2408 599 2480 Κύριε.
653 2405 991 2475 γίνεσθαι.ἢ
1051 2405 1260 2475 σφοδρὰ
1312 2407 1570 2474 καταιγὶς
1615 2406 1712 2460 τὸν
1764 2407 1910 2475 λαμ-

316 2504 508 2572 πτῆρα
563 2500 690 2555 νοῦν
730 2500 915 2560 αὐτοῖς
967 2498 1267 2551 ἀποσϐέσει
1305 2498 1401 2551 καὶ
1458 2498 1703 2568 mxumi}
1754 2499 1906 2560 κόνις

313 2594 681 2665 ὲπαχλύσασα
731 2591 953 2661 συγχέαι
1002 2595 1065 2643 τὸ
1117 2590 1345 2644 ὀπτικὸν
1393 2590 1424 2643 ὸ
1472 2592 1769 2660 συγκροτεῖ
1816 2589 1907 2642 τὸν

313 2690 643 2743 ἐπίσκοπον.
672 2683 882 2755 Ὀρθῶς
917 2682 1013 2736 οῦν
1053 2679 1211 2749 οἶμαι
1250 2682 1348 2737 καὶ
1395 2683 1540 2736 οὕτω
1585 2699 1908 2753 πυρσομορ-

316 2781 465 2849 φοῦν
501 2781 720 2847 λέγεται
753 2779 782 2831 6
813 2778 872 2830 ὲν
898 2776 1093 2847 Τριάδι
1128 2775 1259 2839 Θεὸς
1293 2772 1374 2839 είς
1395 2776 1522 2839 τοὺς
1549 2774 1726 2846 ὀρθῶς
1757 2775 1907 2845 αύτῷ

315 2873 711 2942 λατρεύοντας.

398 2974 538 3036 ρκγ’.
575 2965 775 3018 ιἰστέον
809 2963 865 3017 δι
915 2964 998 3017 ὅτι
1036 2962 1237 3016 ταυτὸν
1288 2961 1480 3031 φανὸν,
1527 2962 1620 3015 καὶ
1670 2962 1904 3029 πυρσὸν,

2088 1120 2214 1177 1‘22.
2246 1120 2420 1177 Aliter
2456 1131 2638 1177 autem
2665 1124 2718 1180 in
2755 1123 2988 1179 salutem
3021 1128 3416 1195 πυρσομορφοϊ
3449 1125 3592 1181 Deus

2011 1228 2175 1269 veros
2233 1232 2364 1272 suos
2417 1217 2765 1282 adoratores,
2822 1227 2882 1274 ut
2927 1219 3277 1292 contigurans
3329 1231 3382 1275 et
3409 1220 3593 1290 specie

2014 1309 2265 1364 similans
2320 1310 2441 1366 illos
2497 1311 2563 1366 ad
2605 1311 2838 1383 πυρσόν,
2875 1312 3021 1383 quod
3083 1323 3189 1380 est,
3219 1315 3502 1371 lucernam
3528 1331 3593 1371 ac

2016 1399 2245 1470 pharnm
2277 1414 2466 1457 revera
2503 1402 2835 1470 salutarem;
2875 1419 2996 1474 qua;
3024 1405 3129 1460 sita
3173 1416 3301 1460 ante
3350 1402 3587 1461 insulam

2012 1494 2094 1547 vel
2158 1488 2482 1549 maritimam
2520 1503 2717 1550 terram
2779 1497 3033 1553 salutaris
3101 1499 3365 1567 praelucet
3390 1500 3454 1553 iis
3499 1499 3590 1567 qui

2010 1600 2121 1654 quo
2178 1587 2348 1642 maris
2383 1588 2463 1642 vel
2520 1597 2681 1644 terra:
2725 1590 3145 1660 progrediantur
3210 1593 3460 1649 haesitant
3505 1592 3588 1646 vel

2008 1675 2302 1732 imminens
2329 1678 2626 1746 periculum
2661 1679 3042 1738 reformidant.
3068 1682 3226 1738 Tales
3260 1696 3439 1737 autem
3461 1692 3591 1737 sunt

2010 1784 2039 1822 a
2072 1770 2182 1824 Deo
2210 1781 2265 1824 et
2296 1788 2393 1840 per
2434 1771 2627 1835 Deum,
2680 1786 2793 1828 tum
2822 1775 3040 1844 quidem
3100 1776 3245 1830 mille
3282 1777 3373 1828 alii
3408 1775 3591 1831 animo

2012 1862 2400 1918 misericordes
2451 1872 2505 1919 et
2546 1864 2788 1934 benigni,
2822 1874 2878 1920 et
2938 1864 3167 1919 fratrum
3200 1877 3498 1927 amatores.
3530 1874 3586 1921 et

2011 1952 2257 2017 humani,
2318 1962 2373 2009 et
2434 1965 2561 2011 ante
2611 1956 2794 2010 omnia
2821 1972 2945 2028 erga
2976 1957 3141 2011 Deum
3182 1958 3277 2025 pii,
3315 1959 3407 2012 sed
3442 1976 3585 2027 pne-

2010 2046 2196 2101 sertim
2261 2064 2416 2115 reges
2470 2057 2523 2102 et
2576 2049 2863 2120 propinqui
2918 2052 3197 2120 principes
3254 2061 3307 2105 et
3343 2053 3579 2107 maxime

2009 2141 2101 2208 qui
2130 2140 2192 2192 de
2220 2142 2489 2209 episcopis
2520 2153 2647 2195 sunt
2673 2161 2686 2207 ;
2726 2143 2925 2212 quibus
2957 2159 3155 2199 nomen
3204 2160 3270 2200 ex
3331 2162 3592 2212 περισκο-

2009 2233 2133 2284 πεῖν
2155 2243 2207 2287 et
2234 2236 2314 2289 sic
2340 2234 2619 2287 custodire
2671 2235 2909 2303 gratiose
2934 2235 3196 2291 donatum
3229 2247 3312 2292 est
3335 2252 3349 2305 ;
3385 2240 3428 2293 si
3458 2255 3589 2299 non,

2009 2326 2153 2391 quod
2179 2341 2245 2378 ne
2301 2326 2467 2385 sinas,
2506 2326 2756 2388 Domine,
2808 2325 2946 2389 ﬁeri,
2977 2328 3063 2384 vel
3098 2327 3339 2383 violenta
3376 2339 3589 2397 tempe-

2011 2425 2125 2471 stas
2180 2414 2352 2471 facem
2411 2416 2705 2485 iulg-mem
2741 2419 2875 2488 ipsis
2934 2430 3172 2475 mentem
3211 2428 3268 2475 et
3301 2422 3580 2475 rationem

2011 2511 2341 2579 exstinguet,
2365 2512 2447 2566 vel
2483 2513 2661 2582 pulvis
2692 2513 2996 2570 obscurans
3032 2514 3351 2571 infnndetur
3380 2515 3431 2570 in
3458 2531 3593 2570 ocu-

2011 2601 2122 2656 lum
2167 2603 2259 2670 qui
2309 2603 2595 2659 constituit
2630 2605 2970 2674 episcopnm.
3006 2606 3174 2660 Recte
3206 2606 3402 2675 igitur,
3436 2619 3591 2675 puto,

2009 2698 2089 2751 sic
2112 2695 2274 2750 etiam
2304 2695 2445 2763 ignis
2480 2695 2709 2751 formam
2735 2699 2866 2751 dare
2894 2698 3092 2753 dicitur
3118 2699 3286 2763 Deus,
3326 2698 3379 2753 in
3401 2697 3587 2755 Trini-

2011 2796 2122 2842 tate
2144 2803 2305 2854 unus,
2325 2786 2434 2842 illis
2462 2788 2556 2859 qui
2592 2788 2770 2857 ipsum
2797 2800 2942 2844 recte
2975 2789 3225 2846 adorant.
3354 2778 3357 2783 ’

2084 2967 2207 3024 125.
2223 2967 2513 3022 Sciendum
2531 2957 2615 3023 est
2638 2982 2802 3036 porro
2820 2967 2961 3023 idem
2975 2984 3095 3024 esse
3112 2969 3280 3033 φανὸν
3312 2979 3363 3024 ct
3382 2970 3591 3042 πυρσὸν

316 3062 421 3115 καὶ
455 3059 693 3128 φρυκτόν
718 3074 733 3089 ·
770 3060 865 3113 καὶ
887 3059 916 3110 6
942 3056 1105 3119 φανὸς
1133 3054 1253 3122 μὲν,
1280 3053 1341 3107 ὸν
1372 3054 1466 3107 καὶ
1493 3054 1667 3106 πανὸν
1690 3053 1780 3106 δα
1810 3051 1904 3105 τοῦ

2016 3070 2067 3116 et
2089 3062 2349 3131 φρυκτόν·
2369 3063 2397 3115 6
2422 3060 2591 3130 φανὸς
2623 3060 2866 3128 quidem.
2891 3076 3052 3129 quem
3084 3062 3245 3117 etiam
3282 3064 3451 3115 πανὸν
3471 3080 3592 3132 per-

316 3172 368 3205 ττ
406 3153 681 3220 γράφουσι
741 3149 849 3202 τῶν
896 3164 1044 3210 τινες
1090 3145 1381 3209 παλαιῶν,
1429 3147 1539 3199 ἀπὸ
1589 3147 1682 3198 τοῦ
1730 3145 1909 3212 φαίνω

315 3245 500 3314 φανῶ,
531 3246 593 3296 τὸ
652 3242 876 3310 λάμπω,
926 3243 1179 3308 γίνεταιο
1233 3240 1294 3306 ἐξ
1342 3240 1558 3293 ἐκείνου
1604 3239 1662 3293 δὲ
1716 3238 1909 3305 φανίον

317 3336 766 3407 ὑποκοριστικῶς
794 3336 855 3389 τὸ
890 3337 1021 3403 παρ’
1062 3336 1197 3404 ἡμίν
1237 3335 1529 3403 φανέιριον.
1566 3331 1905 3407 Ὀμωνύμου

316 3434 381 3488 δὲ
408 3432 563 3489 duo;
611 3430 707 3484 τοῦ
739 3430 971 3499 φαίνειν.
1002 3427 1221 3493 ὲλέγετο
1239 3426 1349 3497 γὰρ
1377 3427 1591 3495 φαίνειν
1614 3427 1907 3499 ’Δττικῶς,

316 3529 421 3582 καὶ
479 3526 542 3580 τὸ
594 3523 985 3585 ἐνδείκνυσθαι,
1038 3523 1178 3590 ὅπερ
1230 3516 1300 3592 ἦν
1356 3516 1501 3584 είδος
1565 3526 1907 3595 κατηγορίας

316 3621 664 3686 πιττὰκωμα
695 3616 885 3684 φιλοῦν
915 3615 1173 3683 λέγεσἿαι
1211 3614 1483 3685 δημοτικῇ
1518 3614 1698 3687 λαλιᾷ,
1741 3619 1907 3684 φανὸς

318 3711 643 3768 ἑσκῶπτετό
666 3727 749 3772 τις
774 3709 1036 3776 Ἀθήνῃσι
1079 3705 1245 3759 δικῶν
1278 3706 1654 3775 ὑπογραφεὺς,
1686 3707 1762 3770 ὡς
1816 3704 1907 3762 οἷα

321 3805 536 3877 φαίνων
566 3804 659 3857 καὶ
696 3800 840 3853 οὕτω
885 3800 1140 3869 βλάπτων
1185 3797 1339 3859 τινάς
1365 3812 1382 3831 ·
1411 3796 1505 3850 καί
1537 3814 1656 3858 πως
1684 3796 1845 3869 ἐῴκει
1879 3801 1907 3851 6

320 3898 569 3956 τοιοῦτος
613 3895 692 3963 τῷ
739 3893 1075 3960 συκοφάντῃ,
1122 3889 1151 3942 ὸ
1197 3889 1290 3942 καὶ
1340 3888 1503 3950 αὐτὸς
1553 3889 1618 3940 ἐκ
1667 3888 1761 3941 τοῦ
1814 3890 1908 3941 ἐπὶ

326 3990 513 4043 συκῶν
552 3987 695 4042 οὕτω
741 3986 957 4052 φαίνειν
1009 3983 1325 4051 ὠνόμασται
1351 3996 1367 4013 ο
1401 3982 1496 4033 καὶ
1527 3980 1773 4034 τοιοῦτον
1806 3983 1907 4051 μέν

323 4101 380 4138 τι
407 4084 435 4136 6
459 4081 625 4151 φανὸς
657 4080 928 4149 σωτήριος
962 4075 1039 4129 ὢν
1068 4076 1144 4135 ὡς
1170 4074 1239 4127 τὰ
1272 4072 1446 4129 πολλά
1471 4089 1484 4103 ·
1520 4075 1549 4128 6
1575 4073 1632 4126 δὲ
1667 4075 1907 4144 φρυκτὸς

327 4179 508 4246 φαίνει
557 4174 656 4244 μὶν
703 4172 796 4227 καὶ
842 4170 1028 4232 αὐτὸς,
1059 4168 1379 4237 ὠνόμασται
1410 4166 1468 4219 δὲ
1515 4166 1619 4219 οὐκ
1660 4166 1773 4219 ἀπὸ
1806 4166 1903 4220 τοῦ

324 4269 492 4336 ἔργου
519 4261 581 4321 οὗ
614 4264 707 4318 ἐπὶ
739 4262 985 4333 σωτηρίᾳ
1008 4262 1175 4323 ποιεῖ,
1200 4258 1317 4312 ἀλλ’
1339 4259 1404 4313 ἐκ
1436 4260 1534 4329 τῆς
1559 4257 1906 4312 ύπαναπτού-

327 4378 427 4430 σης
454 4357 618 4413 αὑτὸν
661 4354 819 4423 ῦλης,
855 4353 1003 4423 ἥπερ
1032 4350 1150 4404 ἐστὶ
1202 4349 1567 4421 πεφρυγμένα
1615 4347 1751 4414 ξύλα
1791 4348 1903 4401 εἴτε

2016 3154 2264 3209 scribunt
2311 3161 2555 3206 veterum
2605 3153 2797 3216 τιΙίπιιιῐ,
2857 3168 2886 3206 a
2943 3152 3124 3219 φαίνω
3174 3155 3352 3221 φανῶ,
3413 3154 3463 3208 id
3503 3164 3588 3211 est

2016 3246 2197 3309 luceo,
2227 3247 2391 3300 venit.
2422 3245 2497 3299 Ex
2535 3242 2638 3302 hoc
2693 3260 2877 3302 autem
2919 3247 3249 3301 deminutive
3291 3261 3371 3303 est
3405 3251 3595 3317 φανίον

2015 3338 2158 3404 quod
2182 3339 2324 3407 apud
2382 3354 2482 3393 nos
2516 3346 2600 3393 est
2632 3339 2920 3408 φανάριον,
2958 3339 3362 3412 Homonytnum
3396 3352 3583 3395 autem

2016 3446 2140 3483 cum
2190 3431 2262 3483 sit
2310 3430 2534 3483 verbum
2585 3432 2803 3497 φαίνειν
2851 3431 3158 3499 (dicebatur
3215 3432 3360 3487 enim
3416 3432 3594 3487 Attice

2016 3524 2233 3593 φαίνειν
2270 3524 2614 3579 convincere.
2650 3524 2794 3592 quod
2821 3540 2991 3578 unum
3049 3531 3169 3579 erat
3223 3525 3594 3580 accusationis

2015 3633 2209 3687 genus,
2232 3618 2283 3670 in
2307 3617 2546 3685 p0pulari
2570 3617 2752 3681 lingua
2775 3616 3233 3687 πιττάκωμαιίίεἰ
3258 3620 3589 3683 assuetum),

2016 3709 2185 3776 φανὸς
2217 3708 2447 3763 Athenis
2478 3709 2687 3763 lusorie
2727 3710 3015 3764 dicebatur
3043 3710 3265 3780 quidam
3295 3726 3587 3764 causarum

2017 3798 2292 3863 notarius,
2312 3799 2477 3853 veluti
2506 3798 2816 3853 clariilcans
2844 3808 2898 3853 et
2934 3800 3005 3853 ita
3042 3799 3314 3869 quosdnm
3364 3800 3587 3854 lanlens.

2016 3888 2082 3942 Et
2113 3888 2296 3957 aliquo
2350 3890 2512 3943 modo
2542 3887 2663 3942 talis
2698 3889 3036 3943 assimilatur
3083 3889 3457 3960 sycophantae,
3486 3890 3579 3957 qni

2014 3988 2070 4035 et
2122 3978 2241 4049 ipse
2300 3993 2367 4034 ex
2415 3977 2691 4033 locutione
2758 3980 2851 4031 ἐπὶ
2916 3979 3102 4033 συκῶν
3160 3977 3302 4031 υῦτω
3353 3978 3591 4046 φαίνειν,

2016 4070 2319 4141 appellatus
2345 4080 2447 4126 est.
2486 4070 2551 4125 Et
2592 4070 2664 4124 ita
2703 4072 2921 4141 quidem
2951 4082 3035 4127 est
3064 4072 3389 4142 plerumque
3422 4072 3591 4140 φανὸς

2017 4166 2289 4235 σωτήριος
2316 4179 2332 4196 ·
2360 4164 2602 4233 φρυκτὸς
2636 4167 2798 4218 etiam
2842 4165 2961 4235 ipse
2989 4164 3195 4233 φαίνει.
3235 4164 3329 4220 sed
3364 4177 3594 4219 vocatur

2015 4272 2123 4310 non
2158 4256 2226 4309 ab
2286 4270 2473 4324 Opere,
2505 4255 2594 4310 ubi
2636 4257 2953 4311 salutariter
2978 4258 3110 4325 agit,
3136 4257 3231 4311 sed
3265 4272 3327 4311 ex
3362 4257 3590 4311 materia

2014 4348 2191 4417 ipsum
2209 4349 2560 4409 accendente,
2592 4363 2713 4416 qua:
2737 4358 2821 4403 est
2847 4348 3142 4403 torrefacta
3177 4349 3321 4417 ligna
3357 4357 3593 4420 (πεφρυ-

324 4457 421 4508 καὶ
482 4448 758 4519 φρύγανα,
816 4444 913 4498 καὶ
967 4442 1281 4509 παράγεται
1340 4440 1448 4493 ἀπὸ
1513 4439 1751 4508 θέματος
1808 4438 1905 4492 τοῦ

2016 4441 2196 4510 γμὲνα
2233 4440 2387 4510 ξύλα)
2416 4440 2531 4494 sive
2562 4442 2767 4493 cremia
2798 4439 3103 4511 (φρύγανα)
3143 4449 3199 4494 et
3220 4440 3513 4495 deducitur
3562 4456 3591 4493 a

326 4545 522 4616 φρύγω
558 4537 859 4611 φρύξω,ὲξ
914 4529 978 4590 οῦ
1034 4535 1185 4605 ῥῆμα
1236 4534 1579 4613 πεφρυκται,
1634 4532 1762 4585 ὅθεν
1815 4532 1911 4585 καὶ

325 4636 567 4708 φρυκτὸς
596 4635 625 4687 6
660 4631 868 4703 ῥηθεὶς,
892 4629 987 4684 καὶ
1015 4627 1361 4699 φρύιιτωρον,
1393 4627 1487 4680 καὶ
1522 4627 1846 4698 φρυκτωρία
1878 4628 1911 4696 η

324 4729 471 4783 κατὰ
523 4726 616 4780 τὸν
664 4723 906 4795 φρυκτὸν
962 4719 1202 4791 φυλακὴ,
1238 4719 1314 4781 ὡς
1367 4719 1477 4773 ἀπὸ
1518 4719 1615 4772 τοῦ
1676 4718 1805 4789 ὠρῶ
1851 4717 1913 4770 τὸ

329 4821 614 4887 φυλάσσω.
646 4817 908 4870 Τοιοῦτον
958 4814 1014 4866 δὲ
1058 4812 1212 4873 ὄντος
1262 4812 1355 4863 καὶ
1390 4810 1483 4863 τοῦ
1515 4808 1786 4878 φρυκτοῦ,
1816 4808 1914 4861 καὶ

326 4914 437 4968 τῶν
465 4912 524 4978 ἐξ
566 4907 758 4970 αὑτοῦ,
787 4907 816 4960 6
848 4905 1055 4974 πυρσὸς
1101 4902 1525 4973 γνωριμώτερον
1576 4901 1673 4970 μὲν
1716 4900 1912 4966 ὲξωνό-

329 5020 556 5075 μισται,
591 5001 651 5054 ού
691 4999 798 5070 μὴν
850 4997 1069 5050 κάλλιον
1099 4995 1244 5065 ἥπερ
1278 4993 1306 5046 6
1355 4990 1524 5060 φανός
1550 5005 1566 5022 ⁶
1614 4989 1712 5042 καὶ
1760 4989 1912 5041 ἐστιν

324 5098 504 5150 εἰπεῖν
538 5094 613 5157 ὡς
665 5090 1019 5163 πορρώτερον
1076 5088 1176 5158 μὲν
1228 5083 1321 5138 τοῦ
1369 5082 1512 5137 κατὰ
1558 5083 1659 5151 τὴν
1692 5081 1913 5153 εὕρεσιν

324 5186 439 5240 τῶν
471 5186 637 5256 τριῶν
665 5182 867 5237 σκοποῦ
891 5185 919 5233 6
950 5182 1209 5251 φρυκτὸς,
1242 5178 1350 5231 ἀπὸ
1396 5174 1530 5243 ὕλης
1577 5173 1911 5243 όννομασθεὶς

328 5278 404 5339 ῶς
434 5277 716 5345 προσεχῶς
759 5275 958 5346 ἐρρέθη
982 5288 995 5301 ·
1038 5270 1340 5339 ἐγγύτερον
1383 5269 1441 5321 δὲ
1482 5268 1511 5320 6
1547 5267 1780 5334 πυρσὸς,
1819 5260 1909 5319 οἷα

333 5370 445 5438 πῦρ
495 5371 625 5422 αὐτὸ
676 5368 754 5420 ῶν
785 5364 1148 5417 amemus»
1206 5363 1268 5413 ὲκ
1316 5363 1414 5429 τῆς
1447 5358 1704 5427 τοιαύτης
1745 5357 1911 5427 ὖληςο

333 5460 414 5512 ἔτι
458 5460 516 5512 δι
566 5463 751 5525 ἐγγιον
780 5461 809 5509 6
852 5460 1043 5522 φανὸς,
1070 5448 1158 5508 οἷα
1190 5454 1339 5520 παρὰ
1392 5452 1452 5502 τὸ
1506 5452 1718 5518 φαίνειν
1753 5451 1909 5516 γενό-

332 5569 514 5622 μενος,
545 5546 608 5605 οὗ
640 5552 826 5604 ἕνεκεν
880 5549 975 5604 καὶ
1030 5546 1101 5599 τὰ
1149 5543 1403 5614 φρύγανα
1440 5541 1711 5609 συνῆκται
1758 5542 1851 5593 καὶ
1885 5543 1914 5595 ὀ

332 5645 541 5713 πυρσὸς
569 5644 805 5715 ἀνῆπται
847 5642 923 5705 ὡς
953 5638 1243 5709 φαίνεσθαι
1275 5639 1388 5701 τοίς
1419 5632 1739 5702 ἀναγκαίως
1775 5633 1909 5704 χρῄ-

328 5734 506 5801 ζουσι.

2019 4533 2259 4588 themate
2282 4532 2477 4602 φρύγω
2511 4531 2725 4603 φρύξω,
2758 4547 2824 4587 ex
2870 4547 2980 4599 quo
3011 4531 3195 4586 dictus
3220 4530 3483 4601 φρυκτὸς,
3541 4539 3595 4583 et

2017 4624 2370 4695 φρύκτωρον,
2397 4635 2451 4678 et
2488 4623 2834 4694 φρυκτωρία,
2868 4638 2989 4691 qua!
3045 4632 3129 4677 est
3162 4621 3461 4676 secundum
3495 4626 3595 4676 ob-

2016 4718 2341 4773 servationis
2388 4717 2559 4772 facem
2607 4716 2878 4781 custodia,
2948 4717 3096 4771 velut
3145 4716 3215 4770 ab
3265 4714 3397 4788 ὼρῶ
3447 4717 3592 4785 quod

2015 4820 2102 4866 est
2132 4811 2415 4878 φυλάσσω.
2470 4810 2625 4865 Talia
2662 4824 2787 4865 cum
2837 4811 2952 4864 sint
3006 4817 3060 4863 et
3086 4807 3309 4861 verbum
3334 4813 3594 4879 φρυκτὸς,

2014 4913 2070 4957 et
2125 4901 2288 4955 Verba
2325 4917 2448 4969 qua:
2496 4902 2565 4956 ab
2624 4902 2728 4957 isto
2776 4902 3026 4961 veniunt,
3083 4904 3110 4955 6
3144 4902 3354 4972 πυρσὸς
3394 4903 3596 4971 saepius

2016 4991 2354 5055 nominatur,
2380 5006 2485 5045 non
2512 5000 2692 5046 autem
2719 4992 2999 5061 pulchrius
3026 5001 3110 5046 est
3138 5008 3301 5059 quam
3336 4994 3364 5044 6
3398 4991 3592 5061 φανός.
3682 5014 3687 5017 έ

2020 5081 2321 5136 Dicendum
2349 5089 2529 5135 autem
2564 5079 2713 5149 quod
2746 5079 2814 5133 ab
2844 5068 3173 5133 inventionis
3201 5079 3374 5132 trium
3402 5092 3589 5147 scopo,

2015 5172 2045 5225 6
2066 5171 2332 5244 φρυκτὸς,
2348 5186 2378 5226 a
2404 5170 2629 5226 materia
2647 5170 2965 5226 nominatus
2987 5180 3046 5224 ut
3070 5170 3316 5239 proxime
3340 5168 3594 5226 vidimus.

2010 5264 2236 5333 longius
2257 5264 2454 5317 abest:
2492 5261 2714 5331 propius
2748 5270 2927 5316 atlletu
2965 5272 3049 5315 est
3088 5263 3115 5313 6
3138 5259 3365 5327 πυρσὸς,
3402 5264 3592 5323 utpote

2015 5356 2106 5425 qui
2139 5356 2278 5426 ignis
2313 5355 2427 5423 ipse
2447 5365 2550 5414 est,
2593 5370 2659 5407 ex
2701 5351 3011 5424 hujusmodi
3054 5348 3278 5404 materia
3325 5345 3592 5408 cili-ctus;

2021 5450 2266 5519 proxime
2325 5463 2453 5502 vero
2498 5448 2628 5501 est6
2658 5448 2848 5516 φανὸς,
2880 5457 2939 5499 ιιι
2984 5462 3011 5498 a
3043 5444 3209 5498 verbo
3259 5444 3472 5509 φαίνειν
3507 5452 3594 5490 ve-

2018 5545 2194 5604 niens,
2220 5542 2378 5610 cujus
2401 5555 2564 5596 causa
2617 5540 2820 5593 cremia
2873 5534 3281 5592 succenduntur
3309 5541 3363 5587 et
3393 5532 3421 5584 6
3460 5544 3597 5599 πνρ-

2019 5635 2111 5699 σὸς
2141 5633 2479 5698 accenditur,
2504 5643 2564 5688 ut
2590 5632 2790 5702 quibus
2824 5638 2910 5687 est
2941 5641 3084 5699 opus
3103 5628 3301 5683 luceat.
