3996 6194
361 341 466 401 (Si?

1060 338 1484 401 EUSTATHII
1531 331 2308 398 THESSALONICENSIS
2343 321 2909 391 METROPOLITE

3545 317 3644 381 848

370 471 548 511 utens.
581 455 708 511 Ideo
743 471 887 526 smpe
923 457 1165 527 linguam
1200 456 1472 510 admovet.
1499 453 1580 508 Ad
1618 453 1790 520 illam,
1818 451 1959 505 indi-

2099 447 2258 501 εκτὺν
2311 443 2463 516 αὐτῷ
2489 461 2504 477 ο
2542 442 2624 497 διδ
2652 444 2748 498 καὶ
2775 441 2949 513 συχνὰ
2985 438 3122 510 πρὸς
3182 437 3322 506 αὐτῇ
3387 437 3502 504 ἔχει
3551 439 3645 506 τὴν

370 547 695 600 cantemhic
727 547 890 598 etiam
921 545 972 598 in
1025 544 1131 598 ﬁne
1179 559 1366 608 nexus,
1428 546 1512 598 vel
1563 544 1707 613 quod
1759 552 1950 594 natura

374 654 560 691 verum
591 646 694 698 est,
730 637 812 690 vel
847 636 994 706 quod
1021 645 1106 692 est
1132 637 1285 707 juxta
1309 637 1568 706 speciem,
1605 645 1662 688 ut
1685 636 1758 688 sit
1779 634 1953 700 γλωσ-

376 731 829 802 συπυρσόμορφος
867 730 1062 798 gratia,
1099 744 1222 799 quae
1249 743 1345 797 per
1374 727 1572 783 rubras
1589 727 1802 796 linguas
1819 740 1956 780 con-

382 826 608 893 figurata
631 833 715 878 est
737 823 1038 878 secundum
1068 823 1370 892 exemplar,
1404 831 1458 875 et
1483 823 1556 876 ita
1585 821 1776 874 luntini
1808 820 1956 889 facta

375 917 591 979 similis,
656 917 722 970 ad
793 915 962 969 divini
1024 915 1248 970 luminis
1299 913 1694 977 ostensionem,
1753 911 1954 983 πυρσῷ

377 1009 698 1076 simpliciter
726 1017 949 1077 acoepto
981 1022 1078 1075 pro
1111 1007 1317 1061 lumine
1340 1023 1356 1073 ;
1381 1006 1503 1060 aliis
1541 1018 1722 1060 autem
1753 1007 1953 1068 verbis,

381 1102 770 1168 πυρσόμορφος
798 1108 882 1151 est
911 1100 1010 1152 ista
1041 1101 1241 1167 gratia,
1277 1114 1398 1167 quae
1440 1098 1703 1168 πυρωπός
1769 1099 1958 1168 sicque

383 1192 551 1243 facem
586 1197 698 1242 tum
737 1191 969 1254 imitata,
1028 1190 1239 1258 linguas
1279 1189 1478 1258 ignitas
1529 1191 1906 1257 configurabat
1938 1205 1954 1253 ;

383 1282 585 1351 quilms
617 1281 839 1351 linguis,
873 1281 1044 1352 ignari
1073 1281 1292 1349 quidem
1351 1280 1479 1335 facti
1512 1283 1810 1350 sapientes.
1844 1297 1958 1336 ser-

384 1387 573 1427 mones
635 1374 806 1427 bonos
861 1383 914 1426 et
979 1389 1103 1426 vere
1157 1372 1434 1442 sapientes
1481 1383 1537 1426 et
1587 1373 1960 1427 divinissimos

385 1467 821 1528 adinvenerunt,
863 1464 1167 1532 philosophi
1206 1479 1355 1528 vero,
1390 1465 1697 1519 adhaarente
1754 1468 1960 1535 gutturi

385 1561 649 1628 cujusque
681 1558 884 1627 lingua,
913 1558 1095 1612 inania
1139 1559 1572 1611 ltalliutirerunt.

779 1649 1091 1717 Troparium
1129 1651 1148 1702 l
1186 1649 1300 1703 orla:
1352 1651 1570 1718 quium.

527 1744 676 1798 Sicut
709 1745 931 1811 dignum
967 1743 1348 1810 voluttsponle
1379 1759 1476 1795 sua
1511 1743 1824 1803 liberaliter,

457 1836 687 1888 Domino
724 1850 917 1888 carens
949 1834 1230 1888 descendit
1258 1833 1493 1902 Spiritus
1529 1851 1557 1888 a
1588 1836 1744 1888 Patre
1766 1875 1782 1898 .

460 1925 745 1994 Sapientes
785 1925 990 1979 faciens
1024 1925 1076 1977 in
1113 1925 1314 1992 linguis
1349 1926 1650 1994 apostolos,

461 2020 718 2087 Sigillans
746 2018 800 2072 in
829 2017 934 2070 illis
968 2016 1268 2069 vitmferum
1301 2018 1549 2077 verbum.

459 2111 502 2163 Α
537 2110 696 2163 Patre
729 2107 1033 2178 pariformi,
1075 2107 1220 2177 quod
1255 2108 1506 2162 Salvator
1534 2092 1690 2162 dixit.

463 2203 586 2255 15$.
615 2203 669 2254 ln
708 2205 807 2254 hac
855 2203 1080 2269 strepha
1138 2201 1312 2255 sancti
1352 2200 1585 2270 Spiritus
1638 2201 1960 2256 descensum

393 2292 769 2361 pitiiUSOpilicc
793 2299 993 2343 tractat
1016 2299 1197 2358 poeta,
1221 2292 1423 2343 docens
1457 2290 1600 2359 quod
1629 2305 1738 2344 non
1797 2291 1968 2344 servi-

393 2382 514 2433 liter
540 2382 775 2448 desuper
799 2381 1004 2433 missus
1041 2389 1123 2432 est
1147 2378 1212 2431 ad
1241 2380 1516 2447 apostolos
1548 2380 1601 2432 in
1620 2380 1962 2434 ethnicorum

391 2481 846 2542 congregaturqu
879 2470 1187 2530 utilitatem,
1244 2470 1360 2534 sed,
1419 2470 1616 2539 inquit,
1651 2471 1793 2524 sicut
1832 2474 1968 2527 bene

395 2564 616 2634 placuit,
652 2563 874 2633 preprio
898 2578 1029 2616 Sane
1095 2551 1294 2630 placito
1347 2563 1732 2632 communique
1765 2575 1968 2620 saneta:

395 2656 670 2718 Triuitati,
701 2670 887 2709 verum
915 2653 1076 2708 etiam
1106 2663 1298 2722 Sptmlt‘,
1339 2669 1438 2707 sua
1474 2656 1746 2725 plenaque
1779 2658 1967 2712 volun-

397 2759 505 2802 tate
539 2763 566 2800 a
603 2746 763 2800 Patre
789 2745 1092 2810 descendit,
1118 2746 1407 2814 siquidem.
1438 2756 1496 2799 ut
1519 2748 1657 2800 idem
1687 2748 1964 2816 placitum,

396 2841 476 2894 sic
505 2854 724 2908 quoque
757 2847 994 2905 potestas
1019 2837 1206 2890 eadem
1231 2851 1294 2890 ac
1335 2836 1476 2890 idem
1511 2838 1823 2892 dominatus
1887 2847 1970 2893 est

396 2923 450 2986 et
475 2932 622 2985 Patri
649 2935 809 2984 talem
862 2931 1184 2982 descensqu
1245 2929 1646 2998 comprobanti,
1701 2929 1968 2998 Filioque,

2059 539 2337 607 γλῶσσαν,
2367 537 2605 608 δηλούσῃ
2638 535 2734 588 καὶ
2760 532 2996 586 ἐνταῦθα
3030 534 3088 584 ὲν
3119 529 3197 599 τῷ
3223 529 3368 582 τέλει
3405 528 3500 581 τοῦ
3533 528 3648 596 εἱρ-

2066 629 2191 701 μοῦ,
2233 629 2352 699 ἢτὸ
2387 627 2549 696 φύσει
2589 625 2813 696 ἀληθὲς,
2839 625 2870 693 ῆ
2901 623 2960 676 τὸ
3020 622 3162 676 κατὰ
3216 619 3378 683 εἶδος,
3415 620 3506 674 ἵνα
3561 619 3646 691 εἴη

2056 721 2694 791 γλωσσοπυρσόμορφος,
2719 720 2753 788 ὴ
2805 717 2894 770 διὰ
2922 716 3148 786 πυρσῶν
3185 713 3452 781 γλωσσῶν
3509 730 3642 783 μορ⁶

2059 815 2331 882 φασθεῑσα
2365 813 2502 882 πρὸς
2538 811 2788 880 ῐνδαλμα,
2821 809 2899 872 ὡς
2926 809 3077 877 ἐξῆν,
3117 805 3209 859 καὶ
3246 804 3393 857 οὕτω
3423 821 3652 871 φωτοει-

2058 905 2152 973 δὴς
2183 905 2322 974 πρὸς
2352 902 2581 967 ἔνδειξιν
2623 902 2902 956 Θειοτὰτου
2963 897 3166 965 φωτὸς,
3233 896 3652 965 λαμϐανομένου

2059 995 2154 1049 τοῦ
2196 995 2407 1066 πυρσοῦ
2435 994 2621 1056 ἁπλῶς
2655 994 2778 1046 ἀντὶ
2815 992 2995 1060 φωτός
3022 1008 3038 1024 ·
3075 990 3168 1042 καὶ
3196 988 3375 1050 ἄλλως
3398 986 3454 1038 δὲ
3509 987 3654 1054 φρά-

2063 1106 2150 1141 σαι
2185 1091 2578 1156 πυρσὸμορφος
2608 1085 2924 1154 Πνεύματος
2958 1085 3135 1153 χάρις,
3173 1083 3206 1152 ἡ
3265 1080 3531 1151 πυρωπδς
3561 1079 3656 1130 καὶ

2061 1180 2205 1234 οὕτω
2237 1182 2443 1251 πυρσὸν
2484 1182 2604 1233 τότε
2638 1179 3119 1248 ἰνδάλλουσα,ἥτις
3151 1178 3245 1230 καὶ
3271 1176 3523 1243 γλώσσας
3556 1191 3661 1224 πυ-

2065 1273 2218 1342 ρίνοις
2247 1273 2552 1340 ἐμόρφαζεο
2572 1273 2638 1323 δι’
2658 1266 2732 1323 ῶν
2757 1272 3018 1339 γλωσσῶν
3042 1271 3397 1338 ἀγράμματοι
3425 1265 3526 1334 μὲν
3570 1281 3662 1316 σο-

2065 1365 2370 1432 φισθέντες,
2414 1366 2610 1433 λόγους
2659 1364 2898 1432 ἀγαθοὺς
2932 1362 3027 1416 καὶ
3072 1362 3150 1429 τῷ
3189 1363 3303 1412 όντι
3335 1357 3533 1425 σοφοὺς
3558 1356 3664 1408 καὶ

2063 1453 2371 1515 θειοτάτονς
2397 1454 2760 1523 ἐξηρεύξαντο
2783 1469 2798 1484 ⁸
2820 1451 3098 1519 φιλόσοφοι
3121 1450 3176 1501 δὲ
3197 1447 3554 1516 κολληθεξσης
3576 1443 3664 1512 τῷ

2063 1545 2298 1613 λάρυγγι
2353 1545 2452 1611 τῆς
2502 1545 2754 1614 γλώσσης
2807 1546 3045 1614 ἑκάστῳ,
3106 1545 3235 1594 κενᾶ
3265 1539 3662 1606 ὲϐαττὰρισαν.

2254 1635 2580 1704 Τροπάριον
2599 1636 2837 1703 πρῶτον
2857 1635 2967 1702 τῆς
2991 1635 3270 1701 πέμπτης
3291 1629 3474 1699 ᾠδῆς.
3551 1655 3566 1665 ι

2001 1707 2038 1759 Β
2077 1725 2188 1779 XII.
2248 1725 2442 1787 Καθὼς
2476 1745 2582 1795 περ
2610 1729 2903 1794 εὐδόκησεν
2934 1725 3295 1787 αὐτεξουσίως

2267 1821 2592 1872 Ἀδέσποτον
2625 1821 2840 1872 κάτεισι
2879 1818 3102 1886 Πνεῦμα
3145 1814 3440 1884 πατρόθεν,

2254 1911 2486 1980 Σοφίζον
2519 1911 2578 1965 ὲν
2609 1911 2888 1982 γλώσσῃσι
2917 1912 3046 1973 τοὺς
3075 1909 3429 1971 ἀποστόλους,

2269 2003 2700 2072 Ἐπισφραγίζον
2729 2004 2818 2056 τὸν
2854 2004 3145 2075 φερέσϐιον
3181 2002 3344 2070 λόγον

2261 2097 2607 2165 Πατροσθενῆ
2639 2097 2961 2167 ξύμμορφον
2990 2098 3047 2150 ὃν
3075 2094 3266 2165 Σωτὴρ
3287 2096 3414 2163 ἔφη.

2156 2188 2283 2257 ρλδ’.
2314 2191 2342 2240 'l
2361 2189 2424 2259 ὴν
2453 2189 2547 2242 τοῦ
2571 2190 2729 2252 ἁγίου
2758 2192 3072 2256 Πνεῦματος
3102 2191 3129 2241 ὁ
3161 2187 3397 2257 μελῳδος
3437 2184 3668 2254 φιλοσο-

2083 2285 2173 2348 φεῖ
2191 2283 2410 2335 κάθοδον
2429 2285 2484 2336 ἐν
2503 2283 2580 2352 τῷ
2607 2284 2946 2352 ἀνακειμένῳ
2966 2283 3266 2350 τροπαρῖῳ,
3287 2279 3557 2332 διδάσκων
3577 2279 3674 2330 ὅτι

2083 2374 2144 2424 οὑ
2173 2373 2431 2435 δουλικῶς
2455 2375 2712 2442 ἐπέμφθη
2740 2373 2952 2427 ἄνωθεν
2994 2377 3072 2436 εἰς
3102 2376 3229 2434 τοὺς
3265 2373 3512 2441 μαθητὰς
3571 2371 3671 2422 ἐπ’

2084 2467 2354 2534 ὠφέλειαν
2375 2468 2483 2519 τῶν
2508 2466 2938 2536 συνειλεγμένων
2959 2465 3210 2528 ἐθνικῶν,
3232 2465 3367 2518 ἀλλὰ
3385 2464 3675 2532 καθάπερ,

2088 2561 2276 2628 φησὶν,
2304 2560 2618 2627 εὐδόκησεν,
2649 2560 2756 2631 ίδίᾳ
2779 2578 2839 2614 τε
2889 2560 3090 2631 δηλαδὴ
3121 2559 3339 2631 εὐδοκία
3373 2559 3465 2612 καὶ
3505 2561 3676 2629 κοινῇ

2083 2650 2138 2703 δὲ
2169 2651 2308 2706 κατὰ
2332 2652 2428 2712 τὴν
2461 2653 2621 2719 ἁγίαν
2671 2654 2898 2722 Τριάδα,
2951 2652 3086 2705 ἀλλὰ
3151 2654 3248 2705 καὶ
3298 2648 3680 2714 αὐτεξουσίως

2089 2744 2184 2795 καὶ
2212 2743 2509 2796 ἀδέσποτον
2541 2744 2867 2814 κατέρχεται
2905 2742 3174 2813 πατρόθεν
3197 2757 3212 2773 ο
3244 2743 3320 2805 ὡς
3346 2744 3445 2809 τῆς
3492 2739 3680 2810 αὐτῆς

2086 2835 2229 2888 καθὰ
2263 2835 2513 2898 εὐδοκίας
2561 2835 2705 2888 οὕτω
2761 2835 2854 2888 καὶ
2907 2835 3154 2900 ἐξουσίας
3204 2833 3298 2888 καὶ
3348 2830 3686 2894 δεσπ.τείας

2087 2925 2272 2996 οὔσης,
2308 2927 2497 2997 καὶτῷ
2521 2929 2620 2995 τὴν
2651 2926 2912 2997 τοιαύτην
2949 2926 3176 2982 κάθοδον
3227 2923 3608 2992 συναποδεχψ.
3621 2925 3686 2976 ἐ-

401 3039 466 3077 ac
491 3024 692 3092 pariter
715 3031 904 3075 sancto
929 3019 1183 3090 Spiritui.
1218 3019 1504 3074 Descendit
1535 3031 1737 3087 autem,
1777 3023 1973 3090 inquit,

2091 3039 2160 3090 νῳ
2199 3021 2394 3090 Πατρὶ,
2427 3021 2520 3073 καὶ
2551 3019 2626 3091 τῷ
2657 3019 2768 3089 Υίῷ
2800 3019 2858 3072 δὲ
2879 3019 3069 3090 ὥσπερ
3099 3021 3192 3072 καὶ
3224 3018 3302 3088 τῷ
3328 3018 3470 3086 ἁγίῳ
3493 3017 3684 3071 Πνεύπ

403 3117 662 3170 erudiens
691 3117 742 3165 in
776 3113 996 3182 linguis,
1031 3113 1146 3165 sive
1166 3126 1262 3181 per
1292 3113 1503 3178 linguas
1526 3113 1743 3182 ignitus,
1781 3115 1979 3182 quibus

404 3205 815 3275 signiﬁcabatur
862 3203 1100 3271 Spiritus
1156 3210 1416 3264 sanctus,
1464 3202 1760 3270 apostolos,
1819 3213 1982 3272 atque

375 3304 628 3364 -doc«,-ns,
690 3311 786 3350 seu
841 3294 1179 3348 confirmans
1245 3293 1588 3347 salutiferam
1646 3309 1980 3359 sermonem,

403 3407 564 3462 quem
636 3389 885 3442 Salvator
947 3387 1103 3451 dixit,
1160 3384 1274 3439 sive
1327 3399 1631 3438 sermonem
1690 3385 1985 3441 Salvatoris

403 3482 633 3543 Clu-isti.
663 3481 930 3538 veraciter
961 3477 1320 3530 allirmantctu
1355 3489 1643 3530 venturum
1670 3494 1790 3532 esse
1818 3477 1984 3531 Para-

405 3575 627 3631 rletum.
672 3571 936 3640 Spiritum
971 3568 1236 3634 veritatis,
1280 3568 1334 3621 in
1381 3570 1681 3637 apostolos,
1713 3578 1768 3623 et
1823 3569 1986 3622 indu-

409 3673 623 3715 rutrum
689 3677 784 3715 eos
832 3661 884 3714 in
939 3675 1157 3715 omnem
1214 3662 1523 3714 veritatem.
1569 3659 1753 3714 Talem
1805 3673 1985 3714 autem

413 3755 536 3810 Filii
570 3768 876 3808 sermonem
907 3755 1070 3808 etiam
1123 3751 1468 3824 πατροσθενῆ
1498 3763 1672 3817 vocat,
1729 3763 1986 3822 tanquam

409 3849 606 3902 exinde
640 3848 744 3900 vim
774 3847 1024 3901 ellicacia:
1050 3856 1324 3901 tenentem
1349 3861 1364 3911 ;
1395 3855 1451 3899 et
1476 3843 1800 3915 ξύμμορφον
1843 3844 1986 3900 veri.

413 3953 544 4006 tate,
587 3943 702 3998 sive
729 3941 820 3994 isti
853 3941 1028 3994 Verbo
1050 3949 1104 3993 et
1137 3937 1297 4003 Filio,
1352 3939 1446 4008 qui
1475 3947 1563 3993 est
1601 3939 1717 4006 ipsa
1770 3939 1988 4003 veritas,

414 4038 530 4091 sive
605 4032 805 4102 aequali
858 4034 1024 4097 Patri,
1060 4033 1179 4088 loco
1234 4031 1493 4084 dictionis
1544 4033 1790 4101 συμφυῆ,
1839 4034 1993 4100 juxta

420 4126 787 4194 significatum
874 4122 1111 4190 μορφῆς,
1188 4125 1331 4190 quod
1417 4133 1668 4176 naturain
1751 4124 1990 4190 indicat;

419 4234 546 4270 nam
623 4213 805 4268 munia
881 4228 1222 4282 quacunque
1294 4224 1472 4280 potest
1544 4215 1688 4268 Deos
1734 4225 1789 4267 et
1848 4231 1996 4284 qua:-

420 4321 640 4374 cunque
672 4305 939 4358 naturalia
977 4313 1116 4358 sunt
1155 4303 1233 4367 ei,
1262 4302 1388 4356 Filii
1413 4318 1629 4372 quoque
1654 4315 1804 4358 sunt.
1841 4304 1998 4359 Vide-

2087 3129 2218 3181 p.th
2248 3129 2262 3142 ·
2299 3113 2628 3184 κατέρχεται
2677 3112 2757 3179 δὲ,
2816 3116 2973 3182 φησὶ,
3025 3110 3246 3180 σοφίζον
3277 3113 3334 3163 ὲν
3365 3109 3681 3177 γλώσσαις,

2087 3204 2254 3273 ἤγουν
2291 3202 2379 3255 διὰ
2412 3203 2676 3268 γλωσσῶν
2708 3203 2971 3272 πυρίνωι,
3002 3199 3090 3265 αἷς
3119 3203 3182 3256 τὸ
3228 3203 3387 3270 ἆγιον
3433 3204 3683 3270 ἐσημαί-

2087 3311 2208 3347 νετο
2238 3295 2486 3364 Πνεῦμα,
2541 3296 2671 3358 τοὺς
2725 3295 3064 3357 ἀποστόλους
3127 3297 3222 3349 καὶ
3267 3295 3684 3366 ὲπισφραγίζον

2084 3388 2204 3458 ἦτοι
2234 3386 2485 3457 βεϐαιοῦν
2511 3386 2601 3440 τὸν
2640 3386 2933 3458 φερέσϐιον
2961 3387 3144 3455 λόγον,
3171 3387 3231 3440 ὃν
3259 3391 3288 3442 ό
3321 3388 3514 3458 Σωτὴρ
3539 3388 3682 3457 ἔφη,

2086 3481 2253 3550 ῆγουν
2283 3481 2375 3533 τὸν
2403 3479 2500 3532 τοῦ
2525 3479 2776 3550 Σωτῆρος
2807 3478 3069 3548 Χριστοῦ,
3102 3481 3195 3533 τὸν
3224 3479 3443 3551 ἀληθῶς
3481 3482 3682 3534 sinov-

2087 3572 2502 3626 ταὲλεύσεσθαι
2537 3572 2627 3625 τὸν
2653 3573 3034 3644 Παράκλητον,
3065 3572 3126 3625 τὸ
3162 3571 3390 3644 Πνεῦμα
3420 3577 3518 3644 τῆς
3543 3575 3685 3646 ἁλη-

2091 3665 2240 3728 θείας
2271 3666 2363 3719 ἐπὶ
2391 3668 2520 3730 τοὺς
2553 3665 2823 3737 μαθητὰς,
2862 3667 2956 3719 καὶ
3007 3666 3300 3737 ὁδηγήσειν
3345 3667 3549 3730 αὐτοὺς
3599 3671 3683 3732 εἰς

2094 3759 2271 3810 πᾶσαν
2293 3758 2574 3828 ἀλήθειαν.
2603 3757 2709 3812 Τὸν
2772 3758 2829 3811 δὲ
2882 3757 3124 3812 τοιοῦτον
3170 3759 3267 3812 τοῦ
3320 3758 3452 3813 Υἱοῦ
3513 3758 3684 3828 λόγον

2095 3849 2188 3900 καὶ
2239 3847 2587 3918 πατροσθενῆ
2646 3847 2928 3918 ὀνομάζει,
2983 3849 3061 3912 ὡς
3109 3849 3324 3904 ἐκεῖθεν
3372 3849 3573 3920 ἔχοντα
3621 3852 3683 3904 τὸ

2094 3942 2217 3995 κατ’
2249 3942 2536 4011 ἐνέργειαν
2563 3941 2768 4007 σθένος,
2795 3942 2889 3994 καὶ
2911 3940 3238 4012 ξύμμορφον
3263 3942 3352 3996 διὰ
3389 3943 3490 4012 τὴν
3544 3943 3686 4013 ἁλή-

2097 4035 2269 4098 θειαν,
2303 4033 2336 4101 ἢ
2367 4034 2561 4103 ἐκείνῳ
2598 4032 2676 4103 τῷ
2698 4035 2860 4105 Λόγῳ
2888 4035 2983 4087 καὶ
3016 4033 3130 4104 Υίῷ
3161 4037 3227 4104 τῇ
3286 4034 3680 4106 αὐτοαληθείᾳ,

2095 4127 2129 4196 ῆ
2157 4125 2237 4196 τῷ
2277 4127 2378 4194 ῐσῳ
2401 4126 2577 4196 Πατρί
2603 4141 2619 4156 ο
2645 4127 2768 4179 ἀντὶ
2805 4125 2900 4179 τοῦ
2933 4128 3183 4196 συμφυῆ,
3207 4127 3350 4183 κατὰ
3379 4127 3439 4180 τὸ
3470 4143 3685 4197 σημαι-

2097 4218 2324 4287 νόμενον
2354 4220 2455 4287 τῆς
2487 4217 2724 4288 μορφῆς,
2759 4216 2788 4269 ὃ
2819 4217 3102 4287 τὴνφύσιν
3125 4219 3281 4289 δηλοῖ
3305 4233 3318 4249 ⁸
3355 4217 3538 4273 πάντα
3567 4220 3682 4290 γὰρ

2099 4309 2198 4362 ὅσα
2227 4326 2282 4361 τε
2316 4311 2492 4362 σθένει
2521 4311 2550 4362 ό
2587 4309 2774 4379 Πατὴρ
2807 4311 2902 4363 καὶ
2948 4311 3051 4363 ὅσα
3105 4314 3468 4380 συμπέφυκεν
3525 4312 3683 4380 αὐτῷ

423 4410 516 4455 tur
539 4414 682 4452 enim
719 4398 938 4465 sapiens
969 4407 1122 4466 poeta
1187 4406 1373 4450 noster
1422 4399 1473 4448 vi
1507 4411 1700 4464 cogere
1758 4399 1979 4451 voluisSt

2101 4405 2174 4465 ὡς
2197 4403 2489 4456 πανσθενεϊ
2509 4402 2650 4470 Θεῷ,
2699 4400 2926 4455 καὶτοῦ
2983 4403 3116 4456 Υἱοῦ
3168 4407 3313 4457 είσιο
3370 4403 3518 4456 δοκεῖ
3569 4403 3685 4473 γὰρ

423 4507 548 4562 qua:
574 4502 701 4544 sunt
732 4487 878 4552 Filii,
906 4489 1018 4543 sive
1051 4490 1310 4543 virtutem
1337 4505 1364 4541 a
1397 4489 1574 4550 l'atre,
1608 4489 1659 4541 id
1683 4501 1784 4552 est,
1847 4500 1996 4559 pote-

427 4595 622 4639 statem
684 4582 828 4635 l‘atrt
887 4580 1237 4646 concordem,
1300 4584 1532 4651 etquod
1565 4591 1648 4634 est
1705 4596 1829 4634 cum
1884 4588 2000 4651 ipso

427 4677 804 4740 conuaturale,
857 4672 1265 4742 ferventiusque
1321 4677 1561 4727 sermoni
1612 4676 1681 4726 ab
1735 4675 1841 4728 isto
1884 4691 2001 4729 sive

430 4769 566 4824 Flilu
599 4769 824 4820 firmiter
882 4765 1160 4834 promisso
1221 4780 1286 4819 ac
1323 4765 1608 4820 verissimo
1665 4765 1996 4819 coaduuare.

432 4860 580 4913 Talis
603 4871 707 4924 est,
733 4867 998 4926 quantum
1038 4857 1194 4911 nobis
1215 4855 1518 4926 intelligere
1541 4855 1724 4925 datur,
1765 4861 2003 4925 stropha:

434 4966 654 5013 sensus,
704 4953 856 5020 juxta
901 4947 1162 5003 traditum
1223 4947 1393 5016 ipsius
1452 4955 1680 5002 textum.

509 5132 635 5188 £55.
665 5132 721 5186 Si
753 5132 876 5200 quis
904 5138 1085 5184 autem
1111 5129 1387 5184 vivifieum
1447 5144 1755 5184 sermonem
1827 5130 2003 5200 ipsum

445 5225 539 5280 Dei
563 5225 742 5278 Patris
780 5222 978 5276 Filiqu
1009 5236 1129 5276 esse
1159 5235 1357 5290 putans
1379 5222 1444 5275 ad
1476 5222 1624 5275 illum
1657 5222 1861 5278 referre
1881 5226 2010 5276 velit

437 5321 752 5374 dictiones:
786 5314 1131 5384 πατροσθενῆ
1165 5323 1219 5367 et
1286 5314 1632 5384 ξύμμορφον,
1685 5329 1792 5368 non
1851 5316 2009 5370 facile

437 5413 660 5482 poterit,
690 5418 843 5478 puto,
868 5415 1023 5475 Juxta
1055 5410 1212 5460 talem
1248 5422 1472 5460 sensum
1511 5408 1618 5459 illis
1670 5409 2008 5476 conjungere

435 5505 770 5558 dictionem:
803 5504 863 5554 ὃν
894 5501 1084 5571 Σωτὴρ
1128 5500 1254 5568 ἔφη.
1307 5501 1499 5554 Melius
1531 5508 1678 5554 esset
1710 5501 1777 5554 ad
1837 5503 2012 5556 facilis

441 5606 576 5648 sentt
598 5597 724 5648 otia:
755 5594 1170 5664 dispositionem
1201 5593 1248 5646 si
1275 5596 1400 5660 quis
1427 5593 1691 5647 scriberet
1717 5602 1864 5646 recto
1888 5610 2011 5664 ,ειιο-

445 5688 812 5753 tninativoqoe
869 5702 999 5740 casu
1039 5703 1053 5740 :

441 5791 970 5833 ευιιιιιιυειειιιιςιυδ
1000 5778 1236 5847 Spiritus
1296 5781 1565 5833 vivillcutu
1626 5781 2002 5835 verissimum-

1124 5684 1495 5756 πατροσθενὴς
1550 5684 1889 5756 ξύμμορφος,
1951 5701 2010 5742 ut

2101 4493 2354 4563 ἐθελῆσαι
2383 4493 2674 4564 βιάσασθαι
2705 4494 2921 4564 όσοφὸς
2978 4494 3198 4564 μελικὸς
3249 4489 3404 4556 οὗτος
3457 4496 3525 4546 τὰ
3583 4497 3682 4546 τοῦ

2101 4587 2252 4653 Υίοῦ,
2277 4589 2446 4658 ῆγουν
2473 4588 2538 4640 τὸ
2567 4588 2956 4656 πατροσθενὲς,
2987 4590 3268 4642 τουτέστιν
3298 4589 3572 4650 ίσοσθενὲς
3602 4588 3681 4655 αἱ)

2103 4681 2300 4752 Πατρὶ,
2331 4682 2423 4733 καλ⁵
2461 4682 2524 4732 τὸ
2546 4684 2681 4750 πρὸς
2729 4683 2939 4732 ἐκεῖνον
2986 4681 3252 4750 συμφυὲς,
3317 4683 3413 4734 καὶ
3455 4679 3533 4750 τῷ
3584 4678 3680 4732 ὑπ’

2105 4771 2315 4823 ἐκείνου
2385 4769 2558 4840 ῆγουν
2613 4769 2704 4821 τοῦ
2768 4767 2898 4821 Υἰοῦ
2957 4769 3271 4838 βεϐηκότως
3317 4771 3684 4839 ὑπεσχημένῳ

2107 4867 2200 4916 καὶ
2247 4863 2598 4933 αληθεστάτῳ
2647 4863 2793 4932 λόγῳ
2849 4863 3180 4932 θερμότερον
3235 4866 3631 4932 πρασαρμόσαι
3663 4877 3678 4886 ’

2106 4958 2198 5010 καὶ
2226 4956 2472 5024 τοιαύτη,
2500 4957 2599 5008 ὃσα
2625 4971 2689 5024 γε
2741 4955 2890 5024 ἡμᾶς
2953 4956 3255 5022 ἐπιϐαλεῖν,
3305 4958 3336 5026 ἡ
3376 4957 3552 5009 ἔννοια
3600 4954 3684 5024 τῷ

2107 5049 2408 5119 τροπαρίῳ,
2441 5051 2580 5101 κατὰ
2609 5049 2709 5118 τὴν
2736 5050 3217 5118 προενηνεγμένην
3246 5051 3462 5118 γραφὴν
3491 5049 3685 5102 αὐτοῦ.

2185 5143 2310 5212 ρλε’.
2344 5144 2402 5193 Εἰ
2430 5142 2485 5193 δέ
2508 5159 2593 5206 τις
2619 5141 2911 5210 φερέσϐιον
2933 5141 3089 5209 λόγον
3123 5142 3287 5194 αὑτὸν
3310 5145 3401 5194 τὸν
3428 5140 3523 5194 τοῦ
3545 5141 3687 5194 θεοῦ

2111 5236 2325 5302 Πατρός
2366 5236 2563 5304 νοήσας
2584 5232 2731 5298 Υιὸν,
2759 5232 3008 5302 ἐθελήσει
3073 5233 3209 5303 πρὸς
3263 5235 3429 5286 αὐτὸν
3478 5236 3690 5286 ἐκεῖνον

2113 5326 2447 5397 συμϐιϐάσαι
2477 5327 2536 5378 τὸ
2563 5325 2910 5396 πατροσοενῆ
2939 5325 3032 5380 καὶ
3067 5323 3413 5396 ξύμμορφον,
3446 5327 3547 5379 οὐκ
3592 5327 3686 5391 ἂν,

2111 5415 2289 5486 οἶμαι,
2321 5415 2610 5486 δυνήσεται
2645 5417 2779 5486 ῥᾷον
2828 5415 3096 5486 κολλῆσαι
3125 5416 3311 5478 αὐτοῖς
3365 5419 3503 5485 πρὸς
3559 5416 3690 5468 νοῦν

2113 5510 2356 5560 τοιοῦτον
2381 5513 2475 5561 καὶ
2502 5509 2583 5575 τὸ,
2613 5507 2673 5561 δν
2696 5509 2886 5582 Σωτὴρ
2918 5508 3045 5579 ἔφη.
3067 5507 3166 5579 Εῐη
3188 5508 3248 5562 δὲ
3269 5509 3336 5563 ἂν
3361 5509 3574 5562 κάλλιον
3604 5511 3693 5571 εἰς

2114 5604 2461 5674 ἀπαρτισμὸν
2518 5601 2884 5671 ειοδουμὲνης
2949 5603 3181 5666 ἐννοίας,
3237 5604 3291 5656 ετ
3351 5620 3438 5665 τις
3486 5600 3694 5670 γράψει

2116 5698 2254 5746 κατὰ
2278 5695 2442 5762 ὀρθὴν
2479 5693 2572 5746 καὶ
2601 5694 2816 5745 εὐθεῖαν
2861 5695 3092 5759 πτῶσιν,
3128 5693 3500 5764 πατροσθενῆς
3551 5693 3695 5760 ξύμ-

2119 5803 2342 5856 pop-5.0,,
2368 5787 2452 5837 ἵνα
2482 5785 2857 5858 ἐπισφραγίζῃ
2890 5787 2949 5837 τὸ
2970 5783 3126 5853 ἅγιον
3153 5784 3398 5854 Πνεῦμα,
3426 5785 3514 5838 τὸν
3547 5782 3693 5852 Cur;-
