3996 6194
338 288 441 348 διε)

1155 280 1238 342 ΙΝ
1278 281 1612 342 IlYMNUM
1650 279 2289 340 PENTECOSTALEM
2338 278 2788 340 DAMASCEN’I.

3462 280 3567 342 650

339 399 502 465 φὸρον
533 395 626 446 καὶ
650 390 1012 460 ἀληθέστατον
1048 392 1378 460 προφορικὺν
1410 391 1586 456 λόγον,
1618 391 1675 443 ὃν
1705 395 1732 442 ὁ
1784 391 1898 443 Σω-
1927 412 1943 454 Α

2030 402 2111 454 lue
2164 388 2432 441 verbalem
2508 404 2838 457 sermonem,
2909 402 3070 457 quem
3128 388 3267 443 dixit
3318 389 3571 447 Salvator

339 487 438 553 τὴρ
472 482 709 552 Χριστὸς
741 480 867 548 ἔφη,
891 482 919 533 6
943 479 1038 531 καὶ
1065 480 1437 551 πατροσθενὴς
1475 480 1801 550 ξύμμορφος
1830 480 1907 549 τῷ

340 575 513 643 llath
539 573 759 641 δηλαδή.
800 572 1016 625 Τούτων
1048 573 1105 625 δὲ
1131 571 1273 625 οῦτω
1298 572 1904 651 προσεπισε6λημένων,

342 666 458 717 επεὶ
486 663 651 715 καλόν
671 662 904 716 ἐστικαὶ
936 663 1006 716 τὰ
1023 663 1164 716 κατά
1195 663 1361 731 μέρος
1388 665 1783 732 ἐπισκέψασθαι
1812 666 1906 717 τοῦ

338 756 640 826 τροπσρίου
674 755 943 825 σηνήϐως,
977 755 1150 808 ἰστέον
1187 757 1268 809 ὅτι
1322 757 1383 808 τὸ
1446 756 1628 819 καθώς
1685 773 1813 825 περ,
1857 758 1907 808 εἰ

341 850 436 901 καὶ
466 850 542 917 μὴ
579 846 720 899 πάνυ
751 849 1038 914 τέτριπται
1066 849 1177 910 τοῖς
1233 848 1399 901 πάλαι
1444 849 1721 917 ῥήτορσιν,
1773 849 1910 901 ἀλλὰ

340 941 676 1009 προτιμᾶται
697 938 860 991 αὐτοῦ
889 938 952 991 τὸ
974 939 1245 1008 καθάπερ,
1274 938 1462 1008 ὥσπερ
1493 940 1585 992 καὶ
1610 937 1705 991 τοῦ
1728 938 1909 1001 καοὼς

339 1032 398 1081 τι
426 1029 589 1093 καθὰ,
631 1030 780 1095 ὅμως
809 1029 838 1081 6
877 1028 1115 1098 μελῳδὸς
1177 1029 1265 1082 διὰ
1307 1030 1365 1082 1:6
1419 1030 1616 1101 μέτρον
1662 1029 1756 1082 καὶ
1811 1030 1910 1097 τὴν

344 1121 645 1188 πάγκοινον
671 1118 873 1188 χρῆσιν
905 1119 999 1171 καὶ
1019 1118 1199 1186 ἀγίαν,
1215 1113 1283 1189 ἦς
1303 1117 1364 1171 τὸ
1390 1118 1571 1180 καθὼς
1599 1119 1910 1173 ἀπέσταλκε

343 1226 412 1277 με
475 1210 506 1261 6
541 1209 753 1277 Πατὴρ,
800 1210 1090 1276 προέκρινε
1142 1208 1203 1261 τὸ
1249 1208 1432 1269 καθώς
1466 1226 1593 1277 περ.

413 1297 555 1367 ρλς’.
587 1299 661 1352 Τὸ
689 1299 745 1351 δὲ
784 1298 1076 1367 εὐδόκησεν
1104 1298 1224 1352 λίαν
1256 1299 1472 1368 σεμνῶς
1490 1296 1646 1353 εἶπεν
1681 1315 1694 1329 ·
1733 1299 1911 1369 ὑψηλὴ

341 1389 452 1458 γὰρ
468 1388 613 1453 λέξις
638 1389 699 1442 τὸ
726 1389 987 1451 εὐδοκεῖν,
1018 1389 1111 1442 καὶ
1143 1389 1262 1460 Θεῷ
1318 1393 1412 1444 καὶ
1457 1390 1618 1453 θείοις
1659 1391 1913 1457 ἀνδράσιν

341 1474 875 1550 ἀποκεκληρωμένη,
908 1480 1084 1533 ὁποῖοι
1115 1480 1346 1551 μάλιστα
1374 1481 1423 1534 οί
1452 1479 1718 1549 βασιλεῖς.
1759 1482 1913 1549 Ἔχει

276 1639 283 1648 ⁸
339 1569 398 1622 δὲ
433 1569 495 1623 τὸ
543 1569 739 1638 σεμνὸν
774 1570 864 1624 διὰ
911 1568 975 1623 τὸ
1022 1572 1145 1627 κατ’
1177 1570 1452 1640 ἐπίκρισιν
1481 1571 1863 1640 ἀποφαντικᾶκ
1896 1588 1910 1602 ·

341 1661 402 1713 οὐ
431 1661 544 1730 γὰρ
570 1660 826 1730 ἐδόκησεν
851 1659 1056 1730 φαμὲν,
1085 1660 1208 1715 οὐδὲ
1264 1661 1413 1715 δοκεῖ
1449 1661 1543 1715 ὲπϊ
1588 1662 1698 1716 τῶν
1737 1663 1913 1716 τοιού-

2008 475 2284 541 Christus,
2319 477 2413 543 qui
2471 492 2601 531 sane
2642 493 2764 532 cum
2826 477 2983 533 Patre
3036 478 3235 534 virtute
3292 479 3573 551 formaque

2010 564 2312 619 consimilis
2338 573 2441 619 est.
2475 562 2770 634 Hisitaque
2800 566 2879 621 sic
2901 567 3146 634 adjectis,
3175 568 3432 636 quoniam
3480 571 3574 623 bo-

2014 671 2141 709 num
2167 664 2249 708 est
2276 670 2371 724 per
2422 663 2623 724 partes,
2652 671 2718 710 ex
2764 671 2938 719 more,
2970 658 3207 726 strophae
3259 659 3576 729 perSpicere

2013 748 2276 810 membra,
2299 747 2576 799 sciendum
2608 754 2692 801 est
2721 730 2864 815 quod
2932 760 3035 801 vox
3066 746 3250 809 καθώς
3280 764 3411 818 περ,
3472 749 3576 803 etsi

2014 853 2117 891 non
2145 837 2371 890 multum
2396 835 2561 890 fuerit
2591 837 2732 904 apud
2786 838 3048 906 antiquos
3081 837 3329 893 rhetores
3354 839 3573 902 usitata,

2014 925 2226 995 ipsique
2253 924 2536 995 praefertur
2565 925 2625 977 τὸ
2651 924 2926 996 καθάπερ,
2965 937 3023 980 ut
3044 927 3211 982 verbo
3241 927 3422 991 καθὼς
3456 944 3580 982 ver-

2014 1017 2141 1070 bum
2188 1016 2350 1081 καϐἁ,
2388 1024 2544 1086 poeta
2601 1022 2782 1069 tamen
2827 1014 2896 1070 ob
2954 1025 3189 1070 metrum
3237 1024 3293 1071 et
3334 1017 3573 1072 similem

2011 1118 2369 1176 sanctumque
2394 1122 2573 1174 usum,
2607 1108 2698 1178 qui
2728 1107 2929 1162 dicitur
2959 1124 2974 1162 :
3034 1107 3215 1172 καθὼς
3270 1109 3577 1163 ἀπέσταλκέ

2016 1215 2083 1267 με
2104 1200 2134 1250 6
2159 1198 2365 1269 Πατὴρ,
2394 1199 2629 1269 praetulit
2656 1199 2966 1269 καθώςπερ.

2088 1289 2212 1343 156.
2246 1289 2481 1345 Verbum
2504 1297 2685 1344 autem
2711 1290 3005 1359 εὐδόκησεν
3053 1290 3208 1345 valde
3247 1294 3582 1347 convenien-

2015 1389 2095 1431 ter
2124 1379 2389 1433 adhibuit.
2425 1380 2653 1434 Excelsa
2686 1394 2921 1448 namque
2957 1388 3042 1434 est
3092 1379 3259 1436 dictio
3306 1382 3581 1446 εὐδοκείν,

2014 1478 2069 1522 et
2096 1468 2206 1524 De‘o
2231 1470 2538 1540 divinisque
2563 1471 2695 1526 viris
2729 1482 2876 1526 sorte
2932 1472 3160 1536 tributa,
3213 1474 3403 1542 quales
3454 1486 3583 1530 sunt

2018 1560 2314 1628 praesertim
2351 1575 2526 1629 reges.
2573 1560 2942 1617 liabetautem
2972 1563 3311 1634 maiestatem
3370 1566 3443 1620 ob
3470 1566 3583 1621 ele-

2019 1649 2216 1705 ctionis
2256 1648 2484 1707 liberam
2542 1651 3034 1715 manifestationem
3063 1669 3081 1707 :
3112 1668 3223 1709 non
3251 1654 3397 1710 enim
3446 1656 3583 1711 dici-

342 1724 477 1818 των,
504 1724 641 1805 ἀλλὰ
677 1724 947 1838 εὐδόκησε
970 1724 1066 1805 και
1085 1752 1334 1806 εὐδοκεϊ’
1367 1751 1713 1817 αύτεξούσιος
1734 1753 1794 1807 δι
1813 1769 1914 1805 κυ-
1947 1724 1988 1778 Β
2018 1751 2138 1793 mus
2194 1738 2612 1838 “Marsya
2628 1740 2811 1838 Ῠοπιίξῖ.Δ
2846 1754 2971 1810 ersa
2996 1754 3092 1797 eos
3117 1743 3279 1813 talest
3302 1744 3399 1799 sed
3429 1745 3584 1799 εὐδό-

345 1843 479 1912 ρῐως
513 1836 666 1910 ᾧτινι
716 1842 868 1914 αὐτῷ
893 1836 1184 1912 κρατοῦντι
1234 1841 1451 1906 ἑαυτοῦ,
1507 1842 1630 1914 δίχα
1685 1843 1911 1909 ἐπιτάγ-

348 1951 522 2002 ματος
551 1934 726 1999 ἐξεστι
776 1936 955 1987 ποιεῖν
1005 1934 1141 2002 ὅπερ
1198 1934 1416 1987 ἐθέλει·
1477 1935 1573 1987 καὶ⁵
1620 1935 1835 2003 λέγεται
1886 1938 1915 1989 6

345 2026 589 2089 τοιοῦτος
611 2025 977 2089 αὐτεξουσίως
1005 2028 1180 2078 ποιεῖν
1197 2025 1336 2094 ὅπερ
1382 2025 1448 2080 ἂν
1476 2028 1626 2095 ποιῇ,
1667 2025 1743 2089 ὡς
1795 2026 1915 2090 ἐξὸν

348 2115 411 2167 ὂν
440 2114 610 2184 αὐτῷ.
658 2115 979 2168 Ἀδέσποτον
1006 2114 1062 2165 δὲ
1089 2112 1186 2167 νῦν
1216 2114 1316 2182 μὲν
1361 2113 1423 2167 τὸ
1462 2115 1536 2183 μὴ
1587 2115 1917 2182 τεταγμένον

349 2207 456 2259 ὐπό
486 2224 591 2258 τινι
619 2207 873 2278 δεσπότῃ.
905 2207 968 2260 οι
999 2205 1055 2257 δὲ
1085 2205 1306 2259 παλαιοὶ
1334 2208 1563 2276 ῥήτορες
1591 2207 1685 2258 καὶ
1716 2205 1920 2274 βιϐλίον

349 2297 647 2350 ἀδέσποτον
671 2301 804 2365 φασὶ⁵
826 2299 886 2348 τὸ
909 2297 1214 2366 ἀνώνυμον,
1244 2290 1307 2349 οὗ
1340 2296 1414 2367 μὴ
1443 2298 1676 2368 φανερὸς
1705 2300 1734 2350 6
1764 2315 1920 2367 ποιηο

350 2392 451 2455 τὴς
476 2388 510 2455 ἦ
541 2388 848 2456 ὁδεσπότης
890 2403 904 2416 ·
945 2386 1092 2441 οὕτω
1117 2388 1174 2441 δὲ
1200 2388 1295 2440 καὶ
1323 2387 1553 2457 ζήτησιν
1601 2388 1917 2454 ἀδέσποτον,

351 2478 454 2545 τὴν
481 2478 891 2546 ἀνεπίγραπτον
920 2478 1018 2531 καὶ
1064 2476 1238 2540 οὕτως
1263 2476 1458 2546 ἄδηλον
1488 2492 1502 2532 f
1540 2477 1635 2529 καὶ
1658 2478 1848 2550 φήμην
1864 2477 1921 2528 δὲ

354 2568 647 2622 ἀδέσποτον
670 2569 767 2637 τὴν
786 2568 1126 2637 ἀμάρτυρον,
1157 2563 1225 2637 ἧς
1245 2568 1345 2621 οὐκ
1363 2567 1586 2637 οἴδαμεν
1606 2568 1696 2619 τὸν
1722 2569 1923 2636 κατάρ-

356 2657 545 2723 ξαντα.
577 2658 638 2709 Εί
667 2657 723 2710 δὲ
758 2658 1026 2727 πατρόθεν
1083 2658 1146 2710 τὸ
1201 2657 1423 2726 Πνεῦμα
1475 2658 1741 2718 κάτεισιν,
1787 2658 1932 2718 ἀλλὰ,

359 2752 456 2801 καὶ
486 2751 514 2800 6
543 2748 671 2810 Υἱὸς
703 2748 947 2818 ἔπεμψεν
976 2750 1109 2801 αὐτό
1140 2764 1155 2779 ·
1189 2749 1285 2803 καλ⁸
1317 2748 1448 2802 αὐτὸ
1475 2748 1533 2803 δὲ
1564 2747 1926 2811 αὐτεξουσίως

361 2836 632 2905 κατῆλθεν
660 2838 975 2891 ἀδέσποτον.
1018 2837 1240 2899 Πάντως
1282 2836 1339 2889 δὲ
1372 2837 1435 2889 οὐ
1483 2838 1925 2907 περιγέγραπται

361 2908 511 2997 τόπῳ
544 2929 954 2994 καταφοιτῆσαν
984 2927 1043 2979 τδ
1072 2925 1226 2992 ἅγιον
1263 2927 1509 2995 Πνεῦμα,
1550 2927 1693 2981 καθά
1738 2929 1857 2999 οὐδὲ
1900 2931 1927 2980 ὀ

2016 1845 2184 1899 κησεν
2211 1838 2270 1884 et
2291 1830 2523 1896 εὐδοκεῖ,
2590 1832 2939 1898 αὐτεξούσιος
2998 1842 3179 1889 autem
3242 1838 3461 1908 proprie
3506 1852 3586 1894 est

2018 1920 2165 1975 illius
2190 1920 2299 1985 cui,
2333 1922 2420 1976 sui
2444 1922 2693 1988 domino,
2727 1924 2936 1991 absque
2960 1924 3210 1994 iussione
3238 1929 3361 1983 licet
3407 1929 3587 1985 facere

2016 2012 2162 2080 quod
2191 2014 2325 2068 vult.
2355 2014 2421 2068 Et
2444 2014 2647 2068 dicitur
2677 2016 2802 2072 talis
2828 2018 3191 2083 αὐτεξουσίως
3222 2021 3403 2077 facere
3431 2026 3578 2092 quod

2021 2102 2152 2156 facit
2184 2113 2438 2174 tanquam
2464 2105 2571 2174 ipsi
2597 2106 3149 2164 Ιὶοἱιυιιι.’Δδέοποτον
3176 2120 3308 2167 vero
3338 2119 3587 2183 estquod

2020 2194 2125 2251 sub
2153 2194 2340 2265 aliquo
2391 2196 2614 2251 domino
2666 2212 2776 2252 non
2824 2208 2906 2254 est
2957 2201 3336 2258 constitutum.
3364 2203 3589 2261 Veteres

2022 2294 2204 2343 autem
2249 2287 2494 2343 rhetores
2542 2288 2840 2342 ἀδισποτον
2895 2305 3117 2360 quoque
3160 2304 3357 2349 vocant
3393 2296 3592 2352 librum

2022 2391 2376 2446 anonymum,
2407 2378 2568 2447 cujus
2596 2388 2790 2434 auctor
2816 2390 2911 2437 aut
2933 2383 3191 2440 dominus
3212 2401 3318 2440 non
3344 2400 3567 2458 apparet

2023 2468 2105 2523 sic
2155 2468 2319 2523 etiam
2373 2468 2814 2538 disquisitionem
2874 2474 3216 2543 ἀδέσποτον,
3269 2478 3415 2534 illam
3471 2496 3592 2550 qua:

2024 2558 2183 2614 titulo
2220 2566 2368 2613 caret
2399 2569 2457 2615 et
2480 2575 2587 2616 non
2623 2570 2710 2616 est
2757 2564 3079 2631 manifesta;
3110 2567 3412 2624 ἀδέσποτον
3459 2586 3592 2640 quo-

2025 2664 2129 2716 qne
2148 2648 2383 2705 dicimus
2405 2650 2546 2706 hanc
2574 2665 2698 2721 quae
2723 2666 2830 2707 non
2863 2654 3024 2709 habet
3058 2664 3255 2712 testem
3321 2660 3592 2730 cujusque

2027 2739 2301 2793 nescimus
2320 2747 2620 2794 auctorem.
2650 2739 2708 2795 Si
2728 2756 2858 2797 vero
2884 2742 3122 2814 Spiritus
3142 2761 3171 2800 a
3193 2747 3352 2804 Patre
3373 2751 3593 2807 descen-

2028 2829 2129 2892 dit,
2156 2837 2213 2883 at
2232 2826 2402 2884 Filius
2429 2831 2583 2890 illum
2640 2833 2806 2886 etiam
2841 2835 3010 2890 misit.
3052 2835 3176 2904 ipse
3209 2853 3340 2893 vero
3379 2855 3596 2912 quoque

1999 2964 2007 2969 .
2031 2926 2225 2983 sponte
2254 2932 2356 2973 sua
2378 2917 2660 2989 libereque
2683 2920 2988 2977 descendit.
3020 2924 3139 2979 Non
3171 2935 3355 2983 autem
3377 2932 3596 2987 omnino

363 3016 492 3079 Υἱὸς
509 3016 633 3069 οὔτε
652 3014 1167 3085 συγκαταὸεὗηκὼς,
1182 3015 1306 3069 οὔτε
1323 3016 1662 3086 ἀνεληλυθώς
1682 3032 1697 3046 ο
1724 3034 1925 3070 παν-η·

2030 3008 2495 3064 eircumscribitur
2523 3010 2642 3066 loco
2685 3011 3020 3069 descendens
3068 3015 3307 3087 Spiritus
3355 3032 3598 3087 sanctus,

363 3108 460 3179 χοῦ
486 3110 593 3179 γὰρ
633 3108 720 3162 ἀε)⁵
744 3108 1007 3177 πάρεστιν
1035 3107 1221 3177 ἡὰγία
1250 3107 1441 3175 Τριάς.

438 3376 572 3448 ρλζ,
606 3377 854 3447 Σοφίζειν
875 3376 929 3430 δὲ
958 3376 1050 3429 καὶ⁵
1075 3375 1308 3429 ἐνταῦθα
1358 3377 1418 3428 τὸ
1483 3378 1678 3445 σοφοὺς
1741 3381 1932 3440 ποιεῖν,

363 3473 426 3526 οὐ
454 3472 628 3541 δήπου
675 3469 785 3540 γὰρ
840 3468 901 3521 τὸ
959 3467 1271 3538 ἐξαπατηᾷν⁸
1328 3468 1387 3521 τὸ
1421 3467 1479 3521 δὲ
1539 3470 1596 3522 ὲν
1641 3468 1932 3535 γλώσσαις,

364 3565 676 3634 γλώσσῃσιν
704 3556 858 3614 εἶπεν
887 3560 1200 3632 ἀναγκαίως
1255 3561 1737 3632 ποιητικευόμενος
1762 3576 1777 3594 ·
1841 3563 1936 3647 καὶ

366 3656 513 3709 ἔστιν
543 3658 576 3724 ἠ
596 3654 739 3720 λέξις
773 3651 986 3715 Ἰώνων,
1010 3646 1063 3704 οἳ
1083 3652 1179 3705 καὶ
1203 3652 1265 3706 τὺ
1286 3652 1513 3720 μούσαις
1536 3655 1631 3708 καὶ
1653 3646 1934 3724 σφαίραις,

369 3746 602 3818 μούσῃσι
641 3746 775 3813 φασὶ
821 3745 917 3798 καὶ
951 3742 1242 3812 σφαίρῃσιν
1277 3760 1294 3775 ο
1324 3744 1425 3798 οὐκ
1469 3742 1538 3797 ἂν
1587 3745 1643 3797 δὲ
1686 3744 1936 3812 γλώσσας

366 3838 599 3893 ἐνταῦθα
633 3839 801 3907 μόνας
846 3839 1058 3906 νοοῖμεν
1088 3837 1154 3889 ἂν
1192 3837 1288 3898 τὰς
1338 3838 1395 3890 ὲν
1429 3837 1557 3890 εῖδει
1603 3838 1774 3907 πυρὸς
1834 3840 1934 3908 ἐμ-

366 3930 720 3997 φανισοείσας
753 3926 907 3989 ποτὲ,
936 3925 1073 3978 ἀλλὰ
1104 3928 1200 3978 καὶ
1231 3927 1429 3994 μᾶλλον
1459 3928 1553 3989 τὰς
1581 3926 1689 3980 τῶν
1717 3927 1936 3995 ἀλλογε-

367 4020 495 4083 νῶν,
532 4014 619 4080 αἷς
648 4018 723 4080 ώς
755 4017 1073 4087 μελῳδεῖται
1104 4016 1589 4086 καινουργηθέντες
1643 4018 1937 4087 ἑσοφίσθη-

368 4128 469 4164 σαν
491 4112 540 4163 οἰ
601 4109 861 4179 μαθηταί.
912 4108 975 4161 Ei
1019 4108 1076 4161 δὲ
1133 4110 1163 4161 6
1215 4108 1342 4171 Υἱὸς
1399 4108 1634 4178 σφραγὶς
1687 4109 1935 4172 ίσότυπος

365 4204 582 4270 λέγεται
628 4201 721 4254 τοῦ
754 4200 989 4269 Πατρδς,
1028 4201 1090 4253 οὐ
1128 4203 1404 4269 μεμπτέον
1435 4202 1526 4253 τὸν
1575 4191 1811 4269 μελῳδὸν
1860 4203 1935 4254 εἰ-

365 4297 538 4347 πόντα
572 4294 665 4347 καὶ
695 4295 778 4345 ὅτι
809 4291 1101 4361 σφραγίζει
1129 4294 1187 4343 τὸ
1218 4293 1373 4358 ἆγιον
1417 4290 1660 4361 Πνεῦμα,
1700 4293 1791 4345 τὸν
1839 4293 1931 4346 τοῦ

2037 3098 2180 3154 sicut
2203 3113 2376 3169 neque
2406 3099 2596 3166 Filius,
2631 3117 2755 3157 cum
2808 3104 2923 3173 ipse
2949 3105 3229 3163 descendit
3272 3119 3366 3165 aut
3410 3127 3598 3169 ascen-

2038 3192 2164 3245 dit.:
2201 3190 2401 3261 ubique
2423 3194 2568 3248 enim
2618 3208 2836 3265 semper
2859 3197 3011 3252 adest
3048 3202 3395 3257 sanctissima
3426 3203 3597 3261 Triui-

2039 3292 2143 3338 tas.

2109 3374 2507 3444 157.Σκρίζειν
2553 3378 2642 3432 hic
2684 3380 2846 3433 etiam
2902 3384 3178 3452 sapientes
3237 3388 3434 3455 facere,
3490 3405 3600 3445 non

2038 3477 2170 3519 sane
2204 3465 2457 3536 decipere
2490 3468 2786 3539 signiﬁcat.
2820 3469 2933 3526 Hoc
2980 3487 3142 3528 vero:
3191 3477 3251 3529 ὲν
3310 3480 3602 3545 γλώσσαις,

2040 3549 2212 3626 magis
2236 3560 2449 3627 poetice
2498 3561 2809 3617 necessario
2846 3564 2987 3618 dixit
3036 3566 3364 3638 γλώσσῃσιν.
3434 3568 3603 3626 Dictiu

2037 3657 2124 3703 est
2153 3648 2331 3705 louica
2388 3666 2496 3720 qua
2541 3666 2642 3720 pro
2694 3652 2920 3722 μούσαις
2962 3666 3015 3709 et
3080 3659 3360 3728 σφαίραις,
3411 3662 3602 3718 dicunt

2042 3739 2274 3808 μούσῃσι
2306 3749 2360 3794 et
2383 3741 2696 3811 σφαίρῃσιν.
2725 3744 2825 3797 Hic
2849 3755 3032 3799 autem
3060 3745 3127 3800 de
3151 3749 3349 3817 linguis
3396 3756 3571 3821 eOgita
3592 3786 3605 3795 -

2042 3841 2098 3880 re
2118 3828 2402 3893 debemus,
2457 3843 2569 3885 non
2596 3832 2717 3885 istis
2746 3831 2899 3897 solis,
2948 3848 3070 3902 quae
3097 3836 3198 3888 sub
3231 3837 3371 3905 ignis
3419 3844 3605 3908 specie

2040 3931 2428 3991 apparuerunt,
2487 3922 2582 3976 sed
2652 3924 2953 3992 praesertim
3028 3925 3095 3980 de
3175 3928 3602 3998 alienigenarum

2042 4013 2263 4082 linguis,
2326 4013 2546 4081 quibus,
2607 4022 2667 4066 ut
2731 4018 2907 4082 poetae
2959 4016 3197 4072 carmine
3276 4020 3602 4086 celebratur,

2043 4103 2286 4159 renovati
2314 4105 2593 4174 sapientes
2621 4105 2755 4162 facti
2787 4115 2916 4162 sunt
2941 4108 3214 4178 discipuli.
3245 4109 3302 4164 Si
3334 4126 3463 4167 vero
3518 4113 3607 4167 Fi-

2040 4198 2144 4251 lius
2164 4212 2376 4266 acquum
2410 4195 2586 4253 Patris
2606 4198 2807 4255 dicitur
2840 4198 3102 4268 sigillum,
3159 4216 3266 4256 non
3294 4206 3605 4274 arguendns

2039 4301 2123 4345 est
2158 4301 2313 4360 poeta
2341 4290 2530 4347 dicens
2576 4292 2839 4362 Spiritum
2897 4301 3142 4349 sanctum
3193 4294 3413 4365 signare
3481 4297 3604 4352 Filii

365 4386 495 4437 Υἰοῦ
515 4386 672 4452 λόγον
707 4400 720 4414 ’
754 4383 908 4436 οὐδὲν
932 4383 1038 4453 γάρ
1063 4400 1118 4435 τι
1155 4382 1351 4436 κωλύει
1405 4383 1809 4453 προσαρμόζειν
1864 4387 1931 4454 τῇ

2043 4385 2283 4438 verbum.
2325 4384 2469 4441 Nihil
2501 4385 2644 4438 enim
2683 4384 2909 4453 impedit
2933 4384 3063 4453 quin
3104 4387 3378 4443 tribuatur
3396 4399 3600 4446 sanctae

364 4477 497 4546 ἁγέᾳ
526 4476 718 4544 Τριὰδι
745 4474 912 4526 καὶτὸ
947 4474 1089 4526 κατὰ
1130 4472 1228 4544 τὴν
1263 4474 1532 4543 σφραγῖδα
1590 4475 1805 4545 σεμνόν
1842 4476 1939 4526 Φε-

365 4567 579 4634 ρέσδιος
605 4565 663 4617 δὲ
687 4565 842 4635 λόγος
872 4564 1076 4634 κυρίως
1122 4566 1218 4617 καὶ
1244 4565 1496 4634 πρώτως,
1531 4567 1558 4618 ὁ
1595 4566 1669 4636 μὴ
1704 4568 1823 4619 κατ’
1848 4568 1938 4621 ἄν-

364 4658 582 4726 ορωπον
608 4656 699 4708 τὸν
720 4655 929 4719 ἁπλῶς,
965 4655 1100 4709 ἀλλὰ
1132 4658 1160 4708 6
1186 4654 1280 4708 τοῦ
1316 4655 1446 4707 Υίοῦ
1500 4656 1594 4708 τοῦ
1636 4656 1792 4722 Θεοῦ,
1846 4658 1939 4711 τοῦ

364 4749 458 4801 καὶ
478 4748 655 4811 ἄλλως
689 4746 789 4817 μὲν
816 4746 1215 4816 σεμνυνομένου
1246 4749 1310 4816 τῇ
1336 4747 1560 4821 τοιαύτῃ
1611 4746 1755 4813 λέξει
1810 4750 1938 4802 πολ·

362 4838 567 4908 ὶαχῶς,
594 4837 829 4905 μάλιστα
849 4837 904 4889 δὲ
928 4837 1009 4888 ὅτι
1037 4834 1200 4897 αὐτὸς
1258 4835 1413 4901 λόγος
1468 4836 1585 4906 ἤτοι
1628 4835 1776 4888 αἰτία
1820 4837 1940 4886 ἐστὶ

363 4931 581 4983 πάντων
602 4929 709 4982 τῶν
737 4928 929 4992 ὄντων,
958 4929 1050 4979 καὶ
1079 4928 1166 4981 διὰ
1214 4926 1372 4979 τοῦτο
1398 4926 1493 4979 καὶ
1525 4926 1789 4993 ζωογὸνος
1845 4927 1939 4979 καὶ

366 5019 678 5090 φερέσϐιος,
713 5019 831 5089 ἤτοι
872 5019 1053 5087 φέρων
1081 5019 1209 5086 ἡμῖν
1271 5016 1406 5086 βίον,
1456 5018 1591 5083 ὅπερ
1647 5018 1762 5070 ἐστὶ
1796 5016 1939 5087 ζωὴν

364 5110 584 5181 διπλῆν,
623 5110 721 5180 τὴν
751 5109 890 5162 κατὰ
920 5108 1098 5177 ψυχὴν
1131 5107 1265 5177 ὁμοῦ
1294 5109 1390 5160 καὶ
1446 5109 1645 5178 σάρκα,
1700 5108 1795 5162 καὶ
1838 5109 1939 5176 τὴν

366 5203 509 5256 κατά
539 5199 674 5270 βίον.
698 5200 758 5253 δν
788 5201 883 5253 καὶ
906 5199 1069 5251 αὐτὸν
1100 5198 1246 5268 ζωὴν
1280 5196 1432 5251 καλεί
1459 5201 1486 5250 6
1517 5198 1796 5267 σεμνύνων
1847 5200 1940 5252 τὸν

378 5290 680 5359 Ἰθακήσιον
700 5291 856 5359 ἥρωα
904 5289 985 5342 ὅτι
1029 5288 1141 5352 ζωὴ
1199 5289 1348 5359 αὐτῷ
1404 5285 1472 5359 ἦν
1520 5289 1686 5358 πολλή
1716 5308 1729 5322 ο
1796 5290 1939 5360 ζωὴ-ι

370 5385 572 5444 ἐκεῖνος
595 5382 767 5449 λέγων
791 5381 890 5448 τήν
911 5395 967 5431 τε
999 5379 1168 5447 ἄλλην
1227 5382 1284 5432 ὲν
1317 5380 1415 5449 βίῳ
1457 5380 1651 5448 κτῆσιν
1690 5382 1785 5432 καὶ
1841 5382 1939 5450 τὴν

368 5474 527 5538 ζώοις
562 5473 945 5534 παντοδαποῖς.
981 5470 1078 5523 Ἐκ
1104 5470 1198 5522 τοῦ
1243 5473 1392 5540 φέρω
1437 5471 1491 5523 δὲ
1545 5472 1816 5541 φερέϐιος,
1866 5473 1942 5534 ώς

370 5568 516 5636 ἄρχω
540 5565 935 5635 ἀρχέπλουτος,
976 5566 1070 5615 καὶ
1109 5564 1185 5628 ὡς
1232 5565 1381 5632 φέρω
1411 5564 1712 5634 φερέοικος.
1756 5567 1853 5619 Διά
1882 5566 1939 5618 δὲ

375 5662 430 5712 τὰ
465 5661 638 5729 συχνὰ
670 5659 880 5728 βραλέα
908 5657 1195 5725 φωνήεντα
1228 5658 1319 5708 καὶ
1343 5656 1442 5725 τὴν
1483 5658 1715 5710 ὲντσῖῦοα
1773 5674 1937 5709 κακο-

740 5752 1018 5812 ΡΑτιιοι..
1061 5756 1106 5815 G
1120 5773 1177 5814 ιι.
1228 5751 1376 5812 CXX
1388 5750 1547 5809 XVI.

2044 4474 2293 4533 Trinitati
2329 4476 2473 4543 quod
2502 4474 2554 4528 in
2575 4474 2753 4545 sigillo
2775 4477 3140 4531 venerandum
3172 4488 3278 4532 est.
3321 4478 3604 4536 Vivilicum
3632 4482 3636 4487 ’

2044 4576 2222 4621 autem
2247 4568 2469 4621 verbum
2503 4567 2724 4635 proprie
2754 4566 3100 4636 primumque
3151 4584 3257 4623 non
3316 4580 3400 4625 est
3431 4572 3608 4625 homi-

2044 4655 2130 4708 nis
2152 4654 2390 4733 vulgaris
2415 4656 2664 4721 verbum,
2723 4656 2816 4709 sed
2872 4654 3109 4711 Verbum
3175 4657 3299 4714 Filii
3344 4660 3461 4725 Dei,
3511 4663 3605 4731 qui

2043 4746 2555 4814 saepetalidietione
2586 4746 2916 4813 celebratur,
2989 4750 3085 4804 sed
3146 4750 3269 4804 ideo
3301 4762 3606 4820 praesertim

2048 4836 2192 4904 quod
2222 4836 2339 4905 ipse
2367 4836 2509 4891 ratio
2555 4836 2627 4892 sit
2664 4836 2864 4908 (λόγος)
2920 4837 3034 4893 sive
3080 4853 3247 4894 causa
3284 4854 3608 4898 cunctorum

2050 4926 2256 4980 entium
2286 4942 2305 4993 ί
2335 4934 2389 4980 et
2418 4924 2623 4980 idcirco
2651 4926 2850 4982 dicitur
2900 4928 3146 4982 vivilicus
3168 4938 3224 4982 et
3255 4930 3457 4995 vitalis,
3512 4948 3606 4986 seu

2047 5016 2209 5071 nobis
2238 5017 2424 5071 ferens
2450 5016 2635 5082 vitam,
2686 5016 2740 5071 id
2774 5026 2879 5085 est,
2929 5018 3200 5089 duplicem
3253 5020 3443 5089 vitam,
3487 5038 3605 5078 eam

2048 5120 2168 5173 qua:
2188 5106 2354 5160 simul
2387 5105 2453 5160 ad
2475 5106 2717 5160 animum
2742 5114 2796 5160 et
2823 5122 3039 5164 carnem
3075 5110 3320 5179 respicit,
3377 5122 3434 5168 et
3461 5113 3607 5166 illam

2044 5212 2166 5266 qme
2195 5197 2349 5267 juxta
2378 5196 2577 5253 victum
2606 5198 3011 5265 consideratur,
3050 5216 3212 5269 quem
3240 5203 3404 5257 etiam
3447 5204 3610 5256 vitam

2047 5288 2281 5356 appellat
2318 5288 2421 5341 iste
2460 5288 2743 5343 celebrans
2771 5288 3115 5347 ltbaeensem
3176 5292 3421 5357 heroem,
3466 5297 3611 5360 quod

2044 5379 2147 5448 ipsi
2189 5380 2360 5434 multa
2396 5378 2502 5434 vita
2520 5378 2677 5450 (ζωὴ)
2702 5389 2842 5446 erat,
2870 5380 3038 5439 vitam
3094 5397 3295 5439 vocans
3339 5383 3607 5452 reliquam

2046 5470 2222 5524 victus
2246 5469 2648 5538 possessionem
2697 5478 2752 5531 et
2804 5471 3104 5540 praesertim
3155 5486 3275 5526 eam
3336 5473 3390 5526 in
3447 5475 3610 5529 variis

2043 5562 2370 5617 animalibus
2397 5569 2654 5617 stantem.
2677 5558 2897 5617 Evet‘bo
2912 5571 3092 5623 autem
3116 5564 3268 5632 φέρω
3286 5565 3428 5620 venit
3452 5568 3615 5636 φερέ-

2044 5656 2181 5718 6ιος,
2242 5656 2384 5709 sicut
2409 5652 2564 5723 ἄρχω
2591 5651 2959 5721 ἀρχέπλουτος
3016 5664 3073 5708 et
3121 5656 3272 5722 φέρω
3305 5657 3608 5727 φερέοικος.
