3996 6194
465 253 584 314 *651

1164 248 1586 308 EUSTATHH
1633 247 2382 309 THESSAI.UNICENSIS
2414 250 2975 313 METllOPOLlT.‘E
3581 270 3669 333 δη

485 369 710 437 Propter
735 367 934 421 mul:as
961 378 1086 419 vero
1109 366 1299 417 breves
1329 362 1546 416 vocales
1583 372 1636 418 et
1678 362 1872 416 falsam
1898 364 2041 418 exin-

2158 368 2407 435 μετρίαν,
2449 368 2729 421 ἐπενοὲσει
2758 370 2849 423 τοῦ
2885 388 2914 422 σ
2966 373 3158 438 γέγονε
3206 374 3475 443 φερέσϐιος
3512 396 3524 408 “
3559 384 3668 435 sine

484 460 552 512 de
574 469 909 518 mensuram,
942 452 1215 507 additinne
1242 453 1435 505 littera:
1485 469 1516 503 σ
1572 452 1774 507 factum
1815 461 1899 506 est
1928 468 2049 508 ver-

489 549 617 600 bum
679 543 983 613 tpspéu6to;.
1024 541 1117 595 Sic
1177 557 1396 610 quoque
1450 541 1696 604 θεόδοτος
1753 542 1806 595 in
1872 551 2050 596 metro

2159 459 2252 510 καὶ
2276 463 2304 512 ό
2325 461 2560 523 θεόδοτος
2593 463 2867 524 θεόσδοτος
2900 464 2956 515 ὲν
2988 465 3171 534 μέτρῳ
3199 466 3254 517 λε
3262 467 3405 539 ιεθείη
3431 471 3490 522 ἄν
3511 487 3525 500 ”
3548 475 3671 538 ὅμοι-

2156 567 2211 613 ος
2241 549 2300 602 δὲ
2332 550 2487 619 λόγος
2516 554 2839 622 ἐσιγμὰτισε
2888 556 3063 608 καὶτὸ
3106 557 3406 625 Θεσπέσιον,
3433 566 3518 616 καὶ
3551 568 3602 619 τὺ
3626 571 3673 620 ὲκ

491 634 766 694 θεόοδοτος
798 631 1094 685 diceretur.
1152 629 1361 683 Similis
1420 644 1550 684 vero
1611 629 1748 683 ratio
1803 629 1984 683 littera
2020 647 2041 682 ο

2157 640 2460 696 θεοεικέλου
2492 644 2729 710 θέκελον,
2760 641 2876 698 εἶτα
2894 647 3189 713 θέσκελον,

484 725 708 781 donavit
738 721 899 778 etiam
933 720 1244 787 Θεσπέσιον,
1276 721 1331 774 e1
1363 735 1429 774 ex
1494 720 1782 790 θεοεικέλῳ
1805 719 2047 785 θέκελον,

480 829 667 888 pOStea
698 813 974 868 θέσκελον.

756 904 1072 972 Troparium
1098 905 1380 958 secundum
1405 906 1522 959 adre
1540 905 1763 974 quinm.

552 1000 791 1057 Curabat
824 1004 1034 1053 mentes
1061 998 1275 1066 quidem
1310 1011 1339 1049 a
1370 1007 1590 1065 peccato

480 1092 546 1144 Et
577 1092 680 1146 sibi
710 1089 1008 1159 apparabat
1035 1086 1431 1157 apostolorum,

481 1184 622 1237 Deus
647 1179 909 1243 Verbum,
934 1178 1177 1233 omnium
1201 1177 1475 1246 princeps,
1503 1178 1847 1234 immaculata
1863 1179 2047 1247 domo;

479 1272 782 1340 [Equahilis
809 1270 1023 1326 roboris
1059 1284 1238 1323 autem
1267 1279 1319 1323 et
1350 1270 1862 1334 consubstantialis,

480 1362 630 1417 Nunc
657 1361 985 1417 informatur
1013 1360 1254 1430 Spiritus
1275 1359 1480 1415 lumen.

548 1453 670 1507 158.
705 1451 921 1506 Gratias
949 1450 1149 1506 debere
1176 1464 1374 1520 magno
1399 1450 1609 1505 doctori
1661 1451 1881 1508 Christo
1916 1467 2043 1509 san-

479 1553 603 1597 ctus
633 1542 907 1613 apostolos
935 1541 1304 1612 philos0phicc
1331 1544 1488 1598 docet
1522 1554 1701 1612 poeta,
1731 1560 1835 1598 non
1874 1546 2047 1600 mino-

476 1650 561 1690 res
611 1633 806 1689 deinde
857 1632 1085 1703 Spiritui
1141 1642 1333 1689 sancto
1374 1651 1389 1701 ;
1449 1650 1663 1690 necnon
1715 1636 1816 1704 ipsi
1871 1635 2042 1691 Patri.

2303 904 2631 972 Τροπάριον
2658 907 2940 976 δεύτερον
2973 908 3080 976 τῆς
3113 910 3385 979 πέμπτης
3413 915 3576 984 ᾠδῆς.

2156 992 2296 1049 XIII.
2344 995 2483 1062 ’ἰῆτο
2512 997 2614 1054 τὰς
2649 998 2851 1067 φρένας
2884 1000 2987 1065 μὲν
3022 999 3399 1079 εξάμαρτίας,

2330 1087 2397 1138 X’
2426 1087 2576 1154 αὐτῷ
2613 1091 2981 1154 κατεσκεύαζε
3014 1092 3124 1143 τῶν
3173 1095 3498 1154 ἀποστόλων,

2328 1176 2461 1239 Θεὸς
2489 1178 2662 1245 Λόγος
2684 1180 2858 1232 πάντα
2869 1198 2995 1251 ρχος
3022 1183 3291 1253 ἄχραντον
3310 1186 3461 1256 δέμον
3486 1202 3502 1218 ⁸

2340 1266 2702 1336 Ὀμοσθενοῦς
2730 1269 2807 1335 δὲ,
2848 1274 2943 1323 καὶ
3007 1277 3433 1344 συνουσιωμὲνου

2328 1358 2444 1410 Νῦν
2467 1360 2896 1426 ὲγκατοικίξοιτο
2940 1363 3255 1433 Πνεύματος
3287 1370 3434 1435 φάος.
3596 1434 3603 1441 ,

2227 1447 2367 1518 ρλην.
2404 1449 2649 1518 Χάριτας
2680 1452 2989 1519 ὲποφείλειν
3018 1456 3098 1526 τῷ
3139 1450 3365 1529 μεγάλῴ
3419 1461 3687 1536 διδασκάλῳ

2153 1538 2374 1607 Χριστῷ
2398 1543 2525 1602 τοὺς
2563 1541 2750 1609 ἁγίους
2782 1544 3116 1609 ἀποστόλους
3156 1548 3433 1616 φιλοσοφεῖ
3458 1554 3484 1604 6
3530 1555 3685 1623 μελῳ-

2151 1627 2245 1692 δός
2276 1645 2289 1659 ο
2321 1630 2410 1684 ναὶ
2430 1629 2494 1700 δὴ
2517 1633 2609 1684 καὶ
2632 1631 2710 1702 τῷ
2758 1634 2899 1703 ἁγίῳ
2941 1636 3218 1705 Πνεύματι
3264 1641 3544 1706 ἐξάπαντος
3565 1659 3578 1673 '
3605 1644 3685 1714 δῆ-

477 1724 776 1793 Supremus
795 1722 941 1777 enim
998 1722 1318 1778 Dominator
1367 1723 1560 1787 Filius,
1585 1734 1859 1793 quatenus
1905 1726 2041 1779 ratio

2150 1717 2241 1770 λον
2270 1719 2326 1771 δὲ
2347 1722 2563 1784 πάντως
2594 1721 2669 1785 ὡς
2700 1722 2897 1776 αὐτίκα
2926 1726 3023 1779 καὶ
3047 1727 3125 1795 τῷ
3156 1730 3334 1797 ῐΙατρί
3354 1747 3367 1761 ο
3404 1733 3430 1783 ό
3451 1734 3550 1802 γὰρ
3571 1737 3686 1788 πάν-

477 1823 792 1883 ounctzeque
825 1822 1147 1883 persecutor
1170 1815 1442 1880 amentiae,
1476 1815 1595 1885 ἰῆτο
1615 1816 1697 1871 vel
1715 1818 1831 1869 ἰᾶτο
1853 1832 2045 1885 pecca-

478 1913 530 1953 ιο
564 1909 690 1955 ante
715 1900 1119 1964 ascensionem,
1150 1910 1207 1955 et
1230 1903 1460 1956 curabat
1532 1904 1744 1958 animos
1774 1905 2048 1973 apostolo-

478 2007 631 2056 rum;
661 1999 808 2048 recte
838 2005 968 2046 vero
1015 1993 1120 2046 sub
1154 1993 1454 2062 imperfecti
1506 1994 1681 2049 forma
1726 1998 1874 2049 verbi
1908 1997 2045 2058 ἰᾶτο,

476 2080 945 2150 saliiutclligeres:
982 2081 1172 2150 ἰήσατο
1194 2082 1363 2145 αὑτὰς
1389 2083 1503 2138 sive
1514 2084 1628 2153 jam
1662 2096 1795 2141 tunc
1812 2088 2044 2142 curavit.

476 2170 538 2222 Et
556 2170 657 2225 hoc
672 2184 839 2240 agens
873 2181 923 2225 et
943 2172 1227 2239 perﬁciens
1250 2174 1607 2242 parabatsive
1647 2176 2042 2247 ρατιινίιαὺτῴ,

475 2263 588 2315 εἱιό
612 2260 814 2332 ἑαυτῷ,
838 2277 962 2317 cum
994 2277 1187 2331 aspero
1217 2264 1429 2331 spiritu,
1461 2280 1652 2333 puram
1684 2267 2042 2332 domum,seu

476 2364 716 2407 sanctam
748 2354 1163 2420 habitationem,
1221 2369 1662 2425 unumquemque
1712 2358 2040 2426 apostolum.

475 2444 535 2496 tit
571 2445 675 2499 hoc
725 2443 944 2513 quidem
1001 2443 1443 2514 sapientissimus
1493 2456 1816 2500 meonomus
1872 2444 2042 2502 Filius

479 2534 570 2587 Dei
602 2533 711 2601 jam
740 2542 866 2588 ante
893 2534 1037 2589 diem
1080 2535 1399 2589 hodiernam
1437 2535 1491 2589 in
1555 2546 1779 2591 sanctos
1827 2545 2046 2606 aposto-

475 2625 555 2677 lus
580 2622 902 2693 perfecerat,
936 2638 1031 2680 eos
1057 2623 1163 2679 sibi
1198 2624 1392 2681 domos
1424 2624 1628 2681 alIabre
1682 2627 1867 2682 divina
1907 2643 2039 2683 cura

473 2725 801 2769 construens
844 2730 859 2769 :
916 2715 1164 2785 quaedam
1206 2716 1353 2771 enim
1406 2717 1702 2771 artiﬁciosa
1741 2717 1906 2773 dictio
1957 2728 2043 2776 est

474 2806 904 2870 κατασκευάζειν
926 2822 943 2872 ;
984 2815 1100 2871 aut,
1126 2815 1186 2861 ut
1206 2807 1348 2862 idem
1367 2808 1567 2875 dicam,
1594 2811 2040 2869 architectonica:

475 2896 619 2951 unde
641 2896 954 2951 nominatur
994 2897 1137 2965 apud
1160 2900 1434 2967 sapientes
1468 2900 1745 2971 ἀνασκευὴ
1778 2910 1834 2956 et
1870 2920 2039 2956 κατα-

475 2988 667 3054 σκευή.
700 2985 855 3041 Nunc
900 2997 1077 3041 autem
1128 2987 1365 3056 Spiritus
1419 2998 1666 3055 sanctus,
1719 3002 1779 3045 ut
1826 3006 2042 3062 semper

2148 1826 2348 1879 ταρχος
2380 1811 2507 1874 Υἰδς
2546 1813 2681 1865 καθὸ
2705 1814 2878 1882 Λόγος
2903 1816 2995 1870 καὶ
3016 1818 3196 1888 πάσης
3224 1820 3443 1889 ἀλογίας
3459 1824 3684 1893 διώκτης,

2152 1898 2290 1968 ἰῆτο,
2314 1900 2483 1969 ἧγουν
2510 1902 2626 1954 ἰᾶτο
2655 1902 2713 1967 ἐξ
2741 1905 3011 1973 ἁμαρτίας
3040 1907 3134 1958 καὶ
3166 1908 3461 1979 ἐθεράπευε
3485 1913 3686 1981 πρὸτῆς

2148 1990 2469 2060 ἀναλήψεως
2497 1992 2599 2057 τάς
2625 1995 2831 2063 φρένας
2862 1996 2969 2048 τῶν
3033 2000 3350 2053 ἀποστόλων
3377 2018 3394 2034 ο
3440 2004 3603 2072 ὀρθῶς
3635 2004 3684 2056 δὲ

2147 2078 2213 2132 ἂν
2242 2081 2321 2149 τῷ
2376 2082 2523 2135 κατά
2583 2087 2957 2154 παρατατικδν
3015 2093 3384 2162 σχηματισμῷ
3429 2095 3514 2145 τοῦ
3565 2095 3686 2159 ἰᾶτο,

2148 2174 2595 2243 συνεπινοήσοιτό
2619 2193 2702 2239 τις
2734 2177 2829 2229 καὶ
2856 2178 2917 2231 τὸ
2952 2179 3140 2248 ἰήσατο
3170 2183 3362 2246 αῦτάς,
3395 2186 3554 2254 ῆγουν
3579 2185 3682 2237 ἐθε-

2149 2262 2425 2333 ράπευσεν
2450 2264 2659 2319 ἔκτοτε.
2692 2267 2801 2319 Καὶ
2823 2267 2980 2321 τοῦτο
3006 2270 3255 2335 ἐξανύων
3291 2275 3383 2325 καί
3430 2274 3685 2339 ἐξανύσας,

2145 2352 2550 2417 κατεσκεύαζεν
2585 2357 2705 2426 ήτοι
2754 2359 3161 2412 κατεσκεύασεν
3188 2361 3362 2430 αὐτῷ,
3397 2364 3553 2431 ήγοον
3579 2364 3687 2417 tau.

2144 2447 2243 2517 τῷ,
2300 2448 2442 2501 κατὰ
2507 2447 2722 2515 πνεῦμα
2769 2449 2927 2533 δασίρ,
2989 2450 3153 2521 δόμον
3204 2453 3485 2524 ἄχραντον,
3538 2456 3686 2525 ήγουν

2145 2537 2299 2605 ἅγιον
2328 2533 2477 2591 οῐκον
2501 2538 2730 2592 ἕκαστον
2762 2540 3060 2595 ἀπόστολον
3093 2558 3109 2574 ο
3164 2548 3265 2597 καὶ
3318 2543 3472 2599 τοῦτο
3520 2547 3609 2615 μὲν
3659 2549 3686 2598 ό

2145 2629 2455 2697 σοφώτατος
2476 2630 2762 2699 οἰκοδόμος
2792 2632 2820 2683 ό
2870 2632 3000 2696 Υἰδς
3042 2633 3139 2686 τοῦ
3187 2635 3326 2688 Θεοῦ
3380 2637 3563 2707 ήνυσεν
3598 2637 3687 2709 ήδη

2144 2722 2359 2790 φθάσας
2391 2721 2497 2792 πρὸ
2524 2722 2622 2793 τῆς
2653 2725 2894 2794 σήμερον
2925 2726 3017 2777 ἐπὶ
3042 2729 3158 2789 τοῖς
3212 2729 3391 2797 ἁγίοις
3421 2731 3687 2799 μαθηταῖς,

2144 2814 2323 2874 οἴκους
2353 2812 2597 2876 ἐκείνους
2626 2813 2806 2882 ἑαυτῷ
2839 2818 3257 2888 συστησάμενος
3316 2822 3687 2890 ἑπιστημοναρ-

2142 2903 2311 2972 χικῶς
2341 2904 2508 2973 ὲνθέῳ
2533 2905 2811 2977 σκευωρία
2834 2921 2849 2937 ⁸
2880 2910 3168 2979 τεκτονικὴ
3199 2913 3314 2981 γάρ
3350 2929 3430 2975 τις
3457 2914 3591 2979 λέξις
3634 2915 3688 2965 τὸ

2144 2996 2577 3057 κατασκευάζειν
2613 3013 2625 3027 ⁸
2664 2998 2861 3051 ταυτὸν
2883 2998 2930 3052 δ’
2960 2998 3134 3053 εἰπεῖν
3197 3007 3296 3056 καὶ
3351 3005 3643 3073 οἰκοδομική
3672 3023 3683 3033 ·

476 3082 693 3152 dignam
733 3095 986 3151 quaerens
1025 3080 1477 3135 iubabitationrm
1509 3098 1572 3136 ac
1603 3085 2038 3152 permansionem

2145 3087 2265 3141 ὅθεν
2305 3088 2617 3158 ὠνόμασται
2645 3090 2795 3162 καλή
2832 3092 2998 3163 ’παρὰ
3052 3096 3164 3157 τοῖς
3215 3099 3402 3166 σοφοῖς
3439 3099 3689 3166 ἀνασκεοή

474 3171 604 3238 sibi,
654 3170 890 3225 inventis
930 3180 1245 3226 sanctorum
1305 3173 1675 3241 apostolorum
1734 3175 1954 3242 animis,
1988 3175 2041 3229 id

474 3274 578 3330 est,
609 3263 1063 3319 intellectualibus
1109 3262 1384 3329 domibus,
1448 3265 1629 3334 scapis
1679 3267 1952 3320 mundatis
1989 3276 2045 3321 et

474 3356 880 3427 pulchritudine
920 3356 1352 3425 splendentibus,
1412 3366 1717 3411 aromatum
1765 3358 1959 3427 plenis,
1989 3368 2043 3413 et

473 3449 542 3504 ad
595 3447 746 3501 illum
805 3445 1157 3501 allicieudum
1215 3446 1370 3498 valde
1432 3445 1663 3507 idoneis.
1717 3447 2040 3502 iuhabitavit

476 3535 789 3607 huiusmodi
815 3533 1089 3601 domibus,
1128 3541 1314 3602 utpote
1363 3533 1455 3602 qui
1493 3549 1617 3588 cum
1657 3535 1749 3589 illo
1799 3536 2041 3604 ejusdem

473 3636 559 3683 est
613 3627 834 3682 virtutis
882 3634 936 3681 et
992 3624 1500 3682 consubstantialis.
1560 3624 1657 3681 llic
1713 3628 1877 3682 etiam
1936 3627 2039 3697 ipsi

472 3720 871 3789 libertasplena
910 3731 1011 3772 nec
1050 3717 1159 3772 ulla
1224 3717 1688 3773 senatusconsulti
1720 3720 2041 3785 necessitas,

475 3810 565 3865 ubi
592 3824 691 3867 uec
719 3808 925 3863 invidia
960 3820 1058 3861 nec
1084 3805 1364 3861 contentio
1406 3804 1704 3874 reperitur.
1760 3803 1913 3860 lianc
1943 3806 2044 3877 igi-

473 3912 563 3957 tur
584 3901 744 3958 Verbi
763 3901 1009 3964 domum,
1034 3914 1154 3968 qua:
1175 3898 1338 3952 simul
1365 3905 1450 3950 est
1468 3893 1671 3961 Patris,
1695 3897 1852 3953 hodie
1876 3897 2052 3968 Spiri-

476 4002 562 4066 tus
612 4001 835 4048 sanctus
861 3988 1213 4060 ingredietur,
1240 3987 1343 4051 vel,
1380 3996 1437 4042 ut
1488 3987 1789 4056 simplicius
1843 3988 2042 4052 dicam,

477 4084 705 4141 habitat.

2146 3182 2239 3232 καὶ
2268 3183 2606 3251 κατασκευή.
2640 3181 2755 3235 Νῦν
2779 3183 2835 3235 δὲ
2863 3184 2924 3237 τὸ
2969 3184 3197 3254 Πνεῦμα
3219 3190 3281 3241 τὸ
3313 3188 3465 3257 ἆγιον
3506 3189 3576 3250 ὡς
3610 3190 3687 3239 ἀεὶ

2143 3272 2340 3343 ζητοῦν
2367 3273 2519 3338 ἀξίαν
2543 3262 2816 3345 ὲνδίκησιν
2859 3275 2955 3329 καὶ
2979 3272 3329 3349 παραμονὴν
3356 3280 3561 3346 ἑαυτοῦ,
3607 3281 3690 3333 εὐ-

2147 3367 2239 3437 ρδν
2263 3368 2361 3429 τὰς
2387 3366 2497 3418 τῶν
2534 3366 2705 3433 ἁγίων
2735 3366 3051 3439 ἀποστόλων
3077 3367 3286 3438 ψυχὰς,
3340 3372 3368 3424 ὃ
3421 3374 3531 3425 ἐστι
3577 3374 3685 3432 τοὺς

2143 3458 2417 3521 τοιούτους
2445 3457 2667 3528 νοητοὺς
2694 3457 2878 3522 οἴκους
2930 3459 3130 3526 αὐτῶν,
3178 3465 3558 3533 σεσαρωμένας
3608 3464 3686 3516 καί

2145 3555 2222 3614 εἰς
2256 3551 2450 3614 κάλλος
2482 3551 2861 3620 λαμπομένας,
2890 3553 2988 3605 καὶ
3019 3553 3316 3624 ἀποφορᾶς
3354 3557 3577 3620 εὐώδους
3603 3575 3686 3609 πε-

2145 3645 2484 3716 πλησμένας,
2513 3644 2608 3697 καὶ
2634 3644 2771 3697 πολῦ
2804 3646 2873 3715 τὸΓ
2917 3628 3147 3714 ὲφολκδν
3188 3648 3362 3702 αὑτοῦ
3414 3648 3691 3717 εὐπραγού-

2147 3752 2261 3800 σας,
2283 3734 2525 3805 ὲνῴκησε
2548 3737 2661 3797 τοῖς
2702 3735 2967 3798 τοιούτοις
3013 3736 3185 3801 οἴκοις
3243 3741 3339 3794 τοῦ
3391 3740 3690 3811 όμοσθενώς

2148 3824 2295 3893 αύτῷ
2324 3825 2417 3876 καὶ
2448 3826 2882 3895 συνουσιωμένου
2912 3826 3071 3895 ἀγίου
3127 3828 3452 3899 Πνεύματος
3487 3847 3502 3863 ο
3527 3815 3691 3890 αὐτεξ-

2145 3913 2331 3968 ούσιον
2377 3915 2654 3969 κάνταῦθα
2710 3917 2808 3969 καὶ
2858 3917 3341 3988 προϐουλεύματος
3389 3921 3448 3972 οὗ
3526 3920 3691 3986 δεόμε-

2146 4023 2259 4072 νον,
2286 4006 2413 4060 ἔνθα
2437 4005 2560 4060 οὔτε
2586 4005 2801 4075 φθόνος,
2837 4004 2961 4059 οὔτε
2987 4005 3179 4070 στάσις
3232 4008 3457 4079 ἡτισοῦν
3484 4022 3689 4078 παρεισ-

2147 4099 2412 4169 κρίνεται.
2451 4098 2541 4169 Τῷ
2566 4099 2697 4166 γοῦν
2730 4097 2864 4169 οῐκῳ
2896 4099 2990 4152 τοῦ
3020 4098 3223 4167 Λόγου,
3255 4103 3453 4153 αὐτίκα
3510 4099 3562 4152 δὲ
3608 4101 3690 4150 καί

2146 4191 2237 4245 τοῦ
2268 4192 2497 4262 Πατρός,
2535 4193 2628 4244 καὶ
2661 4191 2720 4244 τὸ
2754 4190 2914 4258 ἅγιον
2943 4191 3165 4262 Πνεῦμα
3201 4194 3441 4265 σήμερον
3466 4195 3695 4260 ἰγκατιι·

2070 4312 2079 4317 ο
2148 4283 2371 4349 κίζοιτο,
2407 4284 2574 4353 ἤγουν
2600 4282 2871 4342 ἁπλοϊκῶς
2900 4285 3093 4349 εἰπεῖν,
3128 4287 3355 4339 ἐνοικεῖ.

552 4378 673 4435 159.
707 4378 942 4435 Verbum
1003 4375 1119 4446 ἰῆτο
1170 4379 1391 4445 poterat
1438 4372 1602 4429 etiam
1664 4370 1847 4427 dicere
1906 4372 2041 4435 ἰᾶτο,

2220 4377 2352 4446 ρλϐ’.
2383 4376 2456 4430 Τὸ
2519 4376 2576 4429 δὲ
2637 4376 2753 4445 ἰῆτο
2788 4371 2900 4446 εἶχε
2948 4378 3046 4447 μὲν
3103 4378 3198 4430 καὶ
3230 4380 3349 4432 ἰᾶτο
3389 4380 3555 4432 εἰπεῖν
3593 4393 3691 4428 κοι-

475 4471 822 4529 eommunius
851 4481 947 4537 per
968 4465 1204 4520 litteram
1224 4480 1280 4518 α.
1302 4465 1548 4533 sequens
1565 4471 1767 4528 autem,
1789 4470 2042 4530 tanquam

473 4575 788 4627 extraneus,
814 4562 980 4623 istud,
1019 4559 1202 4628 ἰητρὸς
1224 4564 1281 4611 et
1307 4557 1566 4627 ἰητρείον,
1600 4554 1776 4609 ionice
1796 4556 1997 4609 dictum
2024 4571 2040 4621 ;

473 4668 528 4715 et
565 4659 667 4711 hoc
700 4672 715 4710 :
744 4668 850 4707 non
883 4653 1103 4706 oculum
1135 4649 1366 4718 ἰήσεται,
1398 4646 1687 4717 nequidem
1718 4646 2038 4715 Neptunus;

472 4748 664 4803 scribit
691 4756 747 4801 et
774 4746 888 4814 ipse
918 4743 1040 4813 ἰῆτο
1088 4754 1189 4810 pro
1218 4740 1455 4810 ἱάτρευε.
1489 4738 1715 4793 PectOra
1741 4751 1866 4792 vero
1887 4736 2040 4791 Chri-

473 4850 616 4895 stum
673 4851 870 4894 sauaro
927 4834 1078 4898 dicit,
1134 4847 1241 4886 nou
1302 4831 1534 4893 viscera,
1596 4831 1680 4883 vel
1738 4826 2039 4896 corporalia

475 4940 716 4999 pectora,
750 4940 982 4995 quorum
1011 4923 1283 4979 derivatio
1315 4934 1399 4977 est
1436 4921 1698 4990 φρενῖτις,
1751 4920 1845 4975 sed
1873 4919 2039 4989 spiri-

473 5020 661 5082 tualia,
688 5016 987 5072 secundum
1019 5029 1141 5083 qua:
1161 5011 1376 5067 'sensati
1401 5010 1740 5079 (φρενήρεις)
1785 5018 2040 5077 parentes

470 5127 616 5175 esse,
646 5118 700 5164 et
726 5123 833 5163 non
862 5106 1235 5161 sedet-tionem
1267 5115 1443 5171 neque
1480 5101 1807 5156 dementiam
1831 5098 2036 5161 subire,

473 5212 728 5273 putamus
791 5197 883 5251 illa
940 5196 1237 5265 quidquam
1296 5193 1457 5247 etiam
1501 5191 1668 5246 fuisse
1723 5197 2035 5257 coeperata.

473 5291 621 5348 istud
646 5290 793 5345 enim
840 5285 1137 5356 aliquando
1190 5282 1352 5337 faciet
1417 5281 1683 5346 medicus,
1732 5280 1931 5335 timens
1973 5295 2037 5334 ne

478 5380 888 5453 liypochondria
914 5384 1139 5432 curatus
1167 5374 1340 5429 morbi
1366 5374 1719 5444 perversitate
1782 5372 2033 5441 patiatur.

472 5472 711 5526 Medicus
740 5478 921 5524 autem
956 5467 1285 5529 animarum,
1328 5463 1424 5519 Dei
1453 5463 1647 5527 Filius,
1697 5464 1750 5516 iu
1813 5473 2036 5533 aposto-

472 5564 538 5618 lis
588 5560 959 5616 habitaculum
995 5557 1122 5623 sibi,
1153 5566 1382 5613 mentem
1408 5564 1583 5622 curat,
1608 5570 1729 5626 qua:
1756 5570 1945 5624 Sapere
1978 5558 2031 5609 in

469 5651 781 5709 hominibus
811 5662 913 5716 est,
966 5665 1061 5708 seu
1117 5649 1371 5721 φρονοῦν,
1435 5648 1833 5720 ηυοιί·φρένας
1897 5648 2033 5703 dixit

2146 4467 2361 4537 νότερον
2383 4467 2471 4520 διὰ
2505 4466 2601 4519 τοῦ
2631 4483 2665 4519 α
2697 4482 2710 4495 ’
2746 4466 3059 4519 ἀκολουθῶν
3086 4466 3142 4520 δὲ
3173 4466 3251 4531 ὡς
3279 4462 3366 4521 οἷα
3395 4467 3692 4534 ἑξωτερικὸς

2144 4558 2219 4628 τῷ
2243 4558 2425 4629 ἰητρὸς
2445 4560 2538 4610 καὶ
2570 4559 2804 4628 ἰητρείον
2841 4558 3093 4622 ίωνικῶς,
3117 4560 3211 4611 καὶ
3236 4560 3361 4628 τῷ-
3386 4559 3484 4612 οὐκ
3513 4556 3691 4627 ὀφθαλ-

2145 4651 2244 4717 μὸν
2298 4650 2532 4719 ἰήσεται,
2592 4648 2703 4701 οὐδ’
2750 4647 3073 4717 Ἐνοσὶχθων
3101 4677 3126 4689 -
3155 4649 3361 4718 γράφει
3404 4650 3495 4702 καὶ
3550 4646 3690 4705 αὐτὸς

2140 4738 2374 4793 ἐνταῦθα
2409 4740 2529 4808 ἰῆτο
2586 4738 2709 4792 ἀντὶ
2774 4738 2869 4791 τοῦ
2940 4739 3154 4808 ίάτρευε
3188 4753 3204 4766 ⁸
3268 4741 3474 4810 φρένας
3521 4738 3572 4790 δὲ
3609 4736 3689 4786 τὸν

2140 4828 2373 4897 Χριστὸν
2395 4829 2575 4882 ἰᾶσθαι
2606 4830 2792 4899 φησὶν,
2817 4829 2878 4881 οὐ
2915 4828 2975 4881 τδ
3006 4829 3342 4898 σπλάγχνον,
3396 4831 3493 4892 τὰς
3523 4842 3689 4896 σωμαο

2138 4919 2295 4979 τικὰς
2335 4917 2557 4989 δηλαδὴ,
2588 4914 2662 4972 ὧν
2693 4919 3023 4988 παρὼπσυμος
3056 4923 3087 4989 ή
3126 4923 3396 4989 φρενῖτις,
3428 4921 3558 4973 diu
3603 4918 3688 4977 τὰς

2139 5010 2402 5079 ψυχικὰς,
2432 5009 2555 5062 καθ’
2592 5009 2660 5072 ἃς
2687 5012 2981 5079 φρενήρεις
3041 5013 3360 5081 φαινόμενοι
3417 5011 3569 5075 εἶναι,
3611 5010 3693 5063 καὶ

2142 5099 2267 5153 οὔτε
2327 5100 2683 5171 φρεναπάτην
2755 5100 3007 5169 πάσχειν,
3077 5100 3199 5154 οὔτε
3267 5103 3690 5172 φρενοϐλάϐειαν.

2141 5191 2445 5262 φρονοῦμεν
2481 5190 2836 5253 συντελούσας
2867 5208 2920 5243 τι
2951 5193 3045 5244 καὶ
3098 5193 3293 5256 αὑτάς.
3364 5194 3563 5247 Ἐκεῖνο
3606 5191 3694 5261 μὲν

2139 5285 2248 5353 γὰρ
2280 5285 2459 5351 ἰατρός
2501 5299 2624 5335 ποτε
2653 5283 2889 5352 ποιήσει,
2917 5282 3109 5347 δεδιὼς
3137 5282 3210 5353 μὴ
3242 5288 3337 5337 καὶ
3386 5286 3447 5337 τὸ
3486 5283 3694 5353 ὑποχόνο

2140 5377 2284 5445 δριον
2303 5376 2330 5427 ό
2369 5374 2745 5443 ἰατρευόμενος
2779 5373 3103 5446 δυσπαθήσῃ
3134 5375 3479 5445 κακοτροπίᾳ
3504 5375 3652 5429 νόσου
3676 5388 3692 5405 ·

2139 5469 2167 5518 ό
2191 5467 2246 5518 δὲ
2276 5464 2384 5516 τῶν
2415 5463 2604 5533 ψυχῶν
2639 5463 2844 5533 ἰατρὸς,
2879 5465 2907 5516 ό
2939 5463 3035 5516 τοῦ
3090 5465 3225 5518 Θεοῦ
3296 5466 3444 5526 Υἱὸς,
3497 5468 3552 5516 ἐν
3593 5464 3696 5522 τοῖς

2140 5556 2457 5618 ἀποστόλοις
2480 5556 2539 5607 τὸ
2571 5554 2717 5622 αὐτῷ
2746 5555 2933 5620 οἰκεῖν,
2970 5554 3059 5607 τὸν
3107 5554 3228 5607 νοῦν
3276 5555 3585 5625 θεραπεύει,
3643 5555 3694 5611 ὂ;

2139 5655 2253 5704 ἐστι
2284 5648 2344 5700 τὸ
2376 5632 2432 5701 ὲν
2457 5645 2761 5715 ἀνθρώποις
2795 5643 3050 5714 φρονοῦν,
3080 5646 3108 5699 ὂ
3138 5648 3343 5714 φρένας
3365 5644 3520 5699 εἶπεν
3544 5648 3570 5697 ό
3598 5661 3695 5713 με-
