3996 6194
385 307 494 369 653

1210 308 1290 367 IN
1329 307 1665 367 lli‘MNUM
1711 304 2361 366 PENTECOSTALEM
2399 307 2852 368 DAMASCENI.

3514 307 3621 373 654

386 418 586 485 λῳόός’
624 419 683 470 τὸ
709 418 768 472 δὲ
793 418 853 483 ἐξ
881 421 1153 489 ἁμαρτίας
1214 424 1349 490 πρὸς
1405 424 1692 492 ἀκρίϐειαν
1746 426 1956 484 ἐννοίας

2062 429 2241 490 poeta.
2276 417 2389 473 lloc
2423 430 2600 474 autem
2635 439 2648 474 :
2682 420 2738 485 ἐξ
2770 423 3066 491 ἁμαρτίας,
3098 424 3164 479 ad
3216 425 3497 480 sententiae
3529 441 3621 480 ac-

386 505 564 564 κεῖταὶ
594 523 608 536 ·
644 509 859 575 φρενῶν
889 511 996 579 γὰρ
1021 510 1268 579 ψυχικῶν
1304 513 1513 581 ίατρεία
1539 512 1613 571 ὡς
1665 515 1759 567 καὶ
1816 530 1950 583 κιρ-

383 600 522 661 δίας,
546 600 580 667 ἡ
608 601 704 668 τῆς
728 601 1002 671 ἁμαρτίας
1028 604 1315 673 ἐξαίρεσις.

459 694 571 756 py}.
604 689 713 740 Καὶ
746 691 1052 758 σημείωσαι
1083 693 1141 743 τὸ
1175 693 1313 760 ίῆτο,
1346 695 1515 764 ἤγουν
1557 695 1775 764 ίάτρευε
1823 699 1954 765 φρέ-

385 796 480 839 νας
512 779 571 845 ἐξ
601 780 876 848 ἁμαρτίας
909 797 924 811 ·
958 782 1028 834 δι’
1055 784 1114 835 οὗ
1174 784 1425 853 δηλοῦται
1467 788 1548 839 ὃτι
1611 787 1753 841 καθά
1806 789 1952 843 νόσοι

385 870 657 937 σωμάτων
687 872 745 923 αἱ
773 873 892 924 κατ’
942 876 1117 928 ἐκεῖνο
1167 875 1431 945 καχεξίαι,
1491 878 1634 931 οὕτω
1680 881 1777 932 καὶ
1821 898 1949 949 φρε-

382 961 491 1010 νῷν
516 960 573 1012 αἱ
604 961 873 1030 ἁμαρτίαι
902 979 916 990 ·
950 964 1041 1015 καὶ
1067 964 1148 1016 ὅτι
1176 963 1293 1033 ἅμα
1324 965 1549 1019 ἐκείνων
1578 970 1719 1031 lact;
1752 972 1950 1022 ἀποτε-

382 1052 582 1109 λεῖται,
607 1052 701 1117 καὶ
723 1052 921 1105 αὐτίκα
944 1052 1106 1120 δόμος
1136 1054 1271 1107 Θεοῦ
1322 1058 1529 1123 γίνεται
1559 1061 1588 1110 ό
1628 1059 1952 1129 τεθεραπευ-

387 1140 549 1208 μένος
589 1155 603 1169 ’
639 1141 715 1203 ὡς
740 1140 1073 1207 δὲ,σὼματος
1107 1143 1496 1199 καθικνοῦνται
1546 1149 1689 1201 νόσοι
1742 1152 1836 1203 καὶ
1882 1152 1950 1203 δι’

380 1233 680 1302 ἁμαρτίας,
712 1232 883 1300 ἔμαθε
922 1236 1016 1287 καὶ
1036 1237 1064 1286 6
1088 1236 1327 1299 ἀκούσας
1352 1239 1432 1298 τὸ,
1466 1240 1572 1292 Ἴδε
1597 1240 1753 1309 ὑγιὴς
1801 1242 1952 1308 γέγο-

380 1341 482 1386 νας
506 1339 521 1353 ·
556 1326 758 1392 μηκέτι
787 1325 1071 1394 ἁμάρτανε
1102 1344 1115 1358 ’
1149 1329 1244 1381 καὶ
1267 1329 1380 1397 ἔχει
1408 1330 1644 1397 εὐλόγως
1680 1332 1772 1385 καὶ
1801 1337 1951 1385 τουτὶ

379 1417 441 1468 τὸ
476 1418 730 1487 πρᾶγμα.
768 1418 827 1469 El
858 1418 963 1487 γὰρ
985 1418 1047 1470 τὸ
1066 1420 1187 1473 κατ’
1215 1422 1502 1490 ἄνθρωπον
1530 1424 1819 1493 ὀργανικὸν
1847 1426 1948 1477 σῷα

384 1524 461 1574 μα
516 1507 750 1575 βλάπτει
799 1508 981 1578 ψυχὴν
1033 1509 1178 1562 καθὰ
1226 1513 1321 1563 καὶ
1366 1514 1617 1583 τεχνίτην
1664 1513 1950 1583 ἄνθρωπον

380 1599 477 1651 καὶ
504 1599 840 1667 ἐπιστήμονα
895 1601 1152 1663 πολλάκις
1199 1604 1562 1671 τραυματίζει
1621 1606 1715 1658 καὶ
1775 1605 1949 1670 ἄλλως

381 1686 440 1739 δὲ
466 1688 627 1740 λυπεῖ
650 1690 710 1741 τὸ
744 1688 869 1741 κατ’
897 1690 1062 1741 αὐτὸν
1090 1690 1341 1761 ὄργανον,
1378 1694 1487 1747 οὐδ’
1514 1698 1692 1748 ἐκεῖνο
1738 1696 1948 1760 ἀπαθὲς

2060 508 2397 561 curationem
2438 509 2701 576 ponitur:
2743 520 3022 578 pectorum
3080 514 3225 568 enim
3260 514 3620 583 spiritualium

2060 602 2200 653 sicut
2219 609 2268 653 et
2291 600 2473 653 cordis
2499 602 2733 662 curatio,
2764 611 2853 657 est
2876 603 3046 673 culpae
3075 604 3305 659 avulsio.

2130 691 2251 745 140.
2277 690 2582 745 Notandum
2610 701 2694 745 est
2725 694 2826 747 hoc
2849 694 2972 747 loco
3004 712 3018 746 :
3055 694 3193 764 ἰῆτο,
3260 695 3374 750 sive
3431 696 3623 750 libera-

2063 782 2149 834 bat
2192 782 2425 850 peccatis
2452 792 2666 850 pectora
2693 799 2706 834 :
2734 782 2858 837 hinc
2877 783 3278 839 demonstratur
3307 787 3453 855 quod
3477 786 3626 840 sicut.

2061 874 2236 935 morbi
2268 874 2584 942 corporales
2616 883 2743 927 sunt
2774 875 2927 927 malm
2959 877 3207 944 corporis
3246 876 3617 940 habitudines,

2059 967 2139 1020 sic
2163 975 2215 1019 et
2242 975 2520 1031 pectorum
2565 966 2780 1034 culpaa;
2840 967 3114 1035 quodque,
3164 969 3347 1023 statim
3391 978 3449 1022 ut
3506 970 3627 1023 illo-

2059 1071 2177 1109 rum
2223 1057 2434 1111 sanatio
2496 1057 2819 1125 completur,
2862 1058 3123 1112 continuo
3171 1059 3368 1113 domus
3421 1060 3513 1113 Dei
3566 1060 3626 1114 lit.

2059 1157 2270 1202 sanata.
2299 1147 2454 1213 Quod
2487 1157 2665 1202 autem
2696 1149 2761 1201 ad
2793 1164 2989 1217 corpus
3019 1150 3289 1219 attingant
3340 1152 3514 1205 morbi
3540 1154 3623 1206 vel

2057 1253 2152 1306 per
2167 1241 2374 1307 culpas,
2406 1239 2495 1292 ille
2512 1239 2701 1292 didicit
2730 1241 2819 1303 qui
2856 1240 2937 1293 sic
2967 1240 3173 1293 audivit
3208 1259 3222 1295 :
3253 1239 3411 1306 Vide,
3448 1257 3620 1297 sanus

2059 1328 2236 1381 lactus
2260 1342 2317 1381 es
2342 1344 2358 1394 ;
2387 1328 2495 1394 iam
2523 1328 2630 1381 noli
2664 1342 2906 1397 peccare.
2934 1327 2999 1381 Et
3027 1329 3129 1383 hoc
3188 1345 3406 1401 quoque
3449 1333 3623 1387 ratio-

2058 1419 2236 1491 nabile
2258 1429 2364 1472 est.
2387 1419 2445 1473 Si
2473 1421 2616 1474 enim
2641 1422 2955 1490 organicum
2990 1422 3227 1475 hominis
3267 1436 3467 1492 corpus
3499 1423 3619 1477 ani-

2057 1525 2202 1564 mam
2231 1510 2372 1564 laedit
2405 1510 2867 1577 quemadmodum
2902 1511 3259 1566 artitlciosum
3292 1520 3346 1566 et
3379 1515 3618 1580 peritum

2058 1599 2330 1652 hominem
2365 1613 2509 1668 saepe
2562 1601 2775 1654 sauciat
2829 1600 3068 1669 aliasque
3131 1602 3489 1657 contristatur
3538 1603 3621 1670 ip-

2056 1689 2172 1743 sius
2203 1689 2643 1750 instrumentum,
2669 1688 2814 1756 quod
2850 1703 2953 1743 non
2994 1698 3079 1743 est
3123 1704 3337 1759 semper
3368 1690 3620 1761 impassi-

380 1781 469 1831 ἀεὶ
486 1779 565 1844 ὸν,
587 1780 767 1835 καλῶς
788 1798 917 1834 ποτε
951 1784 1045 1838 καὶ
1076 1783 1209 1836 αὐτὸ
1235 1784 1435 1852 πάσχει
1490 1787 1548 1837 ἐν
1586 1788 1764 1857 καιρῷ
1811 1789 1952 1843 κατά

2060 1781 2181 1841 bile,
2211 1780 2347 1833 bene
2373 1780 2666 1850 aliquando
2694 1779 2854 1833 etiam
2918 1779 3095 1848 ipsum
3139 1793 3263 1834 cum
3294 1782 3614 1850 opportuni-

380 1887 435 1922 τι
463 1870 841 1924 ἀντιπάθειαν.
879 1873 1074 1926 Ίστέον
1102 1872 1158 1926 δὲ
1186 1874 1268 1926 ὅτι
1322 1891 1381 1927 τε
1416 1877 1446 1927 6
1511 1877 1609 1945 μιν
1654 1878 1950 1948 σύνδεσμος

384 1959 627 2015 ἐνταῦθα
654 1962 756 2014 οὐκ
781 1962 1102 2016 ἀποδέδοται
1133 1966 1405 2034 συνήθως,
1436 1966 1573 2019 ἀλλὰ
1628 1967 1778 2021 δοκεῖ
1820 1971 1949 2023 ἀναο

386 2054 611 2116 πόδοτος
639 2048 780 2108 εἶναι
804 2055 1070 2125 μερισμὸς
1108 2058 1291 2118 ὁποῖος
1315 2058 1408 2110 καὶ
1456 2059 1514 2110 ἐν
1577 2062 1643 2128 τῇ
1700 2064 1950 2130 καταρχῇ

387 2148 567 2198 κεῖται
624 2144 720 2198 τοῦ
776 2144 1075 2214 σεϐασμίου
1117 2144 1322 2213 βιϐλίου
1376 2148 1485 2198 τῷν
1526 2148 1784 2218 Πράξεων
1845 2150 1952 2202 τῶν

386 2237 727 2290 ἀποστόλων.
774 2238 836 2290 Εἰ
869 2240 942 2307 μή
976 2256 1061 2300 τις
1087 2240 1198 2307 ἄρα
1237 2240 1426 2304 δεξιῶς
1478 2243 1643 2294 αύτὸν
1702 2244 1951 2312 συνδήσει

384 2332 446 2381 ὲν
477 2329 558 2398 τῷ
583 2328 908 2397 ὁμοσθενοῦς
939 2330 996 2382 δὲ
1041 2332 1133 2384 καὶ
1167 2333 1600 2400 συνουσιωμένου
1636 2352 1649 2364 ο
1682 2335 1767 2387 ἵνα
1822 2338 1955 2408 λέγῃ

384 2418 462 2476 ὡς
493 2420 560 2471 τὰ
592 2417 691 2486 μὲν
713 2418 819 2489 πρὸ
841 2419 1032 2472 τούτου
1063 2420 1226 2490 δόμον
1267 2422 1536 2491 ἄχραντον
1559 2426 1587 2477 6
1624 2424 1754 2486 Θεὸς
1784 2426 1956 2491 Λόγος

385 2506 759 2569 κατεσκεύαζε
788 2523 806 2537 ο
847 2508 942 2562 νῦν
963 2508 1019 2561 δὲ
1045 2508 1122 2579 τῷ
1163 2513 1390 2582 τοιούτῳ
1417 2511 1551 2583 οίκῳ
1575 2512 1729 2581 ἅγιον
1789 2516 1955 2568 Πνεῦ-

392 2616 469 2668 μα
487 2596 952 2665 ὲγκατοικίζεται.
987 2600 1203 2669 Μέτρου
1222 2603 1281 2656 δὲ
1313 2606 1535 2674 πιεσμῷ
1589 2607 1955 2675 σφιγγόμενος

386 2694 417 2742 6
438 2689 677 2759 μελῳδὸς
705 2690 764 2742 τὸ
798 2693 891 2744 καὶ
923 2691 1098 2762 ἑαυτῷ
1123 2696 1492 2760 κατεσκεύαζε
1543 2696 1728 2766 δόμον,
1756 2700 1808 2766 χ’
1866 2699 1954 2751 αὐ-

388 2782 467 2850 τῷ
495 2783 664 2847 λέγει,
696 2783 1022 2853 ἀφελόμενος
1054 2787 1152 2854 μὲν
1178 2789 1238 2839 τὸ
1268 2788 1388 2842 κατ’
1418 2790 1591 2859 ἀρχὴν
1615 2807 1640 2841 ε
1658 2792 1754 2858 τῆς
1781 2794 1956 2846 ἀντω-

390 2872 588 2941 νυμίας
630 2873 727 2942 τῆς
764 2876 853 2928 καὶ
875 2874 1045 2938 οὕτως
1080 2876 1240 2930 πάλιν
1265 2878 1648 2950 δασυνομένης·
1678 2883 1880 2953 τρέψας
1900 2886 1956 2938 δὲ

391 2966 452 3017 τὸ
477 2981 512 3017 κ
542 2965 634 3018 τοῦ
685 2967 781 3019 καὶ
813 2968 1110 3037 συνδέσμου
1141 2973 1221 3032 είς
1242 2973 1577 3043 ἀντίστοιχον
1628 2974 1762 3029 δασὺ
1792 2978 1852 3030 τὸ
1896 2996 1951 3047 χ,

2053 1878 2165 1924 tate
2193 1869 2591 1939 quodammodo
2617 1870 2819 1937 patitur
2852 1869 3230 1938 antipathiam.
3258 1869 3409 1927 Scito
3440 1881 3618 1926 autem

2054 1960 2198 2029 quod
2232 1958 2550 2025 coniunctio
2583 1959 2682 2026 μὲν
2715 1958 2803 2013 hic
2827 1973 2931 2013 non
2964 1974 3029 2014 ex
3090 1976 3240 2015 more
3272 1963 3616 2031 producitur,

2056 2052 2147 2106 sed
2179 2051 2395 2105 videtur
2423 2065 2544 2106 esse
2568 2053 2687 2106 sine
2716 2052 3075 2121 respondente
3110 2052 3395 2122 particula,
3430 2053 3609 2122 qualis

2056 2144 2108 2195 in
2138 2142 2292 2196 initio
2322 2143 2610 2197 venerandi
2645 2144 2872 2199 Actuum
2901 2143 3271 2214 apostolorum
3335 2144 3456 2197 libri
3490 2144 3623 2212 legi-

2054 2244 2182 2301 tur;
2215 2235 2316 2288 nisi
2339 2234 2463 2302 quis
2484 2249 2602 2289 eam
2637 2234 2933 2306 coniungat
2956 2250 3077 2290 cum
3110 2235 3255 2289 isto:
3290 2234 3620 2304 ὀμοσθενοῦς

2055 2326 2110 2378 δὲ
2144 2327 2239 2378 καὶ
2261 2328 2733 2394 συνουσιωμένου;
2767 2327 2985 2381 utdicat
3016 2327 3195 2396 :quod
3227 2336 3385 2381 antea
3407 2327 3619 2397 quidem

2058 2431 2248 2486 puram
2274 2416 2496 2470 domum
2533 2416 2671 2471 Deus
2698 2415 2932 2472 Verbum
2961 2419 3221 2487 parabat;
3257 2430 3402 2472 nunc
3430 2428 3611 2472 autem

2058 2509 2111 2561 in
2168 2507 2274 2562 ista
2319 2509 2482 2561 domo
2544 2507 2776 2577 Spiritus
2841 2515 3065 2562 sanctus
3133 2508 3425 2564 inhabitat.
3465 2508 3622 2563 Metri

2056 2611 2190 2651 vero
2220 2597 2606 2652 constrictione
2633 2590 2854 2666 pressus
2878 2607 3058 2665 poeta,
3088 2597 3192 2652 hoc
3224 2598 3417 2667 ἑαυτῷ
3455 2614 3620 2650 κατε-

2061 2686 2296 2751 σκεύαζε
2352 2687 2662 2756 δόμον,-χ’
2697 2684 2845 2754 αὐτῷ
2911 2686 3066 2752 dicit,
3124 2687 3351 2741 dimissa
3403 2688 3624 2757 quidem

2062 2777 2255 2832 initiali
2298 2776 2472 2830 littera
2496 2793 2523 2828 ε
2562 2775 2926 2845 pronominis,
2965 2773 3108 2851 quod
3149 2776 3231 2829 sic
3258 2773 3424 2829 etiam
3464 2791 3626 2843 aspc—

2061 2884 2125 2923 ro
2167 2868 2357 2937 spiritu
2386 2875 2636 2933 notatur;
2672 2882 2935 2920 conversa
2989 2874 3168 2920 autem
3218 2859 3624 2936 coniunctionis

2063 2960 2238 3013 littera
2271 2975 2305 3010 κ
2332 2957 2384 3011 in
2413 2968 2659 3026 asperam
2683 2956 2927 3025 ejusdem
2960 2955 3167 3010 ordinis
3190 2972 3244 3026 χ,
3268 2967 3395 3026 post
3439 2958 3625 3013 elisio-

395 3055 532 3121 μετά
562 3055 660 3122 τὴν
685 3056 825 3124 λόγῳ
857 3058 1179 3127 συναλοιφῆς
1215 3059 1462 3130 ἔκθλιψιν
1497 3062 1598 3133 τῆς
1654 3080 1711 3116 αι
1738 3046 1953 3133 διφθόγ-
1981 3101 2025 3160 C
2063 3063 2309 3152 “em:hW
2328 3046 3316 3160 fylialmi’ilam‘o.dipiiihfngi“13‘1"?
3332 3048 3625 3160 djpillh?":

388 3162 527 3215 γου’
594 3148 716 3217 ἥτις
760 3148 1048 3221 δίφθογγος
1092 3148 1278 3215 οὕτως
1336 3152 1546 3222 ὑπῆλθε
1598 3157 1956 3222 κουφισθεῖσα

392 3240 488 3290 καὶ
522 3240 580 3291 ἐν
602 3240 680 3305 τῷ
709 3266 739 3278 -
772 3237 1004 3309 Ἔρχομ*
1053 3240 1189 3311 ἔχων
1213 3234 1306 3296 ἐπὶ
1337 3244 1469 3313 νῆας
1499 3261 1513 3275 ·
1542 3275 1564 3287 -
1593 3246 1705 3315 ἔχει
1755 3248 1814 3301 δὲ
1864 3252 1959 3303 καὶ

390 3332 731 3400 ἀρχετυπίαν
770 3334 1017 3403 χρήσεως
1049 3336 1384 3407 παλαιτάτης
1408 3338 1437 3389 6
1466 3338 1704 3408 μελῳδὸς
1743 3341 1806 3393 ἐκ
1863 3344 1958 3395 τοῦ

390 3424 659 3492 τυράννου
694 3424 966 3487 Οἰδίποδος
988 3426 1095 3479 τὸ·
1123 3426 1174 3497 χ’
1201 3429 1364 3481 αὐτοῦ
1399 3457 1426 3470 -
1452 3428 1573 3498 ἦτοι
1613 3433 1707 3485 καὶ
1741 3434 1954 3486 ἑαυτοῦ.

466 3510 616 3583 ρμα’.
644 3513 716 3565 Τὸ
747 3514 803 3566 δὲ
825 3516 1133 3585 πάνταρχος
1165 3517 1278 3569 ἴσον
1306 3518 1423 3570 ἐστὶ
1445 3518 1524 3588 τῷ
1556 3519 1956 3587 παμϐασιλεὺς,

391 3607 489 3657 καὶ
556 3604 854 3671 παντάναξ,
918 3608 1011 3659 καὶ
1053 3608 1187 3672 ἄναξ
1239 3610 1508 3676 ἀνάκτων,
1564 3611 1657 3663 καὶ
1706 3611 1955 3681 βασιλεὺς

393 3697 682 3767 βασιλέων,
717 3697 809 3749 καὶ
865 3698 1055 3767 κύριος
1118 3701 1497 3769 κυριευόντων,
1559 3704 1619 3755 τὸ
1662 3705 1720 3756 δὲ
1776 3705 1958 3774 μεῖζον

391 3790 488 3841 καὶ
516 3788 652 3849 Θεὸς
681 3788 840 3843 θεῶν.
865 3790 1195 3860 Σεμνότερον
1222 3792 1279 3845 δὲ
1312 3793 1621 3865 πάνταρχος
1653 3797 1835 3863 λέγειν
1870 3800 1959 3852 διὰ

390 3876 488 3931 τοῦ
517 3896 568 3944 τ,
604 3878 792 3949 ὥσπερ
817 3881 910 3934 καὶ
940 3881 1236 3946 παντάναξ,
1301 3884 1444 3953 ἥπερ
1471 3885 1560 3937 δια
1589 3887 1749 3955 μόνου
1777 3889 1869 3941 τοῦ
1905 3908 1953 3957 ν,

396 3971 491 4025 καὶ
515 3972 549 4041 ἡ
570 3972 720 4025 αίτία
743 3972 877 4043 δήλη
911 3988 927 4005 ο
963 3972 1042 4026 διὸ
1070 3973 1165 4027 καὶ
1187 3976 1215 4027 6
1260 3977 1601 4045 παντουργὸς
1660 3981 1957 4051 προεκρίθη

394 4064 741 4131 ἐπιλέγεσθαι
768 4063 845 4134 τῷ
876 4063 1019 4132 Θεῷ,
1057 4065 1150 4117 τοῦ
1215 4066 1525 4141 πανούργου
1573 4070 1957 4141 ἀφορισθέντος

396 4155 472 4219 ὡς
497 4155 795 4225 ὲπιρῤήτου
837 4155 907 4208 τὰ
963 4155 1170 4209 πλείω·
1221 4161 1270 4210 εί
1329 4160 1424 4212 καὶ
1467 4161 1496 4211 6
1553 4164 1955 4233 παροιμιαστὴς

395 4244 605 4316 ἀγαθὴν
630 4244 839 4299 ἔννοιαν
878 4249 1253 4315 παρεισκρίνει
1305 4250 1476 4319 αὐτῷ,
1541 4252 1668 4307 ἔνθα
1722 4255 1957 4307 ἐπαινῶν

389 4340 710 4406 ἑκφαίνεται
733 4338 824 4391 τὸν
853 4338 1178 4408 πινοῡργον.
1202 4341 1359 4410 Λόγῳ
1392 4340 1449 4393 δὲ
1473 4343 1645 4413 ὁμοίῳ
1672 4345 1766 4397 καὶ
1788 4360 1955 4396 παντ-

2061 3154 2162 3209 gus
2213 3139 2294 3193 sic
2328 3138 2639 3217 insinuatur
2666 3136 2799 3190 elisa
2844 3137 2898 3191 in
2926 3137 3069 3191 hoc:
3119 3137 3313 3208 ἔρχομ’
3350 3138 3490 3209 ἔχων
3531 3141 3623 3194 ἐπὶ

2061 3231 2214 3300 νῆας.
2256 3227 2432 3282 liabet
2453 3238 2631 3282 autem
2658 3228 2961 3297 exemplum
2988 3227 3428 3297 antiquissimum
3462 3242 3623 3300 poeta

2060 3335 2125 3375 ex
2159 3320 2371 3389 ()Edipo
2400 3334 2523 3388 rege
2567 3319 2896 3374 locutionem
2931 3319 2980 3391 χ’
3004 3320 3189 3385 αὑτοῦ,
3217 3321 3333 3375 sive
3376 3323 3468 3375 καὶ
3501 3323 3626 3377 ἑαυ-

2058 3410 2174 3468 τοῦ.

2133 3503 2257 3558 Ml.
2289 3503 2401 3558 Vox
2429 3503 2736 3574 πάνταρχος
2761 3504 3047 3574 tequivalet
3078 3508 3197 3562 voci
3224 3509 3627 3579 παμϐασιλεῦς,

2061 3610 2271 3650 necnon
2302 3596 2528 3651 vocibus
2560 3596 2862 3660 παντάναξ,
2903 3597 3043 3662 ἄναξ
3079 3600 3353 3668 ἀνάκτων,
3375 3601 3628 3672 βασιλεὺς

2062 3686 2346 3755 βασιλέων,
2385 3685 2573 3757 κύριος
2597 3690 2990 3756 κυριευόντων;
3028 3700 3104 3754 et,
3165 3693 3307 3761 quod
3363 3696 3485 3762 pius
3515 3705 3622 3761 est,

2059 3778 2188 3840 Θεὸς
2222 3777 2383 3833 θεῶν.
2417 3778 2601 3834 Satius
2635 3788 2816 3833 autem
2851 3779 3035 3836 dicere
3087 3785 3400 3854 πάνταρχος
3452 3802 3552 3855 per
3595 3805 3627 3839 τ

2060 3870 2205 3923 sicut
2227 3870 2526 3935 παντάναξ,
2556 3886 2717 3941 quam
2751 3884 2847 3939 per
2877 3872 3053 3926 solum
3074 3890 3123 3927 ν.
3147 3872 3302 3929 Ratio
3338 3875 3627 3930 manifesta

2059 3974 2158 4030 est,
2189 3964 2418 4034 ideoque
2438 3964 2466 4016 6
2492 3962 2835 4033 παντουργδς
2862 3962 3044 4020 dicere
3089 3963 3157 4020 de
3214 3965 3325 4021 Deo
3384 3977 3626 4037 prastat,

2060 4072 2222 4128 quam
2275 4053 2675 4123 ὁπανοῦργος,
2709 4055 2801 4124 qui
2833 4057 3154 4126 plerumque
3205 4057 3349 4113 malo
3394 4059 3628 4115 sumitur

2061 4165 2252 4205 sensu.
2308 4145 2365 4202 Si
2415 4145 2833 4203 Proverbiorum
2884 4156 3073 4204 auctor
3135 4150 3332 4205 bonam
3360 4151 3410 4207 ei
3441 4153 3631 4207 tribuit

2061 4241 2534 4312 signiﬁcationem,
2565 4239 2655 4294 hic
2693 4240 2979 4296 manifeste
3004 4241 3213 4297 videtur
3272 4242 3495 4298 laudare
3532 4247 3629 4298 τὸν

2061 4333 2393 4403 πανοῦργον.
2430 4331 2606 4387 Simili
2631 4332 2845 4388 ratione
2879 4337 3169 4388 πανταιτία
3192 4333 3392 4392 dicitur
3414 4340 3629 4408 sapien-

389 4429 543 4483 αιτία
578 4428 740 4497 σοφία
767 4429 981 4496 λέγεται
1013 4431 1046 4499 ή
1108 4428 1198 4481 τοῦ
1236 4430 1369 4483 Θεοῦ
1404 4431 1554 4500 παρὰ
1581 4432 1782 4501 ἑταίρῳ
1811 4434 1953 4503 ἁγίῳ

2060 4428 2128 4481 tia
2152 4425 2246 4480 Dei
2269 4425 2408 4494 apud
2440 4426 2650 4480 socium
2707 4433 2955 4481 sanctum
2987 4426 3280 4495 melodum,
3330 4444 3439 4485 non
3496 4446 3631 4487 cono

392 4520 638 4591 μελῳδῷ,
661 4519 722 4573 ού
754 4520 890 4591 πρὸς
915 4520 1232 4575 ἀκολουθίαν
1279 4522 1372 4574 τοῦ
1426 4523 1712 4587 Παναίτιος
1768 4526 1956 4593 κυρίου

389 4613 658 4677 ὀνόματος
682 4627 696 4641 ’
730 4611 812 4665 ὅτι
849 4611 907 4664 δὲ
934 4613 1027 4665 καὶ
1054 4612 1178 4683 δίχα
1209 4614 1301 4666 τοῦ
1332 4631 1363 4665 τ
1395 4615 1453 4665 ἐν
1497 4617 1608 4676 τοῖς
1636 4616 1894 4679 τοιούτοις
1923 4618 1957 4685 ή

391 4702 536 4773 αὐτὴ
555 4704 735 4756 ἔννοια
768 4701 997 4766 σώζεται
1024 4704 1186 4756 ὁποία
1210 4700 1277 4775 ἦν
1308 4703 1375 4758 ἂν
1413 4706 1506 4759 καὶ
1563 4708 1701 4775 μετά
1767 4708 1862 4760 τοῦ
1904 4726 1955 4776 τ,

391 4796 552 4865 δῆλον
579 4795 700 4865 δίχα
729 4794 940 4847 πολλῶν
978 4794 1153 4848 ἄλλων
1184 4798 1277 4849 καὶ
1326 4799 1388 4849 ὲκ
1445 4798 1539 4851 τοῦ
1591 4800 1954 4871 πανωλεθρίᾳ,

392 4889 491 4940 καὶ
515 4885 611 4939 τοῦ
641 4886 920 4954 πανόπτην
953 4883 1151 4937 κύκλον
1215 4884 1365 4957 ήλίου
1423 4887 1572 4939 καλῶ
1600 4905 1615 4921 ο
1664 4891 1859 4942 ταυτὸν
1914 4888 1959 4939 δ’

396 4979 574 5030 εἰπεῖν
601 4975 690 5028 τὸν
720 4975 873 5029 πάντ’
902 4974 1207 5045 ἐφορῶντα,
1241 4977 1332 5029 καὶ
1360 4976 1433 5038 ὡς
1460 4977 1527 5030 ἂν
1550 4979 1680 5049 φαίη
1713 4996 1797 5042 τις
1831 4997 1960 5033 παν-

395 5069 677 5136 τεπόπτην
702 5084 717 5098 ο
746 5068 1010 5136 ᾄχραντος
1040 5065 1098 5118 δὲ
1125 5067 1286 5135 δόμος
1315 5069 1342 5119 ὁ
1369 5067 1509 5138 ὑπὲρ
1573 5071 1682 5122 πᾶν
1736 5072 1963 5140 ἀρχικὸν

400 5158 671 5230 ὑπερῷον,
710 5160 738 5210 6
780 5158 1007 5227 πρέπων
1062 5155 1275 5217 πάντως
1326 5154 1465 5224 Θεῷ.
1527 5157 1779 5222 Τοιοῦτος
1820 5158 1875 5212 δὲ
1935 5161 1963 5211 6

395 5252 522 5311 ναὸς
547 5249 683 5302 Θεοῦ
707 5248 806 5315 ὢν,
831 5253 1037 5310 ικεῑνος
1065 5244 1212 5309 οΙκος
1239 5262 1254 5277 ⁸
1284 5245 1424 5300 ὥστε
1446 5249 1585 5301 κατὰ
1626 5249 1724 5317 τὴν
1754 5249 1961 5303 δαυιτι-

395 5344 499 5411 κήν
534 5341 789 5404 ἱκετείαν,
820 5336 888 5413 ἧς
919 5341 1394 5409 προεμνήσθημεν,
1420 5339 1489 5392 τά
1543 5339 1775 5392 ἐνταῦθα
1819 5341 1966 5407 γίνε-

395 5451 488 5485 ται
519 5449 533 5463 ’
563 5431 966 5496 κατασκευάζει
1007 5432 1106 5498 μὲν
1139 5432 1246 5498 γὰρ
1278 5434 1305 5483 6
1337 5431 1465 5494 Υἱὸς
1494 5432 1589 5484 καὶ
1618 5431 1748 5494 Θεὸς
1799 5432 1964 5502 δόμου

396 5524 669 5594 ἁχράντου
689 5524 814 5585 τοὺς
842 5523 1194 5585 ἀποστόλους,
1226 5522 1453 5591 καρδίαν
1481 5521 1725 5590 καθαρὰν
1770 5523 1967 5588 κτίζων

396 5619 454 5668 ὲν
486 5615 669 5677 αὐτοῖς
699 5629 713 5644 ’
746 5614 1180 5681 ὲγκατοικίζεται
1201 5612 1255 5666 δὲ
1297 5613 1436 5666 κατά
1475 5614 1564 5666 τὸν
1594 5611 1826 5680 μελῳδὸν
1873 5613 1966 5664 αὐ-

396 5707 514 5759 τόθι
544 5707 763 5776 πνεῦμα
794 5706 969 5773 εύθὲς,
993 5705 1349 5774 ὲγκαινισμοῦ
1379 5703 1543 5771 λόγῳ.
1862 5704 1871 5707 μ

2060 4527 2314 4585 gruenter
2336 4517 2400 4570 ad
2416 4531 2612 4571 nomen
2634 4517 2910 4585 proprium
2932 4518 3242 4584 Παναίτιος.
3271 4521 3426 4588 Quod
3444 4534 3625 4579 autem

2061 4608 2224 4660 etiam
2259 4608 2312 4661 in
2342 4607 2612 4662 similibus
2634 4609 2838 4677 absque
2861 4627 2892 4662 τ
2922 4625 3170 4666 servetur
3201 4614 3388 4668 eadem
3412 4624 3629 4669 senten-

2063 4699 2134 4751 tia
2158 4699 2337 4767 qualis
2359 4709 2505 4753 esset
2531 4714 2654 4755 cum
2681 4700 2783 4755 hac
2809 4701 3006 4766 littera,
3039 4712 3206 4772 patet,
3242 4715 3441 4774 prauer
3471 4716 3630 4761 caste-

2064 4804 2148 4850 ra,
2180 4804 2243 4843 ex
2278 4790 2654 4859 πανωλεθρίᾳε
2691 4800 2745 4846 ct
2772 4792 3056 4864 πανόπτην
3083 4797 3269 4850 orbem
3290 4795 3421 4852 solis
3460 4812 3626 4867 voco;

2063 4878 2115 4930 id
2149 4889 2251 4943 est,
2271 4890 2467 4935 cuncta
2498 4882 2869 4951 Speculantem
2900 4899 2917 4951 ;
2948 4892 3025 4948 et,
3053 4887 3399 4955 quasidicas,
3432 4906 3633 4944 παντε-

2065 4967 2284 5037 πόπτην
2340 4970 2646 5042 ’Δχραντος
2670 4973 2867 5028 deinde
2896 4985 2981 5029 est
3008 4975 3173 5044 δόμος
3206 4992 3438 5049 surgens
3468 4995 3632 5050 super

2064 5071 2283 5112 onmem
2312 5062 2627 5128 primarium
2655 5065 2932 5133 ordinem,
2959 5060 3012 5121 et
3038 5067 3146 5122 Deo
3168 5083 3395 5138 prorsus
3417 5086 3633 5140 compe-

2066 5158 2209 5205 tcns.
2239 5152 2386 5207 Talis
2415 5168 2568 5218 vero,
2596 5170 2719 5223 quae
2746 5158 3007 5227 templum
3032 5157 3123 5213 Dei
3152 5169 3256 5225 est,
3282 5162 3372 5216 illa
3397 5162 3629 5225 domus;

2067 5243 2298 5310 utjuxta
2329 5242 2638 5300 Davidicam
2692 5249 3168 5317 supplicationem,
3227 5253 3294 5306 de
3323 5268 3429 5319 qua
3483 5267 3633 5305 tuen-

2067 5338 2268 5390 tionem
2307 5337 2555 5406 fecimus,
2580 5356 2665 5395 res
2726 5342 2799 5395 ibi
2850 5343 3001 5399 sint:
3051 5353 3203 5414 parat
3233 5345 3376 5397 enim
3408 5344 3629 5412 quidem

2068 5424 2239 5481 Filius
2264 5442 2327 5481 ac
2363 5429 2523 5496 Deus,
2552 5433 2604 5484 in
2629 5434 2849 5487 domum
2883 5434 3310 5497 immaculatum,
3335 5435 3629 5503 apostolos,
3656 5438 3667 5447 ’

2067 5533 2164 5571 cor
2193 5521 2455 5577 mundum
2485 5538 2676 5580 crcaus
2708 5525 2761 5579 in
2817 5526 2925 5592 eis;
2963 5526 3228 5579 inhabitat
3253 5536 3433 5579 autem
3478 5526 3632 5597 juxta

2070 5621 2281 5679 poetam
2308 5614 2505 5667 ibidem
2540 5616 2764 5683 spiritus
2789 5628 2987 5681 rectus,
3038 5616 3421 5673 dedicationis.

3526 5799 3615 5809 ισ-ο-μς
