3996 6194
441 299 484 356 ’τι
493 298 522 353 ἶ)
530 299 560 360 5

449 505 614 557 Sacra
653 517 781 556 vero
815 501 970 553 lectio
1005 506 1090 552 est
1119 497 1325 567 ἵδρυσις
1361 511 1427 549 ex
1491 497 1764 549 extraneis
1814 496 2013 548 intror-

449 612 566 647 sum
633 595 842 646 invecta
908 590 1124 655 Deoque
1181 595 1418 641 sacrata.
1466 587 1754 640 Dicebatur
1826 595 2008 640 autem

449 686 589 753 apud
617 684 834 736 Grzecos
877 679 1100 748 ἱδρύειν,
1149 679 1383 744 primum
1421 678 1710 731 instituere
1767 677 1820 730 in
1877 688 2013 730 tent-

450 777 593 844 plum
631 788 750 824 cum
783 769 1078 824 honoriﬁco
1113 769 1374 821 comitatu
1407 784 1435 821 a
1459 769 1576 837 lege
1605 777 1830 828 statuto.
1869 769 2013 836 quod

450 866 591 932 apud
627 862 775 932 ipsos
840 860 1196 926 undecunque
1229 860 1594 913 venerandum
1625 867 1739 912 erat
1772 859 2014 912 divinum

449 955 800 1010 simulacrum
832 961 927 1007 aut
966 963 1165 1006 statua.
1216 949 1525 1004 Notandum
1568 966 1695 1004 vero
1756 951 1898 1020 quod
1951 952 2019 1005 de

452 1045 801 1098 immaculata
837 1059 933 1097 seu
972 1058 1109 1110 pttra
1179 1042 1340 1095 domo
1371 1042 1640 1096 sententia
1705 1042 1770 1096 ad
1831 1043 2021 1110 przedi—

453 1145 602 1189 ctum
640 1133 914 1186 lavacrum
957 1133 1142 1200 aliquo
1199 1132 1360 1185 modo
1409 1132 1686 1199 pertinens
1773 1131 2018 1186 converti

457 1235 654 1296 potest.
687 1222 854 1276 Valde
879 1237 1110 1290 namque
1135 1223 1364 1276 solerter
1413 1223 1817 1292 artiﬁcioseque
1867 1236 2022 1276 sacer

461 1293 724 1376 melodus,
767 1323 982 1368 servato
1013 1313 1212 1366 lavacri
1238 1321 1416 1382 tmpo,
1451 1315 1591 1368 sicut
1617 1315 1670 1366 in
1703 1315 1978 1368 locutione
2006 1331 2022 1367 :

460 1408 702 1460 divinum
747 1402 1175 1474 regenerationis
1203 1403 1506 1466 lavacrum,
1549 1405 1626 1458 sic
1654 1405 1814 1458 etiam
1862 1404 2026 1472 paulo

462 1507 587 1550 ante
619 1513 632 1548 :
670 1495 965 1549 Lavacrum
999 1502 1347 1562 peccatorum
1381 1493 1848 1561 purificationem;
1875 1493 2025 1561 puri-

465 1589 644 1641 ticatio
676 1600 914 1654 namque
935 1585 1321 1640 convenienter
1347 1584 1563 1638 lavacro
1584 1584 1843 1650 inhaeret;
1878 1583 2030 1638 simi-

464 1680 584 1732 liter
619 1688 797 1732 autem
865 1678 1030 1745 ignis,
1087 1692 1197 1745 quo
1251 1686 1372 1746 eget
1425 1676 1704 1740 balneum,
1739 1675 2030 1744 prmposito

1156 288 1575 349 EUSTATHII
1616 286 2367 348 TIIESSAIDNICENSIS
2407 285 2964 346 METROPOLlT.E

519 413 643 467 ΜΞ.
689 409 778 463 Vel
833 419 890 463 ut
955 409 1093 461 idem
1152 407 1348 465 dicant,
1392 405 1716 474 ἐνιδρύσεως
1779 406 2008 458 ratione.
2043 412 2088 466 Α

2189 407 2333 474 ρμβ’.
2364 405 2570 458 Ταυτὸν
2595 404 2639 456 δ’
2670 406 2842 456 εἰπεῖν
2875 403 3193 470 ὲνιδρύσεως
3225 416 3238 430 '
3293 403 3407 471 ἱερὰ
3434 405 3485 457 δὲ
3529 408 3648 471 λέξις

2118 499 2211 550 καὶ
2239 499 2270 564 ἠ
2301 498 2508 565 ἵδρυσις
2540 497 2602 546 ὲκ
2653 495 2760 546 τῶν
2788 495 2890 555 ἔξω
2939 491 3372 558 παρελκυσθεῖσιι
3425 495 3539 558 ἔσω,
3571 501 3651 550 καὶ

2117 585 2480 653 ἀφιερωθεῖσα
2509 585 2586 654 τῷ
2611 585 2729 652 θεῷ
2763 601 2773 611 ·
2807 583 3025 650 ἐλέγετο
3049 582 3105 634 δὲ
3160 581 3357 652 ἱδρύειν
3385 585 3505 652 παρ’
3543 586 3649 638 "Ei.-

2121 680 2244 747 λησι
2275 679 2336 730 τδ
2361 679 2458 744 τὴν
2490 676 2664 746 ἀρχὴν
2715 676 2975 745 καθιστᾷν
3027 675 3104 736 είς
3139 675 3262 725 ναὸν
3321 677 3449 742 μετὰ
3490 681 3672 744 τιμῐαςι

2119 769 2441 832 ἀκολουθίας
2481 768 2902 837 νενομισμένης,
2926 767 2986 819 τὸ
3009 767 3135 836 παρ’
3163 768 3346 830 αὐτοῖς
3381 768 3657 835 τιμώμενον

2119 862 2180 926 ἐξ
2204 861 2420 914 οίασοῦν
2450 861 2586 923 ὅλως
2618 861 2850 922 Θεοειδὲς
2881 861 3131 928 ὁμοίωμα
3156 861 3335 912 εἶτουν
3382 861 3656 929 ἀφίδρυμα.

2125 955 2244 1006 ἐτι
2288 954 2460 1012 ἰστέον
2487 953 2580 1005 καὶ
2603 952 2678 1013 ὼς
2709 953 2853 1006 κατά
2879 951 2971 1003 τὸν
3003 951 3268 1020 ἄχραντον
3297 951 3327 1020 ἢ
3358 951 3428 1013 ὡς
3452 952 3660 1018 καθαρὸν

2124 1045 2287 1114 δόμον
2333 1043 2511 1096 ἔννοια
2543 1042 2681 1106 δόξοι
2701 1041 2767 1095 ἂν
2795 1043 2995 1110 τρόπον
3023 1042 3144 1093 τινὰ
3173 1041 3264 1094 τοῦ
3295 1042 3661 1110 προειρημένου

2124 1135 2350 1202 λουτροῦ
2372 1133 2590 1203 ἔχεσθαι
2621 1149 2638 1164 ο
2668 1133 2810 1184 πάνυ
2858 1133 2965 1202 γὰρ
3011 1130 3196 1194 δεξιῶς
3236 1131 3514 1199 φυλάξαςὸ
3540 1135 3664 1200 ἱερὸς

2125 1226 2376 1288 ἑποποιδς
2394 1224 2491 1294 τὴν
2512 1223 2633 1276 κατ’
2653 1226 2828 1275 ἐκεῖνο
2846 1223 3077 1292 τροπὴν,
3099 1225 3188 1275 καὶ
3201 1224 3458 1292 τεχνικῶς
3478 1225 3604 1275 καθὰ
3618 1227 3665 1276 ὲν

2125 1317 2202 1386 τῷ
2225 1339 2251 1357 σε
2273 1317 2497 1384 λουτρὸν
2541 1315 2600 1368 τδ
2624 1316 2766 1370 Θεῖον
2781 1316 2882 1381 τῆς
2903 1315 3324 1381 παλιγγενεσίας
3349 1331 3364 1346 ο
3391 1345 3414 1358 -
3434 1315 3562 1367 οὕτω
3586 1321 3667 1368 καὶ

2129 1409 2236 1479 πρδ
2270 1408 2452 1475 ὀλίγου
2475 1411 2530 1462 ἐν
2549 1409 2626 1477 τῷ
2645 1437 2663 1447 ο
2683 1408 2964 1476 λουτήριον
3006 1395 3274 1476 κάδαρσιν
3323 1408 3565 1478 ἁμπλακη
3577 1410 3668 1475 μά-

2129 1516 2236 1552 των
2252 1517 2265 1530 ο
2285 1501 2318 1569 ἠ
2348 1498 2609 1568 κάθαρσις
2629 1515 2684 1550 τε
2705 1497 2814 1564 γὰρ
2833 1497 2911 1564 τῷ
2929 1497 3199 1566 λουτηρίῳ
3221 1497 3502 1566 εὐπρεπῶς
3519 1514 3669 1566 παρα-

2131 1590 2377 1644 κολουθεῖ
2395 1607 2407 1621 ·
2432 1589 2632 1656 ὁμοίως
2648 1589 2704 1642 δὲ
2724 1590 2818 1641 καὶ
2838 1589 2897 1641 τὸ
2917 1588 3026 1656 πῦρ
3045 1587 3106 1640 οῦ
3124 1587 3306 1640 δέεται
3323 1587 3382 1640 τὸ
3401 1589 3671 1656 λουτήριον.

2134 1682 2474 1754 Προθέμενος
2492 1679 2548 1733 δδ
2568 1681 2693 1734 νοῦν
2719 1679 2873 1748 φίλον
2890 1679 3116 1748 τοιαύτῃ
3141 1679 3320 1748 ἐννοίᾳ
3341 1681 3431 1731 καὶ
3458 1681 3512 1731 τὸ
3531 1679 3673 1730 τέκνα

463 1787 588 1824 vero
615 1785 774 1824 sensu
816 1769 946 1822 huic
981 1768 1160 1822 amico
1191 1769 1500 1832 sententiae,
1532 1769 1635 1822 isto
1667 1783 1681 1819 :
1717 1767 1882 1820 τέκνα
1913 1784 2029 1833 φω-

2143 1746 2491 1844 φωτόμορφα,
2523 1775 2550 1825 ὅ
2577 1775 2694 1825 ἐστι
2714 1746 2884 1824 λευκὰ
2912 1774 3007 1824 καὶ
3029 1746 3265 1836 καθαρὰ,
3294 1746 3432 1824 πατὰ
3455 1772 3510 1823 τὸ
3531 1801 3554 1812 ο
3572 1771 3674 1824 λού-

464 1859 741 1928 τόμορφα,
769 1860 914 1930 quod
947 1867 1054 1917 est,
1093 1857 1184 1909 lilii
1211 1857 1351 1910 nivei
1381 1872 1442 1910 ac
1473 1857 1633 1925 puri;
1674 1855 1819 1920 iuxta
1846 1854 1979 1907 illud
2009 1870 2023 1905 :

468 1949 768 2013 Lavatnini,
812 1949 932 2016 puri
985 1954 1182 2011 estote,
1230 1947 1586 2014 purilicantes
1635 1943 1846 1998 scilicet
1873 1943 2034 1998 vesti-

465 2052 648 2093 menta
679 2049 878 2101 vestra,
907 2038 1053 2108 quod
1084 2048 1186 2102 est,
1234 2039 1560 2092 exteriorem
1596 2051 1660 2090 ac
1711 2037 2033 2103 circumpo-

467 2135 629 2188 situm
666 2130 1046 2184 vestimentum
1086 2128 1282 2182 animze
1307 2138 1600 2196 purgantes
1628 2137 1681 2180 et
1746 2126 1836 2178 tali
1892 2127 2034 2178 lava-

467 2239 562 2279 cro
589 2223 927 2276 dealhantes.
974 2219 1065 2274 Sic
1093 2218 1257 2287 igitur
1309 2219 1410 2272 hac
1461 2217 1774 2284 metaphora
1820 2217 2035 2284 sapiens

471 2324 631 2381 poeta
670 2321 814 2366 recte
843 2309 1125 2380 producta,
1154 2308 1352 2362 dictam
1387 2308 1788 2361 immaculatam
1811 2308 2032 2360 domum

473 2406 546 2457 illi
586 2402 1052 2466 accommodavit;
1089 2399 1382 2468 siquidem,
1436 2410 1494 2452 ιιι
1539 2398 1921 2452 vestimentum
1955 2407 2038 2451 est

472 2497 667 2550 anima:
693 2506 912 2562 corpus,
941 2492 1014 2544 ita
1048 2505 1266 2559 quoque
1319 2489 1517 2543 domus
1568 2488 1715 2542 illius
1762 2497 1846 2542 est
1895 2488 2035 2542 idem

473 2600 696 2654 corpus.
757 2588 963 2652 Itaque,
1015 2581 1155 2635 sicut
1215 2588 1437 2649 oportet
1490 2580 1595 2634 tale
1651 2579 2036 2634 vestimentum

474 2691 725 2748 purgare,
764 2675 844 2728 sic
898 2673 1064 2727 etiam
1117 2673 1368 2730 eamdem
1413 2670 1756 2740 spiritualem
1813 2673 2036 2726 domum

476 2766 758 2831 mundare,
785 2773 1052 2836 quatenus
1084 2777 1300 2831 semper
1329 2762 1382 2815 in
1405 2777 1496 2815 .ea
1533 2772 1754 2816 maneat
1807 2762 2037 2829 inaugu-

478 2857 708 2912 rationis
737 2855 914 2925 gratia
963 2854 1048 2909 vel
1081 2853 1467 2918 dedicationis,
1519 2852 1754 2921 Spiritus
1785 2862 2040 2920 sanctus;

477 2959 537 3005 ut
569 2949 658 3003 illa
686 2948 883 3003 domus
909 2953 963 3001 et
999 2961 1119 3016 quae
1157 2954 1285 3000 sunt
1332 2945 1381 2999 ei
1423 2945 1634 3000 similes
1679 2947 1873 3001 domus
1903 2961 2044 3016 prte-

2138 1868 2324 1930 σασθε,
2357 1868 2590 1935 καθαροὶ
2625 1865 2844 1933 γένεσθε
2874 1894 2898 1906 ο
2932 1865 3231 1927 πλύναντες
3261 1865 3464 1933 δηλαδὴ
3505 1883 3676 1933 γραφι-

2137 1961 2247 2021 κῶς
2281 1962 2371 2013 καὶ
2401 1960 2466 2012 τὰ
2501 1959 2693 2026 ἱμάτια
2731 1957 2905 2023 ὑμῶν,
2944 1959 2972 2010 ὃ
3009 1959 3123 2009 ἐστι
3155 1958 3244 2009 τὸν
3279 1956 3388 2020 ἔξω
3433 1957 3677 2028 καθῄραν-

2135 2066 2227 2112 τες
2257 2049 2351 2101 καὶ
2383 2047 2668 2116 περίθετον
2700 2043 2814 2100 οἷον
2877 2046 3173 2116 ἱματισμὸν
3233 2047 3340 2115 τῆς
3391 2047 3572 2114 ψυχῆς,
3600 2048 3680 2097 καὶ

2137 2140 2500 2200 λευκάναντες
2555 2137 2632 2205 τῷ
2695 2137 2919 2204 τοιούτῳ
2963 2135 3195 2206 λουτρῷ.
3235 2136 3397 2188 Οὕτω
3433 2135 3551 2204 γοῦν
3599 2137 3682 2205 τὴν

2141 2231 2454 2297 μεταφορὰν
2505 2229 2723 2296 ἐκείνην
2771 2227 3086 2290 ἁπευθύνας
3141 2230 3169 2279 ό
3219 2228 3388 2296 σοφὸς
3442 2228 3682 2295 μελῳδὸς,

2137 2321 2414 2391 ᾠκείωσεν
2443 2319 2626 2390 ἐκείνῃ
2646 2320 2740 2372 καὶ
2772 2319 2863 2372 τὸν
2899 2319 3186 2388 εἰρημένον
3214 2320 3283 2389 ἄχ
3301 2337 3483 2388 ραντον
3510 2321 3683 2390 δόμονο

2139 2411 2296 2478 εῐπερ
2325 2408 2512 2476 ὥσπερ
2547 2407 2841 2477 ἱματισμὸν
2878 2407 3057 2478 ψυχῆς
3105 2409 3164 2460 τδ
3228 2411 3399 2478 σῶμα
3436 2409 3568 2464 οὓτω
3608 2411 3688 2462 καὶ

2139 2495 2285 2561 οἶκος
2315 2497 2534 2566 ἐκείνης
2565 2496 2624 2548 τὸ
2655 2496 2786 2548 αὐτὸ
2812 2497 2993 2566 σῶμα.
3038 2497 3127 2548 Διὸ
3158 2497 3314 2550 καθᾶ
3348 2499 3554 2551 πλύνειν
3600 2499 3690 2569 χρὴ

2139 2589 2199 2640 τὸ
2223 2587 2461 2640 τοιοῦτον
2496 2575 2733 2656 ἱμάτιον,
2755 2585 2897 2638 οὕτω
2929 2587 3023 2638 καὶ
3051 2587 3142 2639 τὸν
3176 2587 3349 2640 αὑτὸν
3415 2606 3690 2655 πνευματιο

2143 2681 2234 2732 κὸν
2265 2674 2412 2731 οἷκον
2445 2679 2677 2747 σαίρειν,
2713 2680 2789 2740 ὡς
2819 2678 2998 2732 διόλου
3035 2680 3216 2747 μένειν
3277 2680 3575 2747 ἐνοικισμοῦ
3607 2681 3686 2750 χὰ-

2143 2785 2228 2836 ριν
2251 2769 2305 2819 ἐν
2328 2767 2495 2837 αὐτῷ,
2525 2768 2704 2822 εῖτουν
2735 2771 3117 2836 ὲγκαινισμοῦ,
3151 2771 3214 2822 τὸ
3246 2772 3402 2837 ἅγιον
3445 2773 3647 2840 Πνεῦμα
3672 2787 3686 2804 ·

2143 2861 2229 2913 ῐνα
2269 2855 2415 2921 οἶκος
2442 2854 2594 2920 οὗτος
2622 2860 2718 2912 καὶ
2737 2860 2786 2912 οἱ
2819 2861 2937 2912 κατ’
2971 2861 3132 2912 αὑτὸν
3188 2857 3333 2914 οἶκοι
3394 2863 3480 2915 τοῦ
3530 2879 3686 2930 προειο

2148 2949 2382 3017 ρημένου
2439 2949 2690 3001 Σοωνέτου
2744 2949 2910 3018 νόμου
2971 2950 3071 3016 τῆς
3131 2949 3356 3018 χάριτδς
3417 2953 3505 3003 το)
3553 2951 3689 3016 ἁγίαν

477 3043 632 3097 dicta:
653 3039 785 3094 Sion
815 3037 973 3108 legis,
1005 3039 1190 3107 gratia:
1212 3035 1448 3106 Spiritus
1477 3037 1670 3101 sancti,
1698 3037 2039 3091 destructivaa

2145 3039 2485 3108 Πνεύματος,
2516 3037 2893 3108 καθαιρετικοὶ
2935 3040 3205 3106 γένωνται
3261 3043 3425 3093 οἴκων
3477 3040 3690 3108 ἀνομιῶν

481 3133 613 3186 [iant
641 3131 928 3185 domorum
987 3128 1318 3198 iniquarum,
1355 3127 1423 3181 de
1459 3127 1662 3197 quibus
1698 3128 1864 3196 igitur
1895 3127 2040 3196 apud

483 3222 678 3285 David,
711 3220 855 3276 sicut
884 3220 972 3273 illa
999 3218 1255 3289 spelunca
1296 3228 1482 3273 sancta
1508 3217 1808 3272 nativitatis
1837 3217 2040 3273 Christi

482 3317 867 3387 speluncarum
925 3313 1197 3367 latronum
1256 3311 1496 3364 scholam
1561 3310 2045 3379 reprobavit,qu:e

482 3408 740 3479 probrum
773 3416 826 3460 et
847 3403 1278 3473 objurgationem
1315 3404 1511 3456 habent
1541 3400 1595 3453 in
1646 3413 1840 3454 sancto
1871 3400 2046 3454 Evan-

484 3499 646 3570 gelio.

552 3675 682 3728 145.
723 3673 878 3727 Paris
907 3673 1049 3726 sicut
1087 3684 1255 3740 aequa:
1287 3671 1498 3724 virtutis
1528 3678 1612 3723 est
1655 3667 1891 3739 Spiritus
1919 3685 2045 3726 cum

485 3767 832 3823 sanctissimo
887 3763 1046 3826 Filio,
1112 3775 1351 3826 necnon,
1394 3771 1451 3813 ut
1506 3759 1708 3814 dictum
1763 3770 1867 3828 est,
1922 3776 2047 3815 cum

487 3863 676 3926 l'atre;
706 3860 798 3913 sed
831 3872 936 3912 non
967 3854 1164 3910 similis
1193 3870 1206 3904 :
1243 3855 1341 3908 hoc
1371 3853 1515 3907 enim
1551 3860 1636 3906 est
1679 3853 1924 3908 barresis.
1954 3853 2047 3908 Sic

484 3967 659 4022 neque
697 3949 891 4005 similis
918 3947 1256 4008 substantiae,
1303 3945 1395 3997 sed
1433 3943 1678 4013 ejusdem
1726 3944 2044 3998 substantia:

485 4043 627 4114 (οὐδὲ
657 4039 1017 4111 ὁμοιοούσιον,
1051 4037 1186 4089 ἀλλὰ
1214 4034 1529 4103 ὁμοούσιον)
1559 4035 1664 4099 vel,
1699 4034 1816 4088 aliis
1843 4035 2046 4098 verbis,

488 4127 998 4185 consubstantialis.
1056 4122 1215 4178 Unde
1267 4138 1483 4190 quoque
1537 4124 2045 4178 consubstantintm

489 4220 624 4270 Filio
657 4217 918 4286 Spiritum
973 4213 1046 4266 ibi
1081 4214 1235 4266 dicit.
1267 4209 1382 4264 Non
1441 4221 1621 4265 autem
1681 4213 2046 4282 respuendum

486 4309 667 4361 dicere
694 4305 969 4366 συσοενὲς,
1017 4304 1097 4356 vel
1130 4301 1512 4367 ταυτοσοενὲς,
1573 4303 1654 4356 vel
1703 4302 2046 4370 ταυτούσιον,

2144 3131 2252 3182 τῶν
2289 3133 2439 3198 παρὰ
2467 3130 2544 3201 τῷ
2574 3131 2764 3193 Δαϐὶδ,
2801 3130 2944 3194 καθὰ
2974 3131 3066 3184 καὶ
3101 3130 3370 3202 σπήλαιον
3395 3131 3543 3198 ἅγιον
3571 3133 3691 3182 ἐκεῖ·

2146 3241 2205 3276 νο
2235 3223 2296 3276 τὸ
2330 3224 2429 3290 τῆς
2465 3225 2768 3292 γεννήσεως
2799 3223 2895 3276 τοῦ
2931 3221 3173 3292 Χριστοῦ
3230 3222 3426 3293 σχολὴν
3476 3223 3690 3289 κατεψη-

2145 3314 2340 3383 φίσατο
2368 3314 2649 3384 σπηλαίων
2669 3313 2998 3385 λῃστρικῶν,
3028 3313 3065 3368 ἃ
3091 3315 3147 3366 ὲν
3167 3314 3251 3384 τῷ
3287 3315 3428 3384 ἁγίῳ
3477 3313 3693 3381 Εὐαγγε-

2145 3405 2243 3475 λίῳ
2277 3405 2390 3476 ἔχει
2424 3405 2648 3474 μομφὴν
2680 3407 2775 3458 καὶ
2808 3403 3051 3473 ἔλεγχον.

2223 3663 2372 3730 ρμγ⁹.
2415 3661 2737 3732 Ὀμοσοενὲς
2773 3662 2830 3716 δὲ
2860 3662 2936 3726 ὡς
2961 3665 3058 3718 καὶ
3109 3665 3391 3728 ίσοσθενὲς
3419 3664 3497 3733 τῷ
3547 3665 3695 3730 ἁγιω-

2151 3753 2294 3822 τάτῳ
2323 3754 2434 3823 Υίῷ
2471 3754 2531 3805 τδ
2561 3753 2808 3823 Πνεῦμα.
2840 3753 2981 3808 οὕτω
3003 3755 3058 3808 δὲ
3096 3755 3188 3807 καὶ
3222 3756 3304 3827 τῷ
3359 3757 3525 3824 Πατρὶ
3575 3755 3698 3808 καθὰ

2157 3846 2480 3914 προεγράφη
2509 3861 2522 3874 ·
2554 3845 2616 3898 οὐ
2655 3847 2761 3916 μὴν
2787 3846 3129 3916 ὁμοιοσθενές
3160 3863 3174 3876 ·
3209 3849 3424 3919 αἵρεσις
3467 3850 3566 3918 γὰρ
3595 3848 3698 3900 τοῖ-

2152 3941 2210 3990 τό
2238 3956 2298 4005 γε
2329 3953 2346 3970 ο
2377 3938 2519 3991 οῦτω
2547 3938 2602 3990 δὲ
2649 3939 2772 3991 οὐδὲ
2815 3939 3176 4009 όμοιοούσιον,
3233 3941 3371 3994 ἀλλὰ
3423 3939 3698 4011 όμοούσιον.

2153 4033 2326 4084 εἰπεῖν
2355 4031 2410 4082 δὲ
2446 4030 2642 4095 ἄλλως,
2673 4035 2954 4084 συνούσιον
2983 4047 2996 4062 ·
3058 4033 3182 4085 ὃθεν
3208 4035 3308 4088 καὶ
3366 4033 3698 4097 συνουσιωμέ-

2155 4141 2241 4174 νον
2264 4120 2494 4175 ἐνταῦθα
2531 4121 2608 4192 τῷ
2633 4122 2744 4190 Υίῷ
2773 4125 2831 4173 τὸ
2864 4123 3090 4192 Πνεῦμα
3107 4123 3274 4191 φησιν
3309 4140 3324 4155 ·
3355 4125 3453 4177 οὐκ
3488 4123 3699 4189 ἁπόΰλη-

2154 4230 2242 4264 τον
2273 4211 2326 4264 δὲ
2363 4214 2454 4264 καὶ
2524 4209 2781 4273 συσθενὲς
2829 4213 3028 4276 εἰπεῖν,
3082 4212 3173 4264 καὶ
3223 4213 3566 4271 ταυτοσοενὲς
3621 4211 3700 4262 καὶ

2156 4302 2493 4362 ταυτούσιον,
2515 4301 2649 4354 ἀλλὰ
2671 4300 2806 4372 ὀρθὰ
2831 4302 3009 4356 πάντα
3039 4301 3210 4354 ταῦτα
3272 4306 3369 4356 καὶ
3405 4303 3504 4357 ὅσα
3543 4300 3700 4354 τοιαῦ-

486 4403 542 4447 ct
575 4403 715 4446 recta
750 4400 878 4446 sunt
931 4393 1032 4444 ista
1068 4391 1278 4460 aliaque
1329 4390 1549 4444 similia.
1601 4388 1834 4444 Evidens
1867 4403 2039 4448 autem

2158 4412 2242 4446 τα.
2272 4393 2437 4458 Δῆλον
2467 4393 2522 4444 δὲ
2557 4394 2629 4456 ὡς
2659 4393 2920 4447 ἀδύνατον
2947 4393 3006 4446 τὸ
3044 4396 3476 4464 συνουσιωμένον
3504 4394 3576 4462 τῷ
3616 4392 3700 4444 Λό-

487 4495 572 4544 est
603 4485 940 4555 impossibile
968 4499 1088 4537 esse
1119 4483 1382 4552 Spiritum
1407 4491 1679 4547 sanctum,
1711 4485 1888 4540 Verbo
1925 4502 2054 4541 con-

491 4577 912 4636 substantivum,
953 4591 1060 4628 non
1095 4576 1340 4628 eamdem
1367 4590 1489 4628 cunt
1527 4574 1616 4628 illo
1654 4576 1872 4630 domum
1904 4579 2055 4633 inita-

491 4673 682 4724 bitare.
720 4669 828 4724 lloc
861 4679 1040 4721 autem
1086 4667 1406 4735 Πνεῦματος
1430 4667 1584 4734 φάος,
1623 4669 1692 4722 ob
1746 4668 2057 4725 festivitatis

491 4763 720 4814 habetur
749 4761 952 4813 lumen.
994 4757 1474 4827 Per‘periphrasim
1505 4773 1634 4811 vero
1685 4759 1892 4814 dictum
1927 4770 2006 4814 est
2041 4779 2052 4811 :

487 4869 586 4920 pro
624 4852 831 4920 Spiritu
873 4865 1108 4919 namque
1167 4856 1466 4916 sumptum.
1505 4847 1569 4901 Et
1603 4849 1674 4902 ibi
1712 4851 1921 4918 poetice
1973 4853 2056 4906 lo-

490 4947 673 5012 quitur
711 4955 862 5010 poeta
892 4961 904 4994 :
948 4946 1118 5010 lignra
1149 4956 1387 5009 namqttc
1428 4942 1635 5008 poetica
1663 4951 1745 4996 est
1776 4945 2058 5012 periphra-

491 5040 588 5088 sis.
634 5036 759 5088 Sive
814 5043 995 5086 autem
1045 5032 1168 5102 quis
1224 5033 1414 5086 dicat:
1468 5031 1739 5086 inhabitat
1793 5034 2057 5103 Spiritus,

491 5133 641 5195 juxta
681 5125 852 5178 illud:
891 5125 1151 5193 Spiritum
1182 5133 1391 5177 rectum
1421 5109 1618 5177 innova
1664 5127 1714 5177 in
1750 5127 2060 5181 visceribus

494 5222 658 5284 meis;
702 5220 815 5273 sive
869 5216 1106 5284 Spiritus
1165 5215 1358 5284 gratia,
1409 5217 1523 5269 sive
1577 5215 1810 5284 Spiritus
1854 5220 2056 5280 lttmen,

494 5313 606 5364 lucc
635 5310 724 5362 uni
781 5308 1064 5362 sententia:
1115 5316 1524 5360 consecrantur.
1563 5306 1618 5359 Si
1655 5295 1782 5360 vero
1817 5307 2058 5375 Spiritus

495 5403 673 5454 lumen
729 5400 886 5454 dicta:
949 5399 1132 5451 domui
1191 5397 1374 5450 divine
1432 5407 1745 5465 prmparatae
1780 5399 2059 5462 insidet,a

444 5468 457 5480 ’
499 5493 604 5541 Deo
627 5489 853 5558 proinde
876 5488 1031 5556 juxta
1063 5487 1228 5540 David
1254 5486 1357 5542 ista
1386 5485 1582 5540 domus
1611 5496 1692 5539 est
1724 5497 2058 5551 constructa,

493 5582 546 5630 ia
598 5594 757 5647 quam
825 5593 932 5632 non
995 5577 1196 5632 frustra
1261 5577 1644 5631 laboraverunt
1703 5577 2057 5641 aediﬁcantes,

496 5671 722 5734 ejusque
753 5669 939 5722 lucida:
966 5679 1132 5736 porta:
1169 5665 1275 5722 Deo
1318 5677 1516 5736 paratrc
1553 5677 1680 5720 sunt
1725 5667 1791 5718 ad
1828 5665 2051 5721 liberam

2161 4503 2240 4553 γῳ
2264 4483 2419 4551 ἅγιον
2460 4484 2680 4552 Πνεῦμα
2713 4484 2788 4552 μὴ
2822 4484 2913 4536 τὸν
2941 4484 3100 4538 αὐτὸν
3131 4485 3325 4556 ἐκείνῳ
3341 4485 3503 4554 δόμον
3523 4486 3701 4536 οἰκεῖν·

2156 4578 2215 4628 το
2243 4576 2297 4628 δὲ
2329 4577 2641 4642 Πνεύματος
2669 4577 2822 4640 φάος,
2855 4576 2945 4628 διὰ
2975 4577 3072 4646 μὲν
3104 4578 3197 4629 τοῦ
3227 4579 3398 4643 φάους
3422 4577 3593 4646 ἔχεται
3615 4575 3702 4640 τῆς

2160 4667 2350 4735 ἑορτῆς
2376 4682 2390 4696 ⁸
2419 4667 2862 4737 περιπέφρασται
2892 4668 2970 4720 δέ.
3016 4669 3160 4721 Ἀντὶ
3188 4672 3297 4738 γὰρ
3347 4671 3440 4721 τοῦ
3485 4667 3703 4734 Πνεῦμα-

2159 4773 2250 4817 τίς
2284 4755 2538 4824 εἴληπται
2573 4773 2585 4784 ·
2620 4757 2711 4808 καὶ
2737 4755 3140 4827 ποιητικεύεται
3189 4757 3467 4811 κάνταῦθα
3497 4759 3523 4808 ὁ
3555 4755 3704 4823 μελῳ·

2159 4847 2266 4908 δός·
2293 4847 2477 4917 σχῆμα
2496 4849 2602 4918 γάρ
2624 4866 2674 4900 τι
2698 4849 2977 4917 ποιητικὸν
2995 4847 3085 4902 καὶ
3101 4850 3134 4916 ἡ
3155 4849 3508 4918 περίφρασις.
3537 4845 3646 4900 Εἴτε
3661 4844 3706 4895 δὲ

2163 4938 2599 5003 ἐγκατοικίζεται
2622 4938 2842 5007 Πνεῦμα
2871 4938 3014 4992 εἴποι
3043 4956 3128 5004 τις
3151 4939 3290 4992 κατὰ
3306 4940 3390 5006 τὸ,
3411 4939 3618 5006 Πνεῦμα
3632 4939 3707 4988 es.

2161 5028 2252 5090 οὲς
2286 5029 2595 5096 ἐγκαίνισον
2613 5031 2670 5082 ἐν
2694 5032 2802 5092 τοῖς
2833 5029 3082 5096 ὲγκάτοις
3107 5045 3210 5098 μου
3239 5044 3253 5059 ⁶
3277 5031 3386 5082 εἴτε
3425 5029 3710 5096 Πνεῦματος

2163 5120 2342 5189 χάρις,
2368 5119 2476 5172 εἴτε
2500 5120 2816 5188 Πνεύματος
2847 5121 3001 5189 φάος,
3034 5123 3135 5192 μιᾷ
3155 5121 3333 5189 ἐννοίᾳ
3366 5119 3534 5174 ταῦτα
3562 5117 3710 5170 κιθα-

2163 5211 2464 5278 γιάζονται.
2492 5211 2553 5264 Εἰ
2571 5213 2626 5263 δὲ
2659 5213 2967 5281 Πνεῦματος
2991 5213 3122 5283 φάος
3145 5212 3218 5280 τῷ
3241 5211 3462 5282 ῥηθέντι
3479 5213 3712 5262 θεοσκευσ

2162 5305 2309 5373 ἀστῳ
2331 5305 2479 5372 δόμῳ
2501 5286 2956 5369 ὲγκατοικίζεται,
2982 5304 3270 5372 θεόδμητός
3302 5321 3359 5355 τε
3386 5303 3491 5371 ἄρα
3509 5304 3534 5354 ὀ
3561 5300 3711 5351 τοιοῦ-

2164 5414 2252 5458 τος
2274 5396 2420 5457 οἶκος
2451 5397 2592 5447 κατὰ
2614 5395 2702 5447 τὸν
2721 5395 2908 5459 Δαΰὶδ,
2927 5397 3004 5458 εἰς
3031 5395 3089 5448 ὃν
3111 5396 3168 5448 οὐ
3197 5397 3376 5463 μάτην
3399 5391 3714 5458 οἰκοδομοῦν-

2163 5488 2252 5548 τες
2283 5503 2426 5548 τινες
2457 5485 2781 5548 ἐκοπιάσαν,
2818 5489 2911 5538 καὶ
2938 5489 2992 5539 al
3044 5489 3159 5540 κατ’
3189 5487 3361 5540 αὑτὸν
3417 5479 3725 5551 φωταγωγοὶ

2165 5578 2350 5647 Οὐραι,
2383 5576 2500 5646 Θεῷ
2523 5577 2792 5645 ἤσκηνται
2824 5581 2903 5640 είς
2930 5579 3208 5631 ἀκώλυτον
3257 5580 3430 5644 φωτὸς
3475 5572 3722 5639 εἰσδοχὴν.

2169 5672 2304 5735 ὅπερ
2334 5668 2540 5728 ἐκεῖνος
2601 5667 2938 5720 ἁκτινοὸολεί
2965 5683 2977 5696 ⁸
3015 5671 3106 5722 καὶ
3157 5669 3331 5730 sine;
3373 5655 3721 5719 πνευματικυῦ
