3950 6204
239 335 335 400 θῖιἸ

1057 343 1151 404 ΙΝ
1194 346 1541 407 ΗῨΜΝῙΪΜ
1587 344 2221 407 I‘FNTECOSTALEM
2266 350 2507 409 DAMAE
2525 350 2722 413 CENl.

3366 354 3468 411 ϐξῆ

229 454 510 519 ΰτοιοῢτος
542 456 703 526 δόμοις
733 458 1064 529 πέπλησται,
1121 461 1180 514 οὗ
1215 460 1312 524 νὶιξ
1345 460 1443 514 οὐκ
1474 456 1581 513 οἵδε
1629 473 1797 513 κατα·
1824 512 1826 519 ι

1935 461 2126 515 utiiinis
2156 463 2551 527 acceptionem,
2572 465 2716 532 quod
2745 464 2832 517 ille
2865 463 3093 518 irradiat
3118 470 3206 531 ;ct
3235 464 3464 531 Spiritali

230 547 544 615 καυχᾶσθαι.

293 728 433 796 ρμδθ.
460 728 680 781 Τούτων
709 727 880 791 οὕτως
930 730 1183 798 ἐχόντων,
1214 730 1426 782 ἔπεισεν
1486 729 1620 797 ἡμῖν
1669 728 1798 779 ἀνα-

229 818 532 886 δρομοῦσιν,
552 820 632 875 είς
648 820 761 886 τὴν
789 821 962 891 ἀργὴν
999 819 1094 871 τοῦ
1132 819 1471 888 ἐξηγημὲνου
1497 816 1796 885 τροπαρίου

231 908 499 975 θεωρῆσαι
530 908 738 976 μήποτε
769 910 868 960 οὐκ
903 910 964 973 ἐξ
1011 910 1261 977 ἀνάγκης
1286 911 1313 960 δ
1340 907 1473 969 Θεὸς
1512 907 1629 961 lato
1658 907 1798 959 κατᾶ

227 998 313 1048 τὴν
346 996 587 1065 μελῳδὸν
633 997 839 1065 φρένας
867 998 964 1059 τὰς
993 999 1102 1051 τῶν
1159 998 1472 1051 ἀποστόλων
1493 1014 1505 1028 ’
1535 998 1584 1049 οἳ
1631 997 1802 1050 καθά-

233 1086 338 1150 παξ
363 1087 643 1157 δλοψύχως
669 1088 817 1157 αὐτῷ
852 1088 1143 1150 ἐνωθέντες
1172 1088 1405 1158 καθαροὶ
1434 1089 1637 1149 πάντες
1659 1082 1800 1157 ἦσαν

230 1181 368 1232 κατὰ
421 1180 512 1232 τὸν
565 1181 774 1233 ἐκείνου
817 1180 997 1247 λόγον,
1038 1181 1162 1249 δίχα
1210 1181 1327 1243 ἑνὸς
1373 1180 1467 1233 τοῦ
1524 1180 1801 1247 ὲπαράτου

241 1270 406 1323 Ἰούδα
430 1286 447 1302 ο
481 1272 614 1325 ἀλλὰ
632 1274 834 1339 φρένας
865 1274 1057 1341 ἑτέρας
1087 1274 1376 1330 δυσιάτους
1420 1276 1479 1325 ὲν
1509 1272 1586 1339 τῷ
1622 1271 1802 1340 ἁμαρ-

228 1363 426 1426 τάνειν,
455 1364 552 1415 καὶ
581 1363 755 1427 οὕτως
774 1364 987 1425 ἐκείνας
1014 1364 1239 1430 ἰώμενος
1267 1364 1447 1430 ἑαυτῷ
1470 1365 1806 1418 κατεσκεύα-

230 1457 285 1519 ζε
315 1457 480 1525 δόμον
506 1460 841 1519 ἀποστόλων,
875 1461 1048 1529 ἤγουν
1092 1460 1465 1514 ἀποστολικδν.
1493 1459 1552 1511 οὗ
1598 1459 1804 1512 οἰκονό-

235 1563 320 1615 μοι
349 1547 552 1616 δηλαδὴ
585 1550 929 1618 κατέστησαν
956 1549 1006 1601 οί
1036 1549 1346 1613 ἀπόστολοι,
1374 1549 1551 1610 thura"
1576 1551 1804 1618 ἐργάται

227 1639 405 1693 δοῦλοι
442 1641 625 1692 πιστοὶ
658 1642 755 1694 καὶ
809 1639 953 1706 φίλοι
1002 1642 1250 1693 κοινωνοὶ
1299 1641 1404 1693 ὑπὸ
1451 1640 1805 1710 οἰκοδεσπότῃ

230 1730 555 1799 τεταγμένοι
576 1730 654 1798 τῷ
676 1730 825 1798 θεῷ.
856 1731 919 1783 El
952 1732 1011 1785 δὲ
1045 1731 1210 1799 δόμον
1251 1728 1404 1785 εἶπεν
1456 1730 1652 1793 ἑνικῶς
1710 1731 1806 1783 καὶ

1909 552 2116 605 lumine
2145 551 2268 607 talis
2295 554 2495 621 repleta
2529 563 2614 609 est
2656 558 2872 622 domus,
2908 564 3094 610 contra
3156 571 3319 625 quam
3363 570 3467 607 uox

1910 640 2133 713 gloriari
2168 644 2358 698 nescit.

1975 733 2097 787 1H.
2141 732 2234 788 His
2271 735 2433 805 igitur
2486 736 2558 789 ita
2615 752 2733 791 sese
2764 736 3108 799 habentibus.
3163 735 3322 790 nobis
3376 749 3468 783 oc.-

1908 826 2082 881 currit
2134 828 2486 882 redeuntibus
2520 828 2588 881 ad
2650 830 2861 882 initium
2909 841 3176 883 enarrata:
3232 830 3470 896 Slmp'tm

1906 918 2176 986 speculari
2205 934 2271 971 ne
2295 918 2433 972 forte
2459 932 2564 971 non
2595 919 2907 972 necessario
2946 916 3112 979 Deus,
3152 919 3305 987 juxta
3343 910 3468 984 ρἰρ-

1904 1017 2039 1072 tam,
2081 1007 2455 1077 apostolorum
2495 1018 2713 1077 pectora
2751 1017 2999 1073 sanaret;
3042 1008 3132 1078 qui
3162 1008 3324 1062 semel
3356 1024 3473 1056 mu-

1903 1101 2033 1155 uino
2086 1100 2188 1170 ipsi
2249 1100 2409 1167 uniti,
2454 1101 2572 1170 puri
2637 1116 2827 1155 omnes
2884 1109 3041 1154 erant
3092 1101 3247 1167 juxta
3301 1099 3473 1165 ipsius

1908 1193 2155 1258 verbum,
2189 1200 2421 1261 excepto
2447 1207 2556 1247 uno
2591 1193 2851 1247 traditore
2881 1189 3041 1253 Juda,
3075 1191 3165 1246 sed
3214 1190 3316 1243 alia
3354 1206 3474 1256 pet-'-

1905 1289 2046 1342 tora.
2066 1297 2093 1332 a
2119 1291 2343 1349 peccato
2365 1289 2558 1336 curatu
2588 1280 2865 1341 difﬁcilia,
2896 1264 3116 1348 lia-eque
3152 1281 3228 1333 sic
3277 1293 3478 1331 sanans

1910 1370 2012 1423 sibi
2046 1377 2384 1438 praepararet
2416 1369 2637 1423 domum
2691 1368 3059 1438 apostolorum
3097 1369 3212 1424 sive
3258 1377 3474 1435 aposto-

1906 1459 2088 1523 licam,
2117 1460 2276 1529 Cujus
2310 1460 2583 1514 (Bconomi
2635 1473 2766 1513 sane
2830 1457 3119 1512 constituti
3168 1466 3293 1510 sunt
3345 1471 3477 1521 apo-

1907 1546 2057 1609 stoli,
2100 1555 2365 1615 tanquam
2398 1547 2656 1614 operarii,
2692 1547 2834 1600 servi
2884 1546 3068 1600 ﬁdeles
3091 1555 3144 1599 et
3194 1544 3351 1598 amici
3389 1560 3479 1597 so-

1906 1635 2055 1700 ciati,
2092 1637 2196 1690 sub
2262 1637 2492 1691 Domino
2548 1638 2748 1693 domus
2800 1637 3034 1690 ordinati
3084 1634 3215 1688 Deo.
3262 1633 3316 1687 Si
3353 1648 3480 1686 vero

1910 1728 2133 1781 domum
2170 1728 2522 1797 singulariter
2569 1729 2706 1783 dixit
2739 1736 2794 1782 et
2828 1743 2933 1782 non
2964 1727 3156 1780 domos
3195 1724 3247 1777 in
3282 1723 3479 1793 plurali

229 1822 291 1874 οὗ
315 1793 514 1890 δόμους
543 1793 944 1889 πληθυντικῶς,
978 1821 1039 1873 οὗ
1070 1793 1415 1901 θαυμαστέον
1445 1821 1595 1889 ἡμᾶς
1648 1818 1807 1871 ἐνθυ-

1935 1831 2164 1880 numero,
2208 1817 2367 1872 nobis
2402 1832 2507 1871 non
2540 1830 2621 1871 est
2680 1816 3010 1880 mirandum,
3049 1813 3476 1883 recogitantibus

236 1913 539 1981 μουμὲνους
561 1912 660 1981 τὴν
694 1912 821 1981 μίαν
848 1912 1013 1979 ἁγίαν
1036 1911 1332 1978 καθολικὴν
1382 1911 1477 1965 καὶ
1521 1910 1806 1963 ἀποστολι-

233 2004 336 2071 κὴν
379 2002 735 2072 Ἐκκλησίαν,
760 2006 851 2056 τὸν
879 2004 974 2056 τοῦ
1009 2003 1146 2056 Θεοῦ
1176 2004 1364 2073 δόμον,
1395 2004 1488 2057 τὸν
1517 2002 1606 2056 διὰ
1638 2003 1810 2072 μέσης

237 2094 336 2159 τῆς
407 2094 870 2163 ὲκκλησιαστικῆς
937 2095 1136 2161 λέξεως
1215 2096 1675 2165 ἐμπεριεχόμενον
1732 2095 1812 2163 τῷ

234 2183 524 2254 ἁγιωτάτῳ
554 2184 808 2254 συμσόὶιι)
831 2184 930 2252 τῆς
956 2186 1406 2257 κοσμοσωτηρίου
1428 2183 1812 2256 χριστιανικῆς

235 2282 496 2342 πίστεως.
976 2330 977 2333 η

716 2370 885 2443 ’ῼδῆς
922 2371 1102 2438 ἕκτης
1130 2371 1347 2441 ειρμός.

239 2459 377 2518 XIV.
411 2463 669 2528 Ἰλασμδς
702 2464 857 2531 ἡμῖν,
904 2460 1130 2531 Χριστὶ,
1160 2461 1255 2513 καὶ
1293 2459 1533 2528 σωτηρία

423 2551 483 2606 '0
513 2554 788 2622 Δεσπότης
810 2551 1057 2622 ἐλαμψας
1080 2552 1144 2605 ἐκ
1176 2553 1274 2621 τῆς
1300 2548 1599 2621 Παρθένου,

416 2645 537 2699 ἰνα
565 2645 639 2708 ὡς
671 2646 960 2716 προφήτην
996 2644 1164 2715 θηρδς
1194 2645 1257 2698 lx
1315 2643 1603 2697 θαλαττίου

417 2738 663 2806 Στέρνων
705 2739 892 2792 Ίωνᾶν
914 2738 1010 2805 τῆς
1040 2736 1250 2807 φθορᾶς
1293 2735 1604 2806 διαρπάσῃς

423 2829 584 2881 Ὀλον
608 2828 700 2879 τὸν
737 2828 908 2890 Ἀδὰμ
937 2828 1186 2897 παγγενῆ
1220 2829 1568 2882 πεπτωκότα.

319 2930 462 2994 ρμεθ.
503 2923 907 2992 ’Δσυνάρτητος
964 2925 999 2991 ἡ
1042 2922 1224 2975 ἔννοια
1280 2923 1437 2976 τοῦδε
1484 2922 1577 2975 τοῦ
1626 2920 1819 2993 είρμυῦ

251 3018 379 3087 πρὸς
406 3018 479 3068 τὰ
496 3015 594 3085 τῆς
618 3017 926 3084 παμφώτου
957 3015 1172 3085 ἑορτῆς,
1206 3014 1381 3086 βραχύ
1433 3032 1487 3067 τι
1541 3014 1821 3077 παντελῶς

251 3109 460 3178 ἱκείνης
489 3105 824 3174 θιγγάνουσα
849 3105 988 3159 κατὰ
1019 3105 1098 3170 τδ,
1130 3104 1420 3174 Ἐλαμψας
1452 3106 1515 3157 ὲκ
1532 3106 1629 3168 τῆς
1678 3107 1824 3177 Παρ-
1846 3120 1895 3185 c

251 3199 421 3261 θένου,
448 3198 649 3268 δηλαδὴ
683 3193 750 3268 ἧς
772 3198 1101 3269 προλογίσας
1130 3197 1222 3252 τὸν
1270 3198 1527 3269 ὑπερφυῆ
1579 3198 1822 3265 τοκετδν,

253 3292 408 3354 εὐθὺς
432 3290 695 3361 ὡςὲχρῆν
725 3290 1035 3361 ἀσχολεῖται
1061 3293 1136 3354 είς
1184 3292 1244 3343 τὸ
1293 3292 1436 3345 κατὰ
1494 3291 1586 3345 τὸν
1632 3291 1825 3346 ἰωνᾶν

254 3384 409 3453 τέρας
436 3384 530 3437 τὸν
549 3384 821 3452 συστάτην
844 3383 942 3451 τῆς
962 3383 1129 3455 ἕκτης
1156 3382 1264 3454 ᾠδῆ
1276 3401 1317 3449 ς,
1354 3377 1492 3454 πρὸς
1519 3384 1547 3437 δ
1579 3384 1826 3454 παρασο-

254 3469 417 3533 )ικῶς
447 3470 656 3535 εἰκάζει
686 3469 756 3523 τὰ
788 3472 883 3523 τοῦ
931 3470 1123 3539 ’Δδὰμ,
1169 3470 1343 3539 λέγων
1368 3469 1512 3525 οὕτω
1547 3491 1560 3505 ·
1624 3471 1826 3543 Χριστὶ

256 3563 284 3615 δ
324 3563 626 3630 Δεσπότης,
681 3561 908 3631 ίλασμδς
962 3562 1094 3631 ἡμῖν
1138 3562 1230 3615 καὶ
1285 3564 1529 3634 σωτηρία
1580 3563 1829 3634 ἔλαμψας

257 3652 319 3704 ix
343 3652 443 3717 τῆς
476 3650 839 3720 ἁειπαρθένου
872 3651 1150 3707 θεοτόκου.
1186 3652 1286 3706 Διὰ
1324 3652 1379 3706 τί
1407 3668 1423 3719 ;
1469 3653 1830 3723 Συγκαταδάς

259 3743 350 3795 καὶ
368 3742 732 3805 ταπεινωθεὶς
754 3744 811 3801 ἐς
839 3741 1115 3809 τοσοῦτον,
1164 3743 1239 3806 ὡς
1268 3744 1336 3797 δι’
1383 3744 1530 3814 ἡμᾶς
1578 3744 1832 3812 γενέσθαι

260 3834 354 3885 καὶ
396 3832 683 3903 ἄνθρωπος
703 3836 732 3887 ὁ
766 3833 925 3901 ἡμῶν
956 3833 1224 3903 πλάστης,
1276 3832 1366 3888 ἵνα
1399 3835 1639 3905 δηλονότι
1691 3835 1835 3887 καθὰ

263 3926 351 3978 τδν
378 3927 668 3997 προφήτην
715 3927 921 3991 Ἰωνᾶν,
951 3925 1012 3990 ὃς
1047 3927 1405 3997 προετύπωσε
1434 3925 1534 3996 τὴν
1563 3928 1627 3980 ὲκ
1652 3928 1834 3996 ταφῆς

264 4018 565 4088 τριημέρου
596 4018 892 4071 ἀνάστασίν
933 4035 1050 4082 σου,
1084 4020 1385 4089 τεραστίως
1414 4017 1738 4085 περιεσὼσω
1770 4021 1839 4072 ἐκ

264 4110 371 4161 τῶν
397 4109 635 4176 στέρνων
653 4108 748 4160 τοῦ
774 4108 1059 4161 θαλαττίου
1083 4109 1251 4179 θηρός
1276 4123 1291 4137 ·
1323 4107 1491 4178 θῆρες
1513 4109 1621 4177 γὰρ
1641 4110 1738 4163 καὶ
1768 4110 1837 4164 τὰ

266 4202 403 4270 κήτη
440 4216 456 4232 ο
494 4198 754 4252 οὕτωκαὶ
784 4201 875 4255 τὸν
914 4202 1084 4270 Ἀδὰμ
1136 4202 1258 4255 ὅλον
1302 4201 1608 4275 διαρπάσῃς
1644 4204 1708 4255 ἐκ
1740 4202 1839 4270 τῆς

266 4291 493 4361 φθορᾶς,
528 4288 807 4360 παγγεννῆ
841 4290 1189 4345 πεπτωκότα.
1216 4290 1364 4361 Ὀλῳ
1398 4291 1505 4364 γὰρ
1530 4289 1603 4360 τῷ
1647 4292 1835 4362 Ἀδὰμ,

266 4382 435 4451 ἤγουν
478 4374 632 4451 πάἷςῃ
688 4383 752 4451 τῇ
814 4380 874 4445 ἐξ
915 4379 1086 4449 ’Δδὰμ
1141 4380 1455 4453 ἀνθρωπίνῃ
1504 4381 1685 4449 φύσει,
1749 4383 1845 4434 καὶ

1914 1921 2077 1961 unam
2132 1921 2253 1961 esse
2316 1919 2565 1961 sanctam
2622 1908 2956 1961 catholicam
3020 1912 3075 1959 et
3126 1900 3480 1972 apostolicam

1911 1996 2240 2065 Ecclesiam,
2275 1999 2363 2054 Dei
2397 2000 2646 2063 domum,
2698 2014 2821 2069 quae
2850 1999 3026 2053 utedia
3064 1996 3321 2052 Ecclesia:
3364 1994 3482 2047 dic-

1919 2093 2092 2157 tione,
2128 2091 2482 2145 sanctissimo
2502 2093 2752 2162 symbolo
2782 2091 2903 2146 lidei
2925 2089 3254 2153 Christianae,
3293 2085 3486 2142 mundi

1916 2175 2257 2241 servatricis,
2290 2171 2792 2245 comprehenditur.

2421 2349 2639 2415 Hii-mus
2662 2356 2776 2407 odaz
2808 2365 2988 2409 sextae.

2088 2438 2406 2507 Propitiatio
2436 2442 2613 2501 nobis.
2644 2444 2883 2507 Christe.
2912 2453 2967 2500 et
2992 2446 3139 2499 salus

2030 2529 2276 2584 Prwsens
2307 2530 2532 2586 illuxisti
2560 2548 2624 2586 ex
2669 2532 2913 2602 Virgine,

2029 2623 2122 2690 Ut,
2154 2632 2413 2692 tanquam
2445 2626 2759 2693 prophetam
2792 2641 2856 2679 ex
2892 2625 3019 2680 ferae
3049 2626 3273 2680 marinae

2034 2716 2359 2775 Pectoribus
2398 2716 2615 2786 Jonatu,
2640 2736 2669 2774 a
2707 2723 3055 2790 corruptione
3082 2721 3323 2790 eriperes

2030 2808 2229 2864 Totum
2264 2812 2437 2866 Adam
2471 2828 2593 2867 cum
2620 2814 2766 2865 omni
2800 2828 2993 2882 genere
3021 2812 3329 2866 cadentem.

1998 2901 2127 2955 “5.
2159 2901 2276 2955 Non
2305 2904 2590 2957 cohaerens
2638 2902 2800 2970 hujus
2842 2917 3015 2956 nexus
3046 2902 3313 2957 sententia
3367 2915 3488 2954 cum

1923 2991 2159 3063 reliquis
2204 2992 2549 3047 lucidissima:
2582 2992 2914 3058 festivitatis,
2943 3008 3066 3048 cum
3105 2997 3171 3047 ad
3205 2994 3343 3047 hanc
3376 3007 3462 3045 οειι

1927 3086 2063 3141 ηἰιιο
2092 3085 2371 3156 paululum
2420 3085 2597 3155 attigit
2642 3085 2939 3139 secundum
2975 3085 3116 3140 istud
3143 3102 3156 3138 :
3186 3084 3394 3138 Lusisti
3422 3088 3487 3137 de

1927 3172 2175 3243 virgine;
2205 3173 2273 3228 de
2308 3172 2464 3242 cujus
2511 3188 2642 3227 sane
2674 3174 2931 3243 praeclara
2978 3174 3489 3244 supernaturalique

1930 3267 2191 3336 progenie
2218 3266 2539 3335 prolocutus
2568 3276 2672 3331 est,
2704 3268 2911 3331 statim,
2945 3277 3003 3322 ut
3045 3268 3350 3337 oportebat.
3399 3282 3491 3335 ap-

1928 3359 2095 3429 plicat
2121 3369 2401 3415 auctorem
2434 3361 2571 3415 sexti
2606 3360 2864 3415 carminis
2889 3361 2953 3414 ad
2983 3376 3135 3414 zonae
3160 3360 3457 3429 prodigium
3483 3375 3499 3426 ;

1928 3453 2083 3522 juxta
2112 3453 2256 3523 quod
2309 3453 2624 3523 parabolice
2657 3452 2905 3523 depingit
2940 3468 3029 3507 res
3062 3454 3277 3517 Adawi,
3314 3453 3393 3507 sic
3423 3453 3505 3506 di-

1931 3561 2100 3602 cens:
2132 3545 2345 3601 Christe
2367 3548 2699 3613 dominator,
2724 3546 3034 3614 propitiatio
3059 3546 3316 3615 salusque
3348 3544 3504 3598 nobis

1933 3651 1964 3691 e
2001 3635 2226 3706 Deipara
2273 3652 2485 3705 semper
2522 3637 2743 3705 Virgine
2784 3637 2997 3691 lusisti.
3032 3634 3346 3701 Quomodo?
3377 3635 3507 3687 Des-

1933 3729 2165 3783 cendisti
2196 3728 2479 3782 nobiscum
2508 3738 2562 3782 ct
2591 3728 2915 3781 humiliatus
2956 3741 3037 3787 es,
3075 3738 3133 3779 ut
3164 3732 3382 3794 prapter
3407 3740 3505 3776 nos

1933 3830 1990 3876 et.
2016 3821 2177 3875 homo
2201 3820 2381 3884 lieres,
2403 3820 2495 3888 qui
2548 3828 2731 3873 noster
2753 3833 2812 3872 es
2860 3827 3099 3879 creator;
3134 3827 3189 3870 ut
3214 3832 3341 3871 sane
3365 3818 3505 3869 sicut

1936 3912 2255 3982 prophetam
2287 3909 2505 3975 Ionam,
2544 3910 2639 3979 qui
2678 3909 3043 3978 praeﬁguravit
3070 3916 3212 3961 tuam
3244 3923 3274 3960 e
3300 3910 3509 3960 tumulo

1942 4012 2066 4074 post
2137 4010 2246 4056 tres
2308 4001 2426 4055 dies
2479 4000 2973 4062 resurrectiOnem,
3016 3997 3341 4051 miraculose
3405 3997 3513 4050 mi-

1940 4091 2106 4164 puisti
2135 4094 2200 4146 de
2223 4098 2411 4146 ventre
2464 4090 2749 4145 maritima:
2770 4090 2927 4154 ferar;
2960 4087 3087 4143 ferte
3123 4103 3355 4155 namque
3386 4097 3511 4141 sunt

1940 4194 2056 4239 cete
2088 4198 2104 4248 ;
2135 4182 2215 4236 sic
2244 4182 2407 4235 etiam
2450 4189 2620 4234 totum
2666 4179 2862 4242 Adam,
2899 4179 3154 4257 universe
3209 4179 3445 4246 lapsum,
3482 4197 3511 4229 υ

1944 4275 2260 4347 perditione
2337 4274 2697 4328 subduceres.
2752 4269 2872 4324 Tuti
2932 4273 3075 4326 enim
3131 4268 3326 4336 Adam,
3398 4271 3513 4323 sive

1949 4351 2156 4422 cuncta:
2189 4382 2312 4436 quae
2358 4364 2505 4419 venit
2538 4379 2603 4418 ex
2644 4363 2817 4416 Adam
2876 4363 3124 4417 humana:
3151 4372 3381 4424 natura».
3412 4361 3509 4413 toti

265 4475 363 4545 ὅλῃ
389 4475 445 4528 δὲ
473 4476 618 4527 κατὰ
644 4473 843 4542 ψυχὴν,
865 4471 1068 4543 δηλαδὴ
1108 4471 1284 4537 ἄλλως
1307 4473 1402 4527 καὶ
1446 4474 1624 4544 σῶμα,
1686 4472 1826 4527 ὲδόθι

1951 4474 2082 4514 vero
2113 4458 2411 4514 secundum
2445 4460 2682 4511 animam
2718 4466 2770 4510 et
2798 4455 2905 4509 alio
2940 4470 3075 4510 sane
3111 4454 3271 4508 modo
3318 4469 3514 4506 secun-

266 4568 326 4620 τὸ
352 4569 439 4621 διὰ
464 4569 568 4632 τὴν
591 4566 885 4637 ἁδαμιαίαν
912 4566 1195 4636 ἁμαρτίαν
1226 4568 1522 4637 ἐπιτίμιον,
1559 4570 1655 4620 καὶ⁵
1709 4568 1844 4620 πάν-

266 4674 356 4722 τες
380 4660 595 4712 ἐκεῖθεν
624 4657 800 4728 φθορᾷ
827 4657 1181 4728 ὑποκείμενοι
1216 4656 1642 4728 ἐπανεσώθημεν
1682 4658 1760 4720 είς
1786 4658 1847 4709 τὸ

270 4750 502 4821 ἀρχαῖον
537 4749 629 4802 διὰ
660 4748 759 4818 τῆς
787 4749 1096 4819 γεννήσεως
1121 4747 1215 4801 τοῦ
1237 4748 1496 4817 Χριστοῦ.

340 4846 496 4909 ρμς’.
528 4840 639 4893 Καὶ
669 4838 889 4909 τοιαύτη
921 4840 1021 4909 μὲν
1048 4841 1082 4911 ἡ
1119 4838 1212 4892 τοῦ
1247 4838 1443 4909 είρμοῢ
1472 4840 1654 4894 ἔννοια
1681 4856 1695 4873 ο
1727 4840 1852 4892 τινὰ

270 4929 325 4982 δὲ
356 4931 673 5000 ἀντίγραφα
700 4930 821 4983 ἀντὶ
864 4929 960 4984 τοῦ
1029 4930 1253 5000 ίλασμδς
1287 4931 1383 4984 καὶ
1421 4932 1687 5001 σωτηρία,
1739 4932 1850 5001 EA;-

271 5022 413 5090 σμδν
438 5024 535 5076 καὶ
568 5022 845 5093 σωτηρίαν
867 5021 1049 5092 ἔχουσι
1077 5024 1215 5076 κατὰ
1266 5021 1474 5075 πτῶσιν
1515 5023 1847 5092 αἰτιατικὴν,

274 5111 369 5166 ἵνα
400 5115 535 5186 λέγῃ
566 5115 595 5166 ὁ
631 5112 869 5185 μελῳδὸς
899 5114 981 5168 ὄτι
1016 5114 1246 5183 ίλασμδν
1275 5116 1370 5168 καὶ
1420 5099 1696 5184 σωτηρίαν
1723 5115 1854 5183 ἡμῖν

274 5202 489 5273 λάμψαι
526 5201 1189 5274 πεποίηκας.Σεμνοτέρα
1212 5202 1269 5256 δὲ
1306 5202 1334 5272 ἡ
1389 5198 1583 5272 πρώτη
1629 5201 1814 5273 γραφή
1837 5216 1851 5232 ’

279 5291 603 5362 αὐτόχρημα
626 5291 739 5359 γὰρ
790 5290 1020 5357 ίλασμὸς
1048 5290 1145 5344 καὶ
1171 5288 1416 5359 σωτηρία
1439 5289 1587 5341 ἐστὶν
1634 5288 1663 5339 ὁ
1724 5287 1858 5358 Χρι-

284 5381 425 5441 στός.
479 5381 639 5434 Ἰλάω
668 5380 725 5432 δέ
754 5381 872 5432 ἐστι
898 5379 959 5432 τὸ
980 5378 1123 5446 θέμα
1150 5377 1247 5430 τοῦ
1306 5376 1560 5447 ἱλασμοῦ,
1610 5375 1735 5430 ὅθεν
1764 5376 1859 5429 καὶ

1950 4549 2076 4604 dum
2101 4564 2324 4618 corpus,
2356 4547 2494 4601 ultio
2534 4547 2658 4599 data
2688 4558 2805 4611 est;
2838 4554 2893 4599 et
2925 4558 3113 4598 omnes
3145 4542 3341 4597 exinde
3368 4558 3464 4595 cor
3492 4571 3515 4581 -

1950 4638 2201 4707 ruptioni
2232 4637 2465 4706 subjecti
2513 4638 2566 4689 in
2602 4636 2892 4706 pristinum
2930 4644 3130 4689 statum
3170 4648 3263 4703 per
3316 4633 3517 4688 Christi

1953 4729 2295 4783 nativitatem
2334 4726 2686 4796 redintegrati
2721 4741 2936 4781 sumus.
3168 4734 3175 4741 ’

2036 4820 2160 4875 HG.
2192 4819 2343 4874 Talis
2373 4827 2459 4874 est
2491 4834 2666 4874 nexus
2698 4818 2967 4874 sententia
3000 4834 3019 4884 ;
3058 4816 3303 4887 quasdam
3341 4822 3521 4870 autem

1954 4911 2310 4980 exemplaria
2362 4925 2461 4979 pro
2540 4909 2766 4978 ἱλασμός
2802 4918 2859 4962 et
2892 4907 3156 4978 σωτηρία,
3192 4906 3421 4975 ἱλασμόν
3470 4913 3525 4961 et

1957 5001 2232 5073 σωτηρίαν
2265 5016 2363 5072 per
2390 5016 2580 5057 casum
2618 5000 2990 5055 accusativum
3025 4998 3256 5064 habent;
3289 5005 3351 5052 ut
3379 4998 3529 5051 dicat

1959 5101 2118 5163 poeta
2152 5110 2165 5144 :
2198 5092 2639 5163 propinationem
2670 5101 2725 5146 et
2778 5092 3009 5146 salutem
3044 5090 3211 5145 nobis
3235 5091 3415 5145 lucere
3452 5089 3527 5143 fc-

1960 5186 2106 5241 cisti.
2146 5184 2445 5255 Augustior
2470 5195 2650 5239 autem
2685 5185 2857 5253 prima
2884 5182 3149 5239 sententia
3182 5191 3265 5238 est
3298 5179 3522 5249 :propi-

1962 5276 2115 5331 tiatio
2148 5291 2384 5344 namque
2419 5277 2600 5345 reipsa
2627 5291 2691 5329 ac
2743 5277 2893 5329 salus
2932 5285 3015 5329 est
3048 5273 3322 5328 Christus.
3365 5269 3528 5322 Ἰλάω

1959 5383 2112 5435 vero,
2148 5368 2292 5423 unde
2318 5382 2537 5439 quoque
2568 5369 2714 5423 venit
2772 5368 3083 5431 ἱλάσατθαι,
3118 5363 3270 5417 radix
3302 5370 3384 5415 est
3432 5361 3528 5413 τοῦ

285 5471 347 5523 τὸ
377 5471 663 5527 ἱλάσασθαι
696 5486 712 5504 ⁸
751 5472 902 5541 ῥῆμα
921 5471 979 5524 δὲ
1008 5471 1110 5524 οὐκ
1140 5469 1440 5542 εὔχρηστον
1495 5467 1742 5538 πραχθὲν
1801 5470 1825 5520 ὲ

1965 5460 2220 5531 ἱλασμοῦ.
2254 5457 2491 5514 Verbum
2524 5468 2706 5514 autem
2752 5473 2857 5513 non
2890 5456 3178 5513 commode
3227 5453 3425 5505 factum
3462 5468 3526 5504 ex

288 5564 452 5617 αὐτοῦ
469 5565 530 5618 τὸ
549 5564 794 5635 ηημιὼς
819 5564 1028 5635 ἴστημι,
1052 5564 1289 5634 παράγει
1334 5562 1396 5615 τὸ
1425 5561 1594 5630 ἵληθι,
1624 5562 1717 5614 καὶ
1746 5561 1861 5614 ἰλα-

285 5651 363 5714 θι,
397 5657 488 5709 καὶ
513 5656 574 5708 τδ
608 5657 838 5724 ἱλήκοις,
863 5657 982 5710 ἀντὶ
1006 5655 1100 5740 τοῦ
1129 5655 1287 5715 ίλεως
1325 5652 1463 5723 εἴης.
1495 5653 1565 5705 Ἠ
1595 5652 1651 5705 δὲ
1678 5669 1860 5723 παρα-

1963 5551 2078 5621 ipsa
2121 5551 2276 5620 ῖλημι
2305 5559 2561 5619 tanquam
2599 5550 2813 5619 ἰστημι,
2852 5547 3192 5601 derivatione
3234 5544 3326 5595 dat
3358 5542 3527 5612 ἵληθι,

1963 5655 2011 5696 et
2041 5643 2206 5706 ἵλαθι,
2228 5654 2277 5697 et
2300 5642 2530 5713 ἱλήκοις,
2562 5656 2659 5709 pro
2681 5681 2696 5705 ,
2725 5639 2883 5701 ἵλεως
2918 5638 3054 5707 εἴης,
3095 5638 3367 5706 propitius
3385 5647 3524 5690 esto.

295 5747 447 5815 τωτὴ
480 5747 573 5799 τοῦ
601 5747 737 5804 ίλάω
766 5748 860 5801 καὶ
918 5726 1049 5801 τῶν⁹
1084 5745 1381 5813 συστοίχων
1431 5741 1580 5811 αὐτῷ
1635 5759 1823 5810 περιττ

1966 5731 2241 5789 Derivatio
2278 5741 2457 5788 autem
2494 5731 2587 5785 τοῦ
2614 5728 2749 5785 ίλάω
2772 5727 3048 5798 ipsiusque
3072 5727 3405 5783 consortium
3443 5726 3530 5782 hic
