3950 6204
527 256 633 315 653

1244 270 1663 331 EUSTATHU
1700 274 1989 333 TllESSA
2002 235 2457 336 LONICENSIS
2495 276 3055 337 METROPOLITIE
3601 287 3673 348 fill

528 373 767 442 antiquis
793 378 1210 445 exemplaribus,
1246 382 1522 437 invenitur
1548 402 1561 438 :
1598 386 1771 455 ῥύπου
1800 387 2015 455 φρενῶν
2036 406 2093 440 τε

2218 393 2601 461 ταντοκρὰτορ,
2650 395 2738 445 καὶ
2772 395 2856 446 ὅτι
2890 392 3190 462 τροπαρὶου
3220 394 3671 468 ἐξιὲιρμητιιιὴεἱρη¹

532 468 795 534 ῥυπτικὸν
826 472 1226 543 παντοκράτορ,
1250 477 1505 547 quodque
1549 480 1788 549 stropha:
1831 482 2096 536 sententia

527 564 833 631 prorumpit
879 566 1064 618 eadem
1102 580 1166 619 ac
1215 570 1453 636 stropha:
1497 572 1657 637 paulo
1712 572 2012 641 superioris
2044 574 2096 626 in

529 653 725 717 quinto
750 654 1013 718 carmine,
1054 656 1142 710 ubi
1170 656 1260 711 Dei
1296 656 1534 713 Verbum
1602 662 1704 716 sibi
1755 663 2101 731 praeparabat

527 743 775 809 domum,
843 746 896 797 in
944 763 1048 813 qua
1108 749 1345 817 Spiritus
1390 752 1573 805 lumen
1630 753 1978 809 inhabitavit.
2028 755 2092 809 Ill

528 846 708 890 autem
751 840 1062 894 accuratius
1094 842 1295 905 dicam,
1329 845 1786 900 asseverationem
1817 847 1928 901 illic
1957 849 2100 916 posi-

530 940 661 993 tam,
694 929 747 983 in
775 945 988 998 precem
1040 932 1128 987 hic
1179 936 1413 989 mutavit
1459 947 1639 1006 poeta,
1679 939 1928 992 oratione
1959 938 2098 993 facta

530 1030 591 1074 ut
625 1037 725 1077 nos
751 1022 952 1078 bonum
988 1026 1307 1090 habeamus,
1357 1028 1499 1095 quod
1528 1038 1684 1082 antea
1730 1029 2100 1098 philosophice

530 1114 585 1165 in
623 1116 865 1169 secunda
896 1116 985 1171 illa
1015 1119 1234 1187 strophe
1284 1128 1338 1173 et
1393 1120 1447 1173 in
1499 1120 1642 1175 illius
1688 1123 2100 1179 continuatione

529 1207 806 1272 exposuit.

591 1298 679 1351 l5!
696 1340 709 1352 .
729 1298 1153 1369 Supponendqu
1173 1316 1448 1360 estautem
1486 1309 1629 1376 quod
1645 1309 2101 1375 ὲγκατοικίζοιτο,

530 1391 770 1454 optativa
805 1392 1010 1447 dictum
1044 1394 1154 1448 illic
1193 1404 1417 1466 propter
1454 1407 1711 1463 metrum,
1744 1399 1867 1454 loco
1895 1400 2098 1470 hujus:

530 1481 967 1545 ἑγκατοικίζεται
1003 1486 1098 1538 καὶ
1138 1485 1361 1551 ὲνοικεῖ,
1402 1502 1619 1544 sacrum
1659 1499 1875 1559 poetam
1913 1498 1970 1545 ut
2001 1507 2101 1545 eu-

533 1569 806 1640 thymema
859 1573 1266 1644 duplicantem,
1321 1578 1537 1632 induxit
1584 1583 1651 1633 ad
1704 1581 1909 1636 directe
1958 1596 2103 1636 nunc

531 1658 715 1726 aliquo
742 1659 905 1716 modo
936 1664 1266 1732 precandum
1322 1666 1505 1735 ibique
1555 1668 1637 1723 sic
1679 1669 2017 1724 dicendum;
2059 1669 2103 1725 Ο

2205 482 2341 548 μένη
2368 483 2549 536 ἔννοια
2580 484 2674 536 τοῦ
2709 486 2813 551 πρὸ
2846 484 3094 554 βραχέων
3149 486 3205 536 ὲν
3242 487 3302 554 τῇ
3346 490 3542 557 πέμπτῃ
3580 491 3668 559 ᾠδῇ

2200 570 2328 623 ἔνθα
2348 574 2376 623 ό
2400 570 2494 624 τοῦ
2524 572 2662 625 Θεοῦ
2686 575 2839 640 λόγος
2868 574 3030 643 δόμον
3060 575 3232 640 ἑαυτῷ
3264 577 3679 645 κατεσκεύνξεν,ᾇ

2201 664 2582 733 ὲγκατῳκίσθη
2612 665 2928 733 ιίνεύματος
2953 666 3090 732 φάος
3114 684 3129 698 ο
3167 668 3255 719 καὶ
3293 669 3631 739 ἀκριϐέστερον

2202 755 2398 815 εἰπεῖν,
2427 755 2527 818 τὴν
2552 755 2670 808 ἐκεῖ
2693 756 3000 824 ἀπόφανσιν
3034 758 3113 819 εἰς
3139 758 3297 826 εὐχὴν
3340 759 3547 812 ἐνταῦθα
3571 764 3683 829 ἥιιειι

2199 844 2300 910 ιξιεν
2326 846 2352 896 ὁ
2379 844 2957 913 μελιρδδςηεύξάμενος
2986 846 3131 915 ἔχειν
3172 850 3311 917 ἡμᾶς
3361 852 3485 920 ὅπερ
3533 854 3694 917 ἀγαθὴν

2203 932 2413 999 φθάσας
2440 933 2835 1002 ἐφιλοσόφησεν
2854 934 2909 985 ἐν
2939 951 2998 985 τε
3038 933 3114 1003 τῷ
3141 935 3368 1006 δευτέρῳ
3408 938 3576 1005 ἐκείνῳ
3602 957 3695 1007 qn-

2203 1024 2408 1093 παρίῳ,
2441 1026 2534 1078 καὶ
2566 1026 2623 1076 ἐν
2649 1025 2726 1089 τῷ
2765 1024 2975 1077 ἐκείνου
3008 1025 3208 1094 εἱρμῷ.

2283 1302 2417 1366 ρνα’.
2452 1298 2608 1350 Ἔσ·ι
2635 1297 2679 1348 δ’
2702 1297 3000 1365 ὑπονοῆσαι
3028 1298 3123 1350 καὶ
3154 1296 3234 1349 ὅτι
3260 1297 3317 1351 τὸ
3340 1299 3706 1364 ὲγκατοικξζοιτσι

2205 1391 2476 1455 εὐκτικῶς
2503 1392 2619 1444 ἐκεῖ
2634 1389 2822 1461 λεχθὲν
2851 1391 2939 1444 διὰ
2967 1389 3029 1444 τὸ
3057 1391 3270 1461 μέτρον,
3310 1391 3421 1443 ἀντὶ
3448 1391 3545 1444 ,τοῦ
3574 1393 3707 1456 ἐγκι-

2203 1483 2501 1544 τοικίζεται
2532 1483 2628 1536 καὶ
2666 1483 2888 1545 ἐνοικεῖ,
2922 1482 3160 1549 ὲνήγαγε
3210 1483 3301 1535 τὸν
3347 1483 3479 1551 ἱερὸν
3520 1483 3710 1553 μελῳεὶν

2205 1578 2280 1639 ὡς
2315 1570 2428 1629 οἷον
2462 1574 2911 1645 ἐπενθυμηθέντα
2944 1574 3024 1637 εἰς
3054 1573 3118 1626 τὸ
3164 1573 3220 1630 ἐξ
3253 1573 3407 1642 ὀρθοῦ
3450 1574 3535 1627 νῦν
3583 1573 3706 1637 sbi:-

2210 1667 2332 1721 σθαι
2367 1683 2504 1728 πως,
2542 1667 2635 1718 xui.
2664 1664 2900 1721 ἐνταῦθα
2925 1666 3005 1732 τὸ,
3033 1661 3106 1719 Ὦ
3165 1666 3543 1735 παντοκράτορ,
3585 1682 3710 1717 κατα-

535 1764 749 1804 snmme
785 1750 1007 1816 Potens,
1056 1765 1347 1824 postquam
1400 1758 1805 1813 immaculatam
1847 1763 2105 1828 apostoli-

2218 1758 2484 1819 σκευάσας
2542 1755 2705 1826 δόμον
2762 1756 3030 1828 ἄχραντον
3088 1755 3438 1811 ἁποστολικδν
3483 1754 3559 1806 σοι
3598 1752 3711 1818 αὐτῷ

534 1853 765 1907 eamque
786 1841 1007 1898 domum
1065 1845 1382 1914 tibimetipsi
1408 1849 1723 1916 praeparasti
1750 1864 1871 1913 nos,
1910 1852 2104 1904 innova

536 1932 697 1987 nobis
749 1932 1012 2002 Spiritum
1063 1942 1335 1991 sanctum.
1378 1935 1497 1993 Non
1541 1948 1720 1994 autem
1761 1940 2107 1996 incmmnode

539 2025 664 2091 quis
688 2024 885 2079 dixerit
917 2028 1064 2095 quod
1096 2043 1163 2081 ex
1194 2030 1525 2096 praecedenti
1574 2030 1762 2085 divino
1806 2032 2022 2087 lavacro
2056 2042 2109 2087 et

539 2134 603 2172 ex
633 2120 793 2190 hujus
822 2120 1021 2176 lavacri
1050 2122 1429 2191 puriﬁcatione
1451 2122 1739 2179 deducitur
1771 2126 1857 2179 hic
1899 2127 2108 2181 o'liosa-

509 2227 658 2265 ~rum
686 2214 1024 2266 macularum
1059 2214 1363 2269 exustionis
1396 2216 1667 2270 sententia
1700 2215 2110 2283 spiritualisquc

538 2302 813 2373 purgatio.
852 2301 1148 2378 Caetertnn,
1185 2304 1391 2361 omissa
1435 2305 1808 2375 suppositione
1823 2306 1971 2374 quod
1997 2306 2111 2362 dic-

543 2404 658 2449 tum
716 2394 943 2449 verbum
997 2396 1292 2448 καυστικδν
1349 2396 1512 2451 fuerit
1542 2397 1864 2452 translatum
1906 2399 2112 2469 tropice

549 2500 604 2543 rx
640 2483 845 2553 Spiritu
876 2484 1141 2552 fervente,
1179 2500 1244 2540 ex
1272 2468 1443 2555 i'gneis
1472 2486 1636 2540 etiam
1662 2487 1859 2555 pendet
1889 2468 2109 2555 linguis;

549 2584 598 2632 ει
647 2590 711 2629 ex
764 2575 870 2630 hoc
906 2592 919 2629 ι
954 2575 1136 2645 Ignem
1199 2585 1614 2632 consumentem
1667 2592 1787 2633 esse
1844 2579 2111 2649 Spiritum

539 2673 815 2720 sanctum.
856 2664 1092 2720 Evidens
1125 2675 1211 2721 est
1252 2674 1431 2720 autem
1476 2668 1621 2736 quod
1658 2667 1831 2737 magis
1867 2678 2111 2723 assatum

540 2770 769 2821 prorsus
802 2755 864 2809 τὸ
902 2756 1157 2810 καίεσθαι
1190 2773 1356 2827 quam
1379 2758 1440 2810 τὸ
1472 2757 1815 2827 ρύπτεσθ³αι;
1849 2773 1948 2812 nec
1978 2758 2116 2812 obli-

543 2846 861 2901 viscendum
914 2848 1059 2901 illam
1110 2848 1449 2903 exustionem
1523 2849 1724 2903 odiosae
1780 2850 2112 2903 macularum

544 2938 810 3003 materiae,
848 2946 1102 3007 tanquam
1135 2938 1203 2992 de
1246 2939 1492 2993 materiis
1520 2939 1845 2995 adulterinis
1888 2940 1942 2994 in
1988 2955 2116 2995 vase

543 3032 753 3088 l'usorio
795 3046 892 3101 per
926 3032 1105 3099 ignem
1152 3032 1523 3100 vehementem
1558 3032 1865 3100 liquefactis
1895 3052 1909 3091 :
1936 3037 2114 3090 omnis

550 3123 699 3177 enim
731 3121 1041 3190 hujusmudi
1070 3124 1317 3190 materia,
1347 3123 1500 3193 puris
1538 3125 1751 3190 odiosa,
1785 3136 1909 3195 post
1941 3125 2115 3181 fusio-

554 3231 675 3271 nem
718 3223 773 3268 et
797 3216 1141 3270 exustionem
1173 3216 1291 3283 ejus
1318 3217 1461 3286 quod
1496 3216 1639 3270 illam
1668 3216 1834 3271 ftedat
1858 3258 1873 3283 ,
1904 3229 2118 3272 amatur

549 3318 605 3361 et
629 3305 926 3374 requiritur
961 3323 976 3359 :
1006 3308 1149 3374 quod
1188 3308 1350 3364 etiam
1380 3307 1595 3376 egregie
1652 3307 1854 3377 patitur
1900 3308 1989 3364 ille
2024 3310 2115 3378 qui

552 3397 790 3466 Spiritus
822 3398 945 3467 igne
985 3399 1269 3467 probatur,
1314 3406 1369 3453 et
1399 3399 1516 3471 bac
1545 3399 1773 3455 macula:
1809 3400 2119 3455 detersione

552 3491 875 3560 purificatus
905 3491 1036 3555 exit,
1083 3500 1144 3545 nt
1174 3492 1232 3544 fit
1272 3490 1339 3545 de
1390 3491 1476 3545 his
1513 3507 1633 3561 qua:
1677 3491 1937 3547 fullonica
1974 3503 2120 3548 certe

549 3586 634 3639 vel
660 3584 816 3640 aliter
843 3584 1098 3641 sordibus
1129 3585 1545 3654 absterguntur.
1577 3583 1812 3639 Istorum
1839 3585 1981 3638 enim
2008 3600 2117 3637 non

550 3686 634 3733 est
665 3679 961 3747 quamlibet
993 3677 1335 3733 exustioncm
1372 3674 1599 3740 subire;
1651 3675 1770 3732 istis
1814 3685 1997 3730 autem
2045 3676 2121 3729 si-

556 3769 718 3824 miles
759 3778 887 3823 sunt
928 3768 1191 3835 Davidici,
1239 3768 1333 3834 qui
1376 3766 1545 3821 lavari
1582 3766 1729 3822 bene
1761 3768 1973 3833 volunt,
2003 3782 2116 3823 non

558 3871 740 3915 tamen
770 3869 990 3930 gustare
1016 3858 1313 3927 quemlibet
1340 3859 1538 3927 ignem.

629 3951 754 4007 152.
796 3950 1198 4005 Attendendum
1231 3958 1411 4003 autem
1445 3949 1516 4004 ibi
1550 3963 1616 4003 ne
1651 3947 1869 4018 quando
1896 3946 2117 4016 quidam

561 4060 627 4098 ex
654 4042 837 4109 nobis,
869 4042 983 4096 sola
1011 4050 1217 4096 tantum
1246 4039 1559 4096 detersione
1601 4039 1817 4095 sordem
1852 4041 2121 4108 deponere

549 4134 813 4198 valentes,
849 4140 1060 4200 poetam
1099 4144 1357 4200 cogamus
1388 4128 1456 4184 ad
1492 4145 1594 4185 nos
1641 4129 1700 4184 in
1738 4128 1879 4199 ignis
1923 4128 2119 4183 carbo-

555 4238 653 4278 nes
678 4221 989 4287 volvendos,
1025 4229 1085 4275 ut
1112 4222 1192 4275 sic
1217 4228 1561 4274 concremata
1590 4220 1751 4275 sorde
1802 4218 2122 4274 dealbemur

552 4323 608 4367 et
636 4313 704 4367 ad
752 4311 1152 4368 Eucharistiam
1175 4310 1482 4366 redeamus.
1520 4308 1770 4365 Vidimus
1812 4310 1958 4364 enim
1998 4324 2116 4363 ma-

2211 1847 2379 1912 ἡμᾶς,
2410 1847 2723 1911 ὲγκαίνιαον
2758 1849 2891 1917 ἡμῖν
2918 1848 2975 1898 τὸ
3002 1847 3158 1914 ἅγιον
3191 1847 3431 1915 Πνεῦμα.
3462 1847 3563 1899 Uini
3604 1848 3657 1898 ἂν
3676 1845 3715 1896 δὲ

2210 1936 2598 2002 δυστραπέλως
2636 1938 2779 1990 εἴποι
2824 1954 2906 2000 τις
2949 1940 3030 1991 ὅτι
3076 1941 3171 1991 καὶ
3224 1940 3287 1991 ὲκ
3333 1937 3422 1990 τοῦ
3468 1937 3716 2005 φθάσαντος

2212 2031 2355 2083 θεὶου
2384 2031 2636 2101 λουτροῦ,
2678 2032 2774 2083 καὶ
2804 2032 2903 2099 τῆς
2947 2031 3039 2084 τοῦ
3096 2031 3383 2100 λουτηρίου
3435 2029 3719 2097 καθάρσεως,

2214 2123 2605 2192 παρείλκυσται
2634 2117 2733 2185 ὦδε
2768 2127 2801 2192 ἡ
2835 2124 2929 2194 τῆς
2960 2123 3211 2183 καύσεως
3239 2123 3413 2176 ἔννοια
3466 2120 3561 2172 τῶν
3605 2120 3716 2170 ἀττε-

2212 2216 2355 2284 χθῶν
2386 2215 2698 2284 μολυσμῶν,
2724 2217 2820 2268 καὶ
2850 2217 2881 2286 η
2915 2215 3261 2281 πνευματικὴ
3289 2212 3442 2285 potin;
3463 2228 3477 2244 ·
3502 2212 3652 2271 ἄλλως
3678 2208 3721 2258 δὲ

2211 2307 2273 2358 τδ
2302 2306 2596 2374 εἰρημένον
2627 2307 2942 2369 καυστικὸν,
2979 2306 3105 2374 δίχα
3137 2322 3200 2373 γε
3238 2305 3329 2358 τοῦ
3361 2296 3630 2369 ὑπονοῆσαι
3658 2314 3722 2365 με·

2211 2396 2466 2467 τηνέχθαι
2495 2398 2771 2467 τροπικῶς
2798 2400 2862 2451 ἑκ
2895 2398 3231 2466 Πνεύματος
3255 2393 3517 2464 ἐμπύρου,
3539 2391 3621 2443 καὶ
3645 2386 3726 2439 τῶι

2216 2507 2255 2541 π
2282 2492 2460 2560 ιρὶνων
2492 2489 2677 2560 ἔχεται
2702 2487 2966 2557 γλωσσῶν
2991 2504 3006 2519 ⁶
3039 2488 3137 2540 καὶ
3165 2485 3286 2550 τοῦ,
3330 2485 3437 2552 πῦρ
3488 2477 3728 2535 καταναλί-

2216 2598 2344 2633 σκον
2371 2577 2509 2633 εἶναι
2535 2581 2627 2633 καὶ
2652 2581 2714 2633 τὸ
2744 2580 2901 2648 ἆγιον
2922 2578 3178 2647 Πνεῦμα.
3219 2576 3386 2645 Δῆλον
3427 2573 3477 2626 δὲ
3520 2574 3592 2625 ὅτι
3625 2585 3729 2637 9.00-

2218 2673 2479 2742 κτότερον
2501 2673 2719 2734 πάντως
2747 2674 2808 2723 τὸ
2839 2670 3098 2724 καίεσθαι
3157 2669 3251 2723 τοῦ
3303 2665 3618 2739 ῥύπτεσθαι·
3665 2661 3732 2711 και

2215 2764 2434 2832 νοητέον
2461 2763 2560 2834 τὴν
2594 2763 2693 2832 μὲν
2728 2762 2932 2835 καῦσιν
2959 2763 3059 2829 τῆς
3090 2761 3202 2814 τῶν
3249 2758 3596 2829 μολυσμάτων
3634 2753 3734 2803 ἀπητ-

2216 2854 2380 2923 χθοῦς
2401 2854 2557 2922 ὕλης,
2607 2854 2683 2916 ὠς
2726 2854 2816 2905 ἐπὶ
2876 2852 2985 2904 τῶν
3034 2853 3097 2903 ὲν
3132 2853 3336 2923 χωνείᾳ
3362 2851 3427 2917 τῇ
3478 2847 3559 2898 διὰ
3606 2843 3738 2909 πυρὸς

2219 2946 2451 3015 σφοδροῧ
2480 2946 2799 3016 τηκομένων
2815 2944 3090 3014 κιϐδήλων
3119 2944 3286 2997 ὑλῶν.
3340 2942 3487 2994 Πᾶσα
3521 2936 3617 3005 γὰρ
3665 2932 3737 2982 ὖλτ

2216 3038 2440 3106 τοιαύτη
2470 3018 2731 3108 ’ἀπεχθὴς
2777 3033 2915 3090 οὖσα
2976 3038 3092 3101 τοῖς
3156 3034 3474 3105 καθαρεὶοις
3527 3026 3649 3100 μετᾶ
3699 3022 3743 3075 τὸ

2220 3130 2557 3199 χωνευθῆναι
2574 3129 2666 3183 καὶ
2689 3128 2957 3203 καυθῆναι
2973 3128 3032 3181 τὸ
3050 3128 3286 3197 μολύνον
3303 3124 3488 3193 αὐτὴν,
3509 3119 3744 3188 στέργεται

2221 3226 2315 3275 καὶ
2346 3223 2669 3289 ἁμιρέπεται
2695 3238 2708 3253 ·
2734 3221 2762 3274 ὃ
2788 3221 2845 3274 δὲ
2875 3221 3081 3289 πάσχει
3138 3217 3441 3280 ὲπαινετῶς
3496 3213 3583 3265 καὶ
3621 3204 3746 3269 stici

2221 3316 2358 3381 πυρὶ
2426 3312 2742 3378 Πνεύματος
2786 3312 3230 3382 δοκιμαζόμενος
3274 3312 3368 3363 καὶ
3412 3303 3748 3373 καθαιρόμενος

2221 3404 2378 3472 τήνδε
2409 3404 2502 3456 τοῦ
2533 3403 2707 3474 ῥύπου
2731 3402 3053 3467 ἔκπλυνσιν,
3079 3402 3159 3465 ὡς
3190 3401 3419 3454 ἐπὶτῶν
3443 3392 3754 3465 σμηχομὲπωῖ

2220 3496 2252 3565 ἦ
2279 3496 2652 3561 κναφευτικῶς
2673 3495 2706 3563 ἢ
2740 3495 2914 3556 ἄλλως
2934 3494 3217 3548 ὁπωσοῦν.
3244 3491 3463 3545 Τούτων
3481 3488 3582 3555 γὰρ
3600 3486 3751 3539 ἄπεστι

2223 3588 2452 3641 παντοία
2484 3588 2680 3649 καῦσις
2711 3604 2726 3617 ⁸
2761 3588 2972 3648 τούτοις
3016 3586 3079 3640 δὲ
3113 3586 3371 3639 ἐοίκασιν
3416 3582 3463 3634 οἱ
3514 3571 3755 3632 ὃαυιτιιιοὶ.

2223 3677 2538 3731 πλυνεῖσθαι
2559 3677 2857 3743 ἀξιοῦντες,
2890 3676 2949 3730 οὐ
2970 3675 3079 3746 μὴν
3107 3674 3289 3746 πυρός
3315 3688 3457 3733 τινος
3486 3661 3756 3736 γεύσασθαι.

2297 3944 2428 4014 ρνβ’.
2460 3942 2795 4013 Προσεκτέον
2824 3943 2878 3995 δὲ
2911 3941 3159 3996 ἐνταῦθα
3211 3939 3428 4012 μήποτέ
3453 3949 3589 3994 τινες
3609 3924 3695 3982 οἷοί
3717 3940 3761 3976 τε

2220 4035 2372 4097 ὄντες
2403 4033 2548 4103 μόνῳ
2580 4034 2866 4102 σμήγματι
2888 4031 3202 4084 ἀποθέσθαι
3224 4033 3326 4098 τὴν
3352 4025 3613 4099 ῥυπαρίαν
3633 4020 3763 4078 ἄγετ’

2223 4127 2480 4194 κάσωμεν
2505 4126 2597 4177 τὸν
2617 4124 2845 4192 ποιητὴν
2864 4122 2949 4175 ἐπ’
2972 4122 3075 4176 ἀνθ
3088 4123 3283 4191 ράκων
3303 4119 3475 4187 πυρὸς
3497 4122 3764 4173 καταστρω·

2223 4234 2314 4270 σαι
2344 4218 2525 4287 ἡμᾶς’
2560 4216 2634 4278 ὡς
2678 4215 2744 4268 ἂν
2794 4211 2936 4266 οὕτω
2985 4210 3452 4270 κατακαυθέντος
3483 4204 3571 4257 τοῦ
3610 4197 3766 4269 ῥύπον.

2222 4304 2723 4375 λευκανθησώμεθα
2754 4304 2849 4355 καὶ
2877 4302 2958 4363 εἰς
2994 4298 3374 4371 εὐχαριστίαν
3402 4288 3763 4352 ἐπανέλθωμεν.

554 4402 806 4472 nutergia
852 4416 920 4456 ex
970 4402 1076 4457 ﬁlis
1129 4401 1355 4455 amianti
1414 4408 1706 4464 contexta,
1768 4413 1927 4469 quem
1988 4399 2113 4454 olim

2242 4396 2615 4466 Ἐθεασάμεθα.
2659 4394 2768 4462 γὰρ
2832 4391 3230 4461 χειρόμακτρα
3279 4390 3458 4458 μέτρα
3513 4387 3573 4437 sic
3627 4380 3764 4448 μίτων

554 4492 759 4549 dicitur
798 4492 1123 4562 produxisse
1175 4502 1436 4548 montana
1487 4491 1747 4563 Carystes
1805 4499 2002 4561 petra,
2067 4492 2120 4544 in

558 4586 783 4654 quibus,
843 4590 968 4639 cum
1017 4582 1286 4653 profunda
1336 4576 1632 4638 insedisset
1681 4582 1913 4643 macula.
1967 4582 2134 4637 facile

561 4676 919 4733 evanescebat
949 4691 1044 4746 per
1078 4674 1220 4744 ignis
1247 4675 1684 4730 combustionem
1719 4683 1815 4729 aut
1861 4673 1996 4728 alias
2029 4688 2127 4743 per

557 4768 922 4825 detersionem
958 4785 973 4823 :
1010 4765 1300 4821 ordinandi
1342 4775 1471 4821 sunt
1516 4766 1570 4820 in
1623 4765 1767 4822 hanc
1794 4765 2126 4835 purificatio-

553 4878 679 4917 nem
709 4863 786 4916 illi
812 4861 904 4930 qui
929 4860 1179 4916 celeriter
1201 4872 1270 4912 ει
1300 4872 1432 4927 pura
1456 4858 1587 4922 vita,
1617 4872 1725 4912 non
1751 4858 2124 4920 advertentes,

564 4954 884 5024 aliquandiu
915 4952 1130 5019 mutati,
1164 4960 1351 5021 postea
1375 4959 1626 5020 prompte
1652 4958 2049 5006 convertuntur
2079 4948 2127 5003 si

562 5046 690 5115 quis
732 5047 785 5100 in
833 5045 1050 5100 camino
1094 5043 1274 5099 fundit
1318 5043 1452 5112 ipsis
1493 5041 1835 5112 spiritualem
1866 5049 2126 5096 constan-

557 5139 715 5195 tiam.
759 5136 828 5192 Et
860 5137 931 5191 ita
965 5151 1163 5193 sensus
1190 5135 1354 5205 hujus
1381 5135 1622 5205 stropha:
1664 5133 1994 5190 constitutus
2033 5133 2125 5186 sit.

560 5234 636 5289 De
664 5240 818 5288 recto
846 5241 1026 5286 autem
1061 5230 1265 5301 Spiritu
1305 5243 1497 5299 parum
1537 5228 1780 5298 quidem,
1817 5224 1913 5281 sed
1944 5235 2124 5280 tamen

555 5328 664 5395 jam
702 5324 971 5394 scriptum
1005 5332 1109 5377 est.
1157 5320 1317 5376 Nune
1361 5320 1545 5375 dicere
1588 5316 1722 5370 satis
1769 5314 1873 5368 erit
1903 5311 2128 5367 omnino

560 5418 784 5487 quidem
816 5425 968 5479 recto
1008 5429 1240 5469 curvum
1287 5409 1511 5481 opponi,
1564 5408 1700 5461 alias
1740 5414 1918 5459 autem
1964 5403 2125 5458 etiam

562 5518 898 5564 tortuosum.
936 5505 1091 5561 Talia
1140 5518 1268 5559 vero
1305 5517 1409 5557 nec
1439 5500 1491 5553 in
1524 5494 1904 5567 spiritualibus
1948 5491 2016 5546 ad
2050 5492 2126 5545 vi-

562 5610 671 5654 tam
706 5599 924 5654 civilem
966 5596 1328 5654 attinentibus
1379 5592 1708 5662 probantur,
1747 5588 1793 5641 si
1824 5585 1983 5641 bonis
2015 5592 2133 5639 nta-

563 5706 681 5745 tnur
728 5692 991 5748 moribus.
1025 5688 1159 5744 lluic
1195 5695 1375 5744 autem
1413 5682 1772 5741 desiderabile
1823 5677 2129 5734 festivitatis

2226 4491 2491 4561 ἀμιάντου
2526 4485 2657 4558 ῦλης
2688 4482 3088 4552 ὲξυφανθιεντα,
3124 4483 3195 4552 ἣν
3232 4481 3411 4534 πάλαι
3443 4476 3567 4529 ποτὲ
3596 4472 3771 4565 λέγεται

2225 4581 2483 4654 χορηγεῖν
2513 4580 2607 4632 καὶ
2653 4578 2686 4646 ἡ
2732 4575 2872 4629 κατὰ
2926 4573 3234 4642 Κάρυστον
3279 4570 3473 4640 ὀρεινὴ
3509 4565 3679 4629 πέτρα,
3712 4570 3775 4654 νίς

2435 4669 2731 4739 ἐγκαθίσας
2772 4666 2966 4736 ῥύπος,
3001 4665 3146 4733 ῥᾷον
3198 4665 3491 4733 ἀπήρχετο
3531 4656 3609 4708 διὰ
3639 4646 3774 4745 πυρὸς

2227 4737 2487 4826 καύσεως
2522 4760 2666 4831 ἢπερ
2705 4758 2882 4818 ἄλλως
2921 4755 3011 4808 διὰ
3064 4753 3173 4808 τοῦ
3234 4752 3539 4825 ρύψααθαι.
3582 4737 3778 4837 Tum?

2225 4854 2282 4907 δὲ
2306 4854 2389 4915 εἰς
2416 4851 2677 4918 τοιαύτην
2709 4846 2976 4915 κάθαρσιν
2996 4846 3134 4908 τοὺς
3169 4848 3237 4897 ἐκ
3271 4839 3522 4911 καθαροῦ
3546 4837 3649 4907 βίου
3669 4842 3776 4931 ταχυ

2228 4943 2663 5010 ἀλλαττομένους
2715 4936 3134 5003 ἁνεπαισθήτου
3217 4936 3371 4990 κατὰ
3441 4929 3644 5003 μικρὸν,
3689 4929 3781 5010 sit}

2229 5036 2422 5088 θᾶττον
2478 5028 2977 5102 μεταϐαλλομένους
3037 5028 3096 5081 εἴ
3146 5044 3241 5090 τις
3290 5020 3579 5095 καμινεύει
3633 5013 3778 5067 αὐτοις

2230 5121 2606 5194 πνευματικὴν
2652 5120 2974 5190 ὲμϐρίθειαν
2996 5134 3011 5150 ·
3051 5120 3159 5171 καὶ
3195 5119 3349 5172 οὕτω
3386 5117 3484 5187 μὲν
3512 5114 3539 5166 ὁ
3569 5106 3682 5201 νοῦς

2230 5218 2471 5271 θεστάτω
2497 5212 2649 5266 τοῦδε
2682 5211 2776 5265 τοῦ
2805 5209 3142 5278 τροπαρῖου.
3168 5211 3316 5278 Περὶ
3336 5211 3398 5262 δὲ
3422 5205 3607 5262 εὐθέος
3646 5197 3782 5249 1]st-

2235 5327 2401 5379 ματος
2450 5307 2631 5374 ὀλίγον
2680 5304 2887 5371 μέντοι,
2919 5302 3376 5371 προγέγραπται
3422 5298 3480 5354 δὲ
3514 5298 3681 5364 ὅμως*
3712 5283 3784 5335 νῦν

2231 5402 2288 5454 δὲ
2313 5401 2485 5453 εἰπεῖν
2509 5396 2757 5466 ἀρκέσει,
2780 5394 2865 5447 ὅτι
2895 5391 3142 5446 καθόλου
3183 5395 3292 5465 μὲν
3319 5394 3401 5463 τῷ
3428 5390 3573 5444 εὐθεῖ
3595 5384 3648 5436 τὸ
3675 5392 3787 5466 καις

2234 5492 2401 5546 πύλον
2425 5458 2748 5546 ἀντίκειται,
2774 5487 2868 5536 καί
2915 5482 2974 5534 τὸ
3013 5458 3207 5546 ἄλλως
3250 5485 3311 5537 δὲ
3365 5458 3613 5552 στρεϐλόν
3632 5485 3646 5501 '
3670 5466 3725 5521 si
3747 5458 3789 5512 δὲ

2234 5581 2458 5635 τοιαῦτα
2491 5576 2611 5629 οὐδὲ
2660 5577 2715 5627 ἐν
2764 5577 2873 5636 τοῖς
2924 5576 3073 5626 κατὰ
3116 5575 3409 5629 πολιτείαν
3449 5553 3790 5635 πνευματικαῖς

2242 5669 2705 5741 παρρησιάζωνται
2739 5665 2895 5734 εἴπερ
2925 5665 3337 5736 εὐνομούμεθα
3357 5682 3370 5695 ο
3395 5661 3471 5733 τῷ
3500 5659 3553 5713 δὲ
3581 5654 3670 5723 τῆς
3698 5648 3793 5712 ξορα
