3996 6194
345 278 447 337 665

1159 272 1240 329 1N
1280 271 1615 333 nmmum
1646 228 2305 331 Psvrecosrusu
2350 270 2809 331 DAMASCENI'.

3479 263 3583 324 666

340 386 434 452 τῆς
482 383 726 452 εὐκταίῳ
760 382 1038 450 Πνεῦμα-ει
1072 382 1148 449 τῷ
1182 380 1485 448 εὐθυτάτῳ,
1531 378 1796 429 ἀντιθετεῖ
1851 378 1909 429 τὸ
1941 408 1951 435 Α

2042 383 2224 449 piritui
2271 383 2617 445 rectissimo,
2687 378 2980 449 onponitur
3026 377 3392 438 dwmoninm;
3441 378 3579 441 quo!

345 476 613 544 δαιμόνιον
634 492 647 505 ·
681 473 709 526 ὃ
732 474 826 526 καὶ
864 473 991 533 τοὺς
1019 472 1226 540 κύκλῳ,
1256 470 1545 539 ψαλμικῶς
1580 470 1774 533 εἰπεῖν,
1808 485 1873 519 πε
1892 497 1907 506 ς

348 564 707 632 ριπατοῦντας
745 564 1023 633 περιάγει,
1062 561 1154 612 καὶ
1185 560 1338 611 οὐδὲν
1368 558 1572 624 ἀγαθον
1604 557 1742 624 πρὸς
1776 558 1907 623 ἀλή-

345 657 492 709 θειαν
530 655 806 723 εὐθύτητα
855 657 1017 717 ποιεῖ,
1061 651 1197 704 ἀλλὰ
1231 650 1484 720 στρεῦλοί
1515 649 1584 701 τὰ
1618 649 1794 700 πάντα
1832 648 1909 709 εἰς

342 750 405 801 τὸ
452 748 585 815 ἡμῖν
633 747 975 815 ἀσύμφορον,
1025 732 1072 795 ei
1111 742 1185 812 μὴ
1237 740 1296 792 τὸ
1349 739 1505 800 εὐθὲς
1552 738 1909 805 ἁντιπράττει

346 838 574 907 Πνεῦμα
614 837 844 906 βοηθοῦν
874 837 1003 905 ἡμῖν
1024 850 1038 864 ·
1068 834 1157 886 διὰ
1186 831 1296 885 τῶν
1320 830 1570 903 ὲγκᾲτων
1598 829 1654 881 δὲ
1684 830 1784 896 τῆς
1809 827 1912 895 ψυ-

344 934 443 1002 χῆς
478 931 712 985 καὶτῶν
764 930 885 984 κατ’
929 930 1099 994 αὐτὴν
1148 928 1410 980 ποικίλων
1456 925 1645 979 θεόθεν
1691 924 1911 978 ἐννοιῶν

341 1022 639 1077 αἰνίττεται
676 1022 859 1090 βάθος,
893 1022 1014 1075 καθ’
1042 1020 1070 1073 ὃ
1112 1020 1512 1090 σημαινόμενον
1549 1021 1641 1077 καὶ
1677 1020 1704 1071 ὁ
1748 1016 1914 1069 Δαὸὶδ

344 1114 456 1173 τοῖς
487 1112 655 1165 αὑτοῦ
685 1113 834 1171 ἔντος
871 1113 1114 1177 εὐλογεῖν
1147 1112 1207 1165 τδ
1250 1110 1422 1178 ὄνομα
1463 1108 1672 1178 Κυρίου
1699 1108 1910 1159 ἐπιτέλ-

344 1204 497 1256 ὶεται
518 1218 533 1233 ο
562 1202 621 1266 ὀς
645 1204 742 1256 καλ⁸
764 1206 829 1255 ὲκ
857 1184 1115 1256 τοιούτων
1145 1201 1356 1272 βαθέων
1386 1198 1686 1269 κεκραγὼς·
1702 1198 1780 1265 τῷ
1808 1199 1914 1248 Κυ-

350 1294 453 1364 ρίῳ
483 1292 850 1348 εἰσακούεται.
891 1292 1012 1364 Χρὴ
1042 1295 1149 1362 γὰρ
1179 1294 1286 1345 πᾶν
1317 1291 1521 1357 ἀγαθὸν
1553 1287 1781 1359 ψυχικὸν
1840 1287 1915 1356 μὴ

344 1385 671 1439 ἐπιπόλαιον
716 1382 1108 1453 προφέρεσθαι,
1164 1380 1281 1434 ἀλλ’
1328 1382 1599 1450 οἰκουρεῖν
1649 1379 1706 1430 ὲν
1763 1376 1913 1446 βάθει

343 1463 740 1545 ταμιευτικῶς,
771 1473 1049 1545 θησαυροῦ
1095 1473 1271 1542 δίκην,
1297 1469 1342 1540 ᾧ
1370 1474 1465 1525 καὶ
1493 1473 1525 1540 ἠ
1557 1469 1652 1524 τοῦ
1683 1467 1918 1522 καθέκι-

314 1573 483 1620 ⁸στον
513 1565 710 1634 καρδία
742 1566 960 1618 σύνεστι
1012 1563 1151 1616 κατά
1183 1562 1282 1632 τὴν
1319 1561 1481 1627 ἁγίαν
1511 1558 1758 1629 Γραφήν.
1788 1554 1915 1609 Ὅτι

343 1660 405 1712 δὲ
457 1659 519 1711 τὸ
565 1658 841 1725 ὲγκάτοις,
869 1658 1098 1722 ἐγκισιν
1139 1653 1243 1721 ἔφη
1283 1655 1312 1707 ὁ
1345 1654 1402 1704 ὲν
1432 1653 1544 1714 τοῖς
1598 1649 1702 1712 ἔξω
1756 1646 1918 1713 σοφὸς

347 1749 607 1817 ποιητὴς,
636 1747 801 1815 δῆλον
850 1747 961 1809 τοῖς
991 1746 1223 1798 εἰδόσιν·
1257 1744 1316 1806 ὂς
1350 1743 1445 1797 καὶ
1489 1742 1551 1795 τὸ
1607 1737 1921 1811 προσώποις

347 1839 714 1912 προσώπασιν
735 1840 993 1909 ἔγραψεν·
1013 1836 1216 1906 ὁμοίως
1238 1837 1297 1889 τὸ
1309 1837 1529 1906 ἄστροις
1545 1834 1800 1903 ἄστρασι,
1828 1832 1922 1885 καὶ

347 1933 588 2004 ὀνείροις
604 1932 872 2001 ὀνείρασι.
891 1930 966 1983 Τὸ
981 1929 1038 1983 δὲ
1055 1928 1306 2000 μόλυσμα
1323 1929 1385 1980 ὲκ
1401 1927 1494 1980 τοῦ
1513 1925 1726 1996 μολύνω
1743 1942 1816 2003 πᾳ
1827 1941 1925 1993 ρη-

348 2025 561 2094 γμένον
590 2024 847 2091 ἀναλογεῖ
876 2023 1011 2094 πρὸς
1037 2022 1097 2075 τὸ
1128 2021 1330 2091 μιαίνω
1357 2010 1594 2089 μίασμα,
1625 2018 1718 2070 καὶ
1744 2017 1924 2084 ἠδύνω

346 2116 576 2184 ἥδυσμα
602 2132 616 2148 ·
648 2113 708 2167 τὸ
736 2113 795 2167 δὲ
818 2111 1050 2172 αίωνίως
1072 2110 1209 2180 πρὸς
1240 2109 1299 2161 τὸ
1329 2109 1561 2162 πάντοτε
1598 2104 1923 2175 ἁρμοστὲον,

348 2209 445 2260 ἵνα
479 2206 547 2260 δι’
572 2206 737 2275 εὐχῆς
788 2204 922 2274 ἡμῖν
970 2201 1083 2271 εἴη,
1131 2200 1366 2269 αἰωνίως
1408 2199 1466 2250 ἐν
1509 2199 1644 2265 ἡμῖν
1674 2197 1735 2250 τὸ
1770 2196 1924 2262 ἅγιον

349 2298 586 2367 Πνεῦμα
633 2293 775 2349 εἶναι
824 2296 887 2348 τὸ
941 2293 1174 2347 πάντοτε
1228 2289 1575 2360 συνημμένον
1605 2287 1684 2356 τῷ
1719 2288 1926 2339 Παντοο

348 2388 610 2457 κράτορι.
646 2385 721 2438 Τὸ
748 2384 805 2437 δὲ
838 2382 1013 2453 ῥύπου
1072 2380 1357 2452 ῥυπτικὸν,
1386 2377 1502 2430 ἐστι
1536 2377 1636 2446 μὲν
1669 2374 1929 2444 ἐτυμολο-

352 2478 520 2545 γικοῦ
550 2477 776 2547 τρόπου,
813 2474 1068 2542 Ἀττικῆς
1116 2471 1175 2525 δὲ
1226 2471 1413 2539 κοινῆς
1462 2468 1709 2538 γλώττης
1738 2467 1928 2536 ὥρμη-

353 2586 486 2625 ται·
510 2568 755 2623 τοιοῦτον
780 2568 837 2621 δὲ
859 2568 953 2622 καὶ
979 2566 1041 2620 τὸ
1068 2565 1216 2634 λέγω
1242 2564 1420 2632 λόγον,
1441 2561 1534 2613 καὶ
1559 2560 1711 2613 ὑπνῶ
1737 2558 1927 2622 ὕπνον,

356 2664 460 2719 καὶ
491 2665 557 2717 τὰ
588 2663 767 2730 ὃμοια.

534 2861 867 2932 Τροπὰριον
892 2860 1174 2926 δεύτερον
1218 2855 1329 2923 τῆς
1355 2855 1536 2922 ἕκτης
1557 2852 1739 2920 ᾠδῆς.

435 3017 582 3073 XVI.
626 3015 878 3087 Ὀρεκτον
909 3013 1126 3083 ἀξίωμα
1160 3014 1273 3073 τοῖς
1302 3011 1641 3071 ἀποστόλοιςο

615 3108 895 3168 Σιωνίταις
931 3107 1194 3175 μίμνουσι
1223 3101 1321 3171 σὴν
1352 3101 1675 3171 παρουσίαν,

608 3198 906 3268 Γνώρισμα
939 3182 1162 3263 Πνεῦμα
1193 3190 1630 3260 πατρογεννήτου
1649 3189 1821 3255 Λόγου

615 3289 827 3358 Λέσχην
856 3284 1038 3354 ἀπηνῆ
1068 3283 1175 3336 τῶν
1209 3280 1378 3336 ἐθνῶν
1407 3278 1826 3348 ποππυσμόπων

619 3380 849 3431 Ὤκιστα
878 3376 1087 3438 δεικνὺς
1124 3372 1417 3442 πυρπνόως
1439 3368 1771 3439 καθιδρύεις.

443 3478 579 3542 ρνγ⁹.
615 3468 918 3537 Εὐξὼμεθα
966 3466 1023 3519 ὲν
1064 3462 1142 3533 τῷ
1186 3462 1414 3533 παρόντι
1447 3461 1727 3531 τροπαρίῳ
1775 3476 1934 3528 περι-

363 3565 557 3632 τυχεῖν
592 3559 915 3628 ἀντιγράφω
948 3555 1230 3623 ἀσφάλτῳ.
1266 3547 1363 3614 Οἷς
1395 3551 1502 3621 γὰρ
1557 3549 1936 3620 ὲνεκύρσαμεν

362 3657 471 3708 οὐκ
502 3654 617 3706 ἔστι
655 3650 861 3721 μέμψιν
890 3648 1046 3712 ἀξίαν
1075 3646 1389 3711 ἐπενεγκεῖν
1412 3660 1426 3675 ·
1452 3642 1531 3710 τῷ
1555 3642 1692 3703 τέως
1714 3642 1771 3694 δὲ
1794 3640 1937 3711 γρὰοο

364 3748 571 3816 ψαντες
602 3742 738 3813 πρὸς
768 3742 838 3796 τὰ
865 3738 1264 3809 παρευρημένα
1311 3738 1462 3799 ὅπως
1512 3737 1822 3805 ἰσχύσαμεν,
1847 3734 1939 3788 ὗσ-

365 3854 533 3907 τερον
565 3838 655 3890 ὅτε
703 3833 836 3904 ὀρθῇ
889 3831 1102 3884 ἐκδόσει
1155 3824 1607 3901 περιτευξόμεθα,
1636 3826 1757 3878 τότε
1801 3827 1941 3877 ἀνα.

372 3928 672 3998 κάμψομεν
696 3925 758 3977 τὸ
787 3923 884 3977 οὐκ
910 3919 1062 3975 εὐθύ.
1093 3920 1342 3986 Λέγομεν
1374 3915 1469 3971 οὖν
1503 3916 1760 3986 ἀφορμὰς
1795 3915 1942 3984 εἰλη-

376 4024 540 4089 φότες
563 4020 625 4072 ἐκ
651 4034 794 4077 τινος
823 4012 1240 4083 προῦπάρξεως,
1266 4011 1347 4064 ὅτι
1378 4010 1525 4062 δοκεῖ
1547 4009 1680 4080 πρὸς
1701 4006 1761 4061 τὸ
1788 4008 1942 4075 ἆγιον

378 4110 796 4178 ἀποτεινόμενος
824 4104 1053 4174 Πνεῦμα
1074 4104 1102 4154 ό
1125 4099 1386 4171 μελῳδὸς,
1406 4099 1589 4166 λέγειν
1614 4095 1761 4149 οὕτω
1784 4112 1902 4157 πως
1925 4111 1939 4126 ·

374 4202 449 4258 Ὦ
504 4201 729 4272 Πνεῦμα
776 4199 954 4266 ἅγιον,
997 4193 1283 4263 γνώρισμα
1318 4192 1414 4246 τοῦ
1450 4190 1506 4256 ἐξ
1545 4190 1781 4258 ἁνάρχου
1836 4189 1947 4241 Πα-

371 4299 502 4369 τρὸς
557 4293 908 4364 γεννηθέντος
957 4288 1090 4341 Υἱου
1142 4288 1234 4340 τοῦ
1280 4283 1439 4337 Θεοῦ.
1483 4284 1571 4342 Ὠς
1618 4282 1727 4351 γὰρ
1760 4283 1788 4334 ό
1818 4280 1944 4369 Yth;

2013 473 2110 526 hac
2145 484 2198 527 et
2231 474 2352 526 illac
2401 473 2767 532 ambulantes,
2812 478 2871 524 ut
2921 484 3044 523 cum
3094 466 3326 521 Psalmis
3369 464 3581 531 loquar,

2011 564 2394 625 circumducit,
2446 579 2548 618 nec
2603 563 2769 616 ullum
2826 561 3030 615 bonum
3077 559 3233 626 juxta
3296 555 3575 608 veritatem

2012 656 2340 710 rectitudine
2372 654 2518 715 facit.
2560 655 2651 708 sed
2687 653 2872 708 omnia
2903 651 3192 719 detOrquet
3230 647 3297 701 ad
3328 655 3574 700 nostrum

2014 745 2445 810 incommodum,
2476 744 2580 798 nisi
2613 743 2837 812 spiritus
2872 749 3078 805 rectus,
3122 736 3278 792 nobis
3311 735 3572 789 auxilium

2014 848 2314 906 praestans,
2361 839 2613 890 obsistat.
2662 835 2763 890 Per
2809 834 3003 885 animae
3051 831 3261 885 viscera
3306 826 3577 880 variarum

2017 931 2189 995 ipsius
2224 943 2252 981 a
2286 927 2394 981 Deo
2426 928 2815 993 cogitationum
2852 925 3193 995 profunditas
3242 920 3572 977 insinuatur,

2012 1019 2168 1086 juxta
2197 1017 2340 1087 quod
2368 1016 2732 1089 signiﬁcatum
2768 1016 2932 1069 David
2969 1015 3052 1068 liis
3079 1029 3200 1083 quae
3222 1012 3363 1064 intra
3397 1008 3575 1076 ipsum

2018 1119 2168 1177 sunt,
2199 1120 2258 1164 ut
2286 1125 2485 1163 nomen
2532 1108 2745 1163 Domini
2791 1107 3139 1166 benedicant,
3185 1101 3451 1172 praecipit.
3514 1097 3585 1150 Et

2018 1201 2203 1267 etiam,
2243 1203 2390 1255 enim
2419 1215 2481 1254 ex
2512 1199 2713 1253 talibus
2739 1197 3021 1266 profundis
3069 1192 3326 1250 clamavit
3369 1191 3435 1241 ad
3483 1188 3584 1241 Do-

2018 1292 2265 1357 minum,
2314 1291 2626 1345 exauditur.
2675 1289 2900 1359 Oportet
2965 1287 3107 1341 enim
3177 1298 3338 1338 omne
3381 1281 3581 1334 bonum

2018 1383 2213 1436 anima:
2257 1397 2364 1435 non
2396 1381 2462 1435 ad
2507 1380 2857 1449 superﬁciem
2909 1376 3161 1447 proferri,
3203 1373 3300 1429 sed
3351 1370 3588 1442 pretiose

2019 1470 2214 1525 domus
2262 1471 2316 1524 iu
2364 1468 2637 1539 profundo
2681 1466 2973 1533 custodiri,
3032 1465 3179 1519 sicut
3237 1462 3582 1518 thesaurum,

2022 1560 2107 1613 cui
2152 1557 2307 1627 juxta
2342 1573 2557 1614 sacram
2602 1556 2967 1625 Scripturam,
3013 1550 3455 1619 uniuscujusque
3493 1561 3589 1599 cur

2024 1648 2342 1716 apponitur.
2399 1646 2554 1714 Quod
2602 1656 2782 1701 autem
2805 1659 2997 1699 vocem
3039 1641 3318 1710 ὲγκάτοις,
3362 1637 3588 1705 ἐγκασιν

2023 1740 2157 1794 dixit
2188 1738 2405 1808 sapiens
2430 1738 2569 1807 apud
2596 1747 2812 1792 exteros
2836 1744 3012 1804 poeta,
3039 1732 3171 1786 viris
3193 1729 3371 1785 doctis
3400 1737 3589 1782 notum

2022 1839 2108 1885 cst
2140 1846 2155 1885 :
2187 1831 2443 1885 similiter
2471 1831 2692 1899 scripsit
2752 1826 3113 1897 προσώπασιν
3144 1838 3240 1891 pro
3271 1818 3589 1891 προσώποις

2023 1922 2257 1993 ἄστρασι
2284 1936 2383 1992 pro
2422 1920 2666 1991 ἄστροις,
2705 1929 2761 1974 et
2787 1917 3031 1986 ὀνείρασι
3063 1928 3163 1984 pro
3192 1910 3444 1979 ὀνείροις.
3474 1907 3586 1962 Vox

2024 2020 2206 2066 autem
2238 2012 2495 2082 μόλυσμα
2518 2025 2549 2065 e
2569 2010 2736 2064 verbo
2768 2006 2982 2079 μολύνω
3013 2004 3290 2057 derivatur
3312 1997 3593 2066 analogicc

2025 2118 2148 2156 cum
2185 2103 2427 2171 ξμιαίνω
2474 2101 2714 2171 μίασμα,
2767 2108 2821 2153 et
2867 2096 3047 2166 ἠδύνω
3102 2095 3343 2165 ἥδυσμα.
3382 2089 3594 2144 Adver-

2026 2195 2174 2248 bium
2209 2194 2446 2256 αίωνίως
2469 2193 2623 2263 juxta
2664 2192 2899 2245 πάντοτε
2930 2180 3462 2263 accommodandum
3487 2186 3591 2242 est,

2026 2294 2086 2338 ut
2122 2283 2282 2338 nobis
2318 2284 2390 2337 sit
2414 2262 2479 2337 in
2500 2291 2627 2336 voto
2663 2294 2877 2349 semper
2903 2262 3182 2349 (ἆῑωνίως)
3207 2274 3262 2328 in
3290 2270 3445 2326 nobis
3472 2282 3594 2323 esse

2031 2371 2303 2441 Spiritum
2348 2382 2622 2437 sanctum,
2659 2371 2751 2441 qui
2776 2383 2991 2425 summo
3023 2362 3347 2422 dominatori
3379 2374 3596 2429 semper

2032 2462 2311 2533 (πάντοτε)
2348 2463 2718 2532 conjungitur.
2755 2460 2867 2516 lloc
2889 2469 3069 2514 autem
3100 2458 3275 2528 ῥύπου
3310 2450 3593 2526 ῥυπτικόν,

2029 2561 2118 2606 est
2146 2551 2367 2620 quidem
2407 2551 2805 2620 etymologicus
2850 2557 3061 2615 tropus,
3094 2546 3269 2600 Attica
3294 2557 3419 2597 vero
3450 2556 3598 2595 com-

2032 2642 2181 2696 numi
2222 2621 2407 2710 lingua
2455 2642 2744 2695 formatur.
2793 2638 2945 2692 Talia
2989 2647 3161 2692 sunt:
3198 2635 3343 2703 λέγω
3392 2633 3595 2702 λόγον,

2031 2733 2185 2787 ὑπνῶ
2221 2733 2412 2799 ὕπνον,
2442 2743 2494 2788 et
2526 2732 2751 2789 similia.

2255 2848 2268 2857 '
2310 2845 2628 2912 Troparium
2668 2844 2952 2898 secundum
2982 2842 3098 2896 οάιε
3126 2850 3307 2896 textae.

2207 3004 2530 3075 Appetibilts
2556 3004 2795 3073 dignitas
2829 3002 3098 3070 apostolis
3128 3021 3141 3055 :

2145 3096 2518 3158 Sionensibus.
2546 3095 2988 3164 exspectantibus
3025 3107 3170 3148 tuam
3201 3092 3566 3163 prmseutiam,

2137 3185 2292 3251 Nota,
2337 3184 2571 3254 Spiritus
2595 3184 2759 3253 geniti
2790 3199 2820 3238 a
2850 3183 3009 3238 Patre
3042 3182 3223 3248 Verbi,

2138 3274 2319 3343 Nugas
2350 3274 2594 3328 inﬁcetas
2622 3274 3006 3328 blanditiarum
3038 3273 3279 3344 gentium

2138 3364 2400 3421 Celeriter
2429 3373 2764 3429 monstrans,
2785 3363 2839 3418 in
2864 3365 2969 3420 illis
2998 3365 3171 3421 instar
3194 3363 3337 3434 ignis
3361 3364 3600 3441 insides.

2104 3457 2226 3512 155.
2267 3455 2501 3511 Gloriari
2564 3471 2861 3526 possumus
2918 3456 2972 3511 in
3039 3457 3139 3511 hac
3210 3457 3432 3525 stroplie
3497 3471 3599 3509 nos

2035 3550 2345 3612 occurrisse
2389 3558 2508 3604 tuto
2549 3548 2845 3617 exemplari
2886 3566 2901 3603 :
2933 3548 3018 3603 his
3047 3550 3192 3603 enim
3219 3548 3414 3618 quibus
3450 3548 3599 3602 obvii

2034 3641 2241 3711 fuimus
2284 3640 2419 3695 nihil
2465 3624 2855 3710 exprobatione
2901 3640 3124 3710 dignum
3172 3641 3362 3696 inferri
3402 3651 3600 3711 potest.

2037 3733 2333 3801 llucusque
2355 3745 2487 3786 vero
2511 3745 2636 3785 cum
2689 3732 2987 3787 secundum
3035 3732 3279 3799 inventa,
3328 3731 3605 3801 quomodo

2040 3823 2364 3885 valeremus,
2396 3822 2742 3892 scripsimus,
2798 3834 2985 3892 postea
3014 3838 3137 3877 eum
3174 3823 3400 3877 editioni
3443 3832 3607 3878 rectae

2042 3929 2415 3982 occurremus,
2443 3924 2573 3968 tunc
2592 3914 2736 3983 quod
2764 3927 2870 3968 non
2899 3921 2983 3967 est
3010 3923 3217 3969 rectum
3242 3913 3606 3983 corrigemus.

2045 4006 2286 4060 Dicimus
2311 4019 2462 4075 ergo,
2480 4003 2761 4059 exordium
2792 4019 2858 4058 ex
2874 4004 3201 4074 quibusdam
3237 4004 3609 4075 praeeuntibus

2043 4097 2299 4162 mutuati,
2331 4097 2475 4166 quod
2509 4094 2727 4150 videtur
2771 4096 2837 4151 ad
2871 4107 3121 4152 sanctum
3166 4099 3409 4153 intentus
3440 4096 3614 4167 Spiri-

2046 4194 2160 4240 tum
2192 4196 2356 4256 poeta
2381 4187 2455 4240 ita
2484 4186 2890 4256 quodammodo
2920 4186 3107 4242 dicere
3139 4207 3155 4241 :
3190 4186 3235 4242 0
3273 4194 3459 4242 sancte
3488 4187 3610 4256 Spi-

2049 4274 2208 4337 ritus,
2258 4271 2385 4329 Filii
2443 4271 2570 4339 Dei,
2622 4289 2693 4327 ex
2744 4271 2901 4326 Patre
2950 4274 3273 4344 principium
3333 4277 3612 4331 nesciente

373 4354 511 4461 ﬂ'piv
558 4354 651 4440 τὸν
688 4354 907 4446 Πατέρα
956 4378 1238 4448 γνωρίζει,
1288 4374 1431 4428 οὕτω
1464 4375 1526 4427 σὺ
1568 4374 1657 4426 τδν
1690 4370 1840 4424 Υἰόψ
1871 4366 1941 4422 Ὦ

2046 4364 2240 4433 geniti,
2288 4363 2571 4427 revelatio,
2624 4361 2767 4417 sicut
2809 4361 2954 4417 enim
3006 4360 3178 4418 Filius
3222 4364 3382 4419 nobis
3416 4366 3615 4418 revelat

380 4485 525 4537 πάνυ
559 4479 783 4550 ὀρεκτὸν
809 4475 1026 4544 ἀξίωμα
1057 4473 1172 4535 τοῖς
1204 4467 1523 4527 ἀποστόλοις
1557 4468 1667 4528 τοῖς
1702 4466 1759 4517 ὲν
1807 4463 1944 4516 Σιὼν
1977 4542 1980 4545 Δ

381 4564 712 4642 καθημένοις
732 4568 825 4623 καὶ
857 4564 1187 4635 ἀναμένουσι
1218 4559 1317 4630 τὴν
1343 4555 1650 4627 παρουσίαν
1679 4572 1776 4608 σου
1804 4554 1948 4608 καθά

383 4663 874 4736 παρηγγέλθησαν,
898 4660 963 4713 σὺ
998 4657 1073 4719 ὡς
1107 4656 1238 4716 Θεὸς
1274 4649 1569 4722 πυρπνόος,
1598 4649 1691 4703 καὶ
1727 4647 1794 4700 δι’
1817 4646 1949 4699 αὐτὸ

380 4756 637 4830 φοϐερὸς,
661 4751 877 4813 δεικνὺς
907 4749 1008 4818 τὴν
1044 4746 1247 4815 λέσχην
1282 4744 1377 4795 καὶ
1425 4740 1524 4811 τὴν
1579 4738 1795 4809 ὁμιλίαν
1840 4737 1950 4790 τῶν

380 4829 527 4906 κατὰ
557 4849 629 4901 τὰ
656 4845 785 4913 ἔθνη
817 4842 886 4894 τὰ
917 4841 999 4910 μὴ
1032 4835 1203 4892 πιστὰ
1242 4831 1663 4902 ποππυσμάτων
1686 4846 1699 4859 ⁸
1727 4830 1810 4882 ὅτι
1848 4829 1950 4881 οὐκ

379 4944 530 4997 ἐστιν
564 4937 746 5007 ἐκείνη
781 4927 1150 5001 πνευματικὴ,
1178 4924 1316 4980 ἀλλὰ
1358 4923 1572 4993 ἀπηνὴς
1604 4919 1809 4975 ὤκιστα
1858 4919 1951 4972 καὶ

382 5037 484 5089 σὺν
525 5028 704 5086 οὐδενὶ
754 5025 903 5095 πόνῳ
951 5017 1263 5089 καθιδρύεις
1298 5016 1426 5077 τοὺς
1476 5011 1756 5074 ὲθνικοὺς·
1786 5011 1953 5079 ἦγουν

385 5125 575 5188 ἁπλῶς
605 5120 850 5184 καθίζεις
883 5115 977 5170 καὶ
1027 5111 1171 5166 οὕτω
1218 5107 1611 5175 κατασιγάζεις
1636 5105 1730 5159 καὶ
1765 5107 1955 5173 ἀκινη-

387 5218 560 5283 τίζειν
591 5215 784 5276 ποιεῖς,
821 5210 897 5271 ὡς
922 5206 1124 5276 μηκέτι
1177 5202 1352 5271 μέθην
1383 5196 1523 5254 εἶναι
1568 5197 1812 5266 νομίζειν
1856 5195 1953 5266 τὴν

390 5303 755 5371 ἀποστολικὴν
790 5297 1078 5371 ῥητορείαν
1100 5312 1114 5325 ν
1136 5295 1230 5349 καὶ
1252 5292 1496 5347 τοιοῦτον
1528 5290 1627 5361 μὲν
1654 5288 1728 5353 ὡς
1755 5290 1820 5341 ὲκ
1844 5288 1954 5343 τῶν

395 5397 826 5464 παραπεσόντων
879 5390 1227 5458 ἀντιγράφων
1261 5386 1644 5456 ὴρανισάμεθα
1693 5382 1819 5436 νοῦν
1855 5384 1953 5451 δη·-

393 5480 609 5548 λοῦντα,
641 5479 716 5541 ὡς
766 5483 825 5532 ἐν
875 5477 1041 5546 ὀλίγῳ
1078 5476 1310 5544 φράσαι,
1340 5476 1422 5528 ὅτι
1453 5471 1524 5529 Ὦ
1548 5474 1701 5540 ἅγιον
1733 5472 1954 5540 Πνεῦμα

361 5575 364 5578 ’
394 5573 491 5639 τὴν
515 5570 738 5639 ἰθνικὴν
769 5566 1036 5640 φλυαρίαν
1068 5567 1206 5634 ταχὺ
1245 5565 1320 5629 ὡς
1359 5558 1491 5627 Θεός
1521 5561 1957 5633 παραδειγματί-

399 5679 516 5727 eaq,
567 5659 939 5720 κατέπαυσας.
990 5658 1053 5710 Εἰ
1105 5657 1160 5710 δὲ
1213 5657 1272 5710 τό
1323 5653 1616 5723 πυρπνόως
1669 5652 1954 5722 ὲπίῤῥημά

2050 4451 2289 4517 Patrem,
2318 4451 2398 4506 sic
2429 4459 2482 4506 et
2514 4462 2568 4505 tu
2599 4449 2795 4504 Filium
2821 4467 2837 4515 ;
2874 4477 2945 4494 —-
2974 4449 3020 4504 0
3053 4451 3298 4519 dignatio
3322 4452 3478 4506 valde
3514 4451 3614 4505 de-

2048 4542 2288 4599 sirabilis
2315 4542 2577 4611 apostolis
2628 4541 2684 4596 in
2736 4540 2868 4596 Sion
2897 4540 3212 4598 sedentibus
3251 4542 3611 4612 exspectanti-

2050 4636 2264 4706 busquc
2299 4643 2472 4701 tuam,
2506 4643 2566 4688 ut
2597 4634 2733 4703 ipsis
2762 4642 2847 4690 est
2890 4635 3185 4703 promissa,
3231 4632 3613 4703 prasentiam;

2052 4735 2110 4783 tu
2148 4736 2408 4796 tanquam
2442 4725 2586 4781 Deus
2616 4724 2868 4796 igniﬁans
2897 4724 3218 4795 (πυρπνόος)
3253 4732 3310 4779 et
3351 4722 3474 4779 ideo
3510 4732 3617 4775 tre-

2051 4819 2301 4883 mendus,
2334 4818 2627 4873 ostendens
2655 4817 2822 4873 relate
2854 4817 2926 4871 ad
2959 4816 3213 4871 ethnicos
3258 4828 3368 4869 non
3428 4812 3615 4868 ﬁdeles

2052 4910 2452 4977 seductionem,
2493 4909 3007 4966 sermocinationem
3042 4922 3108 4962 ac
3124 4904 3615 4967 conversationem,

2051 5003 2199 5072 quod
2228 5016 2336 5057 non
2362 5011 2443 5057 est
2480 5001 2809 5071 spiritualis,
2857 5000 2955 5056 sed
2990 4999 3248 5062 crudelis,
3282 5000 3532 5068 protinus
3565 5005 3619 5049 et

2052 5094 2257 5162 absque
2286 5093 2395 5148 ullo
2442 5091 2627 5148 labore
2658 5092 2780 5147 illos
2824 5092 2890 5146 ad
2919 5097 3120 5145 terram
3148 5089 3478 5159 prosternis,
3506 5087 3619 5142 sive

2053 5184 2375 5255 simpliciter
2410 5185 2623 5250 sedere,
2655 5184 2844 5253 sicque
2878 5183 3040 5239 silere
3068 5198 3133 5237 ac
3161 5183 3281 5237 sine
3319 5190 3469 5235 motu
3499 5192 3619 5230 esse
3666 5250 3672 5256 κ

2054 5280 2226 5350 cogis,
2250 5279 2441 5348 utjam
2484 5294 2590 5332 non
2627 5286 2815 5348 putent
2846 5277 3163 5333 ebrietatem
3191 5289 3311 5330 esse
3345 5269 3620 5341 apostolo-

2057 5387 2177 5428 rum
2216 5370 2606 5442 eloquentiam.
2661 5368 2848 5425 Talem
2899 5368 3151 5438 equidem
3190 5372 3250 5419 ut
3280 5379 3347 5418 ex
3396 5370 3620 5432 praeter-
3670 5429 3675 5434 _

2057 5464 2225 5534 lapsis
2256 5462 2660 5533 exemplaribus
2682 5461 2928 5516 eruimus
2953 5472 3175 5515 sensum
3202 5453 3618 5524 signiﬁcantem,

2058 5566 2118 5611 ut
2153 5557 2387 5611 breviter
2417 5556 2631 5623 loquar,
2651 5552 2832 5607 istud:
2865 5550 2910 5605 Ο
2941 5556 3126 5605 sancte
3153 5545 3411 5612 Spiritus,
3444 5543 3622 5597 etimi-

2070 5663 2185 5704 cam
2219 5644 2591 5717 garrulitatem
2624 5645 2735 5700 cito
2772 5653 3028 5709 tanquam
3064 5639 3205 5692 υνυς
3235 5635 3487 5702 stigmate
3519 5649 3621 5689 no-
