3996 6194
403 260 507 320 667

1122 269 1539 329 EUSTATIIII
1560 270 1846 331 THESSA
1859 271 2303 334 LONICENSIS
2345 274 2909 335 ΜΕΤΒΟΡἯΛΤΑΞ

3525 276 3627 338 £68

404 379 539 438 tam,
582 376 917 432 continuisti.
985 378 1043 433 Si
1111 396 1239 434 vero
1301 382 1597 451 πυρπνόως
1651 384 1964 438 adverbium

2072 386 2241 446 ἐστιν,
2265 387 2297 456 ἢ
2330 389 2390 441 τὸ
2419 388 2634 451 δεικνὺς
2666 387 2838 448 ἄλλως
2863 386 3162 456 γράφεται,
3186 386 3220 457 ἢ
3242 383 3307 438 τὸ
3330 384 3622 455 καθιδρύεις

402 473 506 528 est,
544 465 624 518 vel
651 466 866 532 δῑικνὺς
906 471 1064 525 aliter
1095 473 1373 536 scribitur,
1415 474 1500 527 vel
1527 474 1841 546 καθιδρύεις
1878 462 1967 529 se-

405 555 582 608 cunda
613 572 845 625 persona
880 575 987 613 non
1017 572 1123 627 est,
1159 578 1258 617 nec
1290 563 1615 632 simpliciter
1662 564 1964 619 sessionem

416 659 482 697 ac
509 647 746 713 quietem
769 650 1056 718 signiﬁcat,
1076 654 1191 720 sed,
1217 664 1272 708 ut
1297 655 1458 724 paulo
1478 667 1604 710 ante
1628 656 1971 711 demonstra-

405 743 520 787 tum
569 748 672 798 est,
721 753 872 792 sacra
932 750 1014 795 est
1073 743 1261 807 dictio,
1327 754 1386 799 ιιι
1455 746 1508 799 iu
1570 747 1967 801 dedicationem

407 824 489 878 vel
521 828 572 878 in
606 826 727 881 solii
764 830 1235 902 inauguratinnem
1284 836 1494 892 dederit
1539 837 1681 891 Deus
1712 853 1813 893 nos
1848 839 1971 892 illu-

407 928 621 971 mutari.

478 1005 602 1061 154.
648 1008 852 1066 Bonum
879 1027 1060 1069 autem
1108 1017 1281 1073 videri
1317 1029 1501 1083 posset
1545 1021 1626 1074 sic
1663 1023 1827 1075 etiam
1874 1036 1973 1076 no-

406 1092 517 1145 tavi
567 1100 886 1162 praesentem
935 1106 1240 1172 strophen:
1289 1106 1334 1160 Ο
1388 1119 1577 1163 sancte
1613 1110 1875 1179 Spiritus,
1912 1121 1975 1165 ut

407 1182 614 1239 dictum
643 1191 810 1244 estin
846 1193 1021 1249 tribus
1062 1210 1127 1249 ex
1178 1199 1371 1252 ordine
1412 1200 1658 1255 versibus
1702 1202 1974 1269 signiﬁca-

408 1279 544 1337 tum,
596 1283 653 1328 tu
689 1278 1070 1335 demonstrans
1114 1293 1173 1338 ut
1223 1285 1367 1340 Deus
1429 1292 1633 1343 sanctis
1686 1293 1971 1359 apostolis,

408 1361 523 1414 sive
574 1373 831 1435 tanquam
886 1372 1076 1426 doctor
1109 1377 1466 1431 manifestans
1527 1380 1707 1448 qualia
1755 1382 1975 1436 sibilent

408 1452 634 1519 ethnici,
678 1458 858 1525 qualia
912 1475 1040 1514 vero
1093 1465 1391 1534 theologica
1443 1470 1674 1523 doceant
1721 1470 1972 1540 discipuli

410 1542 523 1607 Dei,
557 1545 660 1600 hoc
687 1558 865 1603 autem
896 1557 1189 1611 ostendens
1218 1573 1313 1623 per
1339 1558 1556 1626 linguas
1586 1559 1773 1629 igneas
1801 1572 1856 1616 et
1882 1579 1976 1630 per

406 1633 782 1693 vehementem
825 1640 1034 1707 ﬂatum,
1065 1657 1286 1701 sanctos
1320 1651 1602 1716 apostolus
1655 1653 1969 1717 Constituis,

405 1724 521 1780 sive
549 1742 865 1798 consecras,
909 1745 966 1787 et
1017 1737 1089 1789 ita
1143 1741 1481 1793 venerandos
1538 1742 1805 1805 instituis,
1857 1756 1973 1796 ιειτι-

405 1830 565 1882 quam
610 1818 823 1874 divinas
871 1831 1108 1885 statuas.
1151 1842 1273 1895 qum
1306 1827 1397 1881 Dei
1428 1830 1647 1897 templis
1693 1832 1972 1898 illuceant,

407 1914 463 1957 et
495 1905 569 1959 ita
599 1920 955 1973 venerantur,
988 1912 1224 1981 dignas:
1257 1924 1315 1969 ut
1347 1919 1643 1971 secundum
1675 1921 1820 1974 hanc
1844 1937 1974 1974 seu-

408 1995 658 2059 teutiam,
691 2012 845 2053 sacra
884 2000 1051 2056 dictio
1077 2004 1150 2056 sit
1180 2006 1405 2057 verbum
1448 2008 1737 2077 ἐνιδρύειν.
1785 2022 1973 2078 quate-

406 2102 512 2141 nus
543 2097 670 2144 ante
707 2093 972 2160 scrip'um
1005 2105 1087 2149 est
1119 2113 1132 2149 :
1169 2095 1232 2149 Et
1276 2098 1380 2150 tale
1414 2100 1634 2165 quidem
1688 2111 1770 2155 est
1807 2103 1973 2157 istud.

405 2177 643 2234 Verbum
679 2191 859 2238 autem
893 2185 1111 2254 ἀξίωμα
1134 2187 1201 2242 de
1235 2189 1595 2245 advocatione
1634 2194 1854 2260 quidem
1895 2195 1977 2247 in-

408 2269 650 2339 telligere
675 2276 955 2342 proprium
991 2286 1115 2341 est;
1169 2280 1262 2333 sed
1296 2282 1476 2348 potius
1507 2282 1725 2350 ἀξίωμα
1753 2284 1972 2350 dicitur,

404 2361 488 2415 vel
519 2365 646 2432 quia
677 2369 934 2432 apostoli,
966 2370 1130 2423 corde
1162 2371 1365 2424 mundo
1397 2373 1449 2425 in
1486 2374 1565 2425 eis
1588 2383 1792 2438 creato,
1824 2375 1974 2443 digni

403 2462 563 2508 erant
592 2457 683 2525 qui
717 2456 980 2527 Spiritum
1014 2471 1262 2515 sanctum
1287 2467 1614 2529 reciperent,
1650 2467 1730 2517 vel
1761 2480 1976 2534 propter

405 2540 557 2597 hoc:
594 2547 659 2597 ἐκ
690 2547 883 2617 πρώην
921 2550 1159 2616 ἀναξίως
1202 2552 1346 2617 ἄξιοι
1400 2554 1679 2621 γεγόνασι,
1716 2561 1803 2621 (ex
1849 2556 1977 2608 hcs-
2034 2572 2041 2579 '

402 2639 557 2687 terna
607 2636 931 2706 indignitate
981 2641 1132 2710 digni
1179 2654 1306 2696 sunt
1342 2643 1489 2703 facti)
1528 2655 1583 2699 et
1619 2661 1809 2700 revera
1845 2663 1972 2701 con-

404 2718 580 2786 spicui
631 2725 1017 2796 magniﬁciquc
1051 2741 1271 2799 propter
1294 2733 1468 2786 sancti
1519 2732 1757 2803 Spiritus
1795 2737 1846 2788 in
1882 2752 1977 2791 eos

404 2808 845 2878 inSpirationem.
877 2817 1108 2888 Insuper
1134 2831 1311 2875 autem
1344 2823 1398 2876 in
1431 2837 1687 2879 sermone
1737 2827 1976 2894 philoso-

402 2902 565 2973 phico
606 2919 729 2959 cum
776 2910 1099 2969 auctoritate
1130 2910 1562 2984 (ἀξιωματικῶς)
1611 2917 1975 2981 loquebantur

2071 477 2194 544 οὐχὶ
2225 476 2476 545 δευτέρου
2514 477 2627 530 ἔστι
2659 476 2978 546 προσώπου,
3004 475 3125 528 οὐδὲ
3179 473 3364 535 ἁπλῶς
3391 473 3622 542 κάθισμα

2032 572 2037 581 ’
2071 573 2165 624 καὶ
2197 573 2395 640 ἀργίαν
2426 573 2596 643 δηλοῖ,
2623 572 2756 624 ἁλλὰ
2790 574 2864 634 ὡς
2900 572 2996 624 καὶ
3033 569 3138 638 πρὸ
3180 569 3379 636 ὀλίγων
3408 567 3622 636 δεδήλω-

2068 675 2179 721 ται,
2217 661 2336 730 ἱερὰ
2370 662 2516 724 λέξις
2565 662 2735 720 ἐστὶν,
2764 662 2837 722 ὡς
2870 659 3271 725 ὲπὶργκαινίου
3322 657 3355 725 ἢ
3394 657 3622 725 ὲνθρονι-

2073 750 2211 817 σμοῦ
2238 749 2418 820 δοίη-ὀ
2447 750 2578 813 Θεὸς
2605 748 3031 819 διαφωτισθῆναί
3062 746 3229 800 ποθεν
3258 745 3426 814 ἡμᾶς.

2148 1014 2278 1088 ρνδ’.
2304 1013 2457 1081 defiat
2506 1015 2564 1069 δὲ
2608 1013 2675 1068 ἂν
2720 1012 2883 1067 καλὺν
2912 1008 3053 1065 εἶναι
3094 1011 3351 1080 νοηθῆναι
3379 1010 3471 1063 καὶ
3496 1008 3635 1061 οὕτω

2071 1110 2134 1162 τὺ
2170 1110 2344 1178 παρὸν
2375 1107 2675 1174 τροπὰριον
2695 1123 2711 1138 ο
2735 1102 2807 1157 Ὦ
2835 1105 2993 1171 ἅγιον
3049 1102 3292 1171 Πνεῦμα,
3321 1101 3396 1163 ὡς
3442 1100 3627 1171 ὲρῤἑθη

2075 1202 2132 1253 ὲν
2180 1202 2294 1262 τοῖς
2347 1200 2497 1268 τρισὶ
2544 1197 2780 1265 καθεξῆς
2827 1195 3158 1266 δηλούμενον
3187 1195 3414 1261 στίχοις,
3443 1192 3506 1243 σὺ
3533 1191 3630 1244 δει-

2074 1293 2205 1355 κνὺς
2236 1292 2313 1355 ὡς
2341 1291 2473 1353 Θεὸς
2533 1292 2645 1352 τοῖς
2695 1289 2874 1355 ἁγίοις
2929 1286 3272 1347 ἀποστόλοις,
3302 1286 3471 1353 ἤγουν
3501 1282 3633 1335 διδα-

2081 1384 2357 1446 σκαλικῶς
2442 1381 2771 1451 παραδηλῶν
2848 1381 3006 1433 ὀποῐα
3101 1379 3198 1447 μὲν
3272 1377 3633 1440 ποππύζουσιν

2075 1476 2122 1528 οί
2151 1475 2371 1537 ἐθνικοὶ,
2405 1477 2564 1528 ὁποῖα
2590 1473 2647 1526 δὲ
2684 1469 3029 1539 θεολογοῦσιν
3066 1473 3114 1523 oi
3172 1467 3264 1522 τοῦ
3330 1468 3468 1520 Θεοῦ
3531 1486 3632 1535 μα-

2076 1566 2257 1635 θηταί,
2318 1550 2536 1625 δεικνὺς
2596 1562 2654 1616 δὲ
2709 1561 2843 1615 αὐτὸ
2893 1561 2981 1613 διὰ
3038 1560 3143 1612 τῶν
3196 1558 3439 1629 πυρίνων
3468 1558 3633 1622 γλωσ⁴

2080 1655 2188 1709 σῶν
2214 1656 2306 1707 καὶ
2337 1656 2440 1723 τῆς
2476 1653 2654 1722 βιαίας
2691 1653 2859 1719 πνοῆς
2913 1650 3226 1719 καθιδρύεις
3273 1651 3404 1712 τοὺς
3460 1650 3636 1715 ἁγίους

2074 1744 2427 1811 ἀποστόλους,
2477 1745 2645 1812 ἤγουν
2708 1744 2976 1810 ἁγιάζεις,
3029 1742 3126 1794 καὶ
3179 1741 3322 1793 οὕτω
3388 1743 3636 1810 καθιστᾷς

2074 1837 2346 1904 ἐντίμους,
2381 1836 2511 1887 ὡσεὶ
2546 1836 2639 1888 καὶ
2673 1834 2967 1902 ἀγάλματα
3004 1833 3123 1885 θεῖα
3172 1836 3316 1894 ναοῖς
3368 1832 3501 1885 Θεοῦ
3548 1834 3636 1899 Ept—

2075 1928 2306 1996 πρέπειν
2335 1928 2481 1992 ἄξια,
2537 1926 2628 1979 καὶ
2663 1926 2807 1978 οὓτω
2840 1925 3200 1988 σεόἀξεσθαι·
3242 1926 3334 1978 ἵνα
3374 1925 3510 1978 κατὰ
3541 1926 3633 1990 τὴν

2075 2019 2280 2071 ἔννοιαν
2315 2019 2541 2087 ταύτην,
2593 2017 2715 2086 ίερὰ
2767 2015 2911 2080 λέξις
2961 2017 3046 2083 εἴη
3082 2016 3143 2068 τὺ
3177 2016 3468 2085 ἐνιδρύειν,
3503 2015 3633 2068 καθᾶ

2076 2113 2169 2165 καὶ
2229 2112 2336 2181 πρὸ
2391 2110 2597 2163 τούτων
2638 2109 2775 2177 γέγρ
2816 2126 2984 2162 πται·
3026 2110 3137 2161 Καὶ
3186 2109 3395 2160 τοιόνδε
3428 2108 3523 2176 μὲν
3550 2107 3635 2158 καὶ

2074 2203 2251 2256 τοῦτο.
2288 2201 2361 2255 Τὸ
2388 2201 2445 2255 δὲ
2482 2202 2632 2269 ῥῆμα
2685 2202 2901 2270 ἁξῗωμα
2959 2201 3053 2253 ἐπὶ
3109 2200 3512 2268 παρακλήσεως
3544 2198 3636 2264 μὲν

2075 2293 2267 2361 νοῆσαι
2324 2293 2592 2345 ἰδιωτικόν
2640 2293 2757 2343 ἐστι
2779 2307 2794 2319 °
2833 2290 3032 2357 μᾶλλον
3062 2291 3119 2343 δὲ
3151 2291 3374 2355 ἀξίωμα
3404 2289 3636 2357 λέγεται,

2075 2388 2107 2453 ἢ
2138 2385 2273 2436 διότι
2309 2384 2450 2448 ἄξιοι
2483 2383 2584 2451 τῆς
2615 2382 2709 2435 τοῦ
2743 2382 2901 2448 ἁγίου
2940 2382 3260 2449 Πνεῦματος
3297 2380 3565 2449 ὑποδοχῆς
3586 2381 3634 2431 οἱ

2074 2476 2364 2529 ἀπόστολοι
2391 2471 2534 2544 ἦσαν
2559 2475 2647 2527 διὰ
2676 2474 2735 2526 τὸ
2770 2474 2995 2544 καρδίαν
3023 2472 3205 2534 αὐτοῖς
3242 2471 3494 2541 καθαρὰν
3527 2487 3636 2522 κτι-

2077 2568 2295 2636 σθῆναι,
2321 2568 2352 2637 ἢ
2386 2568 2472 2620 διὰ
2505 2567 2566 2617 τὸ
2598 2567 2662 2618 ὲκ
2690 2565 2882 2634 πρώην
2914 2564 3146 2628 ἀναξίως
3181 2561 3328 2626 ἄξιοι
3360 2563 3631 2629 γεγόνασι,

2076 2659 2172 2713 καὶ
2204 2657 2374 2721 ὅντως
2408 2657 2773 2726 ἀξιωματικοὶ
2820 2659 2916 2710 καὶ
2954 2654 3233 2723 μεγαλεῖοι
3262 2654 3357 2706 διὰ
3396 2653 3495 2722 τὴν
3547 2652 3636 2704 τοῦ

2076 2749 2234 2816 ἁγίου
2283 2749 2600 2818 Πνεῦματος
2629 2749 2710 2809 είς
2741 2746 2940 2807 αὐτοὺς
2990 2744 3281 2798 ἐπίπνοιαν
3308 2761 3325 2775 ο
3359 2745 3456 2796 καὶ
3485 2744 3638 2808 ἁξιω-

2078 2838 2327 2905 ματικῶς
2359 2837 2415 2890 δὲ
2450 2836 2731 2906 φιλοσόφῳ
2757 2835 2902 2903 λόγῳ
2953 2834 3177 2888 ἐλάλουν
3201 2832 3278 2896 ὡς
3314 2832 3523 2886 ἐκεῖθεν
3558 2850 3635 2883 σε·

2079 2925 2397 2993 σοφισμένοι
2428 2924 2802 2994 πληρὲστατα.
2839 2925 2899 2976 ΕΞ
2927 2923 3035 2991 γὰρ
3080 2922 3405 2992 Πυθαγόρου
3438 2923 3638 2975 κενολο-

403 2992 554 3047 Velut
581 2994 777 3050 exinde
812 2999 998 3067 repleti
1032 3002 1316 3069 sapientia.
1370 3001 1428 3056 Si
1476 3007 1618 3058 enim
1671 3005 1971 3078 Pythagora

405 3082 660 3107 Ι.-----..ι-
699 3103 829 3107 MA..-
892 3088 973 3107 e||_
1044 3105 1059 3107 η
1110 3091 1124 3107 9
1188 3091 1202 3107 ι
1250 3092 1319 3107 ιο.
1366 3094 1378 3107 ι
1441 3103 1449 3107 -
1865 3099 1877 3107 .

2076 2992 2322 3083 γοῦντος,
2353 3020 2381 3071 ὀ
2432 2992 2652 3087 ἀπορῶν
2708 3018 2802 3070 καὶ
2849 3015 3088 3079 ἀκούσας
3141 3015 3279 3083 πρός
3333 3033 3481 3077 τινος
3538 3014 3638 3066 τῶν

405 3082 665 3150 loquente
699 3103 859 3149 vana,
892 3088 982 3143 ille
1031 3091 1125 3169 qui
1171 3091 1476 3158 dubitabat,
1520 3110 1645 3149 cum
1677 3113 1705 3149 a
1739 3099 1969 3164 quodam

402 3189 470 3229 ex
501 3175 786 3245 discipulis
815 3179 933 3247 ejus
965 3182 1211 3236 audierat
1237 3202 1249 3236 :
1286 3183 1405 3251 Ipse
1435 3184 1592 3251 dixit,
1624 3202 1654 3241 a
1682 3192 1973 3257 qumrendo

404 3266 694 3331 cessabat,
759 3271 1033 3336 quomodo
1099 3272 1188 3327 ille
1245 3276 1336 3342 qui
1410 3276 1707 3346 discipulos
1777 3281 1969 3348 spiritu

405 3357 597 3426 plenos
661 3359 919 3415 audiebat
986 3362 1247 3419 docentes
1331 3376 1439 3419 tam
1526 3379 1795 3437 angusta,
1864 3380 1969 3425 tam

405 3451 641 3513 exi-vlsa,
677 3461 783 3505 tam
818 3454 1146 3509 auctoritate
1173 3457 1354 3523 plena,
1391 3468 1498 3511 tam
1527 3458 1730 3528 Spiritu
1776 3476 1966 3518 sancto

405 3543 608 3610 digna,
668 3544 1028 3602 rebellatione
1080 3561 1145 3603 ac
1206 3551 1639 3607 contradictione
1708 3553 1973 3611 doctrinae

360 3694 371 3707 γ
403 3636 746 3691 obstitisset?

477 3727 603 3783 155.
644 3727 904 3797 Ὀρεκτδν
960 3740 1137 3786 autem
1181 3734 1441 3801 apostolis
1484 3744 1602 3790 erat
1657 3737 1969 3805 hujusmodi

403 3818 669 3887 dignatio,
689 3820 801 3875 sive
825 3820 979 3875 valde
1010 3822 1343 3888 desiderata,
1377 3832 1452 3892 et,
1484 3827 1629 3881 sicut
1652 3829 1970 3893 prmdictum

404 3917 519 3972 est,
577 3909 835 3982 ἱμερτόν;
877 3910 1120 3978 ἱμείρειν
1189 3912 1334 3966 enim
1396 3922 1453 3967 et
1529 3914 1835 3983 ίμείρεσθαι
1884 3926 1969 3972 est

403 4000 714 4070 ἐπιθυμεῖν,
738 4008 792 4054 et
829 3999 1189 4072 (ὀρέγεσθαι),
1223 4000 1379 4067 cujus
1408 4011 1491 4056 est
1519 4004 1784 4060 derivatio
1809 4022 1971 4076 appeo

403 4089 538 4142 titus
577 4099 631 4142 et
657 4089 966 4156 appetentia
1007 4089 1255 4157 (ὀρεκτὸν
1288 4100 1341 4144 et
1385 4091 1624 4161 δρεξις);
1672 4094 1788 4150 sive
1836 4111 1970 4165 ιιι-³,-

403 4178 664 4232 callenter
686 4193 716 4229 a
754 4176 865 4231 Deo
893 4176 1014 4231 data
1045 4195 1060 4230 :
1098 4178 1325 4233 verbum
1359 4182 1505 4234 enim
1539 4182 1758 4252 ὀρέγειν
1785 4185 1972 4253 hujus-

312 4294 317 4303 -
402 4266 549 4320 modi
581 4280 801 4335 quoque
823 4266 1210 4335 signiﬁcationi
1248 4268 1522 4338 subiacet,
1551 4283 1611 4326 ut
1641 4273 1755 4328 sic:
1782 4273 1970 4347 δρεξόν

404 4374 497 4427 μοι
534 4365 589 4412 et
621 4372 839 4410 manum
872 4358 1292 4421 auxiliatricem,
1331 4360 1447 4416 sive
1489 4366 1727 4432 porrige,
1760 4365 1863 4430 da;
1901 4380 1966 4420 ex
2002 4373 2044 4427 D

400 4464 511 4517 quo
556 4447 703 4502 venit
747 4462 872 4502 cum
922 4456 1148 4503 accentu
1210 4451 1512 4520 penultimo
1574 4452 1808 4522 δργυια,
1873 4470 1967 4509 seu

396 4539 552 4607 juxta
583 4547 815 4604 veteres,
861 4552 985 4593 cum
1023 4550 1251 4594 accentu
1287 4543 1743 4612 antepeuultimo,
1774 4544 1972 4614 ὀργυια

402 4631 572 4701 (ulna)
606 4648 620 4685 :
658 4631 841 4686 unde:
875 4632 1210 4700 ὀργυιᾶσθαι
1238 4635 1529 4689 extendere
1562 4636 1779 4690 nautica
1828 4637 1967 4693 vela.

399 4723 478 4778 Ex
520 4710 623 4778 hcc
650 4733 852 4788 autem,
887 4731 946 4778 ut
970 4724 1176 4780 dictum
1208 4733 1314 4790 est,
1354 4726 1523 4782 verbo
1552 4726 1791 4796 ὀρέγειν,
1823 4728 1970 4783 ἀει-ιο

401 4824 558 4866 vatur
600 4813 763 4866 etiam
798 4812 956 4884 ἔγχος
1011 4814 1245 4885 (lancea)
1286 4831 1397 4869 non
1449 4822 1701 4873 cominus
1741 4803 1969 4883 'ferieus,

401 4904 494 4958 sed
540 4904 775 4972 proiecta
827 4920 926 4974 per
980 4920 1177 4960 manus
1233 4905 1563 4961 tensionem.
1619 4910 1736 4964 Hoc
1787 4918 1969 4963 autem

399 4995 686 5059 Σιωνίταις
718 5007 800 5051 est
826 5013 925 5067 pro
962 4997 1447 5069 Ἱεροσολυμίταις,
1484 5015 1579 5056 seu
1623 5003 1777 5072 juxta
1813 5004 1966 5061 Sion.

399 5084 518 5140 Vox
551 5100 681 5141 vero
717 5089 1017 5157 μίμνουσιν
1064 5098 1180 5143 tuto
1229 5090 1335 5144 dici
1372 5092 1639 5160 potuisset
1688 5095 1966 5162 μένουσιν,

399 5177 548 5234 illius
576 5166 740 5232 loco':
778 5180 837 5233 lu
885 5179 1021 5233 Sion
1072 5180 1437 5251 ἀναμένουσιν
1472 5184 1967 5255 (exspectantibus)

398 5279 547 5325 tuam
613 5270 729 5325 sive
772 5271 850 5325 tui
900 5274 1240 5340 praesentiam
1284 5292 1300 5330 :
1353 5276 1514 5344 elegit
1562 5285 1744 5331 autem
1806 5285 1966 5344 poeta

396 5362 544 5429 quod
567 5363 741 5433 magis
762 5364 1033 5433 poeticum
1052 5375 1208 5429 erat;
1246 5368 1610 5423 communiter
1644 5368 1788 5422 enim
1824 5368 1970 5429 μένω

398 5453 687 5509 dicimus:
732 5455 942 5525 poetice
1006 5473 1137 5511 vero
1197 5458 1493 5512 derivatum
1550 5459 1757 5527 μίμνω.
1818 5456 1967 5511 Talia

400 5551 531 5595 sunt
553 5543 700 5599 τέκω
732 5547 921 5612 τίκτω,
964 5548 1074 5619 ἔχω
1100 5549 1261 5617 ῑσχω,
1293 5558 1345 5601 et
1387 5550 1606 5604 similia.
1642 5549 1755 5604 Vox
1787 5563 1965 5605 autem

402 5637 835 5705 πατρογεννητου
862 5639 1184 5707 cumposiliu
1217 5648 1299 5693 est
1335 5641 1540 5694 auctori
1580 5654 1736 5695 sacro
1778 5640 1961 5695 chara.

2076 3109 2272 3178 ἐκείνῳ
2312 3109 2626 3177 φοιτώντων
2675 3109 2756 3162 ὅτι
2818 3108 2979 3170 αὐτὸς
3035 3106 3225 3175 ἔφατο,
3261 3107 3501 3161 ἐπαύετο
3553 3106 3637 3160 τοῦ

2076 3200 2279 3269 ζητεῖν,
2334 3201 2450 3262 πῶς
2495 3200 2561 3253 ἂν
2607 3202 2635 3251 ὁ
2689 3201 2814 3261 τοὺς
2874 3198 3367 3269 πνευματοφόρους
3406 3197 3640 3268 μαθητὰς

2074 3294 2292 3346 ἀκούων
2340 3292 2694 3354 διδάσκοντας
2728 3292 2871 3345 οὕτω
2908 3293 3101 3360 σεμνὰ,
3159 3293 3256 3346 καὶ
3298 3291 3501 3361 ὑψηλὰ,
3555 3290 3642 3343 καὶ

2075 3384 2443 3453 ἀξιωματικὰ,
2476 3383 2570 3435 καὶ
2601 3381 2697 3435 τοῦ
2731 3382 2888 3450 ἁγίου
2933 3382 3251 3451 Πνεὺματος
3284 3384 3437 3449 ἄξια,
3469 3382 3639 3434 ἐνέκο-

2073 3475 2176 3543 ψεν
2223 3476 2291 3529 ἄν
2325 3475 2423 3545 τὴν
2462 3474 2815 3528 διδασκαλίαν
2863 3475 3197 3538 ἑνστατικῶς
3248 3476 3350 3528 καὶ
3385 3475 3641 3541 ἀντιλογι-

2073 3583 2184 3628 κως
2212 3584 2227 3629 ;

2147 3743 2275 3815 ρνε’.
2324 3745 2580 3815 Ὀρεκτδν
2603 3744 2660 3797 δὲ
2691 3743 3014 3806 ἀποστόλοις
3043 3742 3104 3796 τὸ
3129 3743 3376 3797 τοιοῦτον
3408 3744 3635 3809 ἀξίωμα,

2072 3836 2105 3907 ἢ
2131 3836 2208 3899 ὼς
2235 3835 2443 3902 ὲφετῶς
2465 3833 2824 3904 ἐπιθυμητὸν,
2853 3836 2947 3888 καὶ
2971 3833 3000 3888 δ
3020 3833 3085 3904 δὴ
3109 3836 3462 3903 προείρηται,
3496 3835 3641 3899 ίμερο

2071 3926 2184 3980 τόν.
2230 3925 2486 3995 Ἱμείρειν
2516 3924 2625 3993 γὰρ
2655 3924 2747 3978 καὶ
2777 3923 3091 3992 ἱμείρεσθαι
3122 3922 3184 3975 τδ
3208 3923 3526 3988 ἐπιθυμεῖν,
3552 3921 3640 3971 καὶ

2071 4020 2389 4091 ὀρέγεσθαι,
2416 4018 2477 4072 οὗ
2511 4019 2825 4088 ἐκφοίτησις
2859 4016 2921 4068 τδ
2972 4016 3203 4085 ὀρεκτὸν
3227 4017 3326 4067 καὶ
3350 4016 3385 4085 ἡ
3418 4014 3593 4083 ὄρεξις
3623 4026 3636 4040 ⁸

2073 4112 2106 4181 ἢ
2145 4110 2207 4164 τὸ
2239 4109 2535 4179 ἐξαιρέτως
2560 4107 2744 4162 θεόθεν
2772 4106 2961 4160 δοτόν·
2996 4108 3175 4159 κεῖται
3198 4104 3311 4175 γὰρ
3342 4105 3403 4157 τὸ
3432 4105 3637 4173 ὀρέγειν

2073 4202 2170 4255 καὶ
2198 4200 2293 4254 ἐπὶ
2323 4199 2569 4253 τοιούτου
2610 4198 3039 4268 σημαινομένου,
3068 4197 3145 4261 ὡς
3174 4195 3255 4260 τὸ,
3295 4194 3524 4267 Ὀρεξόν
3553 4210 3637 4263 μοι

2018 4328 2026 4334 ε
2073 4295 2229 4363 χεῖρα
2283 4290 2558 4360 βοηθείας,
2604 4291 2776 4359 ήγουν
2813 4289 3077 4352 ἔκτεινον,
3121 4287 3210 4351 δός
3235 4302 3248 4318 ·
3274 4287 3338 4353 ἐξ
3386 4281 3449 4339 οὗ
3484 4288 3635 4354 καὶὴ

2071 4382 2456 4453 παροξυτόνως
2503 4381 2720 4450 όργυία,
2757 4380 2789 4448 ἢ
2823 4379 2964 4432 κατὰ
3015 4379 3142 4442 τοὺς
3195 4378 3462 4441 παλαιοὺς
3514 4393 3638 4447 προ-

2072 4473 2454 4546 παροξυτόνως
2487 4474 2688 4545 ὀργυια
2710 4488 2726 4505 ο
2766 4472 2894 4525 ὅθεν
2918 4470 2979 4523 τὸ
3007 4469 3338 4538 ὀργυιᾶσθαι
3362 4471 3491 4533 τοὺς
3518 4488 3637 4521 ναυ-

2069 4566 2255 4628 τικοὺς
2289 4564 2554 4633 φώσωνας
2577 4579 2591 4594 ο
2628 4563 2722 4616 τοῦ
2751 4561 2830 4626 δὲ,
2866 4561 2943 4624 ὡς
2975 4558 3198 4631 ἒῤῥέθη,
3223 4560 3445 4630 ὀρέγειν
3471 4560 3637 4627 παρῆ-

2073 4674 2198 4713 κται
2234 4656 2329 4710 καὶ
2379 4656 2540 4725 ἔγχος
2570 4653 2818 4724 ὀρεκτὸν,
2845 4651 2906 4705 οὐ
2954 4652 3016 4704 τὸ
3046 4652 3388 4721 ἁγχέμαχον,
3423 4650 3555 4704 ἁλλὰ
3580 4649 3636 4700 τὸ

2072 4748 2441 4816 ὲπαφιὲμενον
2468 4745 2558 4799 διὰ
2606 4743 2883 4803 ἐκτάσεως
2923 4741 3127 4810 χειρός.
3152 4740 3226 4792 Τὸ
3260 4740 3321 4793 δὲ
3356 4739 3635 4798 Σιωνίταις

2070 4839 2193 4893 ἀντὶ
2216 4838 2309 4891 τοῦ
2349 4835 2810 4907 Ἱεροσολυμίταις
2862 4834 3034 4903 ἤγουν
3075 4831 3218 4885 κατὰ
3243 4830 3346 4901 τὴν
3378 4830 3548 4884 Σιών·
3580 4830 3636 4880 τὸ

2070 4929 2126 4983 δὲ
2166 4928 2463 4999 μίμνουσιν
2491 4925 2639 4999 εἶχεν
2680 4927 2855 4979 εἰπεῖν
2890 4924 3181 4994 ἁσφὰλτως
3212 4922 3496 4992 μένουσιν,
3524 4918 3637 4973 ἀντὶ

2071 5019 2166 5073 τοῦ
2197 5021 2256 5073 ὲν
2313 5022 2379 5091 τῇ
2415 5019 2559 5074 Σιὼν
2610 5019 2942 5088 ἀναμένουσι
2974 5015 3074 5087 σὴν
3109 5014 3439 5086 παρουσίαν,
3472 5013 3505 5083 ἦ
3546 5008 3633 5063 σοῦ

2072 5110 2378 5183 παρουσίαν
2402 5127 2417 5143 ·
2463 5111 2637 5164 εἵλετο
2658 5110 2715 5163 δὲ
2742 5111 2768 5161 ὁ
2793 5106 3031 5176 μελῳδὸς
3081 5107 3143 5158 τὸ
3190 5103 3632 5173 ποιητικώτερον,

2071 5202 2285 5266 Κοινῶς
2320 5203 2418 5273 μὲν
2444 5203 2553 5272 γὰρ
2585 5202 2732 5269 μένω
2786 5199 2966 5269 φαμέν
2988 5214 3002 5228 ·
3036 5194 3339 5267 ποιητικῶς
3371 5195 3427 5248 δὲ
3461 5192 3637 5262 μίμνω

2071 5294 2215 5348 κατὰ
2233 5292 2570 5364 παραγωγήν
2593 5307 2607 5321 ο
2631 5289 2836 5356 ὁμοίως
2855 5288 2933 5358 τῷ
2954 5288 3100 5341 τέκω
3125 5287 3315 5349 τίκτω,
3347 5286 3456 5356 ἔχω
3484 5283 3633 5352 ἴσχω,

2071 5385 2166 5437 καὶ
2195 5384 2295 5436 ὅσα
2321 5380 2567 5436 τοιαῦτα.
2610 5380 2678 5432 Ἦ
2714 5379 2771 5430 δὲ
2798 5377 2893 5430 τοῦ
2928 5374 3363 5447 πατρογεννήτου
3392 5371 3636 5432 σύνθεσις

2071 5471 2200 5543 φίλη
2228 5472 2322 5526 καὶ
2347 5470 2482 5541 αὐτὴ
2512 5468 2591 5539 τῷ
2626 5465 2849 5540 ίερῳδῷ.
