3950 6204
228 252 325 349 οδε)

1050 285 1124 344 IN
1172 283 1511 345 nvnxun
1561 286 2215 347 i’EN'i'ECOST-tl.E.\i
2266 292 2723 353 nmascem.
3132 278 3169 303 '

3357 286 3463 350 670

290 409 435 472 ρνς¹.
461 403 642 470 Λέσχη
673 400 727 455 δὲ
762 400 856 453 νῦν
894 400 993 467 μὲν
1026 401 1388 468 κοινότερονή
1417 403 1492 470 μὴ
1520 401 1790 468 ἀναγκαία

1971 404 2091 456 tan.
2127 405 2305 475 Λέσχη
2352 423 2494 462 nunc
2549 409 2766 475 quidem
2808 408 3169 462 communiter
3220 416 3303 461 est
3353 423 3459 460 non

224 502 386 561 πάνυ,
408 495 554 563 τάχα
607 494 665 546 δὲ
701 494 795 547 καὶ
844 493 1075 557 ἄκαιρος
1133 492 1429 559 πολυλογία
1464 492 1793 561 καθημένων

222 589 380 644 τινῶν
412 586 602 660 ἀργῶν
657 584 908 639 ἐθνικῶν.
946 584 1123 637 Πάλαι
1171 585 1229 637 δέ
1274 601 1404 637 ποτε
1432 585 1482 636 oi
1515 586 1675 651 ἀργοὶ
1707 584 1794 637 διὰ

223 681 432 742 πενίας,
464 679 561 732 καὶ
599 680 674 748 μὴ
719 677 938 747 ἔχοντες
991 675 1154 745 ἔργον
1204 675 1497 728 σπουδαίου
1546 675 1791 744 ἔχεσθαι,

221 771 607 842 ἀθροιζόμενοι
652 775 785 838 περὶ
832 768 1100 837 καμίνους
1130 767 1496 837 βαλανειακάς
1522 768 1793 836 χειμῶνος

221 863 311 917 καὶ⁵
369 861 498 930 περὶ
546 858 862 929 χαλκεῶνας
895 858 1059 925 χάριν
1092 856 1258 918 ἀλέας
1292 858 1321 909 ὅ
1348 857 1494 908 ἐστιν
1545 855 1793 925 ἀλεωρῆς

219 956 311 1008 καὶ
343 953 704 1024 θερμότητος,
754 948 850 1001 κοιλ⁵
900 947 1255 1015 ἀνακείμενοι
1289 948 1379 1001 καὶ
1411 946 1701 1010 λαλοῦντες
1724 948 1793 1001 τὰ

217 1046 445 1107 ἐκείνοις
475 1043 627 1112 φίλα,
663 1040 760 1095 καὶ
790 1040 970 1108 μάτην
999 1037 1143 1092 οὕτω
1171 1038 1275 1105 τὴν
1304 1038 1558 1104 γλῶσσαν
1592 1037 1792 1090 πονού-

221 1152 397 1206 μενοι.
428 1136 526 1186 καὶ
560 1128 987 1198 κατατρίϐοντες
1037 1127 1115 1188 ὡς
1159 1122 1248 1178 οἷα
1280 1128 1376 1178 καὶ
1420 1123 1790 1193 γλώσσαλγοι,

216 1229 314 1299 τὴν
361 1226 465 1293 τῆς
508 1224 706 1292 λέσχης
755 1219 1058 1289 ὀνομασίαν
1102 1220 1397 1287 ἐξέφηναν.
1440 1219 1648 1287 Λέσχαι
1684 1218 1790 1285 γὰρ

214 1317 512 1374 ἐκαλοῦντο
574 1318 623 1369 oi
676 1313 909 1369 τοιοῦτοι
960 1313 1139 1375 τόποι,
1198 1313 1339 1381 τάχα
1392 1312 1491 1381 μὲν
1533 1309 1644 1363 ἀπὸ
1695 1308 1790 1362 τοῦ

214 1412 397 1478 λέγειν
426 1410 547 1479 ἦτοι
580 1407 783 1466 λαλεῖν,
808 1405 1045 1475 μάλιστα
1074 1404 1133 1457 δὲ
1169 1403 1244 1466 ὡς
1274 1403 1387 1457 ἀπὺ
1429 1402 1525 1456 τοῦ
1558 1402 1706 1467 λέγω
1729 1401 1791 1455 τὸ

212 1504 486 1573 κάθημαι,
512 1501 610 1554 καὶ
637 1500 958 1565 ἀνάκειμαι,
979 1498 1073 1552 καὶ
1096 1494 1451 1563 κοιτάξομαι’
1476 1492 1602 1546 ὅθεν
1627 1490 1786 1554 λέξω,

212 1597 461 1665 λέξομαι,
486 1593 550 1646 τὸ
595 1592 937 1659 κοιμήσομαι
1014 1586 1425 1660 παρακείμενος
1455 1582 1512 1637 δὲ
1539 1581 1633 1634 τοῦ
1674 1598 1788 1633 τοιο

210 1688 375 1742 οῦτου
436 1684 676 1754 θέματος
701 1681 919 1750 λέλεχα,
943 1680 1069 1733 ὅθεν
1097 1679 1159 1730 οὐ
1193 1678 1356 1746 μόνον
1402 1674 1558 1743 λέχος
1584 1673 1679 1725 καὶ
1704 1670 1789 1723 λέ-

211 1793 380 1846 κτρον
405 1776 441 1845 η
475 1773 654 1842 κοίτη,
690 1771 784 1824 καὶ
814 1769 954 1838 γυνὴ
983 1766 1150 1836 λεχὼ,
1184 1766 1322 1819 ἀλλά
1352 1764 1443 1817 καὶ
1490 1766 1524 1833 η
1558 1763 1788 1833 ρηθεῖσα

209 1870 369 1937 λέχη.
397 1868 495 1919 καὶ
546 1862 875 1929 πλεονασμῷ
936 1859 1030 1914 τοῦ
1082 1877 1115 1911 σ
1167 1858 1337 1927 λέσχη
1363 1874 1375 1886 ·
1410 1858 1532 1910 ὅθεν
1583 1856 1681 1909 καὶ
1726 1855 1789 1908 το

210 1959 548 2027 ἀδολεσχεῖν,
576 1956 743 2026 ἧγουν
767 1952 1015 2019 δαψιλῶς
1038 1950 1241 2003 λαλεῖν.

285 2136 427 2207 ρνξθ.
465 2135 533 2189 Ἠ
564 2133 779 2201 ἀπηνὴς
804 2131 884 2195 δὲ,
909 2129 1004 2183 καὶ
1027 2130 1054 2182 ὁ
1082 2127 1322 2196 ἀπηνὴς,
1351 2127 1446 2180 καὶ
1474 2126 1535 2180 τὸ
1557 2127 1785 2196 ἀπηνὲς,

208 2231 273 2284 οὔ
327 2230 491 2297 μόνον
523 2224 585 2278 τὸ
618 2222 998 2291 ἀντικείμενον
1034 2222 1097 2289 τῇ
1139 2218 1407 2287 πρᾳότητι
1458 2217 1630 2282 δηλοῖ,
1663 2216 1790 2271 καθ’

206 2321 234 2374 δ
266 2317 677 2388 σημαινόμενον
706 2312 836 2374 τοὺς
882 2311 1242 2380 τυραννικοὺς
1272 2310 1503 2377 ἀπηνεῖς
1531 2309 1787 2375 λέγομεν,

208 2412 352 2465 ἀλλά
381 2408 482 2463 καὶ
512 2407 574 2461 τὸ
604 2407 842 2473 ἄσεμνον
888 2401 1021 2471 παρ’
1062 2402 1355 2463 Ἀττικοῖς.
1384 2400 1460 2463 ὡς
1493 2401 1601 2454 ἀπο
1634 2399 1787 2451 αῖνου

208 2507 382 2572 ὴγουν
417 2498 636 2567 μακρὰν
665 2498 888 2549 ἐπαίνου
908 2508 922 2523 '
955 2493 1017 2545 τὸ
1049 2493 1159 2559 γάρ
1199 2494 1273 2560 μὴ
1309 2503 1507 2559 σεμνον
1538 2490 1639 2543 οὐκ
1668 2489 1791 2558 Exo-

213 2613 318 2666 μεν
366 2592 649 2645 ἑπαινεῖνο
672 2586 889 2654 ἀπηνὴς
920 2579 1015 2637 οῦν
1048 2584 1216 2654 λέσχη
1267 2583 1438 2636 ἐθνῶν
1472 2581 1592 2634 κατ’
1620 2582 1789 2649 ἄμφω

210 2684 390 2740 ταῦτα
440 2680 840 2752 σημαινόμενα.
893 2681 969 2733 Τδ
1002 2678 1059 2732 δι
1109 2678 1423 2743 πόππυσμα
1471 2678 1601 2727 tota
1642 2672 1789 2738 λέξις

211 2777 364 2831 εστίν
388 2793 406 2843 ;
433 2772 1014 2842 ὁνοματοπεποιημένη
1040 2769 1262 2839 δηλαδή·
1297 2766 1659 2836 ὲτυμολογίαν
1690 2766 1786 2834 μὲν

210 2868 314 2924 οῦκ
340 2866 563 2936 ἔχουσα,
587 2861 991 2931 πραγματικῶς
1010 2861 1066 2913 δὲ
1090 2859 1466 2929 γνωριζομένη
1488 2859 1599 2919 τοῖς
1623 2856 1789 2909 ἀκού-

211 2977 367 3015 ουσιν
415 2959 499 3010 ὅτι
549 2958 617 3010 τὰ
663 2955 817 3024 χείλη
866 2951 1091 3021 σφιγμῷ
1136 2951 1483 3018 συνάγοντες,
1513 2951 1547 3019 ἢ
1609 2948 1784 3019 βρέφη

1896 496 2124 549 multum
2154 497 2321 557 utilis.
2357 499 2451 552 sed
2481 500 2643 553 etiam
2685 498 2823 553 forte
2854 514 2957 552 non
2993 508 3297 567 Opportuna
3332 514 3462 552 ron-

1896 586 2157 641 fabulatiu
2207 590 2487 642 hominum
2545 591 2841 645 otiosorum
2903 590 3269 644 ethnicorum.
3321 588 3461 642 Olim

1896 689 2075 732 autem
2110 681 2159 732 οἱ
2203 680 2366 747 ἀργοί
2410 692 2632 749 propter
2674 690 3069 750 paupertatem,
3124 692 3178 735 et
3222 681 3312 749 qui
3355 694 3461 731 non

1894 779 2145 836 pulcram
2199 769 2346 835 operi
2390 779 2618 824 strenuo
2668 786 2899 830 vacare.
2948 769 3291 838 congregati.
3318 769 3462 823 circa

1895 854 2201 910 balnearios
2240 856 2439 912 hiemis
2462 858 2710 914 caminos
2750 868 2804 913 et
2851 862 2994 913 circa
3039 859 3291 913 t‘ornaces
3321 874 3462 912 aera-

1896 948 2097 1008 riqrum
2137 949 2207 1001 ob
2253 949 2493 1004 calorem
2547 951 2792 1020 (ἀλέαν),
2841 951 2891 1003 id
2945 951 3358 1005 esttutelarem
3409 957 3463 1002 et

1896 1039 2086 1105 lutum,
2132 1040 2374 1107 iacentes
2421 1051 2475 1096 et
2530 1041 2963 1106 contabulautes,
3022 1042 3209 1108 sicque
3258 1042 3458 1095 fl‘llSll‘a

1896 1132 2132 1201 linguam
2159 1144 2475 1189 exercentes
2504 1142 2557 1188 et
2593 1144 2977 1189 consumentes
3003 1133 3164 1187 veluti
3201 1133 3457 1200 loquaces

1892 1221 2092 1289 λέσχης
2123 1236 2320 1276 nomen
2356 1223 2777 1292 pronalaverunt
2808 1241 2823 1277 :
2854 1224 3039 1293 λέσχαι
3073 1224 3216 1278 enim
3263 1237 3461 1277 vocan-

1893 1321 1983 1366 tur
2014 1312 2327 1380 huiusmodi
2358 1313 2497 1379 loca,
2531 1314 2668 1369 forte
2688 1330 2718 1369 a
2745 1316 2911 1369 verbo
2937 1314 3116 1380 λέγειν
3164 1330 3260 1369 seu
3295 1313 3462 1381 loqui,

1892 1406 2007 1459 sive
2055 1404 2236 1472 potius
2278 1420 2306 1456 a
2351 1404 2495 1471 λέγω
2538 1406 2759 1469 recubo.
2793 1406 2971 1474 jaceo,
3024 1406 3267 1470 dormio;
3318 1405 3461 1459 unde

1890 1495 2051 1560 λέξω,
2085 1496 2336 1563 λέξομαι,
2368 1498 2729 1565 requiescam.
2752 1497 3074 1552 Afﬁnitatem
3102 1507 3279 1551 autem
3304 1498 3459 1551 habet

1891 1601 2015 1641 cum
2064 1586 2377 1656 hujusmodi
2422 1588 2604 1642 radice
2646 1588 2885 1658 λέλεχα,
2932 1590 3076 1641 unde
3127 1603 3235 1641 non
3285 1588 3458 1640 solum

1891 1677 2038 1731 venit
2059 1678 2216 1746 λέχος
2237 1687 2291 1731 et
2320 1678 2547 1745 λέκτρον
2570 1678 2768 1741 cubile,
2800 1689 2855 1731 et
2882 1680 3073 1732 mulier
3096 1676 3243 1746 λεχὼ
3277 1678 3461 1745 (puer-

1894 1772 2067 1841 pera).
2089 1771 2183 1825 sed
2210 1781 2267 1825 et
2291 1774 2432 1825 dicta
2466 1787 2566 1825 vox
2598 1771 2752 1838 λέχη,
2772 1786 2891 1839 qua:
2917 1787 3039 1824 cum
3073 1772 3386 1838 expletivoa
3405 1772 3462 1825 lit

1893 1862 2084 1930 λέσχη.
2126 1862 2265 1918 Hinc
2314 1863 2477 1917 etiam
2518 1861 2666 1917 venit
2708 1862 3034 1931 ἀδολεσχεῖν,
3086 1863 3201 1916 sive
3244 1862 3462 1926 coniose

1892 1953 2064 2023 loqui.

1965 2132 2093 2187 157.
2134 2131 2309 2187 Voces
2339 2142 2518 2187 autem
2561 2133 2594 2202 ἡ
2627 2133 2865 2201 ἀπηνὴς,
2903 2143 2958 2187 et
2997 2134 3025 2184 ὁ
3068 2131 3305 2201 ἀπηνὴς,
3324 2139 3377 2184 et
3402 2132 3462 2182 τὸ

1891 2224 2119 2292 ἀπηνές,
2161 2239 2270 2278 non
2306 2224 2481 2279 solum
2526 2223 2673 2293 quod
2708 2223 3007 2293 opponitur
3053 2220 3461 2276 mansuetudini

1892 2314 2240 2383 signiﬁcant,
2292 2323 2563 2382 quatenus
2611 2312 2715 2366 hac
2760 2310 3152 2380 significatione
3205 2319 3462 2381 tyrannos

1890 2404 2126 2459 dicimus
2158 2404 2412 2472 ἀπηνεῖς,
2450 2403 2544 2457 sed
2585 2403 2748 2457 etiam
2801 2402 2943 2470 apud
2981 2401 3235 2469 antiquos
3273 2400 3460 2469 expri-

1891 2507 2047 2549 munt
2086 2494 2233 2563 quod
2281 2494 2565 2563 indignum
2613 2503 2695 2548 est
2728 2503 2986 2563 tanquam
3034 2509 3064 2548 a
3123 2493 3284 2549 laude
3343 2495 3460 2549 sive

1890 2587 2060 2655 gloria
2093 2586 2268 2656 (αῐνου
2305 2593 2360 2640 et
2389 2584 2640 2652 ἐπαίνου)
2679 2584 3060 2654 longinquum.
3104 2584 3255 2649 Quod
3313 2586 3458 2639 enim

1892 2679 2209 2734 houorabile
2238 2692 2345 2733 non
2373 2686 2478 2742 est,
2505 2677 2732 2731 laudare
2756 2692 2865 2732 non
2893 2691 3220 2746 possumus:
3248 2674 3461 2746 ἀπηνὴς

1891 2773 2060 2841 igitur
2096 2780 2216 2825 erat
2264 2769 2607 2824 ethnicorum
2661 2768 2829 2839 λέσχη
2884 2768 3000 2823 sive
3056 2766 3459 2829 confabulatio,

1893 2863 2188 2918 secundum
2214 2871 2499 2930 utramque
2520 2860 2994 2931 signiﬁcationem.
3012 2856 3130 2912 Jam
3154 2860 3220 2910 πό
3233 2874 3338 2910 ππυ
3349 2874 3460 2925 σμα

1891 2954 2071 3023 qualis
2113 2963 2196 3007 est
2228 2953 2381 3006 vox?
2425 2952 2839 3020 Onomatopmia
2870 2965 3025 3005 sane.
3067 2948 3455 3018 Etyntologiam

213 3046 644 3121 προσφωνοῦμεν
664 3045 853 3111 φιλίως
872 3042 1306 3112 κολακικώτερον
1331 3044 1480 3109 φωνῇ
1508 3040 1784 3111 ἀνάρθρῳ,

1897 3046 2037 3099 enim
2078 3059 2187 3098 non
2237 3044 2420 3108 habet,
2455 3043 2551 3098 sed
2602 3043 2794 3096 eﬂ'ectu
2828 3041 3073 3096 noscitur
3112 3038 3459 3093 audientibus

212 3144 246 3212 ἤ
286 3139 565 3208 πωλάρια.
591 3135 625 3204 ἢ
658 3136 787 3188 ἄλλο
813 3150 866 3185 τι
895 3133 970 3201 μὴ
1000 3131 1123 3200 ἔχον
1155 3131 1371 3182 ἐπαΐειν
1396 3128 1662 3197 ἐνάρθρου
1692 3129 1787 3180 λα-

210 3234 370 3294 λιᾶς·
397 3229 491 3282 καὶ
527 3228 643 3279 ἐστι
681 3225 828 3277 τοῦθ’
875 3226 1063 3286 ὅμοιον
1112 3223 1188 3283 ὡς
1222 3223 1269 3273 εί
1320 3221 1413 3273 καὶ
1448 3220 1587 3273 καθά
1615 3222 1788 3272 κόκκυ

212 3321 494 3386 κοκκῦζω,
525 3320 696 3381 οὕτως
724 3312 794 3386 ἦν
841 3316 936 3369 καὶ
966 3314 1177 3372 πόππυ.
1202 3312 1263 3378 ἐξ
1306 3311 1367 3364 οῦ
1401 3312 1460 3364 τὸ
1494 3311 1787 3375 ποππύζω,

210 3417 246 3484 ἢ
278 3414 387 3485 γρῦ
416 3410 625 3481 γρύζω,
664 3411 756 3460 καὶ
789 3407 861 3478 μῦ
896 3405 1082 3474 μὺζω·
1128 3405 1497 3472 ποππύσμασι
1528 3404 1586 3456 δὲ
1635 3405 1787 3457 είκά·

214 3510 301 3570 ζει
328 3504 525 3571 δεξιῶς
553 3503 668 3570 ἅμα
702 3501 795 3552 καὶ
835 3498 1069 3559 ἀστείως
1101 3498 1200 3559 τὰς
1232 3496 1341 3548 τῶν
1372 3494 1544 3549 ἐθνῶν
1572 3496 1788 3565 λέσχας,

212 3601 242 3652 δ
267 3600 304 3652 ἂ.
333 3599 396 3651 τὸ
425 3599 485 3649 ὲν
511 3594 688 3660 λόγοις
726 3592 907 3659 μόνοις
935 3591 1037 3658 ἡδὺ
1094 3590 1189 3642 καὶ
1238 3584 1351 3641 οἷον
1406 3587 1788 3657 φιληματικῶς

215 3686 517 3756 ἐπαγωγὴν
563 3686 674 3736 τῶν
722 3680 1062 3750 ἐξωτερικῶν
1108 3683 1385 3748 φράσεων.
1423 3679 1650 3747 Καρπὺν
1679 3679 1788 3747 γὰρ

218 3783 425 3832 ἐκεῖναι
459 3776 803 3846 ψυχοτρόφον
838 3773 912 3842 μὴ
949 3770 1229 3838 φέρουσαι,
1275 3770 1337 3822 τὸ
1384 3768 1611 3836 ὲφολκδν
1642 3766 1789 3839 εἶχον

219 3872 392 3928 ἄλλως
429 3867 679 3938 μυθικοῖς
698 3866 986 3933 πλάσμασι
1017 3861 1112 3915 καί
1145 3877 1257 3913 τισι
1283 3859 1548 3923 τοιούτοις
1578 3860 1785 3928 λήροις,

220 3960 302 4020 οἷς
350 3962 400 4014 οί
436 3958 646 4030 χυδαῖοι
679 3955 964 4026 χαίρουσιν
1014 3953 1147 4004 ὡσεὶ
1192 3952 1288 4004 καὶ
1337 3949 1453 4012 ζῶα
1502 3949 1787 4014 ποππυξό-

225 4069 381 4120 μενα.

1888 3148 2010 3188 eum
2058 3133 2200 3186 labia
2262 3133 2622 3203 stringentus,
2671 3132 2847 3185 amice
2908 3128 3270 3197 blanduleque
3317 3127 3461 3181 inar-

1893 3225 2111 3279 ticulata
2168 3239 2300 3279 voce
2358 3224 2757 3292 compellamus
2814 3223 3051 3277 infantes
3123 3230 3219 3275 aut
3258 3220 3458 3290 pullos.

1891 3326 1982 3370 aut
2041 3316 2186 3370 aliud
2244 3316 2375 3384 quid
2446 3315 2776 3369 locutionem
2876 3313 3222 3367 articulatam
3288 3321 3460 3365 atton-

1890 3408 2018 3460 dere
2069 3422 2175 3461 non
2234 3406 2443 3460 valens.
2507 3405 2623 3460 Hoc
2680 3421 2809 3460 vero
2877 3419 2983 3458 non
3037 3417 3196 3458 secus
3252 3411 3336 3455 est
3400 3415 3462 3454 ac

1890 3496 1937 3551 si
1973 3497 2127 3565 juxta
2184 3496 2359 3551 κόκκυ
2427 3496 2703 3561 κοκκύζω,
2761 3497 2843 3552 sic
2900 3495 3192 3551 haberetur
3245 3494 3459 3554 πόππυ,

1901 3588 2376 3654 ιιιισοποππύζω,
2398 3589 2483 3644 vel
2504 3588 2612 3658 γρῦ
2671 3587 2862 3656 γρύζω
2888 3597 2944 3641 et
2969 3586 3041 3654 μῦ
3106 3585 3283 3654 μύζω.
3323 3583 3462 3638 δίιιὶ-

1898 3679 2192 3733 lationibus
2254 3688 2436 3732 autem
2507 3677 2780 3733 blandulis
2807 3692 2952 3740 vere,
3004 3687 3057 3731 et
3088 3678 3293 3730 urbane
3333 3690 3463 3727 cun-

1899 3769 2265 3824 l'abulationes
2287 3770 2631 3824 ethnicorum
2664 3769 2951 3831 assimilat.
2974 3783 3040 3822 eo
3061 3766 3202 3835 quod
3240 3768 3292 3819 in
3331 3766 3462 3820 solis

1896 3860 2077 3915 verbis
2110 3868 2324 3915 constat
2372 3859 2517 3929 quod
2556 3868 2861 3915 exterarum
2913 3856 3462 3913 locutionum.dulce

1896 3949 2247 4019 quodamque
2290 3948 2453 4004 modo
2505 3959 2753 4004 amanter
2803 3949 3151 4004 attractivum
3198 3946 3462 4001 est.Fru-

1896 4051 2045 4095 ctum
2089 4041 2232 4096 enim
2286 4041 2482 4096 animae
2530 4042 2812 4096 nutritinm
2858 4040 2976 4095 ista:
3026 4054 3131 4093 non
3187 4039 3457 4099 ferentes,

224 4144 505 4200 illecebras
587 4140 744 4195 aliter
799 4138 1071 4191 habebant
1155 4151 1220 4188 ex
1315 4132 1578 4191 fabulosis
1665 4132 2147 4190 adinventionibus
2209 4134 2651 4205 quibusdamque
2719 4134 2925 4191 talibus
2994 4133 3197 4203 nugis,
3261 4131 3459 4201 quibus

223 4233 435 4302 vulgus,
465 4241 722 4297 tanquam
750 4226 1005 4281 animalia
1045 4225 1222 4281 sibilis
1238 4222 1448 4301 lillecta,
1480 4226 1696 4292 gaudet.

293 4319 430 4393 ρνη’.
460 4319 535 4372 Τὸ
560 4318 617 4371 δὲ
638 4315 869 4378 ὤκιστα,
898 4306 1234 4368 οἰκειότατον
1261 4314 1513 4383 ἐνεργείᾳ
1539 4312 1792 4377 Πνεῦμα-

1970 4313 2097 4367 158.
2143 4311 2256 4366 lloc
2308 4321 2538 4367 autem:
2580 4312 2830 4376 ὤκιστα,
2893 4314 3125 4367 maxime
3181 4314 3459 4382 proprium

226 4430 333 4479 τος,
386 4412 632 4483 ἀχρόνως
664 4410 733 4462 τὰ.
778 4409 958 4461 οἰκεῖα
1005 4405 1381 4477 ἐνεργοῦντος,
1435 4404 1686 4465 ἐπίτασις
1736 4402 1790 4456 ὃν

1900 4404 2153 4459 eliicacia:
2186 4403 2443 4472 Spiritus,
2482 4405 2574 4471 qui
2608 4419 2707 4458 sua
2737 4404 2858 4457 sine
2903 4412 3146 4472 tempore
3177 4415 3454 4473 operatur,

227 4508 443 4575 τάχους,
498 4503 689 4570 ὥσπερ
718 4501 834 4555 ὠκὺ
879 4499 1109 4553 ὤκιστα.
1139 4500 1213 4551 Τὸ
1243 4498 1300 4551 δὲ
1328 4498 1542 4558 δεικνὺς
1575 4495 1651 4559 ὡς
1692 4496 1792 4563 μὲν

228 4600 356 4669 πρὸς
387 4598 488 4667 τὴν
544 4594 716 4663 φορὰν
769 4591 867 4645 τοῦ
919 4591 1259 4659 Πνεῦματος,
1316 4590 1532 4642 δεικνὺν
1586 4586 1793 4653 ὤφελεν

229 4689 361 4745 εἶναι
387 4707 402 4722 ·
438 4685 773 4763 πρρενεχθὶν
806 4684 864 4738 δὲ
898 4684 997 4737 σὺν
1042 4682 1120 4751 τῷ
1163 4680 1452 4749 πυρπνόως
1488 4678 1793 4749 ἀρσενικῶς

232 4786 559 4849 ἀττικίζεται
591 4782 726 4851 πρὸς
752 4780 967 4847 ὑγίειαν
1000 4777 1210 4840 ἑννοίας
1240 4791 1255 4806 ο
1280 4777 1411 4837 Θεὸς
1444 4776 1551 4843 γάρ
1579 4772 1794 4843 άληθῶς

234 4880 319 4933 καὶ
345 4878 407 4930 τὸ
436 4875 595 4941 ἅγιον
644 4871 865 4940 Πνεῦμα
897 4886 913 4903 ’
945 4871 1030 4924 διδ
1063 4871 1160 4922 καὶ
1197 4870 1259 4921 τδ
1292 4867 1505 4929 δεικνὺς
1533 4865 1794 4935 ἁρμόττει

231 4970 368 5041 αὐτῷ
389 4983 410 5003 ο
440 4965 503 5019 τὸ
539 4964 599 5017 δὲ
629 4963 921 5031 πυρπνόως
951 4962 1309 5029 παράφρασις
1339 4955 1646 5026 γοργοτάτη
1676 4954 1793 5007 ini.

232 5061 314 5114 τοῦ
347 5059 485 5115 πνοῦ
522 5057 673 5127 βιαίᾳ
722 5055 815 5108 καὶ⁹
858 5054 1031 5122 πυρὺς
1073 5052 1463 5120 γλωττήμασιν
1486 5064 1500 5079 ·
1528 5048 1711 5101 ὁποῖόν
1739 5063 1794 5098 τι

234 5154 315 5204 καὶ
339 5155 373 5221 ἡ
420 5149 724 5219 πυρίπνοος
779 5142 1128 5212 πνευματικὴ
1163 5142 1380 5215 δρὸσος,
1413 5141 1507 5193 καὶ
1548 5140 1652 5192 ὅσα
1689 5153 1795 5190 τοιο

238 5243 383 5297 αῦτα.
424 5239 627 5295 ’ἰστέον
660 5238 716 5291 δὲ
742 5238 826 5289 ὅτι
852 5236 912 5288 τὸ
960 5234 1256 5301 πυρπνόως
1288 5235 1337 5286 εἰ
1377 5230 1664 5300 μεγεθύνει
1696 5231 1796 5299 τὴν

237 5335 499 5403 λήγουσαν
531 5326 1013 5402 ὲπιρῤηματικῶς,
1056 5326 1384 5377 συντακτέον
1414 5323 1568 5375 ἔσται
1592 5321 1668 5390 τῷ
1690 5322 1795 5374 δει-

237 5427 353 5484 κνῦς
379 5443 394 5458 σ
440 5423 588 5477 οὕτω
643 5420 754 5489 γὰρ
800 5419 972 5487 ἢγουν
1022 5416 1337 5482 πυρπνόως,
1381 5414 1524 5467 καθά
1574 5412 1794 5483 ὲρῤέθη,

238 5517 496 5572 δὲδεικται
522 5516 592 5569 τὰ
618 5511 715 5568 τοῦ
747 5510 907 5579 ἀγίου
961 5506 1283 5578 Πνεῦματος
1313 5506 1372 5558 ἐν
1398 5506 1462 5574 τῇ
1512 5502 1606 5558 νῦν
1635 5506 1794 5575 ἑορτῇ

238 5621 390 5660 σντου
398 5646 414 5663 ο

1895 4493 2285 4562 superlativum
2310 4501 2394 4548 est
2424 4492 2518 4544 τοῦ
2552 4493 2771 4561 τάχους,
2813 4493 3272 4562 quemadmodum
3314 4492 3457 4555 ὠκὺ,

1894 4585 2121 4639 ὤκιστα.
2145 4586 2368 4646 Δεικνὺς
2409 4600 2559 4645 vero,
2595 4594 2853 4653 tanquam
2886 4585 2952 4637 ad
2986 4585 3211 4655 Πνεῦμα
3246 4584 3459 4646 relatio,

1894 4677 2126 4731 debebat
2172 4691 2295 4731 esse
2331 4676 2591 4733 δεικνύνξ
2634 4675 2730 4731 sed
2779 4675 3005 4730 verbum
3041 4675 3144 4729 hoc
3190 4674 3459 4741 prolatum

1895 4782 2021 4822 cum
2089 4766 2404 4836 πυρπνόως,
2446 4780 2619 4835 genus
2681 4766 3041 4821 masculinum
3095 4762 3259 4818 attice
3304 4763 3459 4832 juxta

1900 4859 2248 4928 cngitationis
2282 4857 2645 4912 valetudinem
2674 4858 2945 4926 sequitur.
2983 4856 3123 4911 Deus
3166 4858 3309 4911 enim
3336 4871 3462 4909 vere

1897 4964 2116 5021 quoque
2169 4947 2407 5017 Spiritus
2455 4957 2682 5003 sanctus
2731 4958 2835 5012 cst,
2889 4947 3122 5021 ideoque
3167 4962 3290 5002 cum
3342 4948 3461 5016 ipso

1897 5040 2176 5095 consentit
2238 5039 2476 5101 δεικνύς.
2531 5038 2643 5092 Vox
2700 5048 2877 5093 autem
2934 5039 3226 5108 πυρπνόως
3284 5040 3460 5093 vivida

1897 5132 2247 5202 parapltrasis
2307 5143 2394 5187 est
2455 5132 2661 5186 illius:
2718 5133 2854 5201 πνοῇ
2916 5129 3070 5201 βιαίᾳ.
3142 5132 3236 5184 καὶ
3290 5132 3462 5199 πυρὸς

1897 5224 2327 5293 γλωττήμασινς
2384 5223 2617 5291 qualiter
2666 5223 2700 5291 ἡ
2753 5223 3054 5290 πυρίπνοος
3114 5220 3459 5289 πνευματικὴ

1896 5315 2111 5382 δρόσος,
2165 5323 2217 5369 et
2254 5313 2342 5370 bis
2380 5314 2607 5370 similia.
2663 5313 2958 5368 Sciendum
3011 5322 3188 5367 autem
3223 5313 3366 5379 quod
3414 5312 3457 5366 si

1899 5404 1961 5455 τὸ
1990 5402 2283 5474 πυρπνόως
2305 5403 2687 5459 adverbialiter
2720 5403 2934 5458 linaletn
2953 5410 3460 5469 auget,cOnstruen-

1895 5500 2026 5553 dum
2085 5498 2191 5553 erit
2206 5514 2328 5553 cum
2348 5497 2428 5568 τῷ
2441 5498 2679 5560 δεικνύς.
2701 5499 2793 5553 Sic
2812 5499 2979 5560 enim,
3007 5496 3120 5550 sive
3137 5494 3458 5564 πυρπνόως,

1900 5602 1957 5644 ιιι
1989 5592 2191 5644 dictum
2218 5598 2319 5655 est,
2351 5604 2414 5644 ea
2453 5603 2573 5658 qua;
2600 5597 2728 5642 sunt
2770 5585 2945 5640 sancti
2998 5584 3235 5663 Spiritus
3281 5584 3334 5639 in
3357 5584 3458 5639 hac

1904 5680 2073 5749 ipsius
2112 5679 2363 5749 prmscnti
2399 5677 2691 5734 festivitate
2725 5674 3065 5731 manifestata
3098 5682 3246 5731 sunt.
