3996 6194
932 363 1142 420 [firmus
1174 370 1290 422 0th
1323 372 1579 438 septimm.

645 474 886 528 Concors
918 475 1170 531 clamavit
1195 481 1678 542 instrumentomm
1709 501 1911 540 cantus
1933 526 1946 548 ,

578 562 818 615 Adorare
851 581 1069 618 auream
1100 568 1392 624 inaniinani
1436 574 1745 644 imaginem.

583 653 844 707 Paraclcti
881 667 1057 710 autem
1095 659 1318 716 lucifera
1344 667 1514 733 gratia

580 743 777 810 Dignos
814 743 942 798 facit
979 757 1037 800 ut
1063 749 1313 810 clament,
1352 753 1394 806 Ο
1423 754 1659 809 Trinitas
1691 759 1826 817 sola,

581 832 964 902 Aiquipotens,
999 840 1117 892 sine
1147 843 1432 912 principio,
1471 847 1748 900 benedicta
1780 866 1859 903 es.

546 942 670 996 159.
707 942 960 1000 Historizc
994 952 1192 1004 veteris
1233 956 1570 1020 appositione
1608 961 1861 1026 populum
1896 937 2041 1016 hunc

473 1035 911 1090 Vetustissitnum
988 1055 1093 1093 non
1166 1044 1468 1110 sapientem
1518 1047 1763 1102 tnelodus
1817 1054 2041 1119 Opponit

477 1124 744 1180 festiviter
801 1131 1088 1196 agentibus
1169 1151 1311 1189 nunc
1369 1139 1420 1190 in
1499 1138 1654 1203 Sion,
1717 1143 1809 1208 qui
1867 1146 2040 1198 sancti

478 1217 719 1287 Spiritus
751 1223 1076 1278 hodiernum
1130 1231 1450 1284 descensum
1491 1235 1542 1286 iu
1583 1238 1864 1303 apostolos
1899 1241 2041 1296 cclc-

478 1307 639 1362 braut
672 1329 685 1364 :
718 1312 992 1376 abjudicat
1030 1319 1245 1382 quidem
1279 1338 1305 1372 a
1342 1333 1492 1391 parte
1517 1325 1817 1381 landatoria
1852 1331 2043 1384 turbas

478 1397 635 1464 illas;
664 1401 736 1454 ibi
787 1420 913 1457 vero
947 1407 1090 1460 sistit
1125 1425 1219 1463 eos
1267 1415 1384 1481 qui,
1422 1426 1728 1483 opportuna
1780 1419 2040 1487 dictione,

477 1487 790 1558 spirituales
822 1510 971 1552 sunt.
993 1499 1164 1556 Habet
1195 1515 1374 1558 autem
1406 1523 1560 1562 sacer
1582 1520 1729 1566 vates
1755 1511 2042 1567 historiam

480 1597 546 1634 ex
605 1585 909 1642 adulatr'ce
961 1600 1155 1646 statua:
1197 1592 1705 1656 Nabuchodonosor
1749 1604 2046 1658 elevatione

1139 253 1553 314 EUSTATHII
1596 258 2039 318 TIIESSALON

2156 264 2352 323 ENSIS
2395 265 2944 326 METROPOLIT/E

3582 279 3678 340 672

2558 381 2738 450 ’ῼδῆς
2765 382 3024 450 ἑϐδόμης
3073 385 3286 451 είρμός.

2212 488 2374 544 XVII.
2417 492 2712 558 Σύμφωνον
2742 495 3004 564 ὲορόησεν
3040 495 3286 564 ὀργάνων
3319 500 3474 566 μέλος

2419 583 2606 634 Σέϐειν
2637 585 2696 636 τὸ
2721 585 3112 652 χροσότευκτον
3148 586 3351 655 ἄψυχον
3380 589 3584 659 βρέτας.

2433 671 2497 723 Ἥ
2525 673 2616 724 τοῦ
2645 674 3004 743 ῐίαρακλήτου
3037 678 3092 729 δὲ
3127 682 3412 748 φωσφόρος
3439 685 3584 750 χάρις

2421 761 2785 828 Σεϐασμιὰζει
2815 763 2909 815 τοῦ
2940 765 3068 834 βοᾷν
3092 781 3106 795 ·
3136 766 3304 833 Τριὰς
3337 768 3490 835 μόνη,

2432 853 2756 920 Ἰσοσοενὴς,
2782 855 3004 924 ἄναρχε,
3031 857 3319 925 εὐλογητὸς
3353 855 3421 910 εἷ.

2213 966 2344 1030 ρνο’.
2395 964 2658 1034 Ἱστορίαν
2706 968 2942 1021 παλαιὰν
2990 971 3288 1038 παραθέσει
3331 971 3454 1023 λαἰν
3499 975 3684 1026 ἐκεῖνον

2141 1054 2242 1105 οὐκ
2281 1055 2527 1123 ἔμφρονα
2563 1058 2894 1111 παλαίτατον
2919 1061 2946 1111 ό
2978 1061 3213 1129 μελῳδὸς
3266 1064 3376 1124 τοῖς
3411 1063 3502 1115 νῦν
3544 1066 3595 1114 ὲν
3629 1070 3683 1132 τῇ

2144 1147 2281 1198 Σιὼν
2335 1149 2657 1216 ἐορτασταῖς
2689 1152 2946 1214 ἀντιθεὶς,
2978 1153 3027 1204 οἳ
3073 1154 3166 1205 καλ⁸
3214 1159 3315 1220 τὴν
3349 1155 3576 1222 σήμερον
3602 1157 3684 1208 τοῦ

2146 1239 2300 1304 ἁγίου
2352 1241 2661 1308 Πνεύματο.’
2690 1243 2908 1310 ἔκχυσιν
2937 1247 3025 1296 ἐπὶ
3068 1247 3190 1306 τοὺς
3220 1247 3542 1307 ἀποστόλους
3572 1265 3664 1299 παν

2147 1332 2497 1400 ηγυρίζουσιν
2525 1347 2540 1362 ⁸
2597 1336 2883 1402 ἀποκρίνει
2915 1337 3012 1403 μὲν
3051 1337 3147 1396 τῆς
3180 1338 3473 1404 ἐπαινῖτῆς
3515 1341 3686 1405 μοίρας

2146 1427 2272 1487 τοὺς
2317 1425 2506 1494 ὄχλους
2543 1427 2801 1488 ἐκείνους,
2832 1427 3127 1495 ἔγκαοιστᾷ
3151 1428 3207 1479 δὲ
3237 1427 3378 1497 αὐτῇ
3407 1429 3546 1490 τοὺς,
3581 1449 3686 1482 και-

2151 1517 2278 1582 ρίως
2323 1517 2519 1576 εἰπεῖν,
2552 1519 2974 1582 ππιευμαντικούς.
3021 1520 3180 1571 Ἐστι
3213 1519 3271 1572 δὲ
3318 1521 3350 1584 ή
3391 1521 3587 1588 ἱστορία
3619 1523 3686 1591 τῷ

2153 1606 2356 1674 ίερῳδῷ
2379 1608 2442 1658 ἐκ
2465 1607 2560 1675 τῆς
2595 1609 2733 1660 κατὰ
2760 1609 2849 1661 τὸν
2884 1609 3362 1677 Ναϐουχοδονόσορ
3391 1611 3688 1678 ἀλαζονικῆς

481 1676 885 1746 impiorumque
939 1681 1110 1748 ipsius
1154 1686 1504 1741 atloratorum
1564 1693 1754 1759 agendi
1813 1697 2044 1750 ratione.

2156 1699 2576 1762 εἰκονοστασίας,
2617 1701 2709 1751 καὶ
2739 1700 2847 1752 τῶν
2873 1702 3214 1767 ὲπιτρίπτων
3239 1702 3366 1753 τότε
3412 1718 3691 1770 προσκυνηο

482 1765 622 1820 Dicit
659 1770 802 1833 quod
830 1775 1220 1838 symphoniam
1251 1777 1315 1829 de
1346 1777 1850 1837 Nabuchodonosor
1878 1789 2047 1840 melo-

480 1859 570 1911 dia
615 1860 937 1930 sonitusque
991 1867 1404 1922 multiformium
1455 1871 1671 1926 illorum
1716 1877 2047 1931 instrumen-

483 1961 687 2011 torum.
715 1969 944 2021 quorum
972 1957 1226 2027 pleraque
1248 1973 1374 2016 nota
1397 1980 1500 2017 non
1521 1976 1672 2020 erant
1698 1967 2044 2024 llellenorutu

479 2045 652 2110 genti,
685 2048 899 2116 signum
932 2052 1156 2119 dabant,
1201 2064 1260 2109 ut
1291 2060 1614 2113 adoraretur
1647 2077 1810 2116 aurea
1845 2074 2042 2130 statua,

480 2139 596 2192 sive
623 2139 924 2197 inanimum
965 2145 1166 2198 idolum
1196 2163 1208 2200 :
1237 2150 1329 2201 sed
1359 2151 1457 2203 hoc
1504 2152 1720 2218 quidem
1758 2162 1870 2205 tum
1906 2167 2042 2220 erat,

481 2247 606 2286 cum
633 2233 935 2288 idololatria
965 2239 1175 2304 publice
1199 2240 1500 2294 colebatur.
1539 2242 1676 2295 Num
1710 2253 1889 2298 autem
1924 2260 2046 2299 cum

474 2323 570 2376 ille
601 2325 836 2389 quivere
858 2324 1114 2380 Dominus
1146 2338 1230 2382 est
1263 2338 1317 2382 et
1363 2330 1504 2384 Deus
1539 2333 1761 2385 deorum
1797 2337 2048 2402 agnosci-

481 2423 588 2479 tur,
649 2418 894 2482 paracliti
967 2419 1140 2473 sancti
1195 2421 1434 2489 Spiritus
1481 2423 1652 2492 gratia
1704 2440 1809 2478 non
1867 2435 2048 2494 aperte

480 2508 727 2560 noscitur
774 2509 827 2561 in
884 2509 1070 2563 sonitu
1142 2512 1447 2580 clangoris,
1517 2514 1737 2578 ﬁstula},
1801 2518 2046 2583 citharae,

481 2597 776 2661 sambuco;
838 2598 1107 2665 psalterii,
1179 2599 1528 2671 aliorumque
1585 2603 1887 2670 similium;
1952 2609 2047 2660 sed

481 2702 648 2742 sonus
674 2687 1140 2757 extraordinarius
1163 2692 1499 2748 vehementis
1526 2693 1688 2750 llatus
1713 2706 1766 2749 et
1791 2713 2050 2751 resonan-

482 2780 554 2834 tis
593 2779 752 2846 iguis,
795 2795 902 2851 quo
933 2781 1169 2850 perculsi
1202 2793 1332 2838 sunt
1377 2784 1467 2838 hic
1520 2795 1872 2841 occurrentes
1919 2803 2050 2841 con-

482 2873 709 2942 gregati,
742 2875 1012 2928 neminem
1033 2875 1251 2943 quidem
1278 2875 1540 2940 turbavit,
1567 2877 1659 2928 sed
1689 2877 2047 2945 σεϐασμιὰζει

485 2965 603 3018 sive
639 2965 951 3034 σεϐασμὶως
1003 2965 1352 3033 (veneranter
1380 2975 1432 3020 et
1493 2967 1597 3034 pie)
1641 2979 1839 3032 movet,
1883 2985 2050 3038 augu-

491 3070 741 3126 stamque
765 3057 1170 3110 venerationem
1205 3058 1542 3126 spiritualem
1582 3059 1832 3126 inspirat,
1873 3071 1926 3114 et
1952 3077 2050 3114 an-
2081 3045 2122 3099 C

487 3156 642 3216 guste
696 3156 913 3199 resonat
970 3146 1040 3198 ob
1091 3145 1442 3199 concordiam
1500 3147 1843 3212 personantis
1891 3147 2053 3201 ﬂatus

488 3240 743 3293 deorsum
777 3253 898 3292 cum
929 3237 1245 3292 ccelestihus
1277 3238 1544 3299 melodiis,
1575 3238 1798 3302 docens,
1848 3255 1955 3292 non
1987 3240 2053 3292 ad

492 3334 650 3384 islatlt
688 3341 927 3385 veterem
981 3330 1416 3393 similitudinem,
1471 3329 1712 3384 inanimo
1759 3332 1943 3399 sicque
1973 3331 2054 3384 iu-

489 3427 734 3482 sensibili
791 3441 924 3479 sono
981 3427 1342 3492 respondere,
1394 3427 1486 3478 sed
1547 3426 1870 3481 liducialitcr
1923 3443 2056 3483 voce

491 3522 637 3574 clara
669 3521 849 3574 dicere
877 3522 941 3571 ad
983 3518 1134 3572 illum
1166 3519 1258 3582 qui
1314 3517 1555 3586 prodigia
1603 3517 1830 3586 profert,
1864 3517 2055 3582 Deu'n,

490 3611 584 3680 qui
620 3613 670 3663 in
717 3609 985 3664 Triuitate
1037 3609 1283 3664 subsistit
1319 3630 1332 3661 :
1365 3608 1408 3664 Ο
1446 3608 1718 3672 Trinitas,
1771 3625 1925 3676 aequa
1962 3625 2052 3678 po-

493 3712 684 3758 testate
734 3704 958 3772 sineque
1009 3701 1274 3771 principio
1332 3711 1626 3765 constans;
1681 3700 1797 3755 sola
1833 3717 1964 3756 sane
1999 3714 2053 3755 tu

487 3795 647 3864 juxta
682 3794 963 3847 veritatem
1002 3808 1059 3845 es
1097 3791 1463 3846 benedicenda
1493 3810 1508 3858 ;
1545 3791 1776 3861 ideoque
1806 3803 1855 3846 te
1884 3794 2052 3845 solam

492 3902 594 3940 nos
619 3886 713 3953 qui
747 3886 824 3938 tui
871 3900 1080 3948 sumus,
1114 3885 1509 3950 benedicimus,
1545 3893 1798 3952 tanquam
1848 3885 2053 3937 nullum

492 3978 656 4032 alium
693 3977 860 4029 Deum
891 3985 1084 4044 praeter
1112 3984 1164 4028 te
1188 3975 1364 4028 solum
1403 3984 1781 4044 agnoscentes.
1814 3974 1886 4028 ιω
1939 3990 2057 4026 ver-

492 4067 622 4120 bum
715 4065 1072 4132 σεϐασμιάςει
1129 4065 1452 4118 antithetum
1522 4075 1606 4118 est
1692 4066 1756 4119 ad
1831 4066 2055 4140 verbum

491 4155 746 4224 ἐοροήσε,
790 4153 1087 4221 prwsertim
1139 4163 1318 4206 autem
1397 4155 1461 4206 ad
1513 4155 1714 4209 dictum
1768 4156 1949 4207 σέϐειν
1996 4156 2058 4206 τὸ

496 4248 732 4316 βρεταςς
776 4261 1012 4312 cumque
1035 4245 1287 4298 fortassis
1331 4255 1411 4298 est
1457 4245 1665 4300 licitum
1711 4249 1776 4299 ad
1817 4244 2057 4299 occasio-

495 4354 618 4390 nem
651 4338 1015 4392 necessariam
1047 4334 1358 4389 rhetoribus
1390 4351 1559 4390 novas
1588 4336 1834 4389 invenire
1863 4335 2056 4397 dictio,-

497 4444 613 4493 nes,
645 4429 747 4483 hoc
781 4429 944 4482 etiam
994 4430 1062 4483 ibi
1101 4430 1228 4483 fecit
1269 4430 1537 4493 melodus,
1568 4443 1632 4484 ex
1669 4433 1831 4486 verbo
1879 4431 2056 4484 σέϐειν

495 4519 746 4573 derivans
783 4520 1221 4589 σεέϐασμιάζειν.

567 4635 688 4690 160.
732 4634 865 4688 Vide
915 4645 1095 4688 autem
1153 4645 1211 4688 ut
1262 4634 1490 4689 solerter
1552 4649 1708 4688 sacer
1739 4635 1835 4689 ille
1881 4643 2056 4702 poeta,

497 4725 695 4779 dictam
755 4725 1100 4779 Chaldaicam
1171 4725 1454 4780 historiam
1522 4724 1736 4794 septimi
1803 4724 2061 4778 carminis

496 4817 658 4870 nexui
683 4817 1012 4885 adaptatam,
1035 4817 1181 4870 velut
1198 4817 1402 4885 aliquid
1422 4816 1724 4870 addititium
1764 4816 2058 4880 adducens,

499 4907 920 4975 parallelamqne
953 4921 1158 4974 ponens
1189 4921 1311 4960 cum
1349 4906 1433 4959 his
1459 4922 1580 4974 qua:
1623 4906 1687 4960 ad
1721 4907 2058 4960 celebratum

497 4996 762 5066 Spiritqu
816 5009 1065 5052 sanctum
1127 4999 1402 5059 attinent,
1473 4998 1846 5051 dexteritatem
1905 5011 2058 5049 suam

499 5088 724 5141 multam
747 5088 1134 5142 manilestavit.
1163 5087 1574 5158 Symphoniaca!
1601 5089 1799 5156 quippe
1820 5085 2060 5140 melodis:

499 5193 690 5232 eorum
723 5193 844 5247 qua:
874 5193 1068 5232 sensus
1109 5178 1352 5233 alliciunt
1383 5179 1891 5242 instrumentorum,
1924 5193 2058 5245 pra:-

496 5279 704 5324 sentetn
771 5270 1116 5338 spiritualem
1173 5271 1550 5341 symphoniam
1609 5269 1902 5338 opposuit:
1953 5284 2057 5323 non

498 5362 643 5414 enim
681 5361 913 5415 habetur
947 5361 1017 5414 ibi
1042 5361 1347 5428 linguarum
1381 5359 1649 5420 confusio,
1680 5359 1772 5412 sed
1811 5359 1974 5421 unio,
2008 5368 2061 5410 et

501 5459 559 5501 ut
589 5451 659 5503 ita
689 5450 888 5513 dicam,
945 5465 1267 5504 consensus.
1326 5448 1548 5502 Illorum
1595 5459 1772 5499 autem
1829 5445 2058 5514 inspira-

506 5541 725 5595 tioniac
755 5541 943 5606 motui,
981 5540 1249 5609 (quaedam
1295 5539 1438 5592 enim
1495 5539 1546 5590 in
1587 5539 1666 5591 eis
1695 5545 1845 5590 erant
1895 5537 2060 5605 inspi-

509 5631 688 5697 rata),
741 5634 1042 5700 spiritalem
1103 5631 1510 5698 inspirationcm
1563 5630 1616 5683 in
1666 5630 1941 5699 apostolos
1992 5646 2056 5685 ex

2155 1785 2262 1836 τῶν
2295 1787 2507 1854 ἐκείνης
2535 1803 2548 1816 ο
2582 1788 2675 1840 καὶ
2725 1789 2874 1853 λέγει
2922 1790 3003 1842 ὅτι
3052 1790 3111 1840 τὸ
3162 1789 3453 1858 σύμφωνον
3481 1791 3564 1842 ἐπὶ
3593 1791 3692 1842 N1-

2154 1876 2535 1946 ϐουχοδονόσορ
2572 1879 2730 1946 μέλος
2760 1881 2853 1932 καλ⁸
2878 1883 2904 1932 ὁ
2939 1881 3060 1931 κατ’
3091 1883 3268 1933 έκεῖνο
3295 1879 3454 1950 Θροῦς
3483 1881 3582 1932 τῶν
3604 1897 3690 1932 που

2153 1967 2377 2020 λυειδῶν
2409 1971 2630 2022 ἐκείνων
2653 1971 2920 2040 ὀργάνων,
2951 1968 3026 2025 ὧν
3055 1974 3124 2025 τὰ
3150 1973 3327 2025 πολλὰ
3352 1975 3473 2027 οὐδὲ
3500 1974 3692 2040 γνωστὰ

2154 2060 2218 2126 τῇ
2269 2059 2385 2109 καθ’
2426 2059 2693 2126 Ἕλληνας
2723 2065 2906 2131 γενεᾷ,
2947 2063 3374 2132 συνθηματίζων
3401 2060 3484 2133 ἦν,
3536 2065 3693 2116 σέϐειν

2152 2153 2212 2200 τὸ
2245 2150 2646 2217 χρυσότευκτον
2691 2151 2913 2220 βρέτας,
2937 2155 3107 2222 ήγουν
3135 2153 3360 2208 εἴδωλον
3390 2158 3447 2208 τὸ
3485 2157 3690 2224 ἄψυχον.

2164 2239 2328 2291 Ἀλλὰ
2365 2239 2524 2294 τοῦτο
2582 2243 2680 2309 μὲν
2727 2244 2849 2296 τότε
2896 2245 2984 2296 ὅτε
3021 2245 3090 2297 τὰ
3113 2250 3212 2313 τῆς
3281 2249 3693 2318 εἰδωλολατρείας

2154 2329 2599 2397 ἐπαρρησιάζετο
2623 2345 2636 2360 '
2668 2330 2765 2384 νῦν
2801 2333 2857 2384 δὲ
2901 2332 2995 2386 τοῦ
3039 2335 3188 2397 ὄντος
3234 2338 3447 2406 Κυρίου
3491 2341 3576 2392 τοῦ
3603 2341 3693 2391 τῶν

2155 2417 2294 2470 θεῶν
2323 2421 2460 2474 Θεοῦ
2485 2422 2924 2491 ὲπεγνωσμένου,
2967 2428 2998 2494 ἡ
3036 2428 3198 2497 χάρις
3237 2429 3336 2482 τοῦ
3372 2431 3692 2500 παρακλήτου

2155 2508 2309 2574 ἁγίου
2359 2510 2676 2579 Πνεύματος
2709 2516 2969 2584 ἐμφανῶς
3009 2521 3332 2588 ἐγνωσμένη
3380 2522 3474 2574 οὐκ
3522 2525 3575 2574 ἐν
3624 2523 3690 2591 τῷ

2154 2600 2402 2668 (inpatier
2435 2603 2765 2672 σάλπιγγας,
2815 2609 2910 2659 καὶ
2957 2600 3244 2679 τύμπανα,
3293 2615 3386 2664 καὶ
3417 2614 3690 2682 ψαλτήρια,

2154 2691 2246 2742 καὶ
2299 2690 2627 2762 θαμϐοὐρια,
2662 2697 2756 2749 καὶ
2793 2698 3102 2765 σαμϐύκας,
3134 2704 3230 2754 καὶ
3257 2704 3312 2756 εἴ
3341 2721 3392 2756 τι
3434 2707 3688 2757 τοιοῦτον·

2153 2783 2288 2835 ἀλλὰ
2323 2790 2677 2856 κατηχεῖσθσι
2721 2792 3036 2859 παραδόξως
3083 2798 3220 2864 πνοῇ
3273 2797 3420 2866 βιαίᾳ
3451 2797 3538 2849 καὶ
3579 2797 3690 2867 βρέ-

2157 2891 2311 2940 μοντι
2371 2879 2503 2944 πυρὶ
2566 2881 2690 2942 τούς
2745 2885 3198 2952 παρευρημένους
3253 2887 3348 2939 καὶ
3398 2889 3690 2955 συλλεγῆναι

2156 2965 2437 3032 λαχόντας,
2467 2969 2695 3038 ἐθρόησε
2729 2972 2828 3039 μὲν
2875 2973 3088 3039 οὐδένα,
3120 2975 3479 3043 σεϐασμιάζει
3508 2980 3558 3031 δὲ
3593 2980 3692 3046 ﬁrm

2159 3057 2472 3126 σεϐασμίως
2500 3060 2592 3112 καὶ
2625 3061 2841 3124 σεπτῶς
2877 3064 3122 3118 ὑποκινεῖ
3151 3067 3251 3119 καὶ
3270 3069 3510 3136 σέϐασμα
3533 3067 3693 3121 balisti-

2159 3145 2242 3208 ζει
2273 3147 2486 3215 σεμνῶς
2525 3152 2894 3219 πνευματικὸν
2939 3152 3035 3206 καὶ
3067 3158 3300 3223 κατηχεῖ
3326 3158 3529 3220 σεπτῶς
3550 3157 3690 3208 ἕνεκα

2158 3237 2252 3290 τοῦ
2301 3237 2556 3309 ἀντιϐοᾷν
2612 3241 2857 3294 κάτωθεν
2908 3245 3031 3304 ταῖς
3083 3243 3299 3297 ἄνωθεν
3344 3245 3693 3316 κατηχουμένῃ

2157 3331 2318 3399 πνοῇ,
2367 3331 2427 3383 οὐ
2468 3331 2605 3401 πρὸς
2636 3332 2931 3402 ὁμοιότητα
2977 3335 3194 3404 ἐκείνην
3245 3339 3478 3391 παλαιὰν
3522 3337 3692 3405 ἀψύχῳ

2161 3421 2255 3472 καὶ
2312 3420 2485 3484 οὓτως
2537 3423 2853 3494 ἀναισθήτῳ
2909 3423 3004 3493 βοῇ
3047 3427 3527 3495 ἀντιφθέγγεσθαι.
3575 3428 3691 3481 ἀλλὰ

2159 3511 2472 3580 Θαρσαλέως
2495 3511 2674 3580 λέγειν
2698 3513 2932 3584 διατόρῳ
2961 3515 3054 3585 βοῇ
3080 3516 3216 3583 πρὸς
3240 3519 3331 3571 τὸν
3355 3519 3474 3586 ἄρτι
3501 3535 3692 3588 σημειο-

2160 3602 2428 3672 φοροῦντα
2457 3603 2611 3668 Θεὸν,
2644 3605 2732 3656 τὸν
2764 3607 2820 3658 ὲν
2844 3605 3036 3676 Τριάδι
3067 3609 3127 3660 τὸ
3155 3603 3229 3660 Ὦ
3254 3610 3424 3680 Τριὰς
3449 3609 3692 3678 ίσοσθενὴς

2159 3693 2392 3765 ἄναρχος
2419 3710 2434 3726 ⁸
2474 3697 2610 3766 μόνη
2644 3697 2706 3749 σύ
2739 3697 3028 3766 εὐλογητὸς
3060 3697 3114 3752 εἴ
3140 3701 3282 3768 πρὸς
3315 3701 3590 3768 ἀλήθειαν.
3614 3701 3691 3752 Διὸ

2159 3791 2253 3844 καὶ
2291 3794 2457 3860 μόνην
2495 3792 2552 3844 σὲ
2582 3794 2749 3860 ’ἡμεῖς
2788 3795 2835 3846 οἱ
2888 3793 2974 3846 σοὶ
3021 3795 3382 3864 εὐλογοῦμεν,
3412 3797 3484 3856 ὼς
3518 3796 3587 3863 μὴ
3629 3795 3694 3846 εξ-

2158 3883 2309 3945 δότες
2339 3883 2472 3936 Θεὸν
2502 3883 2659 3937 ἄλλον
2690 3885 2770 3937 ὅτι
2803 3885 2878 3953 μὴ
2911 3885 2969 3938 σὲ
3005 3885 3102 3938 καὶ
3133 3887 3299 3952 μόνον
3328 3901 3339 3916 ·
3375 3887 3510 3940 ὥστε
3536 3885 3592 3938 τὺ
3617 3901 3692 3936 σε·
3743 3879 3748 3888 ’

2161 3973 2456 4042 ϐασμιὰζει
2489 3974 2770 4026 ἁντίθετόν
2798 3975 2915 4027 ἐστι
2945 3976 3080 4044 πρὸς
3111 3976 3170 4029 τὸ
3202 3978 3453 4047 ὲθρόησε,
3485 3977 3693 4047 μάλιστα

2160 4065 2217 4118 δὲ
2257 4065 2392 4134 πρὸς
2422 4065 2483 4117 τδ
2517 4065 2696 4118 σέϐειν
2731 4067 2791 4118 τὸ
2820 4065 3018 4134 βρέτας
3043 4082 3057 4096 '
3095 4067 3190 4119 καὶ
3229 4070 3360 4132 ἴσως
3389 4070 3500 4133 ἐξὸν
3523 4066 3579 4120 ὃν
3597 4069 3693 4128 τοῖς

2162 4156 2418 4224 ῥήτορσιν
2468 4155 2614 4208 ἐστιν
2647 4151 2706 4208 οἶ)
2755 4156 2874 4209 κατ’
2905 4156 3153 4227 ἀνάγκην
3206 4161 3330 4212 τινὰ
3385 4159 3693 4227 καινουργεῖν

2159 4244 2335 4309 λέξεις
2361 4261 2376 4278 ο
2408 4245 2628 4316 ἐποίησε
2661 4245 2820 4298 τοῦτο
2845 4246 2940 4299 καὶ
2967 4249 2993 4300 ὁ
3019 4248 3260 4318 μελῳδδς
3291 4249 3693 4320 νῦν,παραποιή-

2162 4353 2256 4401 σας
2292 4338 2356 4390 ἐκ
2385 4337 2478 4390 τοῦ
2509 4337 2686 4391 σέϐειν
2717 4338 2778 4392 τὸ
2810 4339 3228 4408 σεϐασμιάζειν.

2234 4634 2332 4702 ρξ’.
2362 4635 2502 4698 “Op:
2535 4633 2590 4684 δὲ
2623 4631 2699 4693 ὡς
2727 4631 2916 4695 δεξιῶς
2951 4634 2979 4685 ὁ
3011 4631 3156 4702 ἱερὸς
3181 4628 3338 4697 οὗτος
3369 4634 3585 4703 ποιητὴς
3610 4631 3690 4698 τὴν

2159 4724 2456 4795 εἰρημένην
2483 4723 2792 4794 Χαλδαῖκὴν
2815 4723 3053 4792 ἱστορίαν
3075 4724 3495 4795 παρεισοδιάσας
3515 4719 3689 4790 ἁρμότ-

2160 4833 2359 4869 τουσαν
2391 4816 2568 4886 είρμῷ
2597 4815 2831 4885 ἑϐδόμης
2854 4815 3019 4886 ᾠδῆς,
3049 4817 3143 4869 καὶ
3174 4816 3515 4884 παράλληλον
3543 4809 3687 4874 αὐτὴν

2162 4907 2276 4969 θεὶς
2305 4909 2416 4967 τοῖς
2450 4909 2592 4958 κατά
2640 4905 2701 4958 τὸ
2750 4905 3151 4974 ὲορταζόμενον
3180 4905 3336 4974 ἅγιον
3364 4905 3592 4972 Πνεῦμα,
3619 4901 3688 4952 δε-

2163 4995 2383 5062 ξιότητα
2413 4994 2618 5062 πολλὴν
2672 4995 2882 5047 οἰκείαν
2913 4995 3172 5064 ἐξέφηνε·
3207 4996 3284 5064 τῷ
3317 4996 3412 5064 μὲν
3440 4994 3540 5062 γὰρ
3572 5007 3686 5057 σνμ·

2162 5087 2326 5156 φώνῳ
2379 5087 2528 5156 μέλει
2562 5086 2670 5139 τῶν
2727 5085 2862 5155 πρὸς
2893 5087 3144 5154 αἴσθησιν
3190 5088 3434 5156 ὁργάνων
3471 5084 3684 5141 ἐκείνων,

2161 5179 2259 5249 τὴν
2311 5179 2432 5248 ἄρτι
2486 5177 2873 5248 πνευματικὴν
2934 5179 3252 5246 συμφωνίαν
3303 5173 3682 5244 ἀντιπαρέοετο.

2163 5273 2238 5324 Οὐ
2264 5269 2372 5338 γὰρ
2401 5267 2661 5335 γλωσσῶν
2719 5267 2957 5320 ἐνταῦθα
3007 5267 3288 5338 σύγχυσις,
3338 5267 3469 5320 ἀλλὰ
3499 5266 3682 5321 ἐνωσις,

2163 5363 2256 5416 καὶ
2281 5362 2356 5424 ὡς
2378 5359 2550 5421 οὕτως
2573 5360 2745 5413 εἰπεῖν
2774 5360 3154 5428 συμφρόνησις
3176 5375 3189 5388 ·
3214 5362 3280 5428 τῇ
3307 5359 3363 5413 δὲ
3392 5358 3500 5410 κατ’
3527 5355 3683 5408 ἐκεῖνα

2165 5451 2402 5520 ὲμπνοίᾳ
2458 5451 2553 5502 καὶ
2585 5451 2817 5518 κινήσει,
2847 5451 3164 5518 ῐμπνευστὰ
3192 5449 3301 5518 γάρ
3353 5465 3466 5500 τινα
3495 5446 3684 5500 πάντως

2164 5536 2303 5609 ἦσαν
2342 5541 2400 5590 ὲν
2460 5538 2668 5603 αὐτοῖς,
2721 5537 2818 5607 τὴν
2877 5540 3252 5608 πνευματικὴν
3309 5536 3574 5588 ἐπίπνοιαν
3619 5532 3685 5588 είς

2167 5630 2288 5690 τοὺς
2320 5627 2652 5690 ἀποστόλους
2700 5626 3064 5681 ἀντιτέθεικεν
3085 5645 3098 5658 ο
3129 5627 3342 5698 ὄργανα
3368 5622 3494 5676 Θεοῦ
3527 5620 3697 5673 αὐτοὺς
