3996 6194
322 315 424 376 673

1165 315 1244 372 ΙΝ
1289 313 1620 373 ΠΥΜΝΟΜ
1667 310 2306 370 PEN'I‘ECOSTALEM
2346 310 2798 372 DAMASCENI.

3450 322 3553 383 6H

323 426 479 486 ὄντας
510 423 577 476 τὰ
615 424 821 476 ἐκείνου
857 426 1132 494 μέλπονται
1153 444 1166 457 ’
1201 430 1312 489 τοῖς
1342 427 1397 479 δέ
1432 430 1551 478 τότε
1585 426 1756 489 λαοῖς,
1793 423 1887 501 καὶ

1994 421 2219 474 adverso
2276 423 2492 483 statuit,
2549 425 2641 491 qui
2691 433 2817 477 sunt
2857 424 2954 494 ipsi
3013 425 3102 480 Dei
3158 425 3544 496 instrumenta,

322 519 541 583 φυλαῖς,
580 517 675 568 καὶ
705 515 1000 582 γλώσσαις,
1039 519 1107 570 τὰ
1152 522 1211 569 ἐν
1257 522 1321 587 τῇ
1361 521 1454 571 νῦν
1488 521 1647 587 ἑορτῇ
1677 520 1841 585 ὅμοια
1867 535 1880 549 ·

320 612 388 675 τῇ
416 608 471 658 ὀέ
516 606 609 675 βοῇ
643 606 829 675 ἐκείνῃ
876 608 1013 675 πρὸς
1069 608 1188 676 βίαν
1241 609 1552 679 πληττούσῃ
1600 610 1691 661 τὸν
1721 610 1881 677 ἀέρα,

318 701 414 763 τὴν
452 696 685 749 ἐνταῦθα
723 696 906 765 βιαίαν
938 697 1104 764 πνοήν
1125 715 1140 729 ο
1166 699 1243 767 τῷ
1273 699 1331 752 δέ
1358 701 1476 754 ἐκεῖ
1499 700 1759 770 σεϐασμῷ
1790 700 1883 753 τοῦ

317 789 466 851 ἀξίου
496 788 912 855 κακολογεῖσθαι
935 790 1141 857 ἀψύχου
1160 790 1401 850 εἰδώλου.
1427 792 1520 843 καὶ
1546 794 1612 861 τῇ
1645 808 1885 861 ’⁸9³³³⁸³⁸

318 882 497 947 νήσει,
524 880 620 947 τὴν
645 879 740 930 τοῦ
781 880 1039 947 ἀληθινοῦ
1079 881 1215 934 Θεοῦ
1264 881 1357 934 τοῦ
1400 884 1487 935 ἀεὶ
1522 883 1725 946 ζῶντος
1751 883 1887 945 ζωο-

319 970 559 1036 παρόλου
613 972 909 1035 ἐπίγνωσιν
962 971 1056 1023 καὶ
1115 976 1519 1041 προσκύνησιν’
1566 976 1884 1044 συννοητέον

313 1059 369 1110 δὲ
418 1060 511 1111 καὶ
547 1058 622 1120 ὡς
657 1060 793 1127 τιυρὶ
826 1060 1019 1125 ἐκείνῳ
1075 1060 1366 1131 Χαλδαῖκῷ
1414 1065 1743 1131 φυλάσσοντι
1781 1064 1884 1133 μὲν

312 1153 440 1205 τοὺς
481 1151 578 1219 τὴν
615 1150 777 1216 ἁγίαν
810 1150 1016 1220 Τριὰδα
1048 1155 1354 1219 τυποῦντας
1387 1158 1708 1224 ’μακαρίους
1734 1160 1885 1222 τρεῖς

316 1239 509 1299 παῖδας
541 1242 638 1308 τὴν
676 1242 733 1293 ἐν
774 1242 871 1312 μιᾷ
907 1244 1124 1307 θεότητι
1174 1246 1412 1308 πάντως,
1438 1247 1506 1317 ῆν
1542 1247 1884 1315 συμϐολικῶς

312 1328 505 1396 ἐδήλου
545 1332 572 1382 ὁ
623 1326 705 1393 εἷς
748 1334 774 1383 ὁ
816 1334 1167 1398 συγκαταϐὰς
1210 1336 1302 1387 ἐπὶ
1348 1337 1594 1407 σωτηρίᾳ
1618 1338 1879 1398 ἐκείνοις.

316 1418 429 1487 πῦρ
474 1420 534 1470 τὸ
579 1420 815 1474 ἐνταῦθα
865 1424 1153 1492 παρέθετο,
1201 1426 1372 1489 σῶζον
1408 1429 1506 1495 μὲν
1554 1430 1651 1481 σὺν
1680 1429 1758 1494 τῷ
1789 1430 1883 1483 καὶ

313 1510 559 1576 πυρίνων
595 1511 724 1563 εῖδει
776 1513 1039 1579 γλωσσῶν
1098 1517 1340 1584 σοφίζειν
1389 1520 1515 1582 τοὺς
1561 1520 1659 1585 τῆς
1715 1521 1882 1589 ἁγίας

307 1598 540 1667 Τριάδος
590 1602 1007 1670 ἐπιγνώμονας·
1041 1609 1142 1660 οὐκ
1171 1608 1237 1660 ἂν
1272 1609 1329 1659 δὲ
1368 1610 1443 1678 μὴ
1485 1611 1882 1665 καταναλίσκον

305 1689 535 1758 ἁρῤήτῳ
565 1691 924 1760 συνειδήσεως
956 1698 1143 1765 τρόπῳ
1174 1699 1268 1748 καὶ
1299 1697 1444 1767 λόγῳ
1477 1700 1604 1762 τοὺς
1658 1702 1731 1769 μὴ
1766 1718 1878 1753 τοι·

1988 514 2162 582 ipsius
2207 513 2396 570 laudes
2445 515 2655 570 melode
2707 518 2983 572 canentia.
3018 518 3141 573 Istis
3187 529 3367 573 autem
3421 524 3551 574 olim

1986 604 2202 672 populis
2249 614 2302 657 et
2352 605 2602 660 tribubus
2653 617 2708 661 et
2752 608 2971 678 linguis,
3022 625 3143 678 quia:
3189 620 3317 665 sunt
3361 614 3421 666 in
3454 614 3555 666 hac

1988 695 2277 751 festivitate
2310 698 2511 750 similia
2547 709 2868 765 comparat;
2904 701 2978 754 i'li
3006 716 3134 755 vero
3173 702 3398 756 clamori
3429 704 3551 756 vio-

1986 784 2160 839 lenter
2198 802 2325 841 aera
2393 790 2719 857 percutienti
2790 794 3159 847 viltcmcntcm
3211 794 3280 848 ibi
3331 794 3554 857 ﬂatum;

1987 873 2063 928 illi
2088 876 2424 930 venerationi
2464 877 2611 945 digni
2642 880 2728 931 cui
2759 881 3116 936 maledicatur
3144 883 3373 938 inanimi
3422 885 3550 939 idoli

1985 974 2147 1032 atque
2180 964 2508 1031 adurationi,
2541 968 2653 1020 veri
2689 968 2779 1023 Dei
2813 985 3034 1039 semper
3060 974 3290 1029 viventis
3320 986 3373 1029 et
3418 976 3554 1029 vivi-

1988 1056 2204 1123 licantis
2234 1056 2570 1125 agnitionem
2605 1068 2659 1113 et
2689 1060 3087 1118 adoratiunem.
3136 1063 3251 1118 Una
3289 1081 3417 1118 vero
3461 1083 3554 1117 cn—

1986 1145 2263 1214 gitandum
2311 1148 2455 1213 quod
2518 1149 2594 1204 illi
2647 1149 2944 1206 Chaldaico
3002 1154 3112 1222 igni
3141 1191 3156 1214 .
3205 1157 3390 1211 beatos
3435 1157 3554 1210 illus

1950 1239 2220 1290 .servanti
2258 1248 2367 1292 tres
2412 1255 2628 1306 pueros,
2683 1241 2982 1310 ﬁgurantes
3034 1254 3279 1298 Sanctam
3317 1245 3554 1300 Trinita-

1986 1333 2091 1377 tem
2147 1325 2201 1377 in
2256 1341 2360 1378 una
2413 1342 2638 1395 prorsus
2689 1331 2994 1395 divinitate,
3041 1348 3202 1400 quim
3254 1336 3555 1402 symbolice

1985 1414 2251 1482 figurabat
2288 1418 2373 1471 hic
2408 1434 2550 1473 unus
2578 1421 2669 1488 qui
2701 1421 3062 1477 descenditad
3091 1426 3377 1481 salvandos
3408 1428 3556 1491 illos,

1986 1506 2126 1573 ignis
2156 1508 2228 1560 ibi
2253 1515 2441 1563 contra
2488 1510 2699 1578 positus
2725 1521 2833 1572 est.
2886 1528 3112 1570 servans
3155 1517 3397 1584 quidem,
3449 1521 3552 1570 sub

1984 1597 2262 1666 igneanum
2331 1598 2504 1653 forma
2565 1601 2871 1670 linguarum
2932 1604 3205 1659 reddendo
3272 1608 3548 1675 sapientes

1985 1688 2189 1741 salicta:
2228 1688 2512 1761 Trinitatis
2536 1691 2888 1757 cognitores;
2963 1710 3142 1750 nonne
3183 1708 3359 1751 autem
3409 1697 3549 1751 forte

306 1782 523 1840 σύτο-ας.
572 1780 717 1833 καθὰ
766 1783 860 1835 καὶ
907 1762 1270 1853 προείρηται·
1313 1762 1427 1839 καί).⁷
1447 1762 1674 1857 τοιαύτη
1710 1790 1876 1860 μὲνὴ

1984 1792 2315 1831 consumens
2351 1779 2610 1834 invl'l'ahili
2654 1784 3001 1838 conscientiae
3026 1788 3186 1841 modo
3233 1791 3554 1856 rationeque

302 1866 401 1921 τοῦ
434 1868 596 1937 σοφοῦ
627 1871 944 1938 ίεροῲάλτου
975 1875 1209 1929 ἐνταῦθα
1238 1876 1480 1946 δεξιότης
1499 1880 1555 1941 ἐς
1581 1880 1705 1932 ὅσον
1728 1882 1879 1951 ἡμᾶς

304 1963 758 2032 ἐνοπτρίσασθαι.
791 1964 884 2015 Ἕν
911 1965 967 2018 δέ
1003 1966 1078 2037 τῷ
1132 1968 1308 2037 είρμῷ
1353 1969 1414 2022 τδ
1449 1971 1547 2038 μὲν
1590 1972 1881 2040 σύμφωνον

308 2050 497 2116 μέλος,
526 2053 755 2118 καιρίως
781 2053 1052 2116 λέλεκται,
1080 2057 1172 2109 καὶ
1213 2060 1312 2110 οὐκ
1360 2060 1474 2111 ιστι
1509 2062 1715 2129 φράσαι
1750 2063 1882 2115 κάλ-

303 2137 620 2192 λιονοένθα
670 2140 771 2207 ὅρα
820 2141 968 2206 λέξιν
1021 2147 1237 2216 ἀγαθὴν,
1289 2152 1385 2200 καὶ
1441 2150 1752 2220 σύμφωνον,
1787 2154 1881 2206 καὶ

305 2230 484 2292 οὕτως
512 2232 853 2300 ἐναρμόνιον,
884 2237 1269 2310 φαυλοπραξίᾳ
1298 2245 1766 2311 προσαρμόσασαν
1810 2248 1876 2315 τῇ

303 2320 371 2370 ἐκ
406 2320 713 2389 θελήματος
762 2328 1092 2394 τυραννικοῦ
1116 2345 1130 2358 ι
1165 2332 1259 2381 καὶ
1300 2332 1440 2383 είσὶν
1486 2334 1699 2404 ἀληθῶς
1733 2335 1880 2389 καθὰ

305 2412 659 2476 συνελεύσεις
690 2416 1021 2470 ἁπ;υκταῖαι
1053 2420 1145 2471 καὶ
1186 2425 1499 2487 φευκταῖαι,
1523 2425 1684 2477 ὁποία
1715 2428 1811 2479 καὶ
1844 2429 1877 2497 ἠ

298 2502 417 2554 τῶν
470 2508 924 2575 πονηρευομὲνων
968 2511 1278 2580 συναγωγὴ,
1320 2513 1394 2573 ὡς
1449 2513 1644 2584 ψάλλει
1694 2518 1880 2585 Δαϐὶδ,

304 2596 408 2646 x11
456 2596 580 2648 καθ’
621 2599 689 2665 ῆν
739 2598 1013 2651 συνελθεῖν
1056 2600 1326 2669 ’Δτταγᾶς
1365 2605 1661 2677 Νουμηνίῳ
1704 2626 1883 2663 narra-

306 2686 658 2754 ροιμίασται,
704 2688 959 2741 οὕτωκαὶ
1005 2694 1316 2760 συμφωνίαι
1367 2695 1775 2766 δαιμονιώδειςο
1805 2695 1881 2753 ὧν

300 2780 562 2848 χειρίστη
602 2781 701 2848 μὲν
740 2783 772 2849 ἡ
816 2784 1171 2850 συγκράξασα
1196 2780 1489 2856 τὸ,⁷Αρον,
1522 2783 1679 2859 ἆρον,
1718 2793 1883 2843 σταύ-

303 2885 490 2938 ρωσον
520 2869 683 2922 αὐτόν
704 2886 721 2901 ⁸
761 2870 1029 2941 ὑφειμένη
1061 2875 1119 2926 δὲ
1151 2876 1229 2937 ὡς
1262 2877 1396 2944 πρὸς
1446 2881 1684 2950 ἐκείνην,
1719 2885 1750 2953 ἠ
1784 2884 1879 2952 βα-

302 2958 468 3011 σιλέα
508 2958 607 3029 μὲν
639 2959 784 3032 ἔχειν
832 2962 1286 3036 ἀπαρνησαμένη.
1321 2969 1621 3039 ἐγκρίνασα
1649 2974 1707 3026 δέ
1742 2975 1879 3029 Καί-

204 3044 215 3051 ’
300 3067 473 3113 σαρα.

376 3223 528 3294 ρξα’.
556 3224 630 3277 Τὸ
658 3224 715 3278 δὲ
748 3225 975 3299 ἐθρόησι
1020 3232 1249 3302 τραχεῖα
1277 3232 1421 3296 λέξις
1468 3235 1751 3303 πρέπουσα
1790 3240 1876 3292 ἐν·

296 3318 429 3386 νοίᾳ
464 3317 803 3389 ἐκφοϐητικῇ
833 3335 849 3353 υ
880 3320 1056 3383 ἄλλως
1085 3321 1142 3374 δέ
1190 3340 1255 3390 γε
1298 3324 1509 3391 ἀστεία,
1546 3326 1682 3381 διότι
1726 3329 1879 3384 οὐδὲν

297 3403 458 3475 εἶχεν
487 3407 585 3476 ἡδὺ
615 3407 679 3483 το
716 3409 874 3476 μέλος
909 3411 1112 3476 ἐκεῖνο,
1142 3411 1257 3464 ἀλλ’
1287 3414 1320 3482 ἢ
1356 3416 1516 3483 μόνον
1557 3418 1739 3487 ἐθρόει
1779 3437 1879 3473 κα-

298 3497 586 3565 ταφοϐοὔν
605 3515 620 3529 ⁸
651 3501 942 3570 ἐπιστῆσαι
974 3501 1030 3553 δὲ
1063 3501 1170 3573 χρὴ
1197 3505 1427 3559 ἐνταῦθα
1458 3509 1666 3578 μήποτε
1713 3512 1774 3565 οὐ
1815 3514 1878 3565 τὸ

303 3590 609 3659 σύμφωνον
639 3591 748 3643 τῶν
778 3592 1025 3661 ὀργάνων
1062 3594 1223 3662 μέλος
1264 3598 1325 3650 τὸ
1371 3600 1610 3668 μάλιστα
1662 3602 1873 3671 θέλγον,

299 3683 543 3750 ὶθρόησε
594 3681 722 3744 τοὺς
772 3689 1313 3756 παρατετυχηκότας,
1362 3691 1499 3743 ἀλλὰ
1525 3693 1585 3745 τὸ
1615 3696 1876 3765 κήρυγμα

300 3773 404 3826 τοῦ
437 3772 714 3841 βασιλικοῦ
761 3773 1098 3845 βουλήματος
1118 3793 1134 3810 ο
1166 3778 1195 3830 ὃ
1226 3779 1491 3851 κήρυγμα
1526 3786 1878 3838 συνεπιλαϐό-

306 3881 489 3932 μενον
528 3865 621 3917 καὶ
664 3863 926 3935 θροῆσαν,
959 3868 987 3920 ὅ
1030 3867 1179 3921 ἐστιν
1226 3870 1494 3941 κλονῆσαν
1527 3873 1649 3926 καθ’
1690 3875 1878 3944 ἕτερον

309 3955 577 4025 μελῳδὸν,
629 3957 895 4025 πεποίηκε
946 3958 1408 4023 συνεξακούεσθαι
1468 3967 1580 4029 τοῖς
1623 3967 1878 4039 ὀργάνοις

301 4048 412 4115 τὴν
446 4046 693 4115 θρόησιν.
715 4046 967 4117 Ἀληθῶς
995 4050 1104 4119 γὰρ
1133 4050 1193 4103 οὐ
1227 4052 1287 4104 τὸ
1325 4052 1484 4121 μέλος
1515 4054 1716 4124 ἐθρόει,
1740 4057 1879 4110 ἀλλὰ

298 4142 359 4191 τδ
391 4140 655 4209 κήρυγμα
677 4154 690 4168 ·
724 4138 853 4203 ἴσως
880 4141 937 4193 δὲ
968 4143 1060 4193 καὶ
1088 4144 1174 4196 διὰ
1205 4143 1264 4196 τὸ
1292 4145 1617 4216 ὑπερπαίειν
1643 4150 1713 4201 τὰ
1742 4150 1879 4218 τύμ-

302 4246 456 4283 πανα
486 4235 578 4283 καὶ
602 4231 670 4283 τὰ
704 4231 933 4300 βάρϐιτα
962 4233 1050 4286 καὶ
1072 4236 1136 4287 τὰ
1158 4233 1418 4305 κύμϐαλα
1437 4238 1515 4308 τῷ
1537 4241 1878 4311 τραχυφώνῳ

300 4321 408 4389 τὴν
438 4319 641 4389 λεπτὴν
672 4320 990 4397 ἐμμέλειαν,
1018 4325 1113 4377 καὶ
1138 4324 1476 4396 θορυϐητικλ
1506 4330 1707 4396 μᾶλλον
1739 4327 1877 4386 εἶναι

303 4410 453 4480 ἧπαρ
483 4410 795 4481 θελκτήρια,
830 4411 905 4474 ὼς
948 4415 1013 4466 ἐκ
1049 4414 1248 4485 μέρους
1267 4419 1448 4472 αὐτῶν
1480 4423 1573 4473 καὶ
1616 4422 1724 4475 τῶν
1755 4426 1876 4476 κατ’
1909 4403 1954 4460 D

303 4501 450 4553 αὐτὰ
483 4502 830 4571 κατηγόρησε
869 4504 930 4555 τὸ
977 4503 1156 4573 θροεῖν
1200 4507 1310 4559 τῶν
1348 4509 1692 4579 ὀλοργάνωνο
1728 4514 1875 4578 γίνευ

303 4609 397 4643 ται
426 4592 484 4643 δὲ
534 4593 595 4644 τὸ
627 4593 804 4661 θροεῖν
858 4597 925 4647 ἐκ
972 4595 1068 4648 τοῦ
1120 4597 1275 4666 θρόος
1333 4601 1516 4671 θροῦς,
1552 4603 1579 4656 ὃ
1604 4605 1755 4674 δηλοῖ
1787 4607 1876 4658 τὸν

304 4683 542 4752 θόρυϐον
560 4700 573 4712 ·
601 4682 823 4739 δύναται
845 4686 902 4738 δὲ
931 4686 1108 4758 θροεῖν
1131 4689 1270 4743 εἶναι
1296 4694 1390 4747 καὶ
1411 4694 1472 4746 τὸ
1492 4696 1644 4765 ἠχεῖν
1665 4696 1873 4759 ἁπλῶς,

304 4776 404 4827 καὶ
430 4775 491 4826 τὸ
522 4775 704 4827 λαλεῖν
733 4775 788 4828 δὲ
822 4775 1004 4846 θροεῖν
1041 4780 1172 4848 φασί
1202 4797 1371 4847 τινες,
1400 4784 1461 4836 ού
1496 4786 1605 4854 μὴν
1651 4784 1875 4849 πεζολο-

304 4866 501 4932 γικῶς,
524 4866 663 4917 ἀλλὰ
720 4868 1021 4937 ποιητικῶς
1054 4870 1483 4943 τραγικώτερον.
1522 4877 1771 4945 Ὄργανα
1823 4876 1879 4929 δὲ

308 4957 456 5018 ιδίως
484 4956 581 5008 νῦν
618 4956 687 5009 τὰ
724 4960 986 5027 μουσικὰ,
1012 4961 1072 5013 ού
1105 4962 1554 5031 κυριολεκτικῶς,
1587 4966 1721 5019 ἀλλά
1767 4984 1877 5020 κοι-

278 5022 527 5113 κντί-τερον
544 5048 615 5100 δι’
645 5048 817 5112 αὐτὴν
845 5050 931 5103 ἐπ’
962 5052 1147 5114 αὐτοῖς
1178 5053 1359 5122 ὄρεξιν
1387 5056 1495 5107 τῶν
1518 5055 1594 5119 ὠς
1620 5058 1715 5109 ἐπὶ
1744 5060 1877 5111 πολὺ

305 5141 641 5209 ἀργοτέρων,
678 5140 917 5209 μάλιστα
945 5144 1002 5195 δὲ
1029 5144 1139 5195 τῶν
1166 5147 1225 5196 ἐν
1256 5148 1629 5216 πανηγύρεσιν
1653 5164 1666 5179 ο
1704 5150 1879 5211 ἄλλως

313 5231 494 5294 μέντοι
522 5230 749 5300 ὄργανα,
792 5234 887 5289 καὶ
914 5236 1171 5301 ἐργαλεῖα
1216 5237 1298 5300 είς
1341 5236 1402 5290 ἐν
1438 5242 1718 5308 σημασίαν
1744 5245 1879 5296 ἁπο-

309 5319 637 5373 τελευτῶαιο
686 5321 754 5374 τὰ
816 5323 917 5392 μὲν
977 5326 1128 5394 παρὰ
1176 5326 1237 5378 τὸ
1287 5328 1447 5395 ἔργον
1507 5330 1876 5398 ὼνομασμένα

307 5404 383 5468 ὡς
412 5409 718 5476 ἐργατικῶς
752 5412 1118 5482 ἀφωρισμένα
1150 5415 1465 5485 προσώποις
1494 5433 1508 5447 ’
1534 5420 1600 5471 τὰ
1633 5419 1690 5471 δὲ
1724 5422 1875 5488 παρὰ

309 5496 371 5547 τὸ
400 5498 578 5568 όρέγω
599 5502 659 5554 τὸ
692 5503 912 5565 κτείνω,
941 5504 1021 5567 είς
1050 5504 1086 5557 ἃ
1116 5509 1298 5575 χεῖρες
1330 5509 1618 5576 ἐργατικαὶ
1653 5509 1875 5578 ὀρέγον-

310 5603 405 5639 ται
436 5590 606 5661 ήγουν
637 5594 994 5652 ἐκτείνονται.

1982 1879 2076 1918 eos
2106 1865 2200 1933 qui
2234 1866 2368 1919 tales
2398 1881 2505 1920 non
2539 1879 2692 1931 sunt,
2746 1879 2802 1924 ut
2846 1874 2957 1942 jam
3003 1873 3208 1928 dictum
3255 1877 3374 1930 cst?
3404 1876 3554 1934 Talis

1983 1955 2201 2024 quidem
2255 1965 2340 2011 est
2388 1958 2458 2009 ibi
2512 1959 2774 2027 sapientis
2830 1965 3074 2036 auctoris
3115 1967 3253 2018 sacri
3304 1968 3550 2031 solertia.

1981 2057 2247 2115 quantum
2305 2065 2404 2103 nos
2450 2049 2717 2118 inspicere
2772 2055 3067 2121 potuimus.
3118 2055 3174 2109 lu
3223 2060 3322 2112 hoc
3368 2070 3549 2114 autem

1984 2154 2124 2192 nexu
2152 2154 2166 2190 :
2199 2139 2494 2209 σύμφωνον
2529 2144 2713 2211 μέλος,
2753 2157 3056 2214 opportune
3087 2148 3286 2203 dictmn
3317 2162 3419 2228 est,
3447 2168 3550 2207 nec

1982 2237 2103 2281 erat
2132 2230 2334 2284 locutio
2382 2233 2699 2298 pulchrior:
2738 2236 2829 2289 ubi
2865 2238 2983 2292 vide
3019 2238 3313 2293 dictionem
3350 2242 3545 2297 bunam

1983 2327 2035 2370 et
2062 2322 2530 2388 symphoniacam.
2558 2334 2611 2378 ct
2646 2326 2763 2380 ideo
2820 2329 3193 2385 harmonicam
3245 2348 3408 2401 pravo
3454 2338 3549 2388 ad-

1983 2416 2224 2475 aptatam
2251 2411 2403 2479 operi
2434 2414 2578 2480 quod
2625 2429 2657 2468 e
2702 2417 2981 2473 voluntate
3009 2422 3223 2491 tyranni
3251 2425 3543 2491 pendebat.

1983 2499 2124 2554 Sunt
2184 2503 2389 2556 etenim
2444 2519 2589 2567 rere,
2656 2508 2798 2561 sicut
2846 2511 3233 2568 abominabilia
3280 2515 3551 2572 detestan-

1982 2592 2159 2659 daque
2191 2594 2449 2655 concilia,
2480 2597 2657 2664 qualis
2675 2600 2981 2667 crat,juxta
3011 2606 3332 2671 psallentent
3359 2608 3548 2677 David,

1985 2682 2302 2751 iniquorum
2356 2699 2666 2755 synagoga,
2715 2688 2915 2759 illaque
2975 2707 3083 2761 qua
3140 2694 3372 2767 Attagus
3422 2715 3548 2753 cum

1981 2771 2250 2826 Nutneuio
2283 2777 2542 2844 congredi
2589 2780 2936 2846 proverbium
2994 2795 3100 2850 est,
3134 2785 3214 2839 sic
3244 2790 3409 2842 etiam
3438 2792 3551 2844 da:-

1983 2862 2244 2918 moniacae
2273 2866 2634 2933 symphoniae.
2659 2882 2888 2935 quarum
2920 2873 3152 2940 pessima
3182 2874 3284 2929 fuit
3323 2878 3546 2946 quidem

1979 2968 2042 3008 ea
2074 2969 2197 3022 qua:
2241 2958 2640 3014 conclamavit:
2672 2958 2847 3026 Tolle,
2893 2963 3039 3031 tolle,
3093 2968 3348 3039 crucilige
3384 2986 3546 3038 enim;

1979 3053 2038 3101 et
2057 3059 2120 3099 ea
2149 3061 2291 3118 quat,
2323 3056 2576 3117 tanquam
2602 3050 2676 3104 illi
2702 3053 3108 3137 subjecta,_non
3141 3058 3341 3114 habere
3365 3077 3544 3131 regem

1981 3134 2085 3189 nisi
2109 3134 2405 3201 Cat-sarem,
2431 3136 2749 3195 allirmabat.

2054 3224 2177 3279 161.
2224 3227 2459 3282 Verbum
2512 3238 2694 3284 autem
2736 3232 2969 3303 ἐθρόησε
3010 3234 3180 3290 dictio
3212 3246 3297 3293 est
3329 3254 3559 3309 aspera,

1983 3317 2235 3371 terriﬁcae
2257 3320 2542 3373 sententia:
2565 3323 2933 3389 conveniens;
2958 3325 3092 3380 alias
3112 3341 3291 3382 autem
3314 3330 3546 3392 urbana.

1978 3424 2045 3460 eo
2077 3408 2223 3477 quod
2255 3409 2391 3463 nihil
2421 3410 2652 3465 habebat
2677 3413 2837 3468 dulce
2880 3415 3004 3470 talis
3033 3418 3263 3473 melodia
3294 3423 3385 3475 sed
3422 3412 3548 3496 tan;

1981 3507 2094 3551 tum
2132 3500 2446 3567 personabat
2486 3501 2549 3556 ad
2593 3506 2928 3559 tenendum.
2978 3508 3081 3563 Hic
3127 3519 3306 3566 autem
3357 3516 3549 3569 advor-

1982 3590 2206 3642 tendum
2265 3592 2491 3647 miuime
2559 3597 3007 3664 symphoniacam
3051 3600 3546 3659 instrumentorum

1980 3682 2291 3745 ntclodiam,
2322 3683 2476 3737 valde
2523 3688 2871 3751 mulcentem,
2895 3689 3084 3745 obvios
3112 3696 3545 3758 ccuturbavissc,

1982 3769 2075 3821 sed
2110 3770 2270 3839 regia:
2299 3772 2594 3827 voluntatis
2621 3776 2949 3842 praeconium
2978 3796 2992 3831 :
3020 3781 3162 3847 quod
3192 3786 3546 3849 praeconium,

1980 3865 2146 3918 simul
2171 3876 2450 3936 acceptum
2480 3879 2533 3923 et
2557 3869 2819 3939 θροῆσαν,
2862 3872 2916 3925 id
2945 3882 3050 3937 est,
3075 3874 3233 3943 juxta
3277 3878 3545 3931 melodum

1978 3957 2233 4021 alterum,
2282 3962 2506 4014 turbans
2563 3961 2904 4031 (κλονῆσαν),
2952 3966 3198 4019 exaudiri
3253 3967 3378 4023 fecit
3418 3985 3543 4023 cum

1982 4048 2359 4104 instrumentis
2409 4052 2631 4105 terroris
2680 4067 2922 4107 sonum:
2971 4069 3095 4109 vere
3150 4072 3386 4127 namque
3438 4076 3545 4114 non

1980 4140 2238 4206 melodia,
2296 4141 2392 4195 sed
2447 4144 2777 4211 praeconium
2840 4147 3230 4203 conturbabat.
3294 4150 3546 4207 Forsitan

1981 4242 2161 4285 autem
2190 4232 2380 4296 etiam,
2411 4247 2476 4287 eo
2503 4235 2649 4302 quod
2682 4244 2954 4305 tympana,
2993 4237 3277 4310 harbytus,
3305 4250 3358 4295 et
3389 4258 3541 4313 cym-

1982 4325 2105 4380 bala
2156 4340 2327 4380 rauco
2352 4340 2488 4382 sono
2521 4328 2694 4382 lenem
2727 4330 3013 4383 melodiam
3047 4333 3397 4400 superabant,
3427 4335 3548 4390 ideo

1986 4417 2158 4485 magis
2188 4418 2405 4470 turbare
2451 4431 2613 4486 quam
2664 4420 2902 4472 mulcere
2950 4430 3227 4487 poterant,
3269 4423 3341 4476 ita
3391 4432 3449 4477 ut
3481 4440 3551 4480 ex

1984 4515 2133 4575 parte
2156 4506 2372 4561 illorum
2397 4516 2451 4561 et
2478 4508 2610 4576 ipsis
2636 4508 2897 4562 similium
2918 4509 3182 4565 adversus
3202 4513 3382 4567 omnia
3400 4514 3552 4569 dixe-

1986 4598 2053 4650 rit
2085 4597 2446 4657 instrumenta
2473 4597 2696 4652 verbum
2729 4598 2927 4667 θροεῖν.
2970 4600 3130 4657 Venit
3160 4614 3337 4657 autem
3366 4605 3549 4673 θροεῖν

1984 4705 2048 4744 ex
2086 4704 2217 4743 voce
2248 4690 2408 4757 θρόος
2463 4684 2647 4759 θροῦς,
2686 4690 2830 4760 quod
2901 4691 3175 4762 signiﬁcat
3232 4694 3544 4751 tumultum.

1985 4780 2164 4832 Potest
2183 4788 2364 4832 autem
2394 4793 2513 4834 csse
2542 4779 2723 4849 θροεῖν
2743 4781 3059 4851 simpliciter
3076 4784 3250 4853 ἠχεῖν,
3272 4800 3550 4851 resonare,

1986 4877 2039 4923 ct
2091 4870 2253 4923 etiam
2297 4869 2446 4938 loqui
2481 4870 2667 4924 dicunt
2696 4872 2862 4938 aliqui
2904 4873 3123 4940 θορεῖν,
3167 4888 3274 4929 non
3329 4877 3548 4946 quidem

1987 4963 2041 5016 in
2074 4962 2372 5032 prosa,sed
2401 4963 2613 5034 instylo
2644 4964 2854 5032 poetico
2890 4965 3120 5034 tragico.
3150 4968 3406 5037 Ὄργανα
3425 4984 3552 5024 vero

1985 5050 2267 5119 speciatim
2302 5051 2458 5105 hodie
2484 5052 2743 5107 dicuntur
2771 5054 3137 5110 instrumenta
3171 5059 3402 5120 musica,
3433 5075 3544 5112 non

1986 5142 2201 5210 propria
2267 5142 2525 5202 dictione.
2591 5143 2685 5197 sed
2746 5147 3067 5205 communi.
3127 5146 3198 5201 ob
3251 5148 3550 5217 appetitum

1984 5232 2165 5303 ὄρεξιν
2197 5232 2249 5284 iu
2273 5247 2334 5285 ea
2358 5233 2674 5302 plerumque
2701 5234 2998 5304 pigriorum
3025 5240 3369 5308 maximeque
3397 5240 3553 5292 ccede

1987 5327 2086 5381 bus
2124 5327 2462 5397 panegyricis
2507 5338 2875 5384 assuetorum.
2914 5331 3062 5383 Alias
3122 5339 3303 5383 tamen
3347 5343 3547 5395 organa

1985 5427 2038 5471 ct
2077 5418 2334 5489 ἐργαλεία
2371 5419 2424 5474 in
2458 5434 2627 5473 unum
2685 5421 2865 5490 quoad
2904 5421 3354 5491 signiﬁcationem
3408 5420 3553 5474 desi-

1987 5519 2125 5565 nunt
2178 5527 2192 5563 :
2252 5525 2358 5565 una
2429 5512 2647 5582 quidem
2711 5512 2781 5566 ob
2848 5512 3009 5580 ἔργον
3076 5512 3218 5564 dicta
3289 5521 3549 5581 tanquam

1986 5601 2303 5670 ἐργατικῶς
2340 5602 2584 5672 seiuncta
2617 5617 2646 5657 a
2679 5603 2997 5673 speciebus;
3030 5603 3135 5655 alia
3172 5615 3298 5656 vero
3329 5612 3551 5671 pmpter

304 5680 488 5755 δρέῖω
524 5688 705 5753 tendo,
740 5690 792 5744 in
822 5705 942 5759 quae
973 5707 1164 5748 manus
1191 5694 1793 5763 operariaz'tcndnntur
1846 5711 1897 5750 vc

1984 5696 2270 5764 ipé‘fOVtat.
