3950 6204
202 280 304 346 θθθ

992 292 1078 354 IN
1107 292 1447 355 HYMNUM
1494 291 2139 373 PENTECOSTALEM
2184 274 2648 355 DAMASCENL

3340 284 3459 347 690'

204 393 299 449 τοῦ
321 394 604 467 θαύματος
632 398 845 454 ἐκείνου
871 401 1119 473 ἀθροίσει
1145 403 1205 471 ὲν
1237 405 1336 474 μιᾷ
1358 401 1581 474 ἡμερῶν
1609 401 1776 471 κυρίᾳ

1890 400 1973 456 Iud
2004 400 2221 469 quidem
2267 409 2380 453 tum
2419 414 2655 472 primum
2686 399 2738 452 in
2784 395 2921 452 Sion
2978 394 3178 451 factum
3229 402 3333 450 est.
3390 396 3445 448 lu

202 489 302 541 οὐκ
323 489 675 558 ἐμφαντικῶς
738 494 833 546 καὶ
860 494 1197 565 ὲνοπτρικῶς
1235 495 1465 565 νοοῦμεν
1496 496 1594 565 τὴν
1618 512 1772 566 τρισ-

204 580 508 635 υπόστατον
540 582 789 653 θεότητα.
822 586 986 640 Ἀλλὰ
1024 587 1453 657 καταλαϐόμενοι
1496 589 1674 642 ἐκεῖνο
1712 587 1773 641 τὸ

202 667 438 739 τρίωρον
483 671 603 724 κατ’
641 672 884 743 ἔμφασιν
928 676 1160 746 αἴνιγμα
1195 677 1332 747 πρὸς
1365 676 1771 751 ἀκριδεστάτην

204 760 301 812 καὶ
328 762 809 835 ἀκραιφνεστάτην
845 769 943 820 καὶ
965 766 1139 832 οὕτως
1180 770 1603 841 ὲμφανεστάτην
1642 769 1774 840 ἁλή·

205 851 381 905 θειαν·
412 856 505 906 καὶ
544 856 678 926 όρᾷν
721 857 1157 928 όφθαλμοφανῶς
1189 859 1472 925 δοκοῦντες
1506 861 1566 915 σὲ
1595 862 1687 915 τὸν
1718 860 1775 915 ὲν

200 946 351 1013 τρισὶ
394 949 710 1015 προσώποις
754 948 853 1002 ενα
898 949 1054 1014 Θεὸν,
1086 951 1178 1005 τὸν
1210 952 1360 1015 Υἰὸν,
1394 954 1489 1008 καὶ
1524 951 1773 1024 Πατέρα,

206 1037 302 1088 καὶ
332 1037 580 1109 Πνεῦμα,
608 1041 844 1113 λέγομεν
876 1043 974 1098 καὶ
1004 1042 1221 1115 βοῶμεν
1256 1046 1350 1100 καί
1379 1044 1657 1116 ψωλομέν
1689 1061 1774 1098 σοι

199 1128 288 1191 τὸ,
323 1128 627 1201 Εὐλογητὸς
653 1128 723 1185 εἰ.

280 1400 421 1465 ροη’.
464 1397 575 1451 Καὶ
604 1398 708 1469 ὅρα
739 1399 799 1453 τὸ
841 1400 899 1454 ὲν
928 1403 1031 1473 μιᾷ
1067 1403 1290 1475 ἡμερῶν
1336 1405 1671 1478 συνηγοροῦν
1698 1406 1778 1479 τῷ

200 1486 362 1557 τρίτη
386 1487 569 1558 ὡρῶν,
592 1491 671 1554 ὡς
697 1491 1136 1564 ἁναγέγραπται’
1168 1497 1215 1549 εἰ
1243 1498 1317 1568 μή
1348 1515 1433 1561 τις
1458 1499 1519 1551 τὸ
1552 1501 1778 1570 ἡμερῶν

198 1581 268 1649 τῇ
325 1581 495 1653 κυρίᾳ⁵
542 1583 794 1651 συντάξει
834 1585 1132 1655 κολλήσας,
1160 1588 1355 1643 καθότι
1401 1591 1433 1661 ὴ
1476 1590 1611 1661 παρ’
1644 1592 1778 1661 ἡμῖν

198 1669 430 1740 τοιαύτη
465 1671 790 1744 ὲορταστικὴ
851 1676 1019 1746 κυρία
1046 1678 1163 1732 ἐστὶ
1208 1679 1302 1732 καὶ
1332 1679 1469 1752 αὕτη
1497 1680 1609 1735 τῶν
1651 1684 1776 1749 ipso

202 1759 301 1827 ea;
334 1741 567 1831 ἡμερῶν
595 1741 1155 1835 δι’ὧννάπαρτίζεται
1189 1769 1221 1838 ἡ
1269 1741 1527 1840 έοδομὲς.
1561 1741 1776 1842 ωδε
1812 1741 1852 1793 Β

201 1853 365 1922 χάριν
395 1853 570 1905 εἰπὼν
601 1857 744 1924 μετὰ
787 1856 1017 1929 ἄρθρου,
1051 1859 1176 1913 κατ’
1214 1862 1493 1932 ἐξαίρετον
1537 1864 1777 1933 ἐδήλωσε

201 1947 302 2017 τὴν
330 1947 427 2000 τοῦ
478 1949 640 2016 ἁγίου
694 1951 1015 2022 Πνεύματος
1069 1954 1127 2005 ἐν
1182 1954 1428 2024 σχήματι
1460 1954 1676 2026 ὲξοχῆς’
1711 1957 1779 2028 ἢν

200 2040 366 2109 χάριν
393 2042 421 2093 ό
448 2040 592 2111 ἔχων
617 2043 934 2112 πέπλησται
968 2044 1077 2098 τῶν
1101 2047 1449 2116 κρειττόνων,
1480 2048 1574 2102 καὶ
1603 2048 1777 2113 οὕτως

199 2133 497 2204 αὐτάρκως
546 2134 684 2205 ἔχει,
724 2137 831 2191 κᾶν
855 2138 1026 2207 μυρία
1061 2138 1337 2209 θλίδηται,
1381 2140 1458 2205 ὡς
1508 2141 1606 2196 τοῦ
1640 2143 1778 2197 Θεοῦ

200 2225 483 2288 Ιπαντοίως
518 2228 993 2298 ἐπισκεπτομένου
1047 2231 1233 2283 αὐτόν’
1270 2235 1366 2289 καὶ
1415 2233 1577 2287 τοῦτο
1628 2234 1782 2304 δηλοί

200 2320 230 2371 ὸ
256 2317 471 2372 ἐκεῖθεν
496 2320 578 2387 ἐφ’
606 2315 689 2381 οἷς
716 2319 893 2374 ἐδέετο
917 2320 1105 2390 μαθὼν
1129 2322 1213 2390 τὸ,
1247 2324 1303 2377 Ἀ
1313 2325 1436 2396 ρκεῖ
1459 2342 1540 2379 σοι
1561 2328 1595 2398 ή
1621 2327 1781 2397 χάρις

208 2422 335 2475 μου*
372 2407 407 2478 ἡ
452 2409 510 2462 δὲ
561 2410 799 2481 ἁπλότης
852 2411 1088 2466 ἐνταῦθα
1130 2414 1190 2465 οὺ
1234 2414 1335 2483 τὴν
1363 2416 1570 2487 συνήθη
1604 2417 1778 2486 δηλοῖ,

207 2499 329 2553 καθ’
357 2501 426 2570 ἦν
456 2500 667 2563 ἁπλοῦς
697 2520 779 2566 τις
812 2503 1124 2558 πεπλᾶσθαί
1151 2522 1341 2575 φησιν,
1366 2508 1503 2561 ἀλλὰ
1524 2508 1585 2561 τὸ
1616 2510 1781 2580 μονῆ-

212 2610 301 2663 ps:
330 2594 426 2646 καὶ
461 2595 755 2649 ἀσύνθετον
787 2598 882 2649 καὶ
913 2597 1198 2650 ἀποίκιλον
1240 2599 1339 2667 τῆς
1371 2599 1534 2668 ἁγίας
1564 2601 1782 2672 Τριαδι-

211 2684 309 2752 κῆς
351 2684 629 2750 ἐξουσίας.
669 2686 734 2740 Ἡ
786 2687 842 2740 δὲ
899 2686 1120 2752 ἑξουσία
1175 2690 1233 2742 ὲν
1269 2689 1483 2754 τούτοις
1537 2692 1639 2745 οὐκ
1689 2693 1783 2747 ἐπὶ

210 2775 493 2846 δυνάμεως
519 2777 705 2840 ἁπλῶς
736 2779 1287 2849 κυριολεκτείται,ὠς
1309 2781 1618 2849 εἰθίσμεθα,
1647 2783 1783 2837 ἀλλὰ

218 2868 453 2936 μάλιστα
481 2869 669 2923 οὐσίαν
695 2869 848 2940 δηλοῖ
876 2870 1221 2942 ἐξοχωτάτην
1253 2872 1355 2925 ὑπε
1367 2873 1602 2942 ρούσιον,
1634 2875 1781 2946 ἢπερ

211 2961 353 3013 ἐστὶν
382 2964 410 3014 ό
443 2960 599 3027 Θεὸς,
635 2962 729 3032 τῆς
761 2961 835 3027 ἐξ
869 2964 1181 3033 προθέσεως
1211 2965 1306 3017 καὶ
1335 2964 1431 3018 νῦν
1461 2968 1782 3037 ἱπιτατικὴν

1878 493 1982 548 hac
2039 502 2218 549 autem
2252 500 2440 548 nostra
2492 493 2932 565 congregatione,
2981 505 3101 558 quze
3160 490 3219 542 tit
3244 490 3295 542 in
3340 504 3447 543 una
3494 482 3519 599 ί

1879 584 2086 640 dierum
2119 584 2423 650 Dominica,
2454 583 2520 638 ad
2567 582 2948 639 celebrandum
3011 584 3113 636 hoc
3142 579 3446 650 prodigium

1878 690 1985 729 non
2024 687 2278 745 tanquam
2320 674 2372 729 in
2400 675 2879 745 repraesentatione
2927 681 2981 727 et
3014 671 3067 725 in
3127 670 3452 741 speculodi-

1878 764 2156 821 vinitatem
2190 767 2244 820 in
2298 764 2474 821 tribus
2521 763 2790 834 personis,
2836 761 3136 832 cogitamus
3171 776 3187 826 ;
3230 758 3323 813 sed
3347 760 3451 813 hoc

1875 859 2040 913 trium
2106 858 2365 913 horarum
2430 853 2935 927 reprarsentativum
2994 853 3227 923 aenigma
3287 850 3444 920 juxta

1875 950 2247 1021 purissimam,
2327 946 2796 1005 accuratissimam
2857 955 2911 999 et
2938 944 3011 999 ita
3061 940 3442 997 manifestissi-

1875 1057 2021 1097 mam
2065 1042 2344 1097 veritatem
2413 1039 2824 1100 intelleximus;
2872 1046 2924 1090 et
2953 1034 3335 1089 existimantes
3366 1030 3449 1085 vi-

1877 1133 2109 1191 sibiliter
2159 1131 2358 1188 intueri
2392 1142 2445 1187 te
2479 1131 2533 1186 in
2584 1130 2756 1185 tribus
2789 1127 3039 1200 personis
3071 1140 3240 1179 unum
3275 1123 3448 1178 Deum

1878 1225 2101 1292 Fllium,
2157 1234 2211 1281 et
2252 1226 2491 1291 Patrem,
2528 1232 2581 1278 et
2642 1222 2929 1292 Spiritum,
2981 1218 3217 1273 dicimus
3255 1223 3309 1271 et
3339 1215 3450 1270 cla-

1881 1332 2094 1373 mamus
2125 1326 2179 1372 et
2213 1317 2491 1387 psallimus
2524 1314 2617 1368 tibi
2655 1333 2668 1368 :
2703 1311 3029 1367 Benedictus
3056 1324 3137 1363 es.

1950 1409 2072 1465 178.
2107 1410 2172 1465 Et
2208 1410 2324 1465 vide
2361 1407 2713 1467 locutionem,
2752 1405 2805 1458 iu
2838 1419 2945 1458 una
2989 1404 3198 1457 dierum
3224 1416 3452 1473 congre-

1881 1504 2041 1573 garit,
2068 1502 2304 1557 dictione
2355 1500 2514 1570 τρίτη
2559 1498 2719 1567 ὡρῶν
2761 1495 2928 1549 fuisse
2957 1493 3283 1548 delineatam
3309 1508 3325 1557 ;
3351 1490 3450 1544 nisi

1881 1596 2006 1664 quis
2059 1594 2116 1646 τὸ
2145 1591 2370 1662 ἡμερῶν
2396 1590 2461 1660 τῇ
2500 1588 2666 1658 κυρίᾳ
2713 1586 2928 1657 syntaxi
2964 1582 3285 1653 coniungat,
3320 1596 3453 1650 qua—

1886 1696 2045 1740 tenus
2077 1682 2216 1753 apud
2249 1696 2347 1735 nos
2382 1680 2499 1735 dies
2531 1678 2848 1748 hujusmodi
2884 1675 3076 1730 festiva
3124 1672 3291 1744 κυρία
3334 1672 3454 1724 lari.

1889 1775 2129 1849 (domina
2165 1773 2269 1841 est)
2300 1773 2416 1841 ipsa
2445 1768 2890 1839 subsequentium
2947 1765 3186 1827 dierum,
3251 1761 3452 1824 quibus

1888 1864 2223 1921 hebdomada
2279 1861 2653 1931 componitur.
2716 1859 2851 1914 Cum
2902 1864 3082 1909 autem
3139 1854 3238 1922 τὴν
3291 1854 3453 1922 χάριν

1887 1970 2010 2009 cum
2046 1952 2281 2007 articulo
2326 1951 2545 2015 dixerit,
2577 1948 2775 2004 eximie
2826 1946 3056 2019 gratiam
3114 1943 3355 2015 Spiritus
3401 1942 3453 1996 in

1889 2060 2143 2115 supremo
2175 2043 2345 2114 gradu
2379 2041 2705 2113 signiﬁcavit
2731 2056 2746 2106 ;
2775 2054 2938 2108 quam
2988 2035 3217 2109 gratiam
3251 2034 3457 2089 habens

1888 2135 2204 2190 melioribus
2241 2133 2501 2202 repletur,
2523 2142 2575 2185 et
2600 2131 2700 2196 sic,
2733 2131 2860 2185 licet
2906 2128 3052 2183 mille
3078 2125 3459 2183 tribulatione:

1888 2228 2178 2291 sustineat,
2222 2234 2479 2294 tanquam
2534 2224 2643 2278 Deo
2680 2221 3001 2278 omnimodo
3032 2233 3158 2275 eum
3201 2217 3459 2273 visitante

1893 2319 2029 2374 satis
2064 2317 2247 2370 habet.
2279 2315 2344 2370 Et
2377 2317 2480 2369 hoc
2519 2317 2861 2370 demonstrat
2888 2313 2980 2368 ille
3002 2311 3095 2382 qui
3122 2309 3337 2373 exinde,
3371 2307 3459 2361 tibi

1888 2411 2114 2464 deerant
2151 2406 2341 2472 multa,
2368 2404 2592 2461 didicit:
2626 2404 2840 2460 Sullieit
2867 2403 2965 2459 tibi
2992 2401 3164 2473 gratia
3195 2414 3336 2457 mea.
3361 2396 3464 2453 llic

1889 2512 2067 2556 autem
2108 2500 2433 2570 simplicitas
2471 2514 2576 2553 non
2616 2501 2757 2553 hanc
2788 2497 3060 2568 signiﬁcat
3090 2507 3458 2560 communem,

1884 2601 2039 2668 juxta
2099 2610 2261 2666 quam
2302 2594 2499 2664 aliquis
2532 2595 2761 2664 simplex
2831 2593 3035 2649 dicitur
3100 2607 3223 2647 esse
3279 2590 3461 2653 lictus,

1888 2689 1981 2744 sed
2016 2695 2217 2742 sanctze
2239 2684 2525 2741 Trinitatis
2568 2684 2887 2741 substantiae
2946 2685 3230 2748 unitatem,
3258 2679 3468 2749 absque

1888 2778 2284 2849 compositione
2315 2789 2368 2832 et
2401 2781 2682 2833 varietate.
2718 2776 2776 2831 In
2814 2775 2895 2831 bis
2947 2786 3130 2830 autem
3177 2770 3459 2846 ήὲξουσία

1890 2885 2001 2927 non
2045 2871 2369 2941 simpliciter
2404 2871 2562 2940 juxta
2592 2884 2796 2924 morem
2840 2869 2906 2923 de
2956 2867 3194 2937 potentia
3250 2863 3466 2934 proprie

1889 2963 2110 3029 dicitur,
2161 2964 2253 3018 sed
2288 2962 2465 3031 potius
2512 2960 2876 3015 substantiam
2929 2957 3135 3012 indicat
3199 2962 3465 3024 praestan-

212 3050 474 3120 δηλούσης
510 3053 805 3123 ὑπεροχὴν,
843 3054 919 3116 ὡς
941 3056 1033 3107 καὶ
1081 3055 1140 3106 ὲν
1179 3054 1277 3125 τῷ,
1314 3054 1657 3124 ἐξώγκωται,
1687 3060 1778 3112 καὶ

1890 3055 2157 3111 tissimam
2214 3066 2269 3110 et
2317 3054 2919 3125 supersubstantialem,
2984 3065 3106 3120 quae
3151 3047 3293 3103 Deus
3360 3052 3465 3109 est,

216 3148 272 3200 ἔν
300 3148 381 3218 τῷ
412 3148 667 3210 Ἔκδικος
697 3150 726 3201 ό
758 3150 894 3217 ἄγαν
940 3149 1172 3214 δίκαιος,
1218 3150 1311 3203 καὶ
1345 3151 1402 3202 ἐν
1427 3154 1538 3215 τοῖς
1556 3153 1778 3221 ὁμοίοις,

1890 3145 2167 3215 proposita
2236 3144 2499 3215 particula
2543 3143 2618 3209 ἐξ
2676 3144 2839 3197 etiam
2892 3156 3041 3195 nunc
3099 3136 3458 3193 ordinativam

215 3240 337 3308 περὶ
365 3233 441 3294 ὧν
469 3240 916 3311 προγέγραπται.
953 3241 1026 3293 Τὸ
1059 3241 1115 3295 δὲ
1145 3242 1203 3294 ὲν
1237 3242 1337 3312 μιᾷ
1370 3242 1508 3313 πρὸς
1542 3245 1602 3297 τὸ
1627 3248 1778 3316 τρίτη

1890 3237 2231 3305 signiﬁcante
2279 3234 2617 3306 superiorem
2646 3234 2987 3306 dignitatem,
3031 3232 3174 3286 sicut
3204 3227 3262 3281 in
3306 3228 3410 3281 hoc
3450 3241 3466 3280 :

214 3332 412 3402 ἀφορᾷ,
450 3331 542 3386 ἵνα
590 3332 799 3402 νοῶμεν
835 3332 911 3395 ὡς
958 3333 1081 3387 τότε
1116 3332 1217 3401 μὲν
1266 3333 1324 3386 αί
1357 3336 1509 3403 τρείς
1549 3329 1690 3408 ὧραι
1729 3337 1778 3391 τε

1890 3326 2232 3395 ὲξιίιγκωται,
2260 3339 2312 3381 et
2340 3327 2395 3381 itt
2419 3328 2523 3382 hoc
2551 3343 2565 3381 :
2604 3325 2817 3387 ἔκδικος
2853 3322 2966 3394 (qui
2995 3317 3383 3387 nimisjustus)
3416 3322 3472 3369 et

212 3424 649 3494 τρισυπόστατον
703 3424 1083 3496 ὕπεσήμαινον
1134 3424 1235 3492 τῆς
1272 3424 1550 3497 θεότητος,
1591 3426 1686 3481 νῦν
1734 3428 1778 3481 δὲ

1893 3417 1948 3473 in
1991 3419 2280 3487 similibus,
2316 3420 2382 3475 de
2406 3418 2608 3489 quibus
2638 3426 2763 3472 ante
2796 3416 3061 3485 scriptum
3089 3421 3191 3467 est.
3232 3408 3347 3463 Hoc
3370 3422 3474 3463 au.

216 3514 338 3583 παρ’
372 3515 510 3585 ἡμῖν
547 3516 605 3567 ἐν
657 3514 760 3584 μιᾷ
785 3515 1041 3584 Κυριακῇ
1090 3512 1154 3565 τὸ
1197 3512 1403 3566 ἁπλοῦν
1450 3513 1542 3567 καὶ
1591 3513 1778 3569 ἑνιαῖοι

1893 3521 2003 3566 tem
2034 3551 2051 3577 ,
2103 3513 2161 3565 ὲν
2198 3514 2319 3583 μιᾷ,
2381 3512 2447 3567 ad
2516 3511 2622 3566 hoc
2675 3509 2852 3580 τρίτη,
2900 3505 3143 3575 respicit,
3198 3511 3257 3558 ut
3308 3501 3471 3555 intel-

218 3607 307 3677 τῆς
335 3606 643 3677 εἰρημένης
668 3605 918 3671 ἔξουσίας
949 3604 1227 3675 δηλοῦται.

1899 3602 2131 3673 ligantus
2177 3612 2305 3658 tunc
2357 3602 2573 3672 quidem
2613 3602 2788 3655 tribus
2806 3596 3141 3653 horisinnui
3168 3592 3476 3651 Divinitatis

216 3701 537 3767 trinitatem,
572 3714 719 3755 nunc
759 3713 889 3753 vero
936 3697 1077 3767 apud
1123 3711 1222 3751 nos
1256 3697 1315 3749 ὲν
1387 3698 1488 3767 μιᾷ
1539 3696 1792 3768 κυριακῇ
1833 3696 1983 3766 (una
2005 3696 2217 3751 dierum
2253 3695 2554 3763 Dominiea)
2627 3690 3035 3760 simplicitatem
3101 3698 3157 3745 et
3208 3689 3472 3745 unitatem

217 3794 369 3851 dieue
399 3792 760 3865 precellentis
826 3790 1147 3847 substantiae
1190 3789 1576 3845 demonstrari.

291 3885 421 3958 906'.
477 3884 567 3937 Ἐν
599 3882 656 3935 δὲ
686 3879 792 3950 τῷ,
822 3880 973 3945 Υἰὸς,
1010 3879 1222 3951 Πατὴρ,
1258 3879 1356 3933 καὶ
1378 3880 1604 3949 Πνεῦμα
1641 3879 1791 3932 εὐλο-

218 3980 381 4048 γητὸς
422 3973 492 4041 εἰ,
526 3975 747 4047 νοητέον
790 3972 889 4044 μὲν
943 3974 1234 4038 ’Δττικῶς,
1261 3968 1334 4027 Ὦ
1362 3972 1481 4037 Υἱὲ,
1508 3966 1553 4026 ὦ
1589 3973 1788 4042 Πάτερ,

1971 3872 2094 3929 1Ἱ9.
2121 3872 2180 3928 lu
2208 3873 2314 3927 hoc
2342 3880 2549 3926 autem:
2573 3866 2959 3933 Filius,Pater,
2980 3874 3031 3920 et
3049 3864 3474 3936 Spiritttsﬁ‘ibc,

1898 3971 2226 4043 Πατὴρ,καὶ
2285 3969 2536 4037 Πνεῦμα,
2589 3966 2878 4036 εὐλογητὸς
2931 3960 3206 4028 εῐ,Λῑιίεο
3256 3961 3474 4032 quidem

218 4065 261 4125 ὣ
290 4068 538 4139 Πνεῦμαο
583 4066 905 4135 συννοητὲον
934 4065 990 4119 δὲ
1021 4068 1116 4120 καὶ
1144 4066 1226 4119 ὅτι
1247 4066 1331 4132 τὸ,
1361 4065 1672 4135 Εὐλογητὸς
1714 4060 1778 4131 εἰ,

1894 4063 2243 4135 cogitandum
2273 4071 2358 4118 est
2401 4054 2445 4116 ὧ
2475 4060 2591 4125 Tib,
2632 4054 2678 4112 ὦ
2705 4058 2907 4128 Πάτερ,
2939 4050 2984 4109 ὦ
3015 4053 3241 4125 Πνεῦμα
3275 4074 3288 4109 :
3314 4051 3477 4109 simul

220 4164 495 4235 ιπτιυέχθη
522 4160 718 4223 ἑνικῶς
747 4160 861 4220 τοῖς
888 4158 1093 4228 τρισὶν,
1122 4157 1196 4219 ὡς
1216 4158 1377 4227 εἴπερ
1405 4150 1580 4224 εἶπεν,
1624 4157 1778 4210 Εὑλω

1898 4166 2081 4212 autem
2132 4165 2217 4211 est
2251 4153 2665 4224 intelligendum
2730 4152 2877 4221 quod
2939 4151 2989 4204 id
3024 4165 3039 4203 :
3081 4147 3373 4216 εὐλογητὸς
3403 4140 3476 4212 εί,

219 4253 374 4324 γητοί
410 4256 559 4316 ἐστε,
603 4250 741 4321 πρὸς
787 4248 1019 4318 δήλωσιν
1049 4247 1143 4301 τοῦ
1196 4246 1318 4301 κατ’
1347 4246 1537 4301 οὑσξαν
1585 4247 1778 4301 ἑνιαίοι

1897 4252 1964 4304 ad
2013 4258 2124 4304 tres
2166 4247 2517 4316 singulariter
2564 4246 2831 4317 prolatum
2880 4253 2984 4310 est,
3027 4243 3183 4314 quasi
3232 4242 3476 4296 dixerit:

220 4346 419 4400 αὐτῶν.
444 4345 593 4400 Μίαν
615 4342 725 4411 γὰρ
750 4343 1136 4412 τριπρόσωπον
1162 4343 1327 4411 φύσιν
1376 4343 1470 4395 καὶ
1496 4343 1523 4392 ό
1550 4343 1778 4406 τοιοῦτος

1900 4339 2182 4410 εὐλογητοὶ
2230 4342 2379 4405 ὲστε,
2410 4338 2680 4394 benedicti
2750 4337 2901 4400 estis,
2964 4336 3031 4391 ad
3085 4333 3477 4391 ostendendam

219 4438 368 4509 δηλοί
413 4436 820 4507 σχηματισμός.
877 4434 971 4505 Μὴ
1002 4434 1344 4501 θαυμαστέον
1384 4433 1440 4486 δὲ
1498 4435 1545 4486 εί
1597 4434 1778 4505 προτεὲ⁴

1902 4448 2093 4489 eorum
2139 4433 2457 4489 substantia:
2490 4432 2752 4487 unitatem
2784 4448 2798 4485 :
2833 4445 2995 4484 unam
3032 4430 3177 4485 enim
3212 4428 3266 4482 iu
3305 4425 3479 4482 tribus

218 4548 409 4586 τακται
441 4530 572 4593 Υίὸς
617 4529 855 4583 ἐνταῦθα
894 4527 988 4581 τοῦ
1019 4528 1234 4598 Πατρὸς
1292 4526 1381 4580 διὰ
1433 4527 1535 4595 τὴν
1566 4527 1778 4582 ἀκολου·

1897 4527 2145 4599 personis
2211 4537 2463 4580 naturam
2547 4524 2675 4578 talis
2739 4523 2911 4578 forma
2955 4523 3314 4577 demonstrat.
3358 4515 3477 4572 Non

222 4623 341 4678 θίαν
369 4622 473 4692 τῆς
502 4618 901 4691 ἀκροστιχίδοςι
939 4618 1001 4673 Εἰ
1049 4616 1160 4687 γὰρ
1192 4619 1289 4672 καὶ
1321 4615 1600 4686 εἰώθαμεν
1635 4617 1772 4683 εὺαγ

1900 4636 2027 4675 vero
2066 4618 2379 4672 mirandum
2415 4617 2459 4673 si
2496 4615 2668 4670 Filius
2717 4614 2805 4670 hic
2838 4614 2984 4684 prior
3024 4612 3187 4668 Patre
3222 4619 3479 4681 ponatur,

220 4714 459 4785 γελικῶς
508 4713 732 4782 Πατέρα
778 4710 983 4779 λέγειν,
1028 4704 1148 4762 εἶτα
1192 4708 1344 4774 Υἱὸν,
1375 4709 1471 4762 καὶ
1520 4710 1707 4779 τρίτον
1739 4713 1778 4763 τὲ

1901 4711 1971 4765 ob
2000 4708 2378 4765 acrostichidis
2399 4708 2672 4779 sequelam
2706 4707 2784 4763 :si
2815 4707 2958 4762 enim
2990 4705 3291 4761 secundum
3318 4718 3485 4756 evan.

222 4808 473 4879 Πνεῦμα,
511 4807 652 4861 κατὰ
684 4806 767 4873 τὸ,
800 4804 1165 4867 Βαπτίζοντες
1196 4803 1396 4867 αὐτοὺς
1424 4805 1503 4866 εἰς
1533 4803 1595 4856 τὸ
1631 4802 1778 4873 δνομι

1902 4802 2100 4870 gelium
2152 4802 2532 4856 consuevimus
2571 4800 2754 4854 dicere
2777 4798 3018 4862 Patrem,
3060 4795 3258 4851 deinde
3282 4792 3482 4847 Filium

220 4901 314 4956 τοῦ
363 4902 602 4971 Πατρὸς,
655 4899 751 4953 καὶ
781 4898 878 4952 τοῦ
915 4895 1070 4962 Υἰοῦ,
1102 4895 1196 4950 καὶ
1227 4896 1324 4950 τοῦ
1362 4897 1518 4964 ἁγίου
1550 4898 1778 4965 Πνεῦμα

1902 4899 1958 4945 et
1989 4890 2146 4945 tertio
2216 4888 2503 4959 Spiritum,
2554 4888 2706 4956 juxta
2755 4886 2901 4940 istud
2937 4901 2951 4939 :
2983 4884 3328 4954 Baptizantes
3383 4896 3479 4937 eos

221 5012 335 5061 τος,
388 4996 543 5063 ὅμως
593 4990 795 5046 κωλύει
849 4990 1004 5045 οὐδὲν
1040 4990 1184 5043 κατὰ
1233 4988 1334 5051 τὰς
1380 4988 1492 5042 τῶν
1545 4988 1778 5057 Πατέρων

1904 4983 1959 5037 itt
2005 4982 2225 5035 nomine
2255 4980 2460 5045 Patris,
2488 4988 2543 5033 et
2589 4978 2732 5045 Filii,
2769 4991 2823 5033 et
2846 4977 3083 5047 Spiritus
3112 4975 3311 5040 sancti,
3351 4972 3487 5028 nihil

221 5085 559 5153 παραδόσεις
602 5083 698 5136 καὶ
735 5082 830 5135 τὸν
862 5081 991 5135 Υἰὸν
1057 5080 1392 5151 προτάσσειν
1429 5077 1614 5131 καὶτὸ
1646 5077 1778 5145 ἆγιο

1907 5084 2085 5128 tamen
2117 5072 2298 5126 obstat
2320 5069 2475 5140 juxta
2508 5072 2729 5127 Patrum
2763 5069 3111 5134 traditiones,
3146 5069 3298 5138 quin,
3335 5066 3486 5122 salva

224 5179 451 5249 Πνεῦμα
482 5177 741 5248 ὀρθότητι
786 5175 1057 5243 ἔννοιακῇ,
1091 5172 1180 5225 διὰ
1210 5172 1272 5225 τὸ
1304 5171 1403 5241 τῆς
1442 5172 1602 5240 ἁγίας
1642 5173 1778 5241 Τριά

1909 5175 2054 5219 recta
2091 5163 2217 5226 lide,
2254 5164 2409 5232 prius
2451 5164 2643 5219 ordine
2669 5173 2904 5233 ponatur
2965 5160 3137 5216 Filius
3170 5168 3222 5214 et
3248 5157 3487 5228 Spiritus

224 5273 311 5335 δος
340 5270 429 5342 ἐφ’
461 5274 669 5325 ἀπασιν
693 5269 979 5338 ὁμότιμον,
1013 5270 1111 5318 καὶ
1146 5264 1268 5317 οὐδέ
1295 5282 1345 5317 τι
1379 5263 1576 5332 φθόνου
1610 5268 1771 5318 ὲπισυ

1908 5266 2157 5319 sanctus,
2197 5256 2325 5325 quia
2356 5256 2497 5324 quod
2523 5255 2588 5309 ad
2633 5268 2878 5310 sanctam
2923 5252 3246 5306 Trinitatem
3298 5248 3489 5302 attinet

228 5365 460 5433 ρόμενον
494 5360 619 5415 οὐδὲ
656 5361 716 5413 ὲν
762 5360 888 5422 ταῖς
933 5355 1213 5418 τοιαύταις
1240 5354 1365 5408 κατ’
1399 5355 1570 5425 ὄνομα
1604 5374 1778 5429 προτα

1908 5345 2147 5416 ejusdem
2178 5353 2261 5398 est
2279 5344 2558 5421 dignitag's
2584 5345 2636 5398 in
2677 5344 2958 5404 omnibus,
2982 5356 3036 5396 et
3059 5357 3125 5394 ex
3163 5339 3250 5393 his
3299 5336 3482 5390 nunti-

225 5429 372 5524 γαίς
404 5453 433 5507 ό
468 5454 610 5523 μήτε
641 5452 912 5512 ὑπονοεῖν,
951 5449 1089 5521 μήτε
1114 5447 1294 5515 λέγειν
1336 5447 1491 5517 ἀνδρὶ
1514 5450 1778 5519 χριστιανι

1912 5454 2041 5494 num
2097 5437 2580 5508 praepositionibus
2644 5435 2777 5490 nihil
2822 5431 3072 5488 invidiosi
3130 5429 3489 5496 consequitur

228 5521 481 5615 γένοιτο,
509 5521 573 5597 εὖ
619 5543 780 5597 εἰδότι
844 5541 920 5613 μὴ
965 5541 1047 5594 ὅτι
1096 5556 1160 5609 γε
1193 5540 1287 5594 τοῦ
1340 5539 1499 5606 Θεοῦ,
1553 5539 1688 5593 ἀλλὰ
1721 5558 1778 5595 κο

1913 5533 2059 5604 quod
2104 5545 2287 5602 neque
2322 5528 2619 5601 suspicari,
2657 5542 2837 5597 neque
2865 5526 3047 5581 dicere
3074 5521 3358 5591 contingat
3392 5524 3489 5576 lto-

232 5614 435 5701 ⁸παντὸς
467 5634 679 5704 ἀγαθοῦ
711 5634 904 5706 ἀνδρὸς
937 5632 1219 5705 ἐξόριστον
1247 5626 1387 5717 εῖναι
1419 5632 1480 5687 τὸ
1516 5632 1688 5697 πάθος
1715 5650 1776 5688 το

1915 5624 2049 5681 mini
2108 5623 2433 5689 christiano,
2486 5625 2622 5677 bene
2661 5620 2851 5676 scienti
2904 5615 3051 5684 quod
3087 5630 3194 5668 non
3251 5614 3424 5671 solum
3461 5629 3491 5669 ο

232 5728 451 5799 φθόνου.
1263 5707 1283 5717 ’
1918 5718 2051 5782 Deo,
2086 5716 2177 5772 sed
2203 5717 2273 5770 ab
2306 5715 2457 5772 omni
2510 5712 2731 5773 homine
2779 5709 2953 5780 probo
3005 5708 3189 5781 procul
3234 5708 3387 5765 abest
3413 5707 3491 5764 in-
3584 5776 3587 5779 _

1924 5810 2079 5866 vidia:
2130 5807 2335 5879 passio.

1306 5885 1331 5921 ’ἓ
1353 5900 1524 5919 “bso—
