3950 6204
441 276 550 342 693

1167 279 1591 344 EUSTATHII
1625 281 2035 344 THESSALO]

2142 282 2375 346 IENSIS
2395 275 2954 350 ΜΕΤΗΟΡΟΙᾸΤΕ

3597 255 3714 356 ὀρθ

437 403 546 442 non
576 385 717 445 dixit
737 386 945 447 :Solvit
975 388 1180 446 vincula
1207 389 1522 460 irroratque
1544 389 1820 446 ﬂammam
1837 394 1866 446 ό
1883 408 2026 462 πυρ-

2142 397 2241 452 ιύει
2287 396 2462 468 δεσμά
2513 397 2608 451 καὶ
2643 397 2883 468 δροσίζει
2936 397 3113 468 φλόγα
3158 399 3188 452 ὁ
3235 373 3564 472 πυρσοειδὴς
3607 401 3707 470 τῆς

442 482 652 554 σοειδὴς
682 485 782 551 τῆς
808 483 1071 553 θεαρχίας
1101 483 1296 546 τύπος,
1322 483 1411 538 vel
1454 483 1602 538 aliud
1633 483 1763 553 quid
1821 483 2022 549 simile,

442 573 536 628 sed
570 575 597 626 ὁ
627 572 1052 645 τρισσοφεγγης,
1095 573 1321 643 pulchre
1365 586 1702 642 componens
1728 582 1782 628 et
1813 573 1885 628 ibi
1935 573 2023 627 di-

441 665 673 720 ctionem
709 667 890 730 istam,
915 675 968 718 ut
988 675 1071 724 est
1099 666 1201 721 sibi
1229 666 1455 722 charum
1482 683 1494 720 :
1525 667 1726 738 φέγγος
1746 667 1890 721 enim
1915 680 2024 720 non

444 760 572 819 urit.
603 759 695 813 sed
729 759 1026 814 illuminat.
1056 744 1473 816 Observandum
1523 771 1608 815 est
1639 766 1823 815 autem
1853 758 1910 813 in
1941 768 2024 813 ta-

444 849 606 911 libus,
627 851 771 920 quod
799 851 842 905 si
880 861 1040 921 typus
1079 851 1166 906 ille
1201 861 1280 906 ter
1303 851 1498 907 lucida:
1521 852 1800 922 potestatis
1832 851 2026 906 divinae

446 942 560 995 luec
584 937 895 1010 portentose
930 945 1077 1010 fecit,
1117 954 1321 1014 quanta
1346 944 1666 1000 miraculose
1699 942 1871 1011 possit
1899 956 2028 1011 ope-

448 1034 560 1088 rari
613 1046 742 1106 typo
792 1037 1023 1107 ﬁgurata
1053 1036 1308 1108 οεαρχία,
1340 1036 1500 1105 cujus
1525 1047 1686 1107 typus
1711 1035 1838 1090 talia
1861 1035 2023 1090 valet.

446 1125 713 1192 Quoniam
751 1139 929 1184 autem
979 1129 1094 1198 ipse
1135 1137 1294 1201 typus
1325 1129 1581 1200 mysterio
1604 1129 1807 1198 pariter
1845 1129 2028 1184 incar-

451 1220 695 1274 nationis
737 1231 953 1291 aptatur
975 1222 1145 1276 relate
1173 1221 1240 1277 ad
1263 1221 1705 1291 augustissimam
1750 1220 2026 1292 Virginem

448 1308 698 1375 Matrem,
731 1327 852 1382 quae
885 1311 1102 1383 quidem
1130 1313 1333 1382 recepit
1371 1313 1675 1369 divinitatis
1701 1312 1903 1382 ignem,
1928 1327 2030 1369 nec

451 1409 633 1458 tamen
669 1404 765 1458 fuit
801 1415 1148 1474 consumpta.
1208 1405 1558 1477 cogitandum
1612 1414 1697 1461 est
1743 1405 1908 1460 etiam
1959 1404 2029 1460 de

452 1494 794 1565 pra'ﬁgurala
822 1506 1010 1555 sancta
1067 1498 1319 1568 Deipara,
1384 1499 1560 1568 qualis
1622 1510 1703 1554 est
1765 1499 1926 1555 nobis
1975 1509 2030 1554 et

449 1589 629 1658 qualis
655 1590 757 1644 erit
785 1600 1105 1661 perpetuum
1132 1591 1187 1646 in
1212 1591 1468 1656 salutem,
1495 1592 1815 1662 passionum
1869 1591 2029 1647 ﬂam-

446 1697 566 1736 mas
599 1683 974 1752 cxstinguens,
1033 1693 1086 1738 et
1139 1698 1302 1738 omne
1346 1683 1628 1738 vinculum
1676 1684 2025 1754 compedem-

2129 489 2393 562 θεαρχίας
2435 489 2695 559 τύπος,·ἢ
2740 489 2869 543 ἀλλο
2916 505 2967 542 τι
3017 488 3281 556 τοιοῦτον,
3309 489 3445 543 ἀλλά
3475 491 3504 543 δ
3550 506 3707 561 τρισ-

2129 586 2430 655 σοφτγγής·
2461 584 2678 646 συνθεὶς
2717 583 2901 646 καλῶς
2948 581 3233 636 κάνταῦθα
3288 581 3388 652 τὴν
3432 583 3600 650 λέξιν,
3629 583 3706 649 ὡς

2127 676 2286 746 φίλον
2333 676 2505 745 αὐτῷ’
2538 677 2743 744 φέγγος
2792 675 2905 743 γὰρ
2949 674 3012 729 ού
3062 675 3234 733 καίει.
3276 674 3411 728 ἀλλὰ
3457 676 3707 743 φωτίζει·

2127 773 2429 842 ἀπιστῆσαι
2465 770 2523 823 δὲ
2553 769 2658 841 χρὴ
2694 771 2752 822 ὲν
2783 769 2996 832 τούτοις
3043 767 3122 832 ὡς
3162 767 3267 822 κᾶν
3298 770 3472 831 τύπος
3502 770 3708 834 ἐκεῖνος

2127 865 2228 934 τῆς
2257 861 2698 936 τρισσοφεγγοῦς
2743 861 3007 932 Θεαρχίας
3050 859 3282 915 τοιαῦτα
3327 861 3710 932 ὲθαυματούρ-

2123 979 2320 1032 γησεν,
2353 960 2517 1032 ἡλίκα
2546 959 2659 1030 ἔχει
2696 961 3094 1029 τερατουργεῐν
3117 960 3152 1029 η
3184 957 3505 1029 τυπουμένη
3549 958 3714 1028 θεαρ-

2127 1057 2243 1126 χία,
2291 1048 2364 1128 ἧς
2411 1054 2442 1106 ό
2487 1053 2658 1116 τύπος
2708 1050 2940 1106 τοιαῦτα
2999 1052 3199 1122 ἰσχύει.
3241 1051 3399 1107 Ἐπεὶ
3457 1051 3516 1105 δὲ
3577 1051 3712 1106 αὐτὸ

2121 1147 2370 1216 τύπωμα
2405 1147 2498 1199 καὶ
2526 1144 2605 1213 τῷ
2640 1143 2927 1215 μυστηρίῳ
2959 1145 3058 1214 τῆς
3091 1143 3363 1213 ἑνσάρκου
3392 1143 3714 1215 οἰκονομίας

2131 1239 2465 1310 ἀρμόττιται
2491 1235 2570 1307 τῷ
2605 1237 2749 1289 κατὰ
2775 1236 2876 1305 τὴν
2909 1235 3187 1303 πάναγνον
3217 1234 3711 1307 Μητροπάρθενον,

2127 1329 2436 1400 δεξαμένην
2468 1329 2570 1396 μὲν
2613 1327 2677 1380 τὸ
2718 1327 2819 1398 τῆς
2848 1327 3104 1397 θεότητος
3133 1325 3264 1396 πῦρ,
3293 1326 3354 1379 ού
3385 1327 3496 1396 μὴν
3539 1343 3711 1380 κατα-

2129 1421 2480 1493 φλεχθεῖσαν,
2534 1422 2860 1490 συννοητέον
2909 1421 3003 1474 καὶ
3048 1421 3148 1490 τὴν
3201 1421 3708 1490 προτετυπωμὲνην

2128 1515 2293 1582 ἁγίαν
2313 1513 2611 1587 Θεοτόκον,
2633 1511 2795 1566 ὁποία
2838 1511 2934 1565 καὶ
2983 1509 3130 1564 ἐστιν
3162 1512 3294 1581 ἡμῖν
3337 1512 3433 1565 καὶ
3462 1510 3614 1565 ἔσται
3644 1511 3714 1564 δι’

2131 1604 2324 1665 αἰῶνος
2344 1602 2426 1666 τίς
2449 1601 2740 1672 σωτηρίαν,
2763 1599 2972 1671 φλόγας
2992 1619 3051 1653 τε
3076 1599 3420 1671 παθημάτων
3443 1601 3714 1654 ἀποσϐεν-

2132 1696 2293 1761 νῦσα,
2318 1695 2412 1748 καὶ
2433 1693 2616 1748 κλοιὸν
2648 1693 2849 1758 πάντα,
2881 1692 2975 1745 καὶ
3012 1691 3350 1762 ποδοκάκην,
3391 1693 3492 1746 καὶ
3523 1689 3713 1746 λοιπὸν

446 1787 555 1840 que
585 1788 649 1827 ac
671 1783 923 1829 canerem
951 1775 1401 1832 constrictionem
1457 1775 1766 1832 letltiferam
1823 1775 2028 1830 animae

2142 1757 2368 1856 σφιγμδν
2411 1784 2746 1857 ψυχόλεθρον
2777 1785 3001 1840 λύουσα.

445 1865 685 1926 solvens.

520 1956 642 2013 l85.
665 1957 780 2012 Hoc
809 1973 938 2014 vero
979 1977 994 2015 :
1023 1958 1214 2016 Omnis
1236 1969 1488 2018 creatura
1539 1975 1569 2014 a
1639 1960 1750 2014 Deo
1811 1958 2029 2015 condita

447 2050 894 2108 benedicitillum
917 2053 1008 2122 qui
1044 2051 1298 2107 solusest
1347 2049 1617 2116 Salvator,
1677 2059 1734 2106 et
1794 2050 2029 2119 reliqua,

449 2142 827 2212 interpretatio
865 2156 951 2199 est
971 2144 1268 2200 locutionis
1294 2162 1308 2201 :
1371 2144 1696 2202 Benedictus
1724 2141 1892 2209 Deus,
1917 2157 2026 2198 non

449 2250 480 2290 ι
513 2235 712 2292 talibus
746 2235 958 2292 scilicet
994 2244 1049 2291 et
1077 2237 1302 2303 talibus,
1326 2237 1424 2293 sed
1469 2238 1538 2291 ab
1563 2236 1714 2290 omni
1744 2245 2028 2300 creatura,

447 2328 565 2385 sive
591 2330 660 2384 ab
687 2329 945 2388 omnibus
971 2329 1232 2399 operibus
1255 2328 1490 2392 Domini,
1529 2329 1668 2384 sicut
1689 2343 1834 2383 nona
1887 2329 2033 2398 psal-

451 2420 514 2477 lit
545 2422 669 2485 ode,
696 2422 930 2478 multum
962 2422 1141 2478 vivide
1166 2422 1466 2491 disponens
1497 2436 1690 2478 eorum
1712 2419 2027 2492 partes,ubi

451 2528 583 2571 sunt
611 2514 788 2586 ipsius
809 2515 1120 2571 sacerdotes
1175 2523 1232 2569 et
1289 2514 1455 2580 servi,
1507 2513 1806 2570 latitiliares
1869 2513 2032 2569 amici

457 2608 635 2662 sancti
682 2607 914 2677 apostoli
943 2605 1358 2662 sacerdotaliter
1386 2605 1490 2675 ipsi
1553 2606 1946 2670 ministrantes,
1979 2611 2035 2660 et

458 2701 533 2754 ita
561 2698 686 2754 facti
717 2699 952 2771 iiturgici
1023 2698 1274 2767 spiritus,
1299 2697 1498 2766 praevia
1531 2696 1744 2753 visione
1773 2697 1886 2752 noti
1911 2711 2032 2750 ma-

445 2807 557 2863 gno
585 2792 778 2858 David,
803 2779 904 2862 qui.
921 2791 1151 2864 spiritus
1210 2789 1527 2860 speculatur
1588 2790 1814 2859 angelos
1855 2789 1947 2846 Dei
1980 2797 2036 2843 et

453 2885 730 2942 ﬂammam
757 2887 899 2956 ignis
933 2886 1034 2956 ipsi
1069 2884 1445 2940 ministrantes
1471 2903 1486 2940 :
1516 2899 1637 2954 quae
1657 2893 1804 2940 certe
1833 2896 2037 2938 conve-

454 2976 1065 3046 niuntintelligentibus
1115 2985 1286 3032 recta.
1339 2974 1544 3030 Prmvia
1607 2985 1789 3032 autem
1842 2989 2031 3030 eorum

2204 1979 2350 2045 pref.
2374 1973 2526 2028 Τδδέ
2551 1989 2566 2003 °
2598 1973 2666 2028 Ἦ
2690 1973 2951 2043 σύμπασα
2978 1973 3152 2036 κτίσις
3182 1974 3217 2044 ἡ
3249 1971 3719 2045 δημιουργηθεϊσα

2132 2062 2350 2132 ιύλογεῖ
2376 2063 2470 2118 τὸν
2503 2065 2665 2134 μόνον
2711 2062 2944 2132 Σωτῆρα
2971 2061 3070 2114 καὶ
3100 2061 3247 2130 ἑξῆς,
3293 2059 3565 2132 ἑρμηνεία
3599 2059 3724 2116 εστὶ

2132 2154 2248 2220 τοῦ,
2288 2154 2594 2225 Εὐλογητὸς
2631 2154 2660 2207 ὁ
2709 2153 2866 2218 Θεὸς.
2919 2155 3020 2225 οὐχ
3067 2154 3175 2207 ύπδ
3231 2151 3400 2207 τῶνδε
3456 2151 3492 2224 ἢ
3549 2151 3722 2206 τῶνδε

2132 2246 2356 2317 δηλαδὴ,
2389 2245 2505 2301 ἀλλ’
2532 2246 2639 2301 ὑπὸ
2670 2246 2852 2316 πάσης
2880 2245 3136 2309 κτίσεως,
3165 2247 3334 2318 ἤγουν
3363 2243 3470 2300 sua
3501 2246 3724 2299 πάντων

2133 2338 2244 2392 τῶν
2276 2338 2371 2392 τοῦ
2405 2338 2613 2410 Κυρίου
2642 2338 2843 2409 ἔργων,
2870 2339 2947 2402 ὡς
2977 2340 3011 2410 ἡ
3041 2338 3204 2410 ὀγδόη
3237 2337 3435 2408 est)“
3478 2338 3617 2410 ᾠδή·
3647 2331 3722 2390 ὧν

2131 2430 2206 2484 τὰ
2237 2431 2379 2483 κατά
2431 2430 2595 2500 μέρος
2647 2429 2784 2501 αὐτὴ
2816 2430 3164 2494 διασκευάζει
3207 2430 3350 2484 πάνυ
3381 2431 3629 2501 γοργῶς·
3664 2431 3725 2483 ἐν

2137 2517 2221 2587 οἷς
2263 2523 2315 2578 oi
2347 2522 2513 2576 αὐτοῦ
2546 2523 2712 2590 ίερεῖς
2758 2523 2858 2576 καὶ
2890 2521 3092 2582 δοῦλοι.
3137 2522 3236 2576 καὶ
3280 2521 3551 2574 οἱκειακοὶ
3571 2519 3725 2590 φίλοι

2135 2613 2282 2680 ἅγιοι
2329 2613 2646 2677 ἀπόστολοι,
2693 2611 3143 2684 λειτουργοῦντες
3187 2611 3337 2682 αὐτῷ
3395 2612 3721 2682 ίερατικῶς,

2133 2704 2231 2757 καὶ
2255 2702 2398 2757 οὕτω
2425 2702 2778 2773 λειτουργικὰ
2807 2702 2960 2765 ὄντες
2989 2703 3298 2770 πνεύματα,
3330 2699 3726 2770 γινωσκόμενα

2134 2797 2520 2867 προορατικῶς
2565 2797 2663 2848 καὶ
2710 2794 2791 2865 τῷ
2843 2794 3066 2866 μεγάλῳ
3111 2793 3300 2862 Δαδὶδ,
3333 2795 3393 2858 ὃς
3429 2793 3726 2863 πνεύματα

2136 2888 2336 2960 θεωρεῖ
2367 2889 2495 2951 τοὺς
2533 2887 2629 2941 τοῦ
2660 2887 2795 2940 Θεοῦ
2845 2887 3134 2954 ἀγγέλους,
3176 2887 3274 2940 καὶ
3321 2885 3502 2956 φλόγα
3550 2883 3728 2954 πυρὸς

2134 2981 2262 3043 τοὺς
2316 2979 2772 3049 λειτουργοῦντας
2823 2979 2996 3048 αὐτῷ.
3037 2980 3106 3032 Ἀ
3136 2979 3203 3049 δὴ
3251 2977 3554 3048 ἐπιπρέπει
3610 2979 3728 3040 τοῖς

453 3070 655 3126 indicia
681 3080 858 3136 erant,
879 3085 946 3124 ex
972 3068 1186 3124 melodo
1208 3075 1526 3124 sanctorum
1593 3083 1912 3138 puerorum,
1944 3083 2028 3125 se-

2142 3071 2354 3126 νοοῦοιν
2397 3071 2554 3141 ὀροάο
2589 3073 2932 3143 προμήνυμα
2965 3071 3022 3125 δὶ
3072 3069 3282 3124 τούτων
3328 3071 3394 3123 ἐκ
3444 3069 3549 3138 τῆς
3582 3069 3728 3122 κατά

453 3162 689 3217 cundum
749 3176 953 3216 nonam
1006 3160 1168 3223 oden,
1219 3160 1411 3226 choro,
1473 3159 1684 3231 fulgura
1735 3170 1791 3216 ct
1838 3161 2032 3225 nubes.

451 3270 576 3324 ηυδε
604 3253 877 3308 canebant
905 3252 981 3308 illi
1011 3252 1233 3307 camino
1255 3252 1420 3317 clusi,
1478 3252 1840 3324 prmvidentes
1883 3269 2034 3324 sym-

453 3347 696 3402 bolicum
729 3346 892 3400 ltodie
940 3343 1275 3402 celebratum
1318 3343 1505 3400 ﬂatum
1563 3354 1618 3400 et
1675 3345 2034 3415 igniculoram

455 3442 723 3497 visionem
749 3439 1085 3508 linguarum,
1114 3454 1346 3508 quarum
1377 3439 1688 3509 symbolum
1721 3453 1876 3496 erant
1931 3456 2034 3495 nu-

458 3535 578 3598 bes,
598 3539 904 3603 opportune
935 3530 1232 3601 spirituum
1264 3540 1562 3594 matres,et
1585 3531 1903 3588 ﬂammifera
1936 3531 2041 3589 tul-

453 3641 612 3695 gnra.

529 3717 654 3773 184.
699 3713 824 3772 Haec
851 3724 983 3772 sunt
1003 3716 1136 3772 odes
1163 3730 1320 3771 nonae
1343 3734 1358 3783 ;
1381 3716 1586 3786 quibus
1633 3717 2041 3788 coniungendae

461 3820 590 3864 sunt
617 3809 688 3864 ibi
709 3809 1004 3877 celebrem
1036 3808 1129 3862 lux
1160 3817 1214 3862 et
1244 3809 1482 3864 tenebrae
1507 3824 1524 3876 ;
1546 3824 1643 3881 per
1673 3825 1812 3881 quas
1834 3810 2043 3880 signiti-

460 3913 613 3960 catur
647 3902 795 3973 quod
833 3901 1115 3972 apostolici
1157 3900 1258 3955 viri
1308 3902 1603 3973 aliquando
1654 3918 1874 3973 quoque
1928 3902 2041 3957 llo-

452 3998 614 4052 saico
644 4009 794 4049 more
821 3995 1208 4056 obscurantur,
1247 4004 1305 4047 ut
1343 3996 1520 4064 prima
1549 3993 1654 4048 ode
1674 3995 1900 4049 canonis
1938 3995 2041 4049 do-

461 4089 596 4154 cuit,
625 4097 677 4141 ct
707 4087 901 4142 iterum
930 4085 1299 4155 resplendent,
1340 4094 1397 4139 ut
1417 4085 1534 4154 ipse
1553 4089 1771 4156 copiose
1795 4087 2041 4142 tradidit.

464 4183 844 4249 Opportunum
870 4189 1050 4231 autent
1091 4186 1177 4232 est
1203 4177 1472 4232 uobisltic
1514 4177 1700 4232 dicere
1722 4179 1773 4231 id
1810 4179 1956 4248 quod
1987 4178 2042 4233 in

465 4271 725 4340 apostolis
741 4271 1035 4324 atltereum
1056 4277 1139 4323 est
1160 4283 1224 4324 ac
1241 4269 1551 4338 spirituale,
1575 4269 1721 4323 aeris
1740 4269 2046 4325 elevatione

465 4362 1024 4432 subindicarizjuxta
1048 4377 1212 4430 quam
1270 4361 1490 4418 sublimi
1543 4361 1728 4416 volatu
1785 4373 2043 4434 tanquam

2137 3165 2238 3236 τὴν
2271 3165 2468 3234 ὀγδόην
2514 3163 2662 3234 ᾠδὴν
2695 3163 2971 3234 ἐμμελοῦς
3018 3162 3130 3216 τῶν
3175 3161 3348 3230 ἁγίων
3389 3162 3603 3215 παίδων
3637 3177 3728 3231 χο-

2143 3254 2314 3324 ρτίας,
2348 3255 2442 3306 καὶ
2474 3254 2758 3320 ἀστραπαὶ
2805 3253 2902 3306 καὶ
2942 3250 3190 3322 νεφέλαι,
3220 3250 3287 3314 ἃς
3316 3251 3521 3304 ἰκτῖνοι
3553 3268 3732 3321 καμι-

2140 3347 2422 3415 νευόμενοι
2454 3345 2703 3416 ἔψαλλον,
2743 3342 3123 3414 προορώμενοι
3164 3341 3265 3414 τὴν
3309 3343 3435 3410 ἄρτι
3474 3359 3733 3414 πανηγυ-

2144 3437 2441 3507 ριζομίνην
2487 3436 2832 3507 συμϐολικὴν
2893 3435 3067 3507 πνοὴν
3111 3436 3210 3489 καὶ
3262 3432 3363 3504 τὴν
3417 3435 3732 3504 πυρσοειδῆ

2141 3532 2272 3586 Θέαν
2305 3531 2414 3585 τῶν
2462 3531 2749 3598 γλωσσῶν,
2785 3522 2862 3584 ὧν
2911 3527 3185 3598 σύμϐολον
3214 3527 3437 3598 νεφέλαι
3484 3525 3730 3598 μητέρες

2143 3625 2472 3696 πνευμάτων
2503 3626 2561 3677 δν
2590 3623 2793 3694 καιρῷ,
2828 3623 2922 3678 καὶ
2961 3621 3243 3692 φλογωποὶ
3269 3621 3580 3692 ἀστραπαί.

2215 3717 2356 3789 ρπδθ.
2397 3714 2586 3770 Ταῦτα
2613 3715 2678 3786 δὴ
2725 3716 2828 3784 τῆς
2859 3714 3056 3784 ὀγδόης
3085 3713 3251 3785 ᾠδῆς·
3294 3708 3378 3776 οἷς
3429 3711 3732 3784 κολλητέον

2142 3811 2238 3864 καὶ
2263 3809 2324 3863 τὸ
2358 3808 2772 3880 μελῳδούμενον
2816 3808 2933 3860 ἐκεῖ
2963 3805 3078 3877 φῶς
3109 3808 3204 3860 καὶ
3234 3806 3443 3868 σκότος’
3483 3805 3612 3858 ἐπεί
3644 3823 3731 3859 τοι

2144 3901 2237 3956 καὶ
2270 3903 2460 3972 γνόφῳ
2492 3902 2589 3970 μὲν
2620 3901 2904 3970 σύστοιχον
2933 3898 2994 3951 τδ
3031 3897 3320 3961 σκοτῶδες,
3347 3899 3646 3967 ἀστραπῆς
3671 3899 3732 3952 δὲ

2144 3993 2313 4062 ἁρετὴ
2346 3992 2408 4045 τὸ
2441 3991 2578 4060 φῶς·
2625 3990 2694 4044 δι’
2729 3984 2805 4042 ὧν
2852 3988 3107 4058 δηλοῦται
3153 3989 3227 4051 ὡς
3266 3989 3319 4042 οι
3373 3987 3736 4041 ἀποστολικοὶ

2144 4082 2335 4154 ἄνδρες
2365 4085 2461 4135 καὶ
2490 4080 2817 4150 γνοφοῦνταῖ
2853 4097 2982 4134 ποτε
3006 4081 3340 4146 Μωσαῖκῶς,
3374 4080 3447 4141 ὡς
3475 4081 3511 4149 ἠ
3531 4079 3734 4150 πρώτη

2115 4183 2118 4186 ’
2149 4177 2260 4250 ᾠδὴ
2287 4177 2383 4232 τοῦ
2412 4178 2638 4242 κανόνος
2668 4177 2897 4242 ἐδίδαξε,
2926 4179 3022 4230 καὶ
3047 4175 3429 4248 φωσφοροῦσιν
3467 4171 3628 4241 αὖθις
3655 4177 3736 4240 ὡς

2147 4270 2311 4333 αὐτὸς
2339 4270 2588 4334 πλατέως
2616 4269 2902 4340 παρέδοτο.
2947 4267 3215 4340 Εῦκαιρον
3263 4269 3323 4323 δὲ
3374 4269 3509 4339 ἡμῖν
3550 4271 3737 4322 εἰπεῖν

2151 4359 2389 4416 ἆνταῦθα
2422 4361 2519 4414 καὶ
2552 4361 2635 4415 δτι
2683 4363 2744 4414 τδ
2787 4360 3137 4432 συμϐολικῶς
3178 4362 3577 4431 πνευματικὸν,
3636 4361 3741 4414 καὶ

420 4451 425 4458 ’
465 4459 663 4528 aquilae
702 4467 990 4529 surgentes
1019 4457 1120 4524 illi,
1158 4458 1214 4512 in
1265 4457 1585 4528 prtedictum
1648 4459 2035 4529 augustissima

2153 4455 2397 4525 αἰθέριον
2443 4453 2552 4506 τῶν
2587 4453 2928 4521 ἀποστόλων,
2981 4454 3073 4508 καὶ
3120 4455 3153 4524 η
3205 4454 3367 4525 ἀερία
3431 4457 3744 4525 συγκροτεῖ

472 4552 712 4623 Deiparae
741 4551 1160 4606 tabernaculum
1216 4551 1623 4622 requievernnt.
1651 4552 1860 4606 Dictum
1915 4567 2044 4608 vero

468 4645 574 4698 Τὸν
609 4644 772 4714 μόνον
804 4642 1056 4713 Σωτῆρα,
1086 4643 1318 4697 multum
1339 4652 1593 4697 accurate
1617 4643 1880 4710 scriptum
1911 4652 1994 4696 est
2027 4661 2040 4699 :

465 4739 608 4793 sicut
663 4737 809 4792 enim
834 4748 973 4790 unus
1012 4743 1096 4790 est
1149 4732 1293 4789 Deus
1339 4735 1433 4804 qui
1475 4734 1620 4790 Dens
1657 4735 1886 4791 deorum
1939 4746 2044 4802 est,

469 4844 724 4898 unusque
760 4828 1026 4884 Dominus
1055 4827 1146 4895 qui
1177 4827 1520 4882 dominorum
1550 4839 1636 4884 est
1659 4829 1938 4894 Dominus,
1967 4832 2049 4887 sic

467 4920 630 4974 etiam
689 4936 832 4975 unus
862 4930 946 4976 est
985 4921 1242 4985 Salvator,
1285 4919 1378 4988 qui
1433 4920 1767 4976 salvatorum
1799 4921 2048 4976 Salvator

470 5023 574 5068 εει.
617 5011 829 5080 Reliqui
851 5027 982 5066 vero
1023 5027 1091 5066 ex
1162 5011 1278 5080 ipse
1330 5024 1428 5078 per
1489 5012 2044 5067 communicationem

471 5113 602 5158 sunt
632 5104 962 5166 salvatores,
999 5103 1044 5157 si
1079 5113 1289 5157 tantum
1318 5111 1403 5158 est
1459 5105 1606 5174 quod
1662 5105 1890 5159 salvent.
1948 5103 2046 5158 Dat

467 5210 648 5252 autem
682 5196 812 5251 mihi
847 5196 928 5251 sic
950 5195 1165 5250 dicendi
1199 5197 1495 5259 rationem,
1556 5197 1650 5266 qui
1682 5197 1907 5252 tradidit
1941 5211 2046 5251 non

467 5305 590 5346 esse
622 5286 1082 5344 contidendumin
1115 5289 1483 5358 principibus,
1513 5289 1564 5342 in
1605 5289 1733 5343 ﬂliis
1765 5290 2048 5342 hominum

467 5380 522 5434 in
553 5381 758 5452 quibus
778 5395 886 5435 non
920 5391 1005 5437 est
1029 5381 1200 5437 salus.
1232 5381 1388 5448 Quod
1423 5391 1604 5436 autem
1639 5396 1705 5436 ex
1733 5380 2048 5436 Graecorum

469 5473 646 5540 spinis
686 5473 829 5528 hanc
857 5471 1149 5528 salutarem
1214 5488 1396 5528 rosam
1459 5472 1869 5541 collegerimus,
1919 5481 2051 5524 ante

471 5566 734 5635 scriptum
768 5574 873 5620 est.
907 5564 1070 5619 Attici
1101 5578 1342 5635 namque
1373 5563 1536 5633 primi
1561 5563 1748 5618 Jovem
1781 5563 2053 5618 excellen-

474 5665 556 5708 ter
580 5657 903 5711 salvatorem
943 5656 1370 5726 inscripserunt.

543 5745 667 5807 185.
708 5746 768 5803 '0
803 5749 1164 5820 παντιυργός,
1207 5747 1351 5818 apud
1388 5756 1636 5804 recentes
1679 5747 1919 5818 quidem,
1987 5762 2050 5801 ex

2148 4546 2408 4617 ἔπαρσις·
2443 4547 2509 4617 ἣν
2559 4547 2761 4600 ἐκεῖνοι
2801 4549 3084 4618 μετάρσιοι
3134 4546 3422 4616 πετόμενοι
3457 4546 3595 4599 ὡσεὶ
3639 4548 3741 4600 καὶ

2147 4640 2324 4704 ἀετοὶ,
2359 4639 2455 4692 ἐπὶ
2503 4639 2564 4692 τὸ
2599 4639 2701 4710 τῆς
2735 4643 3016 4708 πανάγνου
3054 4641 3326 4711 σκήνωμα
3361 4639 3742 4712 πρπκείμενον

2149 4732 2496 4804 Θιομήτορος
2544 4732 2880 4788 ἀνέπαυσαν.
2913 4733 2986 4786 Τὸ
3035 4733 3114 4799 δὲ,
3145 4732 3250 4787 Τὸν
3276 4732 3438 4802 μόνον
3475 4732 3738 4804 Σωτῆρα,

2150 4825 2294 4878 πάνυ
2353 4823 2846 4895 συντετηρημένως
2889 4826 3224 4893 γέγραπται.
3267 4825 3360 4888 Ὧς
3411 4823 3521 4896 γάρ
3571 4827 3743 4895 μόνος

2151 4915 2282 4979 Θεὸς
2328 4920 2356 4971 ὁ
2401 4917 2512 4970 τῶν
2543 4918 2682 4971 θεῶν
2716 4919 2870 4981 Θεὸς.
2911 4918 3005 4973 καὶ
3045 4919 3250 4989 Κύριος
3294 4920 3322 4972 ὁ
3369 4918 3480 4972 τῶν
3526 4919 3743 4992 κυρίων

2153 5009 2378 5079 Κύριος,
2427 5009 2572 5063 οὕτω
2612 5011 2711 5063 καὶ
2764 5011 2956 5081 Σωτὴρ
3023 5011 3184 5082 μόνος
3238 5013 3266 5065 ὁ
3322 5011 3434 5065 τῶν
3468 5014 3744 5084 σωτήρων

2152 5103 2366 5172 Σωτήρ·
2402 5103 2452 5156 οι
2476 5103 2586 5173 γὰρ
2615 5103 2796 5156 λοιποὶ
2827 5104 2885 5168 ἐξ
2921 5103 3088 5156 αὑτοῦ
3122 5104 3368 5175 σωτῆρες
3402 5106 3542 5158 κατὰ
3567 5105 3744 5173 μετά-

2151 5197 2323 5262 δοσιν,
2359 5199 2409 5249 εἰ
2440 5197 2577 5260 τέως
2622 5198 2716 5250 καὶ
2766 5193 3028 5261 σώζουσι.
3079 5196 3276 5250 Δίδωσι
3325 5197 3382 5249 δὲ
3434 5213 3528 5266 μοι
3578 5198 3746 5251 τοῦτο

2153 5291 2341 5360 λέγειν
2377 5294 2402 5345 b
2442 5292 2720 5363 παραδοὺς
2759 5291 2834 5362 μὴ
2866 5290 3182 5344 πεποιθέναι
3221 5289 3308 5343 ἐπ’
3340 5290 3615 5361 ἄρχοντας
3649 5293 3745 5344 ἐπὶ

2155 5385 2307 5450 υἱοὺς
2341 5385 2671 5458 ἀνθρώπων,
2707 5381 2788 5448 οἷς
2831 5389 2931 5440 οὐκ
2984 5387 3102 5440 ἔστι
3138 5385 3404 5458 σωτηρία·
3455 5389 3530 5449 ὡς
3584 5386 3646 5439 δὲ
3683 5383 3747 5450 ἐξ

2166 5477 2504 5547 Ἑλληνικῶν
2546 5477 2801 5532 ἀκανθῶν
2835 5479 2931 5532 καὶ
2978 5479 3038 5532 τὸ
3073 5480 3344 5551 σωτήριον
3373 5478 3538 5532 τοῦτο
3584 5479 3748 5549 ῥόδον

2155 5567 2544 5636 ἀπολέλεκται,
2593 5571 3038 5641 προγέγραπταν
3082 5572 3321 5625 ’Δττικοὶ
3368 5573 3478 5640 γὰρ
3529 5570 3748 5639 πρῶ-οι

2155 5660 2280 5714 κατ’
2307 5662 2589 5730 ἐξαίρετον
2617 5663 2714 5715 Δία
2739 5663 2963 5733 σωτῆρα
2993 5663 3392 5734 ἐπεγράφοντο.

2232 5758 2368 5823 ρπε’.
2425 5753 2483 5806 Ὀ
2517 5753 2574 5810 δὲ
2619 5755 2962 5826 παντουργδς
3002 5754 3150 5826 παρὰ
3218 5753 3317 5825 μὲν
3365 5755 3475 5817 τοῖς
3510 5752 3750 5826 ὓστερον
