3950 6204
312 277 415 343 σφι

313 394 438 463 ἁγία
456 412 459 415 ‘
480 394 626 462 λέξις
670 397 821 456 ἐστὶν

311 487 536 553 τουργδς
587 492 617 542 6
670 490 805 553 Θεδς
858 496 989 566 παρ’
1022 498 1157 567 ἡμῖν
1209 503 1472 568 εὐσεὸῶς.
1519 507 1584 559 Ol
1638 487 1696 562 si
1755 509 1878 563 καθ’

311 574 574 648 Ἕλληνας
602 581 700 649 τῆς
723 584 904 653 αὐτῆς
921 585 1067 657 εἶχον
1096 596 1372 659 σημασίας
1396 596 1491 650 τὸν
1515 599 1874 669 παντουργδν,

308 665 377 728 ὡς
426 668 525 720 καὶ
555 671 983 743 προδεδήλωται,
1020 678 1111 731 τὸν
1145 682 1235 735 καὶ
1269 683 1353 753 ἐφ’
1383 682 1464 747 οἷς
1515 688 1576 740 οὐ
1630 665 1735 759 χρη
1774 665 1879 742 πε-

310 759 663 829 ριεργότατον
688 765 783 817 καὶ
811 764 954 820 οὓτω
979 775 1301 842 κακοεργὸν·
1338 777 1399 829 οὐ
1432 783 1594 834 παντὶ
1623 781 1770 851 ἔργῳ
1800 782 1878 852 τῷ

309 849 423 901 κατ’
464 849 758 920 ἄνθρωπον
787 857 1060 927 ἐναριτως
1099 863 1484 931 ἐπιϐάλλοντα,
1521 849 1877 940 ἐγχειροῦντα

308 939 358 992 δὲ
382 941 474 993 καὶ
506 936 588 1004 οἷς
619 944 720 997 οὐκ
765 946 951 1016 ἐχρῆν·
983 949 1010 1002 ὃ
1040 952 1105 1018 δὴ
1136 955 1232 1007 καὶ
1263 955 1373 1008 τῶν
1414 975 1498 1021 τις
1526 936 1877 1017 παλαιτάτων

311 1032 484 1098 σοφῶν
528 1038 933 1107 κατηγορηθεὶς
984 1043 1187 1113 ἐϐλάϐη
1236 1047 1310 1109 ὡς
1362 1049 1708 1121 διαστρέφων
1749 1056 1876 1119 τοὺς

312 1123 794 1193 μαθητευομένους
848 1131 907 1183 ὲν
958 1133 1038 1201 τῷ
1092 1136 1493 1205 ἀναγινώσκειν
1551 1143 1737 1207 αὐτοῖς
1791 1147 1872 1211 τὸ,

310 1210 513 1280 Ἔργον
544 1214 590 1266 δ’
630 1217 781 1274 οὐδὲν
829 1219 1053 1289 δνιιδος,
1080 1226 1143 1278 οὐ
1192 1230 1326 1298 πρὸς
1352 1231 1534 1301 ὀρθὸν,
1563 1234 1723 1303 λόγον
1745 1210 1875 1301 ut

308 1304 616 1395 κατήγορος
647 1309 774 1378 ἔφη’
806 1313 921 1365 ἀλλ’
951 1315 1035 1368 ὅτι
1071 1316 1234 1387 ἔργον
1263 1323 1418 1376 οὐδὲν
1466 1326 1668 1391 ὄνειδός
1703 1332 1874 1395 ἐστιν,

306 1393 471 1464 ἤγουν
504 1399 628 1451 οὐδὲ
660 1401 761 1470 μία
798 1404 1031 1473 ἐργασία
1063 1411 1200 1477 πρὸς
1237 1414 1543 1485 όνειδισμοῦ
1575 1421 1774 1486 γένοιτ’
1809 1393 1876 1476 ἃν

303 1486 376 1558 τῷ
401 1489 815 1563 ἀποπληροῦντι
840 1497 1029 1567 αὐτήν⁹
1067 1501 1126 1565 6;
1152 1503 1216 1572 δὴ
1249 1505 1404 1575 λόγος
1431 1509 1632 1575 ἄτοπος
1662 1514 1878 1582 ιξεφαί-

304 1595 444 1643 νετο,
486 1584 537 1635 εί
573 1584 820 1639 παιδεύοι
857 1588 932 1658 μὴ
966 1590 1273 1663 ὀνειδισμόν
1304 1615 1427 1653 τινα
1460 1600 1605 1669 ἔχειν
1651 1605 1717 1657 τὰ
1744 1606 1877 1674 sed-

304 1688 485 1739 μαρτα
516 1673 677 1744 ἔργα,
713 1675 998 1732 ἐπαινετὸν
1023 1682 1080 1734 δὲ
1111 1678 1253 1737 εἶναι
1282 1693 1377 1741 καὶ
1414 1690 1506 1742 τὸν
1537 1690 1751 1746 ἅπαντα
1781 1673 1874 1765 έρ-

301 1761 604 1830 γαζὸμενον
650 1767 747 1820 καὶ
778 1767 921 1822 οὕτω
952 1776 1316 1843 παντουργόν·
1344 1777 1426 1832 διὸ
1460 1782 1542 1843 είς
1568 1761 1873 1855 ἀπόϐλητον

302 1853 701 1925 ἀπερριπτεῖτο
744 1862 859 1923 τοῖς
890 1862 1011 1916 τότε
1043 1864 1072 1917 6
1102 1870 1460 1937 παντουργός·
1487 1871 1713 1943 ὕστερον
1748 1853 1873 1944 μέν-

297 1965 378 2001 τοι
407 1949 505 2004 τοῦ
538 1951 703 2023 ἔργου
734 1955 1126 2025 ἀποκριθέντος
1164 1962 1244 2023 είς
1280 1963 1581 2033 ἑρμηνείαν
1620 1968 1874 2038 πράξεως

299 2040 541 2111 ἀγαθῆς,
592 2046 689 2097 καὶ
728 2046 1036 2113 ἰδιάσαντος
1071 2053 1151 2115 εις
1199 2054 1482 2110 ἐπαινετὸν
1516 2058 1610 2112 καὶ
1661 2061 1873 2130 πρέπον

296 2132 396 2203 βέῳ
434 2136 722 2207 πολιτικῷ,
750 2140 843 2193 καὶ
892 2143 1127 2209 ἐργάτου
1177 2143 1472 2214 λεγομένου
1497 2148 1593 2201 τοῦ
1642 2149 1871 2220 εὐεργοῦ

296 2226 394 2276 καὶ
425 2228 685 2296 ἐνεργοῦς
719 2232 813 2284 ἐπὶ
854 2233 1029 2302 καλῷ,
1058 2235 1344 2306 προλιπὼν
1375 2240 1522 2307 ἡμᾶς
1551 2242 1579 2293 6
1607 2258 1874 2311 παναιεουρ⁴

292 2317 392 2384 γδς
421 2318 531 2371 ἀπὸ
559 2320 748 2388 χθονὸς
774 2323 1089 2394 εὐρυοδείης
1118 2328 1198 2391 εἰς
1234 2330 1518 2399 Ὄλυμπον
1540 2332 1870 2399 ἀναϐέϐηκε,

290 2408 373 2477 τῷ
404 2409 525 2478 Θεῷ
547 2413 626 2473 είς
654 2415 977 2485 ἐπωνυμίαν
1012 2420 1452 2489 οἰκειωσόμενος,
1490 2423 1583 2474 καὶ
1611 2424 1704 2475 τὸν
1734 2440 1867 2476 πανο

290 2498 495 2570 οῦργον
546 2505 937 2561 καταλέλοιπεν
1002 2511 1265 2565 εἱλείσοαι
1314 2513 1441 2582 περὶ
1493 2515 1661 2582 ἡμᾶς
1731 2514 1873 2570 οὕτω

292 2596 391 2646 καὶ
423 2594 845 2665 θαυματουργδς
896 2601 1063 2655 πάλαι
1101 2602 1199 2671 μέν
1234 2621 1362 2657 ποτε
1422 2606 1451 2657 6
1487 2608 1745 2672 παιγνίαν
1774 2610 1871 2675 τὴν

291 2682 422 2753 δψιν
452 2686 788 2740 ἀποπλανῶν
831 2691 993 2744 ὁποῖα
1032 2691 1101 2743 τὰ
1134 2709 1199 2744 πε
1214 2692 1507 2763 ριᾳδόμενα
1548 2696 1872 2765 Σωκράτους

292 2770 462 2839 εἶναι,
512 2779 610 2829 καλ⁵
642 2777 778 2830 ἄλλα
825 2779 882 2831 δέ
922 2798 1043 2833 τινα
1090 2775 1165 2835 ὧν
1208 2784 1539 2848 κατέπαιξεν
1589 2787 1871 2856 Ὠριγένης

297 2867 611 2935 ἀπελέγξας
657 2869 817 2932 αὐτὰ,
854 2869 1111 2940 θαύματα
1154 2876 1356 2940 μωροῖς
1391 2876 1574 2927 ἐκεῖνα
1606 2877 1747 2928 κατά
1779 2877 1870 2929 τὸν

289 2957 442 3014 οὕτω
492 2961 758 3030 φάμενον
825 2960 1052 3028 ὕστερον
1130 2963 1316 3030 μέντοι
1380 2964 1408 3016 6
1456 2966 1871 3038 θαυματουργὸς

294 3050 553 3122 θειοτάτη
585 3052 732 3117 λέξις
774 3053 911 3118 ἐστὶ,
943 3053 1078 3106 Θεοῦ
1131 3054 1568 3126 Θαυμαστοῦντος
1597 3059 1693 3129 τὴν
1728 3061 1870 3114 ἐκεῖ-

290 3141 389 3195 θεν
411 3142 673 3213 τοιαύτην
702 3144 863 3213 χάριν
896 3143 1115 3212 ἔχοντα.

374 3239 545 3305 ρπς¹.
601 3233 661 3286 '0
714 3232 770 3287 δὲ
830 3235 1125 3304 εὐεργέτης
1157 3238 1251 3289 καὶ
1308 3237 1574 3307 βασιλέως
1638 3241 1870 3309 ἀγαθοῦ,

290 3328 639 3397 Πτολεμαῖος
712 3328 769 3381 δὲ
820 3324 889 3397 ἦν
940 3330 1168 3395 ἐκεῖνος,
1238 3331 1529 3401 ἐπώνυμον
1602 3336 1871 3406 ἐπεκρίθη

286 3420 577 3490 γενέσθαι,
627 3420 716 3473 διὰ
755 3421 817 3473 τδ
848 3418 1046 3489 ὲνοέως
1097 3422 1301 3489 ἀγαθὸν
1332 3422 1428 3475 τοῦ
1459 3425 1790 3496 εὐεργετεῖν,
1824 3427 1887 3482 εἴ

289 3529 347 3566 τι
383 3511 745 3581 μεμνήμεθα,
778 3512 1045 3580 βασιλέως
1091 3512 1324 3566 παλαιοῦ
1360 3518 1607 3585 φαμένου
1649 3521 1731 3573 ὅτι
1767 3521 1874 3590 Ση-

294 3621 472 3674 μερον
502 3604 605 3656 οὐκ
646 3603 999 3668 ἐϐασίλευσα,
1026 3605 1087 3656 οὐ
1135 3606 1243 3676 γὰρ
1272 3606 1638 3678 εὐηργέτησα·
1674 3614 1768 3665 καὶ
1805 3608 1871 3666 αὖ

294 3696 465 3750 πάλιν
494 3696 686 3765 ἑτέρου
734 3694 810 3764 μὴ
845 3694 1115 3761 τοιούτου,
1148 3698 1277 3768 περὶ
1306 3699 1366 3752 οῦ
1405 3702 1569 3771 σοφός
1594 3720 1681 3766 τις
1729 3705 1872 3775 ὲρω-

289 3788 485 3858 τηθεὶς
547 3789 608 3841 ὲν
664 3786 745 3857 τῷ
788 3787 882 3840 τοῦ
943 3789 1167 3858 ἀρχείου
1226 3790 1448 3860 ἐξιέναι,
1482 3795 1874 3865 τίὸβασιλεὺς

293 3883 466 3945 ποιεῖ,
494 3880 771 3949 Πτωχοὺς,
800 3879 927 3950 ἔφη·
962 3880 1230 3935 σκώπτων
1276 3884 1479 3947 ἐκεῖνος
1516 3886 1609 3940 τὸν
1632 3889 1874 3959 ἄρχοντα

294 3976 373 4037 ὡς
399 3975 476 4042 μὴ
511 3973 888 4043 εὐεργετικόν.
914 3975 1021 4027 Καὶ
1046 3974 1122 4045 τῷ
1144 3974 1255 4029 δντι
1286 3975 1535 4045 βασιλεὺς
1564 3980 1874 4049 φειδόμενος

297 4064 594 4134 θησαυρῶν
627 4064 720 4117 καὶ
766 4065 837 4117 δι’
886 4064 1018 4118 αὐτὸ
1049 4053 1486 4138 χρυσοφυλακῶν
1549 4071 1775 4145 μύρμηξ
1806 4074 1873 4127 ἂν

297 4155 383 4223 εἴη
412 4156 817 4226 χρυσωρυχῶν,
850 4155 909 4219 ὃς
951 4156 1296 4227 ἐνθυμείσθω
1329 4164 1425 4214 καὶ
1456 4164 1580 4226 τοὺς
1626 4164 1871 4233 ἱστορου-

302 4247 496 4314 μένους
534 4246 677 4316 μύας
707 4248 789 4310 είς
816 4247 971 4301 οὐδὲν
1003 4249 1121 4303 δέον
1147 4250 1322 4319 φιλεῖν
1350 4251 1441 4304 τὸν
1468 4253 1690 4323 χρυσόν.
1721 4253 1875 4309 Οῦτω

300 4338 353 4390 δὲ
376 4340 473 4391 καὶ
504 4340 615 4401 πᾶς
647 4338 904 4404 πλούσιος
945 4344 1011 4411 τῇ
1049 4343 1119 4410 γῇ
1146 4342 1422 4422 πιστεύων
1451 4344 1518 4396 τὰ.
1552 4346 1809 4413 χρήματα
1839 4346 1870 4416 ἢ

1136 299 1222 363 11v
1258 264 1597 368 usurum
1632 308 2291 379 PENTECOSTALEM
2322 322 2772 394 DAMASCENI.
2871 282 2888 293 ’

877 404 1354 479 ὁμολογουμένως
1406 416 1566 485 μόνος
1603 420 1714 490 γὰρ
1744 438 1874 475 παν·

1982 428 2225 484 omnium
2250 434 2522 502 confesso,
2582 456 2738 496 saera
2793 442 2960 500 dictio
3009 454 3090 500 est
3133 464 3149 501 :
3208 448 3357 505 solus
3408 455 3552 506 enim

3445 341 3555 403 618

1988 520 2128 575 Deus
2157 524 2298 587 apud
2333 540 2433 581 nos
2464 528 2547 596 ple
2574 530 2819 587 Idicitur'
2841 539 3205 607 παντουργός.
3284 542 3553 598 Anctores

1986 620 2170 667 autem
2200 613 2398 681 Grmci,
2437 622 2577 675 sicut
2630 638 3107 691 prmmonstratum
3164 642 3269 697 est,
3300 634 3546 704 ejusdem

1980 704 2390 773 signiﬁcationis
2420 710 2689 768 habebant
2717 718 2808 769 τδν
2844 724 3203 792 παντούργόν,
3255 726 3403 779 illum
3458 726 3548 795 qui

1982 797 2140 850 \alde
2168 800 2453 867 operarius
2485 813 2567 858 est
2614 805 2665 859 in
2687 808 2886 876 quibus
2921 828 3025 867 non
3068 825 3305 883 oportet,
3354 827 3407 871 et
3470 820 3549 872 sic

1983 888 2305 945 malefactor
2324 901 2443 962 est;
2472 896 2564 964 qui
2589 912 2699 952 non
2735 900 2885 955 omni
2922 919 2981 957 se
3008 905 3099 959 dat
3126 909 3278 976 operi
3312 910 3551 963 humano

1976 980 2353 1049 laudabiliter,
2395 988 2488 1042 sed
2529 1005 2751 1045 manum
2787 992 2986 1062 ingerit
3014 996 3105 1050 ubi
3131 1014 3235 1052 non
3288 1010 3502 1067 oportet
3533 1019 3565 1069 ;.

1976 1073 2043 1126 de
2073 1088 2181 1140 quo
2210 1090 2351 1131 unus
2381 1091 2447 1131 ex
2481 1078 2879 1146 antiquissimis
2899 1084 3239 1152 sapientibus
3263 1098 3551 1145 accusatus

1977 1165 2200 1232 punitus
2217 1165 2315 1220 fttit
2341 1175 2398 1220 ut
2417 1181 2730 1237 pervertens
2749 1174 3045 1244 discipulos
3066 1177 3200 1246 ipsis
3222 1180 3553 1246 persuaden-

1976 1254 2046 1310 do
2074 1258 2248 1326 quodt
2270 1260 2474 1314 nullum
2492 1276 2630 1331 Opus
2656 1266 2906 1330 probrum
2934 1277 3038 1324 est.
3075 1287 3093 1320 ι
3120 1268 3235 1322 Νοιι
3255 1269 3321 1323 ad
3348 1281 3548 1326 rectam

1979 1350 2264 1416 rationem,
2294 1360 2656 1408 utaccusator
2676 1354 2839 1422 dixit,
2878 1359 2973 1413 sed
3009 1361 3153 1429 quod
3177 1362 3382 1417 nullum
3414 1379 3553 1431 opus

1977 1439 2233 1509 probrum
2256 1451 2359 1504 est,
2388 1458 2481 1497 seu
2525 1434 2671 1500 nulla
2714 1448 2855 1502 actio
2909 1455 3110 1518 probro
3174 1469 3296 1508 esse
3349 1464 3549 1523 potest,

1976 1528 2292 1598 adimplenti
2326 1531 2475 1588 illam
2517 1536 2645 1605 :qui
2676 1553 2809 1594 sane
2839 1553 3021 1595 sermo
3036 1542 3330 1597 videbatur
3358 1546 3552 1599 absur-

1976 1618 2101 1683 dus,
2128 1621 2172 1674 si
2203 1621 2422 1678 doceret
2456 1626 2662 1681 nullum
2696 1630 2948 1698 probrum
2980 1633 3182 1690 habere
3240 1640 3549 1705 peccatoria

1907 1755 1949 1810 B
1980 1728 2168 1782 opera,
2193 1715 2517 1771 laudabilem
2545 1734 2676 1775 vero
2711 1736 2832 1777 esse
2894 1735 3090 1780 cuncta
3123 1739 3438 1796 operantem
3497 1739 3551 1785 et

1981 1807 2054 1860 ita
2092 1810 2454 1876 παντουργόν.
2491 1807 2614 1863 ideo
2664 1817 2998 1880 coolemptui
3030 1819 3273 1873 tradatur
3306 1820 3548 1874 homini-

1980 1898 2081 1953 bus
2101 1898 2267 1968 hujus
2293 1904 2389 1955 aevi
2414 1904 2443 1956 6
2477 1908 2839 1974 παντουργός.
2864 1906 3140 1965 Posterius
3158 1922 3361 1978 tamen,
3387 1928 3551 1983 opere

1981 1989 2034 2043 in
2074 1989 2583 2061 interpretationem
2624 1997 2857 2053 actionis
2890 1998 3047 2054 bona:
3073 2004 3362 2072 aestimato,
3420 2022 3551 2075 pro-

1981 2081 2207 2150 prieque
2232 2085 2541 2152 pertinente
2565 2087 2628 2140 ad
2659 2088 2709 2141 id
2743 2091 2889 2158 quod
2920 2090 3174 2147 laudatur
3202 2105 3255 2151 et
3290 2098 3553 2167 competit

1980 2169 2187 2225 homini
2213 2173 2459 2240 politico,
2492 2185 2548 2231 et
2578 2180 2830 2247 operario
2865 2181 3011 2236 dicto
3064 2183 3156 2239 illo
3174 2185 3265 2253 qui
3302 2186 3438 2243 bene
3469 2190 3551 2243 vi-

1980 2263 2259 2332 riliterque
2287 2267 2397 2336 agit
2424 2267 2477 2320 in
2500 2267 2662 2332 bono,
2690 2270 3072 2342 derelinquens
3102 2292 3199 2331 nos
3229 2277 3257 2329 6
3283 2296 3553 2350 παντουρ-

1978 2356 2076 2423 γδς
2108 2357 2213 2409 ἀπὸ
2246 2358 2434 2427 χθονὸς
2490 2361 2800 2432 εὐρυοδείης
2828 2366 2880 2419 in
2941 2366 3227 2439 Olympum
3273 2375 3543 2439 ascendit,

1978 2450 2030 2502 in
2050 2464 2347 2518 cognomen
2369 2453 2475 2505 Deo
2490 2454 2820 2522 propriatus,
2851 2468 2905 2512 et
2930 2458 3020 2512 τὸν
3037 2464 3376 2532 παντουργόν
3403 2468 3548 2521 circa

1978 2556 2079 2594 nos
2100 2543 2306 2597 versari
2329 2544 2568 2611 reliquit.
2590 2546 2680 2600 Sic
2696 2548 2857 2601 etiam
2880 2550 3007 2603 olim
3027 2552 3441 2625 Θαυματουργός
3461 2559 3551 2614 ille

1978 2633 2193 2701 quidem
2212 2644 2329 2688 erat
2342 2635 2431 2703 qui
2446 2634 2629 2703 iocosa
2646 2640 2824 2706 specie
2838 2642 3144 2697 seductorie
3162 2645 3552 2720 fingebat,qua-

1979 2727 2047 2781 lia
2072 2735 2197 2780 sunt
2218 2741 2339 2795 quae
2356 2727 2701 2783 celebrantur
2720 2745 2838 2785 esse
2855 2731 3095 2789 Socratis
3110 2744 3163 2790 et
3179 2739 3281 2791 alia
3302 2741 3548 2809 qutedam

1977 2816 2046 2872 dc
2064 2818 2264 2887 quibus
2291 2820 2584 2874 confutatis
2600 2822 2721 2875 risit
2741 2820 3001 2893 Origenes
3021 2826 3167 2883 τὴωο
3183 2838 3363 2883 autem
3394 2832 3549 2895 juxta

1978 2924 2173 2965 nomen
2193 2914 2606 2967 erantmiranda
2633 2913 2839 2970 stultis.
2862 2915 3137 2975 Posterius
3163 2931 3344 2977 tamen
3374 2927 3400 2977 6
3420 2926 3550 2979 Θαυ-

1982 3006 2292 3075 ματουργός
2322 3006 2663 3065 divinissima
2701 3027 2804 3067 vox
2840 3014 2977 3069 facta
3005 3023 3107 3077 est.
3184 3015 3292 3069 Deo
3347 3016 3545 3072 mirum

1896 3101 1941 3161 c
1979 3092 2213 3150 faciente
2244 3096 2395 3151 illum
2432 3099 2525 3168 qui
2556 3101 2718 3156 talem
2747 3102 2945 3158 exinde
2996 3105 3223 3176 gratiam
3254 3106 3437 3163 habet.

2053 3232 2180 3288 186.
2220 3231 2336 3290 Vox
2366 3236 2590 3303 autemfé
2612 3238 2911 3311 εὐεργέτης
2965 3240 3095 3296 boni
3131 3244 3296 3311 regis,
3344 3255 3399 3301 et
3459 3247 3551 3303 hic

1979 3329 2198 3399 quidem
2225 3338 2345 3384 erat
2376 3326 2722 3395 Ptolemmus,
2762 3348 3065 3401 cognomen
3135 3335 3249 3391 fieri
3305 3337 3547 3407 iudicata

1978 3427 2083 3481 est,
2114 3433 2179 3473 eo
2213 3418 2359 3487 quod
2411 3419 2671 3477 divinitus
2730 3422 2930 3477 bonum
2990 3432 3074 3481 est
3104 3426 3441 3494 benefacere,
3498 3431 3546 3487 si

1979 3511 2393 3566 meminerimus
2420 3514 2619 3567 veteris
2663 3513 2809 3569 illius
2867 3516 3031 3585 regis.
3096 3518 3298 3575 aientis
3333 3521 3549 3579 :llodio

1978 3619 2088 3656 non
2119 3602 2371 3673 regnavi;
2405 3619 2514 3659 non
2551 3605 2700 3660 enim
2729 3605 2992 3674 benefeci;
3021 3616 3074 3662 et
3121 3608 3347 3667 alterius
3400 3613 3549 3670 haud

1978 3694 2195 3756 similis,
2229 3694 2296 3749 de
2313 3710 2421 3763 quo
2451 3696 2667 3764 sapiens
2689 3696 2907 3766 quidam
2969 3697 3023 3751 in
3074 3700 3259 3768 palatii
3289 3704 3439 3760 exitu
3465 3705 3549 3762 itte

1981 3795 2285 3854 terrogatus
2323 3787 2451 3856 quid
2477 3802 2571 3841 rex
2609 3787 2835 3852 faceret,
2867 3788 3160 3858 Pauperes,
3184 3793 3384 3858 inquit,
3416 3812 3551 3851 cou-

1979 3877 2230 3932 siderans
2249 3877 2351 3931 iste
2370 3877 2666 3947 principem
2695 3887 2754 3931 ttt
2782 3893 2887 3933 non
2916 3879 3239 3936 beneficum.
3265 3881 3330 3936 Et
3360 3901 3546 3942 revera

1981 3967 2235 4037 princeps
2258 3968 2529 4022 thesauris
2558 3983 2809 4037 parcens,
2837 3978 2889 4023 et
2926 3968 3045 4049 ideo
3073 3971 3408 4039 auricustos,
3435 3975 3550 4031 for-

1982 4059 2119 4114 mica
2144 4059 2391 4129 qumdam
2420 4070 2565 4115 esset
2589 4058 2858 4117 infodiens
2884 4076 3077 4116 aurum
3104 4078 3119 4129 ;
3178 4064 3266 4119 hic
3303 4065 3354 4119 in
3397 4083 3553 4122 men-

1981 4164 2090 4209 tem
2122 4162 2342 4207 revocet
2368 4151 2600 4206 traditos
2622 4153 2901 4207 memoria:
2966 4168 3153 4209 mures
3220 4155 3276 4211 iu
3339 4160 3547 4216 nullam

1985 4242 2285 4299 utilitatem
2316 4257 2509 4297 aurum
2540 4242 2847 4313 diligentes.
2896 4241 2987 4298 Sic
3012 4252 3203 4298 autem
3232 4250 3394 4305 etiam
3429 4266 3554 4307 om-

1982 4335 2072 4390 nis
2098 4336 2250 4389 dives
2285 4345 2444 4389 terra
2477 4335 2647 4390 lidens
2672 4336 2892 4392 divitias
2934 4349 3027 4391 aut
3051 4341 3221 4396 muris
3278 4342 3549 4410 inserens,

301 4433 497 4502 τοίχοις
542 4431 843 4502 ⁸ιταραδύων
890 4434 971 4494 εἰς
1028 4432 1155 4487 νοῦν
1188 4433 1509 4503 λαμὸανέτω
1538 4435 1611 4506 μὴ
1644 4436 1708 4488 ἂν
1737 4453 1870 4506 πρε-

1984 4437 2163 4482 mente
2196 4422 2465 4495 concipiat
2494 4442 2555 4484 se
2595 4444 2701 4482 non
2730 4428 2867 4483 forte
2923 4422 3180 4488 decenter
3224 4449 3346 4489 esse
3368 4446 3550 4493 tumu-

304 4528 512 4591 πάντως
544 4528 910 4597 ταφήσεσθαι,
940 4527 1098 4596 εἴπερ
1128 4518 1290 4591 αὐτὸς
1327 4528 1523 4581 θάπτει
1549 4529 1616 4582 τὰ
1641 4530 1717 4601 μὴ
1746 4529 1872 4596 ἀξια

304 4621 729 4691 κατακρύψεως,
759 4621 896 4674 ἁλλά
941 4620 1231 4679 διαδόσεως
1277 4621 1377 4689 τῆς
1407 4622 1545 4690 πρὸς
1569 4624 1696 4686 τοὺς
1722 4624 1878 4677 ἀδελ-

303 4712 451 4781 φούς.
492 4710 557 4765 ’0
583 4711 814 4773 δἀὐτὸς
863 4711 1150 4764 ἐννοείσθω
1200 4714 1295 4764 καὶ
1340 4712 1422 4766 ὅτι
1469 4712 1586 4782 ἀμα
1617 4716 1877 4784 χρήματα

303 4804 634 4873 ἔκρύὁησεν,
664 4802 756 4855 καὶ
785 4804 813 4856 6
843 4801 975 4860 856;
1007 4802 1135 4863 τούς
1165 4803 1484 4872 οίκτιρμούς
1518 4804 1684 4857 αὐτοῦ
1716 4806 1873 4858 συνέ-

302 4895 501 4957 στειλε,
530 4894 709 4961 λέγων
732 4895 893 4947 οἱονεὶ
930 4894 1034 4956 ὃτι,
1069 4893 1189 4956 Δὸς,
1218 4886 1263 4945 ὧ
1292 4894 1538 4959 πλούσιε,
1572 4897 1667 4948 καὶ
1695 4895 1873 4959 δώσω,

302 4985 688 5055 εὐεργέτησαν,
720 4983 817 5037 καὶ
849 4984 1217 5051 εὐεργετήσω,
1248 4984 1341 5036 καὶ
1366 4983 1538 5046 οῦτως
1568 4984 1763 5053 ἔσομαί
1792 5002 1876 5039 σοι

299 5078 398 5128 οικ
444 5075 720 5144 ἀποδότης
766 5074 862 5125 καὶ
900 5073 1206 5143 βραϐευτὴς
1258 5075 1500 5143 χάριτος,
1535 5076 1671 5129 ἀλλὰ
1718 5076 1876 5131 δώσω

302 5185 381 5218 σοι
410 5165 771 5235 ὀῳειλετικῶς
802 5165 955 5229 ἄξιον
1002 5165 1373 5233 ἀνταπόδομα.
1407 5167 1549 5234 Ὅρα
1592 5166 1647 5219 δὲ
1681 5167 1763 5220 ὅτι
1815 5166 1876 5219 τὸ

299 5259 634 5329 εὐεργετεῖν,
686 5258 715 5309 ὅ
749 5257 899 5308 ἐστιν
948 5255 1211 5319 εὐποιείν,
1263 5257 1442 5310 εἴτουν
1485 5254 1545 5310 εῦ
1598 5259 1791 5323 ποιεῖν,
1840 5258 1874 5328 ἡ

302 5351 591 5421 μετάδοσις
619 5346 939 5413 ὲξιδιώσατο
955 5347 1425 5415 ἀποκληρωτικῶς
1450 5347 1573 5400 κατ’
1595 5348 1875 5417 ἐξαίρετον

298 5441 386 5494 διὰ
413 5442 472 5493 τὸ
494 5440 855 5509 Θεομίμητον·
889 5436 970 5499 είς
997 5436 1025 5489 ὃ
1057 5439 1327 5505 μαρτυρεί
1352 5437 1379 5488 6
1409 5453 1697 5505 γνωματευ
1710 5436 1877 5505 σαμε-

294 5548 383 5596 νος
407 5532 501 5587 τὸν
528 5528 925 5601 εὐεργετοῦντα
985 5526 1230 5597 μιμητὴν
1267 5524 1407 5581 εἶναι
1444 5527 1538 5581 τοῦ
1566 5528 1725 5581 Θεοῦ.

369 5624 512 5693 ρπξ.
552 5623 630 5676 Τδ
659 5622 716 5675 δὲ
745 5621 1105 5691 δημιουργεῖν
1128 5661 1143 5682 ,
1168 5620 1331 5689 εἴπερ
1350 5621 1377 5671 6
1402 5619 1622 5672 πάντων
1646 5620 1876 5691 ποιητὴς

301 5717 386 5775 καὶ
415 5715 552 5779 Θεὲς
580 5714 836 5782 ἀνέχεται
886 5710 1235 5765 ἀνατίθεσθαι
1266 5712 1344 5774 είς
1376 5711 1691 5782 ἐπωνυμίαν
1722 5712 1873 5777 αὐτῷ

1978 4518 2217 4584 landum,
2239 4521 2339 4575 etsi
2360 4531 2417 4574 ιιι
2427 4519 2589 4573 mutet
2603 4520 2716 4589 ipse
2731 4535 2819 4575 res
2833 4521 3192 4581 absconsione
3212 4541 3316 4581 non
3334 4528 3549 4597 dignas,

1977 4612 2068 4667 sed
2096 4612 2280 4680 potius
2303 4627 2429 4682 erga
2461 4610 2659 4667 fratres
2684 4613 2989 4684 largitione.
3024 4616 3146 4687 ipse
3170 4632 3299 4672 vero
3329 4634 3549 4687 quoque

1978 4703 2246 4774 recogitet
2274 4702 2446 4770 quod,
2483 4702 2573 4757 ubi
2615 4704 2900 4760 thesauros
2962 4706 3266 4773 abscondit,
3308 4709 3468 4763 simul
3493 4719 3549 4764 et

1979 4795 2122 4850 Deus
2146 4794 2573 4850 misericordiam
2602 4796 2867 4852 conclusit
2886 4797 2940 4852 in
2967 4814 3113 4863 eum,
3140 4801 3549 4867 quodammodo

1977 4886 2200 4941 dicens:
2235 4885 2332 4950 Da,
2366 4885 2535 4949 dives,
2570 4894 2624 4940 et
2646 4887 2807 4953 dabo,
2842 4887 3065 4943 benefac
3089 4899 3140 4942 et
3169 4889 3543 4958 benefaciaut;

1977 4988 2031 5033 et
2064 4979 2145 5033 sic
2174 4993 2269 5032 ero
2302 4978 2395 5031 tibi
2416 4992 2525 5031 non
2564 4980 2753 5047 gratiae
2792 4980 3022 5048 largitor
3045 4991 3100 5036 et
3134 4984 3399 5049 redditor,
3447 4986 3542 5039 sed

1979 5070 2072 5123 tibi
2103 5069 2345 5122 debitam
2380 5068 2705 5138 dignamque
2772 5071 3184 5127 retributionem
3217 5074 3378 5129 dabo.
3407 5074 3545 5130 Vide

1977 5174 2107 5230 ergo
2138 5163 2282 5229 quod
2304 5158 2364 5211 τὺ
2388 5160 2789 5228 εὐεργετεῖν,ἰι1
2812 5171 2894 5216 est
2925 5163 3264 5229 benefacere,
3288 5167 3390 5220 sibi
3422 5176 3544 5220 tan—

1977 5266 2142 5319 quam
2180 5248 2549 5305 hzcreditatem
2575 5251 2900 5307 excellenter
2931 5257 3333 5325 appropriatob
3363 5256 3544 5309 imita-

1979 5343 2181 5395 tionem
2212 5338 2305 5394 Dei
2343 5340 2607 5394 bonorum
2638 5344 3065 5398 communicatio
3092 5361 3105 5396 :
3131 5346 3275 5413 quod
3304 5353 3536 5398 testatur

1979 5435 2246 5489 sententia
2301 5434 2451 5488 illius
2504 5434 2595 5503 qui
2637 5433 2798 5498 dixit,
2851 5434 3173 5490 beneﬁcium
3218 5434 3544 5490 imitatorem

1977 5541 2095 5581 esse
2118 5526 2232 5581 Dei.

2051 5616 2173 5671 187.
2206 5615 2319 5672 lloc
2342 5627 2522 5674 autem
2547 5617 2924 5688 δημιουργεῖν,
2974 5617 3019 5671 si
3046 5616 3268 5686 quidem
3298 5617 3543 5674 omnium

1980 5706 2151 5763 factor
2173 5716 2225 5763 et
2258 5707 2403 5765 Deus
2452 5708 2723 5763 consentit
2783 5708 3029 5776 accipere
3080 5708 3182 5764 sibi
3243 5723 3543 5776 cognomen
