3996 6194
450 297 559 363 703

1165 304 1586 367 EUSTATHII
1623 309 2381 372 THESSALONICENSIS
2417 313 2980 376 METROPOLIT/E

3604 319 3700 382 ποι

452 410 700 480 sapieuta
735 413 1003 477 terrestri.
1064 415 1158 469 sed
1219 416 1471 486 desuper,
1510 433 1571 474 ea
1631 437 1752 488 quae
1779 437 1926 476 nunc
1967 422 2051 476 di-

2154 421 2358 477 ἄνωθεν
2388 426 2458 479 τά
2496 444 2555 479 τε
2588 423 2682 478 νῦν
2710 424 3039 496 λαλούμενα,
3073 427 3169 481 καὶ
3196 412 3266 480 τὰ
3311 426 3533 496 ὕστερον
3556 445 3703 483 πνευο

455 512 660 558 cnntur
690 515 742 560 et
786 521 910 576 qua:
957 505 1316 576 spiritualiter
1349 509 1402 563 in
1465 521 1748 579 posterum
1805 523 1936 568 sunt
1966 514 2048 568 di-

453 591 649 654 cenda,
706 591 798 646 Dei
872 592 1127 649 homines
1180 594 1380 668 linguis
1442 600 1782 669 exprimunt.
1833 600 2048 658 Diceret

462 682 628 737 etiam
666 685 883 752 sapiens
911 684 1018 740 iste
1075 687 1328 745 melodus
1375 693 1519 760 quod
1571 694 1718 748 sicut
1766 695 1896 748 visa:
1943 696 2047 749 suh

459 774 606 838 ignis
661 777 1094 849 specielingum,
1148 796 1256 836 non
1290 782 1501 853 absque
1560 787 1706 840 acria
1747 788 2048 858 spiratione

457 877 848 936 apparuerunt,
880 870 960 925 sic
990 888 1166 941 neque
1191 877 1565 944 apostolorum
1602 879 1800 947 linguae
1825 883 1943 937 sine
1967 885 2046 937 di-

467 957 591 1009 vina
624 960 867 1018 motione
928 976 1024 1032 per
1059 964 1327 1036 Spiritum
1383 977 1636 1024 sanctum
1695 971 1886 1028 activa:
1933 973 2050 1028 fne-

460 1056 610 1101 runt.

531 1140 796 1200 192.lloe
848 1154 1028 1201 autem
1087 1150 1279 1217 ὲφίζον
1333 1153 1480 1209 velut
1527 1155 1761 1212 thronos
1808 1155 2048 1227 Spiritus

466 1233 642 1287 sancti
680 1237 991 1293 subindicat
1023 1244 1549 1316 apostolos;quibus
1604 1258 1864 1319 tanquam
1935 1252 2048 1321 Spi-

467 1321 715 1380 rituferis
754 1327 999 1386 insidens
1058 1332 1149 1388 ille
1201 1336 1408 1393 similes
1463 1340 1596 1396 istas
1637 1341 1769 1397 facit
1819 1344 2048 1402 divinis-

465 1411 620 1468 simis
668 1414 809 1470 circa
847 1416 1013 1473 Deum
1042 1423 1256 1479 thronis
1289 1429 1382 1479 uni
1416 1431 1888 1497 supercmlestium
1962 1449 2049 1490 sa-

468 1515 684 1558 crorum
732 1507 1008 1577 ordinum,
1050 1523 1108 1568 nt
1159 1515 1588 1576 didicimus.'Et
1629 1523 1716 1579 hic
1739 1525 1902 1579 etiam
1967 1526 2050 1581 di-

471 1595 583 1649 ctio
613 1596 706 1652 τοῦ
734 1599 946 1669 ἑφίζειν
980 1607 1285 1676 emphatice
1319 1614 1588 1684 signiﬁcat
1617 1617 1825 1683 ingredi
1877 1620 2050 1690 Spiri-

469 1693 583 1779 tum
633 1702 886 1749 sanctum
932 1695 984 1750 in
1039 1703 1322 1768 apostolos
1377 1715 1635 1775 tanquam
1676 1709 1732 1762 in
1768 1711 2044 1779 propriam

466 1775 692 1835 domum
723 1799 897 1854 nuper
929 1788 1258 1860 dedicatam,
1289 1805 1346 1849 ut
1397 1806 1558 1852 antea
1603 1775 1805 1854 dictum
1838 1775 1964 1869 est;
1992 1809 2047 1857 et
2079 1779 2121 1836 θ

469 1879 730 1963 tanquam
787 1889 992 1934 rectum
1047 1893 1101 1937 et
1151 1885 1364 1940 firmum
1415 1904 1757 1958 permanere,
1782 1893 1896 1949 sive
1919 1892 2047 1963 jux-

467 1970 521 2014 ta
561 1962 887 2022 locutionem
919 1972 1090 2042 magis
1119 1976 1509 2046 evangelicam,
1570 1962 1932 2036 mansionem
1982 1997 2044 2036 a-

468 2052 581 2120 pud
616 2054 734 2110 illos
770 2056 974 2124 facere,
1008 2071 1062 2115 et
1085 2071 1343 2133 tanquam
1370 2069 1747 2136 supersedere,
1773 2069 1827 2124 in
1849 2086 2046 2125 unum-

471 2159 748 2216 quemque
772 2164 962 2204 eorum
987 2151 1213 2208 firmiter
1239 2158 1684 2226 requiescentem
1715 2172 1770 2215 et
1803 2161 1855 2214 in
1883 2161 2044 2217 linem

470 2251 751 2293 sessurum
805 2257 973 2311 super
1003 2246 1186 2301 sedem
1239 2247 1398 2302 istam
1461 2251 1649 2320 gloriae
1695 2253 1844 2322 regni
1900 2254 2041 2324 ejus.

471 2327 530 2382 Si
577 2339 756 2385 autem
789 2332 879 2388 hic
927 2335 1034 2391 dici
1065 2346 1242 2404 potest
1291 2342 1434 2410 quod
1469 2342 1635 2397 etiam
1669 2345 1816 2398 velut
1838 2345 1892 2399 in
1918 2359 2046 2400 cur-

469 2433 566 2476 rus
645 2423 699 2476 in
757 2417 1032 2493 apostolos
1082 2427 1292 2498 ἑφίζειν
1327 2434 1713 2501 pronuntiatus
1761 2437 1844 2490 es‘t
1875 2433 2047 2506 Spiri-

471 2520 562 2568 tus
587 2528 830 2582 sanctus,
854 2521 1260 2588 recogitandum
1302 2525 1447 2593 quod
1477 2540 1581 2579 non
1617 2527 1675 2579 τὸ
1705 2526 1932 2594 ἔφίζειν,
1951 2525 2044 2580 sed

472 2607 534 2660 τὸ
563 2609 872 2664 ἐπιϐαίνειν
921 2613 1234 2682 huiusmodi
1270 2620 1560 2672 sententia!
1603 2619 1880 2684 convenit,
1925 2629 2045 2673 tan-

471 2714 660 2768 quam:
723 2702 1124 2774 Cousceudisti,
1169 2707 1423 2774 Domine,
1506 2720 1720 2780 equites
1765 2704 2046 2781 apostolos

472 2799 616 2859 tuos,
676 2805 807 2857 etc.,
837 2805 896 2850 ut
927 2800 1201 2854 connectit
1226 2800 1360 2854 alter
1407 2783 1677 2858 melodus.

544 2883 819 2942 l95.'lloc
840 2897 1020 2944 autem
1045 2891 1344 2962 εὐλογητόν
1368 2893 1456 2948 hic
1484 2895 1773 2950 commode
1807 2896 2045 2965 positum

470 2988 554 3033 est
589 2979 654 3034 ad
692 2991 925 3036 mentem
959 2982 1124 3053 hujus
1155 2985 1336 3040 octavi
1367 2987 1636 3042 carminis
1662 3002 1680 3055 ;
1731 2987 1890 3058 cujus
1913 3003 2048 3058 prte-

471 3067 714 3137 loquium
753 3088 768 3125 :
802 3072 1115 3128 Benedicite
1139 3071 1450 3144 Dominum,
1484 3075 1601 3131 haec
1630 3087 1682 3130 et
1703 3075 1828 3143 ista,
1853 3092 2042 3146 perve-

473 3161 555 3213 nit
588 3160 656 3214 ad
693 3161 825 3217 illud
857 3178 873 3218 :
910 3163 1242 3232 Benediclte,
1279 3167 1507 3238 spiritus
1531 3168 2050 3240 justorum,quibus

473 3267 606 3305 sane
621 3255 818 3324 gaudet
841 3254 1080 3326 Spiritus
1113 3271 1373 3316 sanctus:
1408 3263 1648 3317 suaviter
1671 3274 1849 3318 autem
1891 3273 2050 3334 post:

472 3341 823 3410 insidentem,
851 3347 1071 3414 ponitur
1099 3348 1204 3404 hoc
1246 3367 1260 3403 ι
1297 3349 1670 3405 benedictum.
1731 3349 1848 3405 Non
1904 3349 2052 3404 enim

476 3431 622 3486 sicut
651 3436 988 3489 mundanum
1014 3438 1227 3506 pondus
1289 3451 1479 3509 gravat
1529 3438 1771 3510 Spiritus
1823 3450 2051 3497 sanctus

474 3523 746 3591 insidens,
783 3525 874 3580 ubi
903 3526 1005 3582 sibi
1041 3529 1329 3598 placuerit,
1367 3531 1462 3586 sed
1490 3532 1556 3587 de
1586 3547 1854 3589 consessu
1888 3533 2054 3588 bene-

474 3615 706 3684 dicitur;
731 3618 989 3687 quoniam
1014 3619 1217 3677 bonum
1236 3632 1318 3678 est
1335 3632 1540 3680 sancta:
1562 3622 2054 3696 Trinitatisjugum

475 3716 532 3763 et
556 3723 697 3763 onus
723 3709 843 3778 ejus
864 3709 1002 3766 leve.
1032 3710 1160 3768 Ideo
1205 3715 1379 3769 bonus
1412 3714 1761 3771 Christianus
1799 3730 2056 3786 precatur

479 3804 540 3851 ut
573 3797 642 3852 ad
669 3813 730 3854 se
757 3803 938 3854 veniat
968 3809 1023 3858 et
1047 3801 1284 3859 insideat
1313 3805 1554 3874 Spiritus
1587 3817 1837 3870 sanctus,
1870 3815 1924 3861 et
1967 3821 2057 3861 ac-

479 3890 851 3960 quiescentem
899 3894 1196 3961 benedicit,
1245 3905 1299 3952 et
1328 3898 1678 3967 superlaudat
1705 3905 1761 3953 et
1800 3913 2060 3968 superes-

479 3985 633 4054 altat,
691 4001 1030 4058 cognoscens
1059 3991 1239 4045 taliter
1290 4007 1454 4061 posse
1477 4006 1536 4046 se
1592 3993 2057 4063 propinquitatem

479 4079 546 4130 ad
583 4077 751 4134 Deum
781 4079 980 4136 habere
1005 4101 1021 4145 ;
1057 4082 1231 4138 sancti
1262 4098 1496 4154 namque
1531 4087 1682 4154 pueri
1713 4085 2056 4141 benedictum

477 4178 532 4223 et
555 4170 1047 4239 superlaudabilem
1077 4183 1130 4226 et
1152 4175 1612 4242 superexaltatum
1639 4179 1928 4246 psallentes
1957 4179 2058 4231 Do-

481 4263 711 4326 minum,
747 4262 890 4331 quod
923 4274 1028 4330 est,
1059 4264 1203 4334 quod
1235 4263 1360 4331 fuit,
1390 4277 1446 4322 et
1489 4268 1635 4338 quod
1667 4269 1722 4323 in
1791 4277 2057 4326 internum

480 4352 608 4419 erit,
655 4353 1052 4422 exprimebaut.
1085 4354 1449 4429 Οἰκειουμένη
1500 4375 1627 4415 vero
1657 4370 1909 4416 creatura
1934 4363 2059 4433 jux-

2153 515 2403 585 ματικῶς
2429 516 2847 586 λαληθησόμενα
2876 516 2928 570 οί
2956 516 3048 570 τοῦ
3081 517 3216 571 Θεοῦ
3246 517 3525 589 ἄνθρωποι
3550 519 3708 586 γλωτ-

2147 607 2561 677 τηματίζονται.
2607 608 2766 662 Εῐποι
2808 607 2875 661 ἂν
2909 611 2937 661 ό
2968 609 3130 677 σοφὸς
3160 603 3314 672 οὗτος
3346 609 3597 678 μελῳδὸς,
3624 611 3709 665 καὶ

2148 699 2227 751 ὅτι
2255 697 2444 768 ὥσπερ
2475 699 2531 751 αί
2570 700 2853 770 ὁραθετσαι
2891 700 3198 771 πυροειδεῖς
3229 700 3469 768 γλῶσσαι
3508 702 3567 754 ού
3597 703 3708 772 δίχα

2150 791 2319 858 πνοῆς
2350 790 2540 862 ἀερίας
2570 790 2868 863 ἐφάνησαν.
2904 792 3078 856 οὕτως
3105 793 3227 846 οὐδὲ
3260 794 3320 847 ai
3344 793 3584 861 γλῶσσαι
3607 794 3707 847 τῶν

2148 884 2464 937 ἀποστόλων
2495 884 2806 954 ὲνήργησαν
2849 885 2925 955 μὴ
2959 884 3287 956 θεοκινήτως
3315 886 3406 939 διὰ
3435 887 3530 941 τοῦ
3568 887 3711 953 ἁγίου

2148 977 2489 1048 Πνεύματος.

2222 1158 2366 1229 ριιβο.
2416 1157 2492 1212 Τὸ
2543 1159 2602 1213 δὶ
2649 1159 2836 1229 ὲφίζον
2886 1159 2982 1215 καὶ
3016 1159 3094 1224 ὡς
3123 1159 3352 1229 θρόνους
3392 1159 3714 1229 ὖπεμφαίνει

2147 1251 2241 1303 τοῦ
2271 1251 2427 1316 ἁγίου
2453 1251 2771 1321 Πνεύματος
2800 1253 2929 1316 τοὺς
2960 1251 3231 1322 μαθητάςο
3259 1244 3342 1314 οἷς
3366 1243 3456 1304 οἷα
3485 1267 3716 1320 πνευμα·

2146 1342 2398 1412 τοφόροις
2444 1343 2623 1394 ἐκεῖνο
2659 1341 3090 1412 ἐπικαθήμενον,
3142 1343 3480 1411 ἀντιμίμους
3529 1342 3712 1406 αὐτοὺς

2149 1435 2297 1486 ποιεῖ
2323 1435 2435 1496 τοῖς
2480 1434 2778 1495 θειοτάτοις
2827 1435 2956 1504 περὶ
2984 1434 3119 1488 Θεὸν
3149 1435 3361 1504 θρόνοις
3405 1433 3487 1504 τῷ
3521 1433 3599 1486 ἑνὶ
3621 1433 3718 1484 τῶν

2149 1525 2560 1596 ύπερουρανίων
2592 1527 2763 1594 ἁγίων
2787 1526 3106 1594 ταγμάτων,
3140 1526 3218 1589 ὡς
3281 1524 3568 1596 ἐμάθομεν
3588 1541 3602 1555 ⁸
3635 1525 3719 1579 καὶ

2148 1617 2298 1671 ἐστιν
2327 1615 2562 1670 ἐνταῦθα
2589 1619 2622 1688 ἠ
2653 1617 2799 1685 λέξις
2822 1618 2916 1671 τοῦ
2948 1620 3160 1687 ἐφίζειν
3189 1620 3482 1690 ἐμφατικὴ
3506 1620 3598 1674 τοῦ
3622 1622 3721 1673 εισ-

2148 1710 2324 1762 ελθεϊν
2356 1708 2416 1762 τὸ
2443 1709 2596 1778 ἅγιον
2622 1709 2872 1780 Πνεῦμα,
2895 1711 2970 1775 ὡς
3006 1713 3086 1775 είς
3115 1706 3263 1767 οἳκον
3293 1712 3428 1766 [διον
3449 1714 3573 1776 τοὺς
3599 1715 3722 1766 ἀπο-

2155 1801 2379 1864 στόλους
2409 1803 2748 1871 προσφάτως
2778 1803 3223 1870 ὲγκαινισθέντα,
3249 1803 3401 1858 καθὰ
3429 1805 3722 1874 προγέγρα-

2157 1909 2289 1946 πται
2313 1908 2328 1921 ’
2355 1895 2450 1946 atati.
2474 1892 2549 1956 ὡς
2579 1893 2734 1957 eset;
2766 1897 2859 1948 καὶ
2882 1895 3146 1958 εὐσταθὲς
3173 1897 3538 1966 παραμεῖναι,
3562 1898 3721 1951 εἰπεῖν

2151 1981 2208 2036 δὲ
2236 1983 2470 2053 μάλιστα
2499 1985 2895 2055 εὐαγγελικῶς,
2923 1989 3092 2056 μονὴν
3128 1984 3258 2056 παρ’
3287 1985 3479 2054 αὐτοῖς
3508 1988 3720 2056 ποιήσι·

2155 2071 2301 2138 σθαι,
2340 2075 2436 2128 καὶ
2461 2068 2577 2130 οἷον
2598 2077 3048 2145 ὲπικαθεσθῆναι,
3085 2079 3168 2142 είς
3199 2078 3294 2132 ἕνα
3319 2078 3556 2133 ἕκαστον
3585 2078 3717 2131 ἐκεί.

2153 2181 2266 2218 νων
2290 2165 2659 2221 ὶπαναπαυσὰ
2669 2185 2832 2238 μενον
2858 2168 3108 2239 ἑδραίως,
3137 2169 3232 2222 καὶ
3260 2169 3461 2239 μέλλον
3486 2169 3560 2231 είς
3582 2168 3720 2232 τέλος

2153 2256 2426 2328 καθῆσθαι
2457 2260 2535 2322 ὡς
2559 2258 2653 2311 επὶ
2683 2259 2875 2331 θρόνου
2911 2260 3103 2314 τούτου
3134 2259 3292 2329 δόξης
3322 2259 3430 2326 τῆς
3464 2258 3721 2328 βασιλείας

2151 2346 2343 2402 αὐτοῦ.
2385 2347 2451 2402 Ei
2503 2347 2560 2402 δὲ
2607 2349 2757 2402 ἔστιν
2805 2350 2987 2403 εἰπεῖν
3026 2349 3259 2404 ἐνταῦθα
3284 2350 3368 2403 ὅτι
3411 2351 3508 2403 καὶ
3544 2348 3617 2413 ὡς
3641 2350 3722 2402 ἐπὶ

2152 2441 2422 2510 ἁρμάτων
2471 2441 2794 2519 τῶντὰγίων
2836 2440 3164 2495 ἀποστόλων
3204 2441 3417 2510 ὲφίζειν
3451 2440 3643 2513 ἐρρέθη
3667 2440 3722 2493 τὸ

2152 2532 2310 2600 ἅγιον
2341 2532 2586 2602 Πνεῦμα,
2625 2533 2955 2603 ἐνθυμητέον
2983 2533 3067 2588 ὅτι
3089 2534 3150 2586 οὐ
3183 2535 3242 2588 τὸ
3272 2534 3494 2602 ἐφίζειν
3515 2532 3644 2588 ἀλλὰ
3667 2531 3721 2586 τδ

2152 2625 2456 2681 ἐπισαίνειν
2472 2629 2537 2696 τῇ
2562 2625 2787 2698 τοιαύτῃ
2804 2626 3061 2696 ἁρμόττει
3081 2625 3280 2698 ἐννοίᾳ,
3299 2627 3377 2688 ὡς
3402 2626 3488 2692 τὸ,
3505 2624 3723 2692 Ἐπέϐης

2153 2716 2428 2786 ἐφίππους
2454 2719 2580 2781 τοὺς
2607 2719 2942 2780 ἀποστόλους
2970 2735 3092 2784 σου,
3122 2717 3315 2787 Κύριε,
3347 2721 3452 2772 καὶ
3487 2717 3629 2788 ἑξῆς,
3656 2716 3721 2780 ὡς

2155 2808 2467 2878 είρμεποιεῖ
2497 2809 2586 2861 ἓτε
2596 2826 2688 2879 ρος
2725 2809 2986 2880 μελῳδός.

2229 2905 2372 2972 ριιγθ.
2407 2901 2481 2954 Τὸ
2518 2901 2575 2955 δὲ
2624 2902 2917 2972 εὐλογητὸν
2949 2903 3203 2971 ἐπίτηδες
3242 2902 3490 2956 ἐνταῦθα
3523 2900 3724 2970 τεθῆναι

2155 2994 2293 3064 πρὸς
2317 2993 2572 3065 ἐνθύμιον
2596 2994 2793 3067 ὀγδόης
2819 2995 3024 3068 ταύτης
3051 2998 3193 3070 ᾠδῆς
3212 3015 3226 3028 ·
3252 2993 3322 3068 ἦς
3351 2998 3722 3068 προκατάρχον

2157 3088 2240 3152 τὸ,
2277 3088 2564 3155 Εὐλογεῖτε
2592 3090 2683 3142 τὸν
2708 3089 2912 3161 Κύριον
2941 3091 3068 3145 τάδε
3090 3093 3182 3144 καὶ
3204 3093 3352 3158 τάδε,
3391 3091 3620 3161 καθήκει
3641 3089 3724 3143 καὶ

2154 3179 2236 3243 εἰς
2259 3179 2340 3246 τὸ,
2367 3179 2654 3248 Εὑλογεῐτε
2689 3181 2980 3252 πνεύματα
3019 3182 3268 3249 δικαίων,
3300 3182 3510 3254 δηλαδὴ
3541 3183 3724 3246 ὁποίοις

2156 3271 2334 3341 χαίρει
2371 3271 2430 3324 τὸ
2455 3271 2611 3339 ἆγιον
2641 3272 2896 3340 Πνεῦμα·
2927 3273 3176 3340 γλυκέως
3211 3275 3267 3328 δὲ
3295 3277 3444 3344 μετὰ
3469 3278 3530 3328 τὸ
3556 3273 3724 3344 ὲςρίζον

2156 3363 2331 3416 κεῖται
2356 3363 2416 3416 τὸ
2440 3363 2752 3435 εύλογητόν.
2782 3365 2856 3418 Oti
2881 3365 2990 3436 γὰρ
3019 3367 3163 3421 κατὰ
3187 3365 3523 3437 βριθοσύνην
3548 3385 3724 3436 κοσμι-

2158 3453 2261 3523 κὴν
2285 3452 2514 3525 βαρύνει
2545 3455 2606 3508 τὸ
2635 3454 2792 3524 ἅγιον
2823 3456 3051 3527 Πνεῦμα
3073 3457 3284 3525 ἔφίζον,
3314 3457 3456 3512 ὅπου
3498 3458 3562 3512 ἂν
3591 3457 3719 3511 £660-

2155 3547 2326 3618 κήση,
2349 3545 2488 3602 ἀλλὰ
2520 3548 2825 3618 εὐλογεῖται
2859 3549 2960 3618 τῆς
2993 3549 3252 3621 ἱδρύσεως
3274 3565 3288 3581 ·
3319 3551 3451 3604 επεὶ
3483 3552 3574 3604 καὶ
3597 3568 3720 3621 χρη-

2157 3638 2280 3703 στὸς
2311 3641 2340 3693 ὀ
2382 3640 2483 3709 τῆς
2532 3640 2700 3710 ἁγίας
2740 3639 2972 3712 Τριάδος
3007 3640 3195 3710 ζυγὸς,
3247 3642 3347 3696 καὶ
3401 3642 3630 3713 ιλαφρδν
3662 3642 3716 3696 τὸ

2156 3733 2376 3804 φορτίον
2409 3733 2576 3806 αὐτῆς
2603 3751 2617 3770 ·
2656 3732 2738 3787 διδ
2764 3735 2857 3786 καὶ
2882 3731 3103 3804 εὔχεται
3138 3735 3166 3788 ό
3205 3735 3373 3797 καλὸς
3411 3733 3718 3806 Χριστιανὸς

2157 3822 2334 3876 ἐλθεῖν
2361 3824 2448 3876 ἐπ’
2477 3823 2639 3877 αὑτὸν
2671 3826 2764 3878 καὶ
2794 3823 3050 3894 ὲφιζῆσαι
3084 3826 3143 3879 τὸ
3169 3824 3327 3890 ἅγιον
3357 3825 3600 3896 Πνεῦμα,
3635 3823 3718 3877 καὶ

2158 3912 2478 3968 ύπακοῦσαν
2537 3915 2919 3986 ύπερευλογεῖ,
2950 3917 3048 3971 καὶ
3094 3916 3408 3987 ύπερυμνεί
3457 3917 3589 3970 αὐτὸ
3639 3914 3721 3969 καὶ

2158 4006 2454 4077 ὐπερυψοῖ,
2510 4005 2797 4075 γινώσκων
2859 4007 3123 4063 δύνασθαι
3177 4007 3352 4072 οὕτως
3409 4007 3721 4062 οἰκειοῦσθαι

2160 4098 2297 4169 πρὸς
2323 4099 2416 4152 τὸν
2446 4098 2603 4154 Θεόν.
2637 4101 2701 4153 υί
2727 4100 2836 4170 γὰρ
2875 4099 3144 4170 ψάλαντες
3179 4100 3326 4170 ἅγιοι
3364 4104 3552 4165 παῖδες
3586 4102 3722 4156 εὐλο-

2157 4191 2399 4260 γημένον
2449 4191 2546 4246 καὶ
2582 4191 2755 4264 ύπερύ
2767 4209 2970 4263 μνητον
3000 4192 3093 4246 καλ¹
3119 4193 3571 4264 ὐπερυψούμενον
3594 4188 3720 4246 εἶναι

2157 4281 2249 4336 τὸν
2279 4281 2484 4352 Κύριον
2537 4282 2599 4337 τὸ
2623 4281 2683 4338 ὂν
2711 4283 2844 4337 αὐτὸ
2874 4281 3051 4349 εἷπον,
3085 4283 3147 4338 τὸ
3185 4287 3280 4340 καὶ
3306 4289 3610 4358 γινόμενον,
3637 4285 3721 4340 καὶ

2160 4375 2242 4438 εἰς
2267 4372 2471 4435 αἰῶνας
2498 4373 2867 4445 γενησόμενον
2887 4388 2902 4403 ·
2927 4375 3274 4446 οἰκειουμένη
3299 4377 3357 4432 δὲ
3384 4379 3562 4440 κτίσις
3591 4377 3719 4431 κατὰ

480 4452 533 4498 ta
556 4458 901 4500 communem
937 4448 1227 4505 dialectum
1261 4449 1408 4505 dicta
1433 4459 1518 4506 cst
1545 4467 1559 4506 :
1589 4467 1726 4520 quos
1791 4452 1936 4507 enim
1969 4455 2051 4508 di-

2159 4467 2345 4539 κοινὴν
2371 4467 2654 4522 διάλεκτον
2686 4469 3001 4538 πέφρασται
3024 4484 3041 4502 ⁶
3074 4469 3169 4534 οὓς
3197 4472 3305 4541 γὰρ
3333 4473 3617 4542 φιλοῦμεν,
3645 4471 3719 4524 σί-

479 4534 722 4605 ligimus,
752 4539 1090 4611 propinquos
1121 4541 1376 4609 facimus,
1408 4553 1463 4598 et
1495 4543 1584 4598 isti
1615 4544 1772 4599 nobis
1825 4545 2049 4614 propin-

480 4630 574 4697 qui
607 4639 659 4685 et
692 4629 990 4688 familiares
1019 4635 1293 4689 dicuntur.
1323 4636 1380 4690 lu
1435 4637 1539 4691 hoc
1594 4651 1756 4692 sensu
1819 4637 2054 4706 reperie-

483 4725 688 4779 bantur
717 4725 860 4794 apud
893 4725 1090 4782 Persas
1125 4727 1303 4782 intimi
1337 4729 1611 4785 sermonis
1668 4729 1966 4800 principes,
1997 4741 2057 4786 ut

481 4815 751 4873 Amaseus
779 4820 1125 4890 geographus
1153 4819 1343 4887 refert,
1381 4830 1435 4877 et
1465 4821 1612 4878 istud
1635 4837 1730 4879 seu
1784 4823 2055 4880 sermonis

397 4972 402 4978 ,
481 4907 660 4963 intimi
685 4910 910 4979 (οἰκείου
944 4911 1126 4981 λόγου)
1162 4911 1532 4968 denominatio
1581 4927 1754 4984 usque
1803 4927 1948 4968 nunc
1999 4914 2055 4968 in

477 5000 661 5071 lingua
692 5003 1063 5059 ecclesiastica
1113 5017 1383 5060 servatur.

551 5095 675 5151 19L
715 5093 829 5151 Vox
858 5107 1036 5151 autem
1057 5096 1468 5170 ὴλλοτριωμένη
1495 5113 1752 5170 expresse
1779 5099 1921 5155 dicta
1949 5106 2052 5154 est.

481 5186 708 5242 Alienos
732 5187 876 5240 enim
904 5202 1059 5242 sacra
1095 5187 1380 5258 Scriptura
1416 5189 1550 5245 dicit
1572 5190 1792 5257 impios,
1847 5199 1902 5246 et
1931 5189 2054 5247 illos

477 5276 574 5346 qui
617 5286 766 5331 recta
798 5275 903 5330 fide
929 5291 1036 5332 non
1065 5285 1193 5333 sunt
1230 5279 1297 5332 ad
1329 5277 1527 5334 Deum.
1561 5277 1723 5336 Tales
1752 5289 1883 5335 sunt
1912 5281 2048 5335 alie-

478 5369 534 5423 ni
569 5367 688 5435 tilii,
718 5383 856 5438 quos
889 5367 1141 5426 audimus
1170 5385 1198 5424 a
1258 5371 1470 5428 semitis
1529 5372 1643 5427 suis
1689 5359 2052 5439 'claudicasse,

476 5472 903 5536 peccatoresque
941 5465 1032 5536 qui
1058 5465 1127 5522 ab
1154 5474 1311 5523 utero
1335 5467 1558 5524 alienati
1609 5477 1758 5524 sunt.
1785 5468 2053 5527 Caeterum

478 5563 658 5608 autem
693 5556 900 5611 alienos
920 5556 1102 5611 dicere
1125 5567 1418 5614 extraneos
1468 5573 1758 5615 commune
1801 5570 1924 5616 est:
1985 5562 2053 5618 ad

480 5661 702 5701 sensum
744 5665 872 5704 vero
898 5652 1184 5705 sententia:
1232 5653 1538 5720 pr0prium,
1605 5653 1894 5709 alienatam
1920 5655 2057 5715 dixit

485 5745 792 5794 creaturam
833 5739 888 5794 iu
921 5749 1161 5812 tempore
1189 5741 1475 5812 plusquam
1508 5742 1782 5814 perfecto;
1829 5750 2054 5820 propin-

2155 4559 2476 4631 κειούμεθα,
2531 4559 2626 4614 καὶ
2671 4561 2862 4614 οίκεῖοι
2911 4559 3163 4629 λέγονται
3218 4564 3353 4635 ημῖν
3395 4566 3593 4617 ἐκεῖνοι
3633 4561 3718 4616 καὶ

2155 4653 2447 4709 οίκειακοί.
2479 4651 2751 4723 Τοιαύτης
2776 4652 2834 4705 δὲ
2862 4653 3071 4714 ἐννοίας
3109 4653 3203 4706 καὶ
3229 4655 3278 4708 οἱ
3308 4655 3465 4723 παρὰ
3497 4656 3719 4724 Πέρσαις

2155 4743 2250 4796 τοῦ
2279 4741 2480 4796 οἰκείου
2513 4741 2672 4810 λόγου
2701 4742 2990 4812 βασιλικοὶ,
3011 4743 3087 4806 ὡς
3109 4743 3138 4795 ό
3177 4739 3459 4814 Ἀμασείις
3485 4742 3718 4813 γεωγρά·

2159 4851 2256 4904 φος
2307 4835 2531 4904 ἱστορεῖ,
2583 4835 2678 4886 καὶ
2730 4833 3068 4902 φυλάσσεται
3095 4833 3279 4900 τοῦτο,
3345 4836 3588 4906 ἧγουνη
3634 4830 3717 4886 τοῦ

2157 4928 2360 4979 οίκείου
2419 4925 2579 4994 λόγου
2641 4925 2834 4995 κλῆσις
2899 4925 3064 4997 μέχρι
3119 4925 3217 4980 καὶ
3281 4926 3378 4981 νῦν
3438 4926 3717 4997 ἐκκλησια-

2159 5017 2382 5082 στικῶς.

2228 5108 2366 5179 ρὶιιδη
2409 5108 2476 5162 Ἦ
2513 5109 2570 5162 δὲ
2596 5108 3003 5182 ἡλλοτριωμὲνη
3060 5111 3352 5182 γραφικῶς
3375 5112 3576 5183 ipsum
3600 5122 3614 5137 ⁸
3636 5108 3721 5162 ἁλι

2155 5199 2405 5270 λοτρῐους
2441 5200 2550 5270 γὰρ
2596 5201 2628 5271 ἡ
2659 5201 2792 5269 ἁγία
2829 5202 3025 5273 Γραφη
3055 5207 3180 5266 τοὺς
3211 5203 3403 5266 ἀθέους
3432 5203 3601 5271 λέγει,
3626 5199 3712 5254 καὶ

2159 5293 2234 5363 μὴ
2263 5292 2458 5363 ὀρθοὺς
2481 5292 2583 5364 τὴν
2612 5295 2694 5355 είς
2723 5293 2858 5347 Θεὸν
2887 5295 3069 5348 πίστιν
3090 5309 3107 5325 ⁶
3138 5296 3370 5350 τοιοῦτοι
3399 5295 3533 5364 γοῦν
3554 5294 3604 5347 οἱ
3632 5291 3718 5346 ἀλα

2155 5384 2357 5454 λότριοι
2382 5385 2511 5448 υἱοὶ,
2542 5384 2633 5448 οὓς
2661 5385 2900 5455 χωλᾶναι
2929 5385 3207 5458 ἀκούομεν
3243 5387 3351 5441 ἀπὸ
3380 5387 3492 5439 τῶν
3523 5384 3717 5458 τρίϐων

2155 5476 2359 5540 αὐτῶν,
2382 5477 2477 5531 καὶ
2500 5477 2550 5530 οί
2577 5476 3116 5548 ἁπαλλοτριωθέντες
3139 5482 3202 5532 ix
3234 5481 3442 5551 μήτρας
3467 5478 3719 5547 ἁμαρτω-

2155 5567 2238 5622 λοί
2261 5583 2275 5598 ⁸
2312 5569 2630 5639 ἀλλοτρίους
2674 5570 2730 5624 δὲ
2761 5569 2937 5635 ἄλλως
2963 5572 3089 5636 τοὺς
3115 5571 3300 5639 ξένους
3340 5561 3518 5639 λέγειν
3545 5567 3716 5622 κοινόν

2157 5661 2276 5714 ἐστι
2299 5676 2312 5689 ·
2341 5661 2478 5731 πρὸς
2504 5660 2788 5731 ἀκρίϐειαν
2809 5662 2866 5714 δὲ
2892 5663 3104 5727 ἐννοίας
3155 5659 3594 5734 ἠλλοτριωμένην
3613 5658 3714 5725 εφη

2161 5749 2337 5805 κτίσιν
2392 5751 2530 5806 κατὰ
2577 5751 2766 5822 χρόνον
2819 5751 3314 5824 ὐπερσυντελικόν·
3345 5747 3713 5820 οίκειουμένην
