3950 6204
300 271 416 334 705

1112 275 1196 337 ΙΝ
1233 273 1569 335 HYMNUM
1601 271 2262 337 PENTECOSTALEM
2302 276 2763 341 DAMASCENI.

3456 287 3569 352 706

300 386 358 439 δὲ
388 383 530 438 κατὰ
561 382 837 437 ένεστῶτα
860 400 876 415 '
914 378 1255 458 ὴλῖυτρίὼθη
1299 388 1399 457 μὲν
1424 385 1532 456 γὰρ
1550 385 1647 453 ἀφ’
1693 382 1886 439 ἰκανοῦ

1992 396 2155 453 quam
2197 396 2379 443 autem
2404 389 2603 445 faciam
2646 392 2698 446 in
2738 394 3015 461 praesenti.
3043 394 3087 450 Α
3132 396 3292 463 ἰοειπο
3337 413 3573 468 namque

301 481 648 548 ἁφεστηκυῖα
689 478 785 533 τοῦ
813 480 951 535 Θεοῦ
980 484 1011 551 ἡ
1047 483 1262 546 κτίσις’
1305 482 1607 535 οἰκειοῦται
1646 480 1705 535 δδ
1741 479 1885 552 μετὰ

300 571 397 639 τὴν
421 574 869 645 κοσμοσωτήριον
911 575 1345 647 ἑνανθρὼπησιν.
1369 575 1565 628 Ἔσται
1593 575 1654 628 δι
1691 574 1886 646 καιρὸς

299 661 387 714 ὅτε
419 663 702 728 παντελῶς
729 664 1055 736 ᾠκειωμένη
1103 666 1182 735 τῷ
1226 666 1344 736 Θιῷ
1374 665 1743 736 κληθήσεταν
1790 663 1886 717 καί

299 769 363 821 γε
396 753 535 807 Θεοῦ
562 754 744 826 χάριτι
770 758 866 809 καὶ
899 756 1047 811 ἔστιν
1072 759 1098 810 ό
1126 758 1368 820 τοιοῦτος
1399 756 1590 827 καιρὸς
1618 755 1760 810 κατὰ
1784 754 1885 826 τὴν

304 844 575 914 μελῳδίαν
624 847 744 908 τοῦ.
781 849 1039 916 Κάμπτει
1093 849 1163 903 τά
1204 851 1384 903 πάντα
1429 848 1507 919 τῷ
1538 849 1885 919 Παρακλήτῳ

299 940 456 1009 γόνυ·
489 940 552 994 τὸ
575 940 654 1007 δὲ,
690 941 901 995 Μέλπει
930 958 988 994 σε
1019 934 1165 1011 εἶχεν
1200 940 1375 1004 ἄλλως
1405 942 1580 995 εἰπεῖν
1612 942 1711 996 καὶ
1739 939 1885 994 Mil-

300 1046 393 1084 πει
423 1046 508 1085 σοι
544 1032 574 1084 ὁ
607 1030 846 1101 μελῳδός
873 1046 887 1060 ⁸
928 1030 1132 1101 ἀρέσαν
1173 1030 1231 1084 δὲ
1270 1031 1419 1102 αὐτῷ
1461 1030 1681 1100 άψόγως
1709 1030 1887 1084 είλετο

300 1122 563 1188 συντάξαι
590 1121 787 1185 οὕτως.
814 1122 887 1175 Τὸ
929 1122 987 1175 δὲ
1030 1124 1208 1186 κτίσις
1240 1124 1570 1193 γοργότητος
1600 1122 1745 1192 λόγῳ
1772 1123 1886 1177 δεί-

298 1227 462 1271 κνυσι
492 1213 587 1262 καί
612 1211 706 1263 τὸν
732 1210 909 1281 ἥλιον,
950 1212 1044 1266 καὶ
1082 1214 1180 1283 τὴν
1207 1213 1459 1283 σελήνην,
1501 1213 1597 1266 καὶ
1626 1214 1693 1265 τὰ
1736 1229 1887 1267 στοι-

298 1307 419 1374 χεῖα
449 1306 545 1357 καὶ
596 1303 764 1358 τᾶλλα
791 1304 967 1359 πάντα
1017 1306 1244 1375 μέλπειν
1265 1306 1357 1361 τὸν
1380 1305 1585 1377 Κύριον
1609 1306 1753 1360 κατὰ
1782 1306 1884 1377 τὴν

297 1396 648 1466 ἀναφώνησιν
676 1397 770 1452 τοῦ
796 1399 1096 1468 παγκοίνου
1125 1399 1321 1469 μέλους
1347 1399 1446 1464 τῆς
1475 1398 1671 1471 ὀγδόης
1706 1399 1883 1471 ᾠδῆς·

300 1488 443 1559 μέρη
477 1489 587 1560 γὰρ
631 1490 725 1542 καὶ
755 1491 941 1544 ἐκεῖνα
979 1492 1079 1559 τῆς
1115 1490 1369 1552 κτίσεωςο
1407 1489 1482 1553 ὡς
1510 1485 1652 1544 εἰναι
1698 1489 1884 1544 λοιπὸν

297 1584 561 1652 ἀνοήτους
589 1583 684 1637 καὶ
713 1583 904 1647 ἀθέους
935 1585 1064 1648 τοὺς
1090 1584 1319 1648 ἐκείνοις
1347 1582 1424 1647 ὡς
1453 1582 1595 1648 θεοῖς
1615 1583 1886 1654 προσανέ-

297 1690 515 1743 κοντας.

458 1767 789 1838 Τροπάριον
818 1768 1103 1836 δεύτερον
1130 1767 1243 1838 τῆς
1278 1768 1497 1838 ὀγδόης
1524 1767 1709 1839 ᾠδῆς.

295 1858 494 1914 XXIII.
549 1858 918 1931 Σωτηριωδῶς
945 1859 1357 1924 αὖτοδεσπότως
1387 1860 1465 1914 ἰὸν

544 1953 664 2015 Φῶς
689 1952 1064 2023 αὐτολαμπὲς,
1088 1953 1179 2006 καὶ
1206 1952 1540 2024 παρεκτικδν
1561 1952 1731 2022 φάους

558 2044 839 2116 ’Υπάρχον
867 2039 1004 2117 ἧκες
1032 2045 1306 2116 ἐμφοροῦν
1327 2046 1663 2110 ἀποστόλους

544 2137 758 2208 Τιμῆεν
778 2138 855 2199 ὡς
886 2136 1043 2207 ἆημα
1067 2140 1175 2201 τοῖς
1210 2140 1320 2201 σοῖς
1349 2139 1592 2200 οἰκέταις

544 2229 986 2301 Λελιπαρημένον
1009 2245 1070 2281 τε
1098 2228 1324 2299 Πνεῦμα
1350 2229 1696 2301 προσνέμεις.

368 2328 509 2395 ριιε.
575 2320 1009 2387 Ἀπλοῖκώτερον
1067 2320 1161 2374 καὶ
1221 2310 1556 2390 σαφέστερον
1599 2322 1735 2391 πρὸς
1784 2324 1877 2376 τὸν

297 2416 530 2485 Σωτῆρα
586 2411 822 2485 Χριστὸν
874 2414 903 2466 ὁ
961 2410 1201 2482 μελῳδὸς
1267 2410 1666 2482 διηγηματικὸν
1718 2411 1876 2479 λόγον

1988 478 2232 543 tempore
2264 474 2443 553 fuerat
2466 480 2701 535 alienata
2730 484 2919 551 procul
2946 502 2975 538 ιι
2999 485 3111 540 Deo
3142 497 3417 554 creatura;
3446 474 3574 559 pro;

1987 564 2191 634 pinqua
2217 582 2351 623 vero
2384 569 2528 625 facta
2563 582 2648 627 est
2675 585 2798 642 post
2820 578 3121 632 salutarem
3156 582 3360 635 mundo
3386 585 3568 639 incar-

1986 655 2285 713 nationem.
2320 657 2559 729 Tempus
2603 674 2781 719 autem
2830 668 2936 721 erit
2995 684 3117 724 cum
3173 674 3400 727 omnino
3459 677 3571 729 Deo

1986 749 2235 818 proxima
2278 753 2607 823 propriaque
2630 759 2912 812 vocabitur
2936 777 2952 827 ;
2972 770 3026 815 et
3057 770 3237 817 tamen
3272 764 3363 818 Dei
3391 769 3567 834 grauia

1986 852 2072 899 est
2103 847 2267 901 etiam
2306 848 2413 903 tale
2443 860 2654 918 tempus
2688 850 2841 916 juxta
2869 854 3159 909 melodiam
3193 858 3318 913 dicti
3347 873 3363 911 :
3402 858 3570 915 l’arao

1987 937 2129 992 cleto
2154 948 2386 994 curvant
2418 940 2602 994 omnia
2629 957 2794 1011 genu.
2821 943 2938 999 Hoc
2970 960 3100 999 vero
3154 948 3350 1015 μέλπει
3386 966 3444 1001 σε
3476 966 3571 1019 pn-

1987 1039 2128 1085 terat
2157 1031 2314 1086 aliter
2347 1031 2533 1087 dicere
2569 1033 2768 1101 μέλπει
2826 1051 2910 1087 σοι
2938 1036 3185 1091 melodus
3216 1057 3230 1101 ;
3269 1041 3363 1093 sed
3418 1042 3566 1096 illam

1986 1122 2092 1177 sibi
2126 1120 2432 1190 placentem
2466 1125 2744 1194 syntaxim
2795 1126 3350 1195 irreprehensibiliter
3384 1133 3567 1201 elegit.

1986 1211 2105 1267 Vox
2132 1223 2312 1268 autem
2330 1214 2509 1279 κτίσις
2529 1216 2804 1271 citissime
2831 1218 3105 1288 significat
3129 1229 3188 1274 et
3214 1221 3384 1276 solem
3408 1232 3461 1278 et
3485 1226 3568 1277 lu-

1987 1322 2111 1361 nam
2142 1314 2197 1360 et
2222 1307 2515 1374 elementa,
2550 1309 2765 1380 aliaque
2795 1321 3016 1378 cuncta,
3045 1312 3259 1369 tnelode
3287 1316 3567 1371 celebrare

1986 1395 2278 1452 Dominum
2306 1398 2459 1467 juxta
2483 1400 2971 1455 conclamationem
3024 1404 3271 1460 melodis:
3317 1422 3567 1459 commn-

1987 1488 2074 1543 nis
2109 1491 2284 1544 octavi
2315 1491 2576 1546 carminis
2609 1508 2625 1547 :
2668 1502 2847 1562 partes
2868 1495 3013 1548 enim
3048 1505 3178 1551 sunt
3202 1498 3302 1551 ista
3326 1500 3565 1553 creatio-

1988 1581 2076 1637 nis
2100 1600 2114 1648 ;
2142 1582 2213 1636 ita
2242 1593 2301 1636 ut
2331 1582 2401 1637 de
2424 1589 2624 1637 cancro
2648 1583 2801 1638 stulti
2829 1587 2942 1640 sint
2963 1597 3017 1640 et
3048 1586 3199 1657 impii
3227 1587 3322 1658 qui
3354 1587 3561 1643 talibus

1988 1685 2050 1732 ut
2086 1677 2193 1733 diis
2217 1678 2569 1735 addicuntur.

2265 1770 2578 1840 Troparium
2608 1770 2893 1825 secundum
2926 1773 3043 1829 odia
3075 1781 3293 1828 actam.

2122 1859 2361 1916 Salutari
2407 1861 2615 1915 ratione
2648 1875 2749 1914 sua
2782 1869 3050 1930 potestate
3075 1862 3199 1919 iens

2047 1948 2164 2005 Lux
2197 1966 2226 2004 a
2262 1961 2311 2006 te
2338 1950 2641 2021 splendida,
2671 1959 2727 2005 et
2749 1950 2926 2006 datrix
2959 1952 3185 2008 luminis

2046 2042 2348 2109 Exsistens,
2382 2044 2580 2099 venisti
2611 2053 2669 2098 ut
2701 2044 2956 2113 impleres
2987 2046 3283 2115 apostolos,

2048 2132 2381 2189 Honoratum
2415 2142 2673 2205 tanquam
2701 2136 2927 2190 halitum
2952 2136 3061 2191 tuis
3088 2139 3284 2202 servis,

2045 2224 2429 2294 lllnstremque
2460 2226 2722 2296 Spiritum
2755 2227 3062 2284 distribuis.

2048 2314 2175 2371 195.
2205 2316 2543 2386 Simpliciter
2558 2333 2623 2373 ac
2652 2318 2933 2373 evidenter
2950 2323 3018 2374 ad
3038 2320 3381 2376 Salvatorem
3403 2321 3561 2376 Clari-

1979 2417 2125 2462 stum
2154 2409 2527 2463 enarrativum
2556 2419 2746 2466 texens
2782 2426 3093 2467 sermonem
3155 2413 3424 2479 melodus,
3456 2415 3561 2468 hoc

299 2508 646 2579 ποιούμενος,
701 2504 835 2558 αὐτὸ
883 2503 1041 2557 τοῦτο
1099 2502 1195 2557 καὶ
1255 2501 1418 2572 μόνον
1467 2502 1665 2573 φράξει
1708 2505 1765 2557 ἐν
1798 2506 1876 2573 τῷ

1992 2515 2157 2568 ipsum
2188 2508 2241 2556 et
2270 2501 2444 2554 solum
2481 2503 2535 2556 in
2571 2504 2824 2570 presenti
2881 2507 3107 2574 stropha
3139 2505 3293 2570 dicit,
3321 2505 3466 2575 quod
3488 2506 3560 2559 ad

301 2602 526 2674 παρόντι
562 2599 869 2671 τροπαρίῳ,
895 2597 977 2650 ὅτι
1000 2597 1063 2650 πὶ
1103 2594 1411 2666 Ἐσωτηρίᾳ
1434 2597 1588 2664 κοινῇ
1628 2595 1690 2648 τὸ
1721 2594 1877 2663 ἅγιον

1992 2606 2323 2647 :ommunem
2342 2593 2571 2649 salutem
2604 2593 2865 2664 Spiritum
2899 2607 3150 2652 sanctum
3198 2600 3316 2653 suis
3340 2607 3561 2667 aposto-

300 2692 526 2762 Πνεῦμα
579 2693 691 2754 τοίς
745 2692 857 2753 σοῖς
906 2687 1225 2752 ἀποστόλοις
1271 2685 1556 2749 ἐστειλαςο
1604 2684 1749 2753 λέγει
1783 2681 1878 2737 οὖν

1992 2684 2049 2739 Lis
2075 2684 2242 2738 misit.
2281 2685 2374 2739 Ait
2405 2698 2537 2754 ergo
2565 2703 2579 2739 :
2615 2685 2963 2747 Salutariter,
2991 2705 3023 2740 ο
3049 2688 3340 2745 manifeste
3370 2691 3562 2745 Salva-

302 2786 381 2839 ὃτι
399 2782 782 2855 σωτηριωδῶς,
808 2775 880 2833 Ὦ
904 2780 1105 2851 δηλαδὴ
1134 2778 1337 2850 Σῶτερ,
1362 2773 1525 2851 ἦκας,
1552 2777 1719 2848 ἤγουν
1737 2778 1878 2846 ἀφῆ-

1992 2785 2090 2841 lor,
2115 2768 2259 2846 ἧκας
2287 2774 2404 2829 sive
2431 2776 2651 2846 ἀφῆκας
2684 2777 2880 2831 misisti
2912 2780 3097 2833 iumen
3157 2782 3300 2849 quod
3332 2782 3552 2850 proprio

303 2896 404 2943 κας
452 2878 549 2932 καὶ
592 2873 849 2944 ἔπεμψας
904 2873 1021 2941 φῶς
1072 2872 1419 2940 αὐτολαμπὲς
1466 2870 1731 2939 ὑπάρχον,
1784 2868 1879 2923 καὶ

1992 2866 2160 2921 nitore
2191 2866 2355 2930 lucet,
2390 2865 2647 2936 suppedit
2677 2874 2839 2935 atque
2862 2866 3047 2935 jubar,
3073 2870 3228 2939 jussu
3256 2885 3364 2924 non
3384 2871 3560 2924 servi-

304 2970 637 3041 παρεκτικδν
663 2968 856 3039 φάους,
891 2966 952 3017 οὐ
980 2963 1271 3018 κελευσθέν
1303 2962 1587 3028 δουλικῶς,
1618 2961 1754 3015 ἀλλὰ
1784 2962 1881 3014 αὺ-

1992 2958 2105 3013 liter
2123 2965 2370 3026 accepto,
2395 2957 2490 3012 sed
2513 2967 2660 3012 motu
2685 2959 2905 3025 prpprio
2926 2959 3186 3014 Veniens:
3223 2959 3404 3014 lumen
3425 2975 3554 3030 pro-

303 3063 644 3123 τοδεσπότως
683 3060 834 3113 ἐλθὸν
859 3075 874 3091 ·
925 3056 1042 3127 φῶς
1075 3059 1140 3110 ὲκ
1175 3054 1353 3126 φωτὸς
1379 3056 1591 3125 προϊὸν,
1622 3055 1716 3108 καὶ
1745 3053 1880 3109 αὐτὸ

1992 3051 2203 3113 cedens,
2233 3058 2289 3104 et
2320 3049 2435 3105 haec
2468 3065 2575 3105 non
2637 3051 3051 3107 subobscurum
3111 3061 3330 3121 propter
3370 3052 3554 3120 parci-

304 3157 402 3209 σῦκ
453 3153 694 3226 ἀμυδρὸν
738 3152 884 3221 λόγῳ
929 3149 1143 3219 φειδοῦς
1191 3151 1225 3220 ἢ
1270 3165 1415 3209 τινος
1460 3147 1621 3202 ἄλλου
1668 3146 1875 3209 πάθους

1992 3141 2640 3209 moniam'autquamdam
2670 3140 2833 3194 aliam
2860 3139 3192 3209 passionem,
3211 3148 3412 3193 uincta
3434 3153 3558 3209 quas

303 3248 449 3319 ἅπερ
478 3249 700 3301 ᾶπαντα
740 3248 836 3316 τῆς
873 3245 1063 3312 θεῖκῆς
1121 3240 1435 3311 ἀπῴκισται
1475 3240 1713 3308 φύσεως,
1743 3238 1879 3293 ἀλλὰ

1992 3234 2178 3287 Ιίνίιιω
2202 3245 2414 3288 natura:
2435 3240 2563 3286 sunt
2593 3230 2798 3296 aliena,
2827 3231 2923 3286 sed
2956 3230 3235 3285 inebrians
3260 3230 3558 3299 apostolos.

307 3340 581 3412 ἱμφοροῦν
636 3340 762 3402 τοὺς
810 3335 1163 3396 ἀποστόλους.
1208 3334 1503 3404 Ἐπεμψας
1553 3332 1628 3397 δέ,
1685 3335 1874 3401 φησὶν,

1992 3323 2175 3382 Misisti
2201 3337 2393 3380 autem
2426 3322 2582 3390 illud,
2610 3324 2810 3392 tnquit,
2835 3335 2944 3376 non
2970 3320 3152 3376 taliter
3213 3328 3273 3375 ut
3317 3319 3561 3374 omnium

305 3436 458 3498 αὐτὸ,
491 3434 591 3503 οὐχ
616 3430 693 3492 ὡς
728 3430 937 3501 μηδένα
974 3428 1084 3483 τῶν
1114 3427 1369 3483 ἁπάντων
1402 3424 1714 3487 αἰσθέσθαι,
1745 3424 1774 3476 δ
1815 3422 1881 3493 δὴ

306 3531 397 3582 ἐπὶ
438 3528 551 3589 τοῖς
586 3526 697 3585 σοῖς
731 3522 905 3592 ἁγίοις
957 3520 1129 3582 ποιεῖς
1174 3518 1250 3582 ὡς
1302 3518 1587 3578 ἑκάστοτε,
1624 3515 1740 3569 ἀλλ’
1792 3513 1881 3567 ἵνα

308 3618 548 3689 γνωστὸν
575 3617 728 3679 λαοῖς
768 3612 1066 3682 γενόμενον
1110 3609 1458 3680 μαρτυρῆται
1492 3608 1589 3659 καὶ
1626 3605 1741 3674 πρὸ
1769 3603 1879 3655 τῶν

308 3705 826 3764 ἐπακολουθούντων
882 3701 1124 3771 σημείων
1173 3699 1525 3769 πιστεύηται.
1564 3695 1725 3750 Καθὰ
1772 3694 1881 3765 γὰρ

309 3800 508 3871 τιμῆεν
533 3800 714 3868 άημα,
746 3796 914 3868 ἤγουν
947 3792 1191 3863 πνεῦμα,
1224 3792 1334 3853 τοῖς
1365 3789 1549 3851 αὐτοῖς
1592 3789 1704 3848 σοῖς
1740 3787 1886 3839 οἰκέ-

310 3910 429 3955 ταις
453 3889 777 3950 ἀποστόλοις
814 3885 947 3941 αὐτὸ
974 3884 1299 3951 ἐξάκουστον
1332 3880 1471 3951 μετὰ
1499 3877 1681 3948 βιαίας
1712 3880 1885 3947 πνοῆς

313 3984 554 4055 ἀφῆκας,
597 3980 692 4035 καὶ
724 3978 881 4033 τοῦτο
904 3977 1139 4046 ποιήσας
1183 3971 1625 4040 λελιπαρημένον
1660 3969 1888 4039 Πνεῦμα

313 4074 644 4144 προσνέμεις
688 4071 781 4123 καὶ
819 4070 932 4132 τοῖς
965 4065 1285 4127 ἀποστόλοις
1318 4064 1417 4132 μὲν
1452 4065 1547 4115 καὶ
1578 4060 1659 4131 τῷ
1692 4059 1886 4128 κόσμῳ

311 4166 371 4222 δὲ
398 4164 643 4237 δηλονότι
689 4162 850 4216 παντί
877 4158 1065 4214 ὀπόσοι
1088 4156 1186 4211 τοῦ
1216 4154 1463 4225 τοιούτου
1491 4152 1659 4209 καλοῦ
1693 4151 1888 4220 ὁλοψύ-

316 4274 423 4329 χως
450 4256 695 4327 ἐφίενται
724 4251 932 4307 οἰκέται
964 4267 1061 4304 σου
1081 4250 1262 4311 ὄντες·
1294 4250 1438 4300 ὥστε
1481 4246 1565 4314 τὸ,
1608 4246 1721 4306 τοῖς
1770 4245 1886 4306 σοῖς

316 4350 575 4411 οἰκέταις,
604 4345 783 4417 τρισίν
807 4343 1074 4414 ἁρμόττει
1106 4338 1391 4411 προσιέναι
1426 4337 1611 4399 τόποις
1634 4352 1650 4367 ’
1688 4333 1887 4405 τιμῆέν

1981 3432 2146 3473 nemo
2183 3417 2391 3473 sentiat
2413 3416 2562 3485 quod
2588 3424 2735 3471 certe
2770 3428 2868 3483 pro
2900 3412 3104 3468 sanctis
3129 3412 3239 3467 tuis
3296 3411 3562 3467 continuo

1980 3509 2139 3575 facis,
2167 3511 2263 3567 sed
2286 3519 2347 3565 ut
2377 3520 2564 3565 notum
2597 3508 2815 3578 populis
2870 3506 3079 3562 factum
3141 3514 3307 3560 testes
3359 3503 3565 3558 habent

1983 3614 2039 3660 et
2074 3601 2432 3672 sequentibus
2460 3599 2633 3671 signis
2658 3600 2757 3653 llde
2777 3607 3028 3653 teneatur
3050 3612 3065 3650 :
3086 3597 3231 3652 sicut
3262 3595 3408 3650 enim
3439 3609 3566 3663 pre-

1985 3699 2185 3755 tiosum
2218 3696 2407 3751 ﬂatum
2435 3709 2533 3750 seu
2573 3692 2849 3762 spiritum,
2905 3690 3112 3746 eisdem
3157 3690 3421 3758 apostolis
3478 3689 3560 3742 la-

1985 3787 2288 3843 miliaribus
2319 3786 2453 3849 tuis,
2495 3783 2628 3837 illud
2655 3797 2780 3837 cum
2838 3780 3145 3846 vehementi
3211 3779 3339 3834 ﬂatu
3376 3779 3558 3834 sensi-

1988 3878 2095 3935 bile
2136 3875 2360 3940 misisti,
2424 3882 2480 3928 et
2535 3873 2638 3927 hoc
2684 3869 2854 3932 laeto,
2911 3868 3238 3923 advocatum
3291 3864 3558 3935 Spiritum

1988 3970 2187 4025 tribuis
2216 3976 2270 4022 et
2308 3963 2578 4034 apostolis
2625 3960 2871 4032 quidem,
2893 3968 2949 4016 et
3004 3959 3263 4015 universo
3328 3957 3562 4022 mundo,

1987 4070 2264 4132 quotquot
2279 4054 2590 4122 huiusmodi
2609 4054 2813 4110 bonum
2835 4068 2898 4107 ex
2920 4058 3037 4107 toto
3064 4051 3231 4106 corde
3246 4048 3565 4105 desiderant

1990 4160 2177 4221 utpote
2212 4147 2510 4203 fatniliares
2538 4145 2615 4199 tui
2638 4162 2652 4199 :
2673 4147 2749 4199 ita
2784 4150 2844 4196 ut
2882 4142 3046 4197 dictis
3080 4158 3095 4197 :
3123 4142 3237 4203 τοῖς
3270 4141 3383 4203 σοῖς
3411 4139 3562 4194 οἰκέ-

1992 4259 2136 4305 ταις,
2168 4240 2342 4296 tribus
2362 4234 2706 4305 concipiendi
2737 4232 2914 4288 modis
2938 4232 3234 4287 conveniat
3278 4248 3293 4283 :
3365 4229 3568 4299 τιμῆεν

1990 4333 2137 4388 enim
2161 4334 2280 4394 τοῖς
2309 4330 2422 4391 σοῖς
2443 4326 2687 4388 οἰκέταις
2723 4335 2872 4379 recte
2898 4322 3125 4388 dicitur,
3181 4330 3235 4377 et
3265 4320 3567 4391 λελιπαρη-

321 4457 382 4494 τε
443 4444 553 4510 γὰρ
616 4413 730 4496 τοῖς
797 4413 910 4496 σοῖς
967 4433 1207 4495 οἰκέταις
1268 4429 1444 4501 ὀρθῶς
1501 4428 1744 4496 λέγεται,
1790 4424 1888 4478 καὶ
1921 4446 1965 4503 υ
1996 4424 2154 4493 μένον
2179 4422 2385 4487 αὐτοῖς,
2405 4426 2462 4473 et
2485 4416 2858 4488 προσνέμεται
2897 4413 3107 4477 αὐτοῖς.

316 4530 749 4601 λελιπαρημένον
811 4530 923 4590 τοῖς
988 4525 1195 4588 αὐτοῖς,
1259 4522 1353 4577 καὶ
1403 4519 1778 4590 προσνέμεται
1829 4516 1889 4570 δὲ

316 4629 519 4687 αὐτοῖς.

388 4719 538 4786 ρίιις’.
572 4712 728 4765 Ἐστι
748 4710 807 4763 δὲ
834 4707 1057 4775 Πνεῦμα
1082 4705 1513 4775 λελιπαρηςλένον
1574 4701 1607 4771 ἢ
1629 4701 1689 4753 τὸ
1711 4716 1891 4769 πλρα.

317 4805 608 4877 κλητευθὲν
636 4801 778 4856 ὥστε
804 4799 1020 4869 δοθῆναι
1071 4800 1167 4852 καὶ
1191 4796 1323 4850 αὐτὸ
1352 4793 1707 4866 παράκλητον
1734 4792 1886 4862 ἡμῖν’

184 4878 201 4913 l‘
317 4898 565 4969 λιπαρεῖν
594 4898 705 4966 γάρ
752 4894 815 4947 τὸ
842 4892 1113 4946 δυσωπεῖν
1132 4905 1146 4919 ·
1176 4889 1208 4960 ἢ
1242 4888 1302 4941 τὺ
1330 4886 1667 4957 παράμονον,
1691 4884 1786 4936 καὶ
1817 4880 1891 4944 ὡς

320 4992 425 5061 πρὸ
480 4990 679 5058 ὀλίγων
726 4984 953 5057 ἐρρέθη,
983 4983 1208 5051 ἑφίζον·
1256 4979 1511 5048 λιπαρεῖν
1540 4975 1649 5045 γὰρ
1687 4973 1783 5026 καί
1832 4972 1891 5025 τὸ

319 5086 672 5154 προσμένειν,
704 5082 798 5133 κα)⁸
826 5077 1209 5146 ἐγκαρτερεῖν,
1242 5073 1392 5141 παρὰ
1441 5069 1503 5123 τὸ
1535 5068 1658 5121 λίαν
1693 5065 1892 5135 παρεῖ-

319 5192 404 5229 ναι
424 5191 439 5206 ⁸
466 5175 593 5228 ὅθεν
619 5172 717 5227 καὶ
749 5167 985 5239 λιπαρὴς
1018 5165 1199 5220 ἰκεσία
1264 5161 1630 5232 ἠλπολύωρος,
1656 5158 1691 5227 ἠ
1728 5156 1893 5239 πολυτ

320 5266 556 5336 χρόνιος,
586 5266 622 5334 ή
654 5236 910 5333 διηνεκὴς
931 5236 1268 5326 ’ίκλινομένη
1298 5251 1587 5321 λιπαροῦς,
1614 5250 1712 5304 καὶ
1739 5236 1894 5319 ἔχου-ἔ

322 5376 391 5411 σα
415 5358 694 5425 οὐδέτερον
726 5354 787 5406 τὸ
816 5351 1067 5422 λιπαρές.
1110 5350 1220 5403 Καὶ
1248 5346 1396 5399 οὕτω
1435 5345 1535 5414 μὲν
1565 5342 1894 5396 διατέθειται

319 5450 380 5502 τὸ
413 5446 580 5516 ῥηθὲν
626 5444 926 5514 τροπάριον
967 5440 1115 5495 κατὰ
1157 5436 1620 5509 προτιτλωθεῖσαν
1662 5433 1894 5486 ἔννοιαν.

321 5539 383 5590 Εἰ
405 5538 459 5589 δὲ
480 5537 543 5588 τὸ
580 5552 598 5585 ι
633 5527 774 5604 ἧκας
798 5549 817 5583 ι
853 5532 1127 5601 γράφεται
1155 5524 1291 5600 ἧκες
1318 5525 1405 5579 διὰ
1430 5523 1523 5577 τοῦ
1551 5539 1578 5575 ε
1609 5522 1753 5576 κατά
1771 5537 1894 5574 τινα

318 5630 427 5683 τῶν
448 5626 802 5697 ἀντιγράφων
827 5625 948 5678 ἀντί
976 5620 1071 5675 τοῦ
1103 5617 1286 5691 ἦλθες,
1314 5618 1413 5672 οὐκ
1440 5618 1587 5670 ἐστιν
1612 5615 1747 5678 ὅλως
1771 5615 1897 5683 νοῆ-

326 5737 414 5776 σαι
443 5721 505 5775 τὸ
540 5718 705 5791 ῥηθὲν
730 5716 1025 5787 τροπάριον
1078 5714 1215 5791 πρὸς
1247 5712 1337 5767 τὸν
1370 5709 1497 5764 Υἱὸν
1539 5706 1731 5780 λεχθὲν
1763 5703 1895 5775 περί

2060 4693 2187 4748 196.
2221 4692 2319 4746 Est
2343 4696 2525 4744 autem
2567 4686 2803 4758 Spiritus
2821 4681 3285 4753 λελιπαρημένος,
3320 4679 3445 4734 'sive
3471 4677 3566 4732 ad-

1990 4791 2240 4848 vocatus,
2280 4789 2339 4835 ιιι
2365 4781 2479 4850 ipse
2510 4778 2667 4833 nobis
2722 4775 3031 4831 Paraclitus
3084 4774 3354 4837 donetur;
3400 4767 3565 4821 λιπα-

1997 4879 2108 4946 ρεῖν
2129 4876 2275 4930 enim
2298 4882 2382 4930 est
2420 4871 2760 4941 supplicare;
2802 4869 2917 4923 sive
2930 4879 3255 4938 permanens
3284 4864 3457 4918 incola
3481 4870 3567 4916 at-

1993 4982 2099 5042 que
2130 4976 2190 5021 ut
2212 4965 2373 5035 paulo
2404 4973 2532 5018 ante
2562 4960 2768 5014 dictum
2805 4965 2912 5023 est,
2980 4955 3228 5011 insidens
3266 4972 3280 5008 :
3310 4954 3562 5024 λιπαρεῖν

1992 5058 2136 5116 enim
2157 5069 2242 5112 est
2260 5056 2425 5110 etiam
2447 5064 2766 5123 permanere
2797 5059 2851 5105 et
2900 5049 3220 5119 persistere,
3253 5064 3318 5101 ex
3340 5045 3417 5116 τῷ
3445 5046 3567 5099 λίαν

1995 5150 2275 5221 παρεῖναι.
2302 5145 2457 5201 Unde
2518 5142 2699 5198 ίκεσία
2759 5142 2997 5210 λιπαρὴς
3046 5147 3129 5195 est
3151 5138 3327 5195 oratio
3381 5138 3562 5204 longa,

1995 5244 2273 5302 diuturna,
2306 5252 2650 5310 permanens.
2684 5235 2748 5290 Et
2784 5234 2865 5290 sic
2893 5234 3113 5305 quidem
3156 5229 3445 5299 exponitur
3476 5226 3564 5281 di-

1997 5345 2086 5391 cta
2119 5336 2342 5405 strophe
2372 5334 2528 5405 juxta
2560 5329 2931 5399 przescriptam
2963 5325 3308 5383 sententiam.
3338 5318 3396 5376 Si
3436 5333 3566 5374 vero

1998 5424 2137 5499 ἧκας
2170 5428 2446 5483 scribatur
2470 5420 2605 5497 ἧκες
2642 5437 2738 5489 per
2769 5438 2794 5472 ε
2821 5420 2974 5489 juxta
3016 5414 3259 5485 quaedam
3293 5411 3570 5480 exempla-

2000 5524 2079 5576 ria
2107 5535 2205 5591 pro
2235 5516 2420 5590 ἦλθες,
2448 5531 2555 5571 non
2587 5522 2772 5585 potest
2812 5509 3036 5564 omnino
3070 5517 3309 5575 praesens
3340 5502 3568 5571 intelligi

2000 5590 2222 5681 stropbe
2245 5622 2507 5679 tanquam
2536 5605 2604 5659 ad
2637 5600 2832 5657 Filium
2864 5598 2934 5652 de
2974 5593 3183 5663 Spiritu
3204 5590 3567 5661 sanctojuxta

2000 5703 2398 5777 expositionem
2419 5700 2588 5764 dicta,
2604 5694 2699 5751 scd
2722 5693 2789 5748 ad
2822 5691 3001 5761 ipsum
3033 5686 3296 5757 Spiritum
3321 5697 3569 5740 sanciunt
