3950 6204
335 260 434 331 717

1118 276 1203 340 ΙΝ
1241 272 1572 339 HYMNUM
1606 276 2262 338 PENTECOSTALEM
2307 278 2761 339 DAMASCENI.
3453 285 3547 343 τ’]

387 385 491 456 ση’.
519 389 659 450 Τοὺς
701 387 757 442 δὲ
805 395 1329 462 πνευματεμφόρους
1367 397 1461 448 καὶ
1505 394 1884 464 πνευματοφό-
1914 397 1960 454 Α
2055 392 2346 454 208.,1‘06;
2371 393 2900 462 πνευματεμφόρους
2928 392 3160 447 uicimus
3192 394 3352 448 ctiam
3385 411 3482 448 πνε
3502 423 3542 446 λ-

325 487 442 549 pou;
490 482 692 552 φαμεν,
746 482 822 544 ῶς
871 483 1028 550 δῆλον
1065 485 1129 538 ἐκ
1173 485 1268 539 τοῦ
1301 516 1369 527 -—
1413 485 1887 555 Πνευμοιτοφόροις

322 573 587 642 μαθηταῖς
633 575 728 627 νῦν
781 576 1234 647 συγχορεύσωμεν
1256 607 1329 617 -
1351 573 1413 633 οὗ
1447 579 1708 646 ἀναλογία
1747 577 1890 630 κατὰ

321 664 375 718 τὸ
400 666 764 736 σημειοφόρος
791 669 886 721 κομι
917 669 1318 739 τροπαιοφόρος
1340 687 1355 702 ο
1396 665 1475 723 ὦν
1503 670 1596 722 τοῦ
1630 668 1730 738 μὲν
1761 670 1889 722 6mi-

319 757 466 821 λυσις
514 758 638 828 ἱερὰ
681 759 744 813 τὸ
793 759 944 829 σῆμα
972 759 1225 831 θεότητος
1272 761 1458 831 φέρον,
1485 761 1579 813 τοῦ
1612 760 1668 813 δὲ
1698 760 1887 830 ἑτέρου

319 850 612 922 ἐξωτερικὴ
663 851 724 904 τὸ
751 881 824 892 --
855 852 1087 922 Εἰσῆλθε
1139 853 1426 922 Τραϊανὸς,
1461 855 1552 906 επὶ
1583 853 1690 906 τῶν
1723 852 1889 921 ὤμων

317 942 496 1012 φέρων
541 942 610 996 τα
655 945 893 1013 τρόπαια
921 971 990 987 --
1017 945 1078 999 τδ
1123 947 1180 999 δὲ
1223 949 1398 1016 στόμα
1442 947 1550 1000 τῶν
1589 946 1888 1017 προφητῶν

317 1021 599 1088 καθολικόν
636 1053 689 1088 τι
724 1035 783 1089 ὃν
809 1036 884 1099 ὡς
910 1041 1332 1108 προσηγορικον,
1361 1039 1482 1092 ἀντὶ
1520 1037 1887 1108 πληθυντικοῦ

317 1127 570 1194 εἴληπται
598 1139 613 1155 ⁶
647 1128 743 1180 καὶ
772 1128 920 1196 λέγει
945 1130 1027 1182 ὃτι
1059 1130 1290 1196 Ἐλεξαν
1328 1131 1377 1183 οί
1407 1132 1887 1199 πνευματέμφοροι

315 1217 617 1286 προφῆται,
646 1219 848 1288 Σῶτερ,
891 1219 988 1290 τὴν
1020 1223 1325 1292 παρουσίαν
1354 1239 1470 1277 σου.
1507 1223 1703 1276 Ἰστέον
1729 1222 1785 1274 δὲ
1812 1221 1888 1283 ὡς

313 1309 377 1361 ἐκ
407 1309 516 1362 τῶν
542 1309 648 1375 ἔξω
677 1313 1000 1383 είσωδιάσθη
1026 1316 1136 1377 τοϊς
1159 1315 1332 1384 ἁγίοις
1361 1316 1455 1368 καὶ
1478 1317 1506 1369 6
1538 1315 1892 1385 πνευματέμδ

314 1415 514 1472 φορος⁸
551 1401 770 1472 πνεῦμα
819 1404 929 1475 γὰρ
967 1405 1230 1474 ὑπόγαιον
1277 1409 1333 1460 ἐν
1378 1408 1602 1476 Δελφοῖς
1655 1407 1889 1475 ἀνέρπον

312 1494 398 1547 διὰ
450 1493 544 1547 τοῦ
595 1495 860 1564 μαντικοῦ
904 1498 1174 1568 τρίποδος,
1208 1494 1252 1568 ᾧ
1301 1501 1608 1565 ἐπεκάθητο
1655 1501 1889 1569 ήῐιυθία

314 1587 606 1655 προφῆτις,
643 1589 954 1658 ἐνεφορεῖτο
999 1592 1208 1644 ἐκείνου
1269 1593 1360 1644 καὶ
1391 1591 1535 1645 οὕτω
1568 1593 1772 1656 καινῶς
1804 1595 1887 1645 ἕνα

314 1676 582 1741 θεάζουσα
612 1680 856 1747 ἰξελάλει
887 1681 1196 1752 χρησμούς.

386 1933 484 1989 σθ’.
519 1934 592 1989 Τδ
644 1936 698 1989 δὲ
751 1936 1098 2007 σωματωδῶς
1143 1940 1266 1994 ἀντὶ
1315 1941 1409 1996 τοῦ
1463 1945 1782 2012 σαρκικῶς·
1827 1947 1889 2000 οὗ

314 2025 738 2095 προσλογιστέον
763 2027 872 2098 γὰρ
900 2029 1134 2084 ἐνταῦθα
1167 2031 1227 2085 τὸ
1251 2033 1350 2100 τῆς
1378 2032 1574 2098 λέξεως
1603 2053 1892 2105 μετουσια·

316 2117 521 2180 στικὸν,
546 2118 621 2181 ὡς
651 2119 902 2174 ἐντεῦθεν
936 2121 1098 2193 δῆθεν
1127 2125 1201 2194 μὴ
1235 2127 1432 2199 ταυτὸν
1455 2125 1593 2182 εἶναι
1623 2147 1887 2198 σωματω-

315 2207 422 2271 δῶς
475 2211 651 2263 εἰπεῖν
697 2212 792 2265 καὶ
849 2215 1212 2282 σωματικῶς·
1264 2217 1398 2271 ἀλλὰ
1426 2220 1491 2289 τῇ
1547 2219 1642 2272 τοῦ
1687 2221 1888 2288 μέτρου

314 2301 487 2355 εἴκειν
515 2304 796 2359 κάνταῦθα
824 2304 914 2377 βίᾳ
936 2307 1116 2362 δοτέον
1145 2309 1224 2379 τῷ
1253 2309 1459 2380 μελικῷ
1481 2328 1494 2341 ’
1529 2312 1587 2364 τὸ
1621 2313 1698 2376 δὲ,
1729 2309 1772 2366 ὦ
1799 2315 1893 2388 μὲ-

312 2393 439 2454 δων,
470 2398 670 2466 μετοχή
708 2398 875 2466 ἐστιν,
905 2401 965 2454 06
992 2400 1098 2472 μὴν
1126 2405 1412 2472 μετοχικὸν
1441 2406 1583 2458 κατὰ
1612 2407 1671 2459 τὸ
1697 2409 1722 2458 6
1750 2407 1889 2461 λέων

311 2486 406 2540 τοῦ
439 2487 677 2552 λέοντος,
719 2493 813 2546 καὶ
840 2491 1075 2560 δράκων,
1106 2493 1201 2546 καὶ⁵
1235 2497 1265 2549 6
1297 2496 1570 2565 θεράπων,
1609 2500 1704 2552 καὶ
1729 2502 1758 2552 6
1788 2501 1889 2554 οὐκ

310 2579 524 2648 ἀλέγων
549 2581 642 2634 τοῦ
661 2582 759 2634 οὐκ
778 2583 1090 2651 ἀλέγοντος.
1108 2587 1201 2640 καὶ
1223 2587 1250 2639 6
1273 2587 1513 2642 εὑελθων
1526 2589 1622 2642 τοῦ
1644 2591 1887 2644 εὐελθόν-

311 2682 398 2729 τος
420 2685 434 2698 ⁸
474 2670 557 2722 6:6
582 2672 674 2724 καὶ
710 2672 971 2741 φυλάσσει
998 2673 1060 2728 τὸ
1085 2691 1132 2729 ω
1154 2676 1252 2745 τῆς
1278 2675 1497 2740 εὐθείας
1527 2681 1586 2732 ἐν
1611 2683 1674 2749 τῇ
1703 2681 1888 2752 κλητι-

314 2762 382 2829 κῇ
403 2775 420 2791 ⁸
447 2762 498 2813 εί
524 2761 582 2814 δὲ
611 2763 704 2814 καὶ
729 2761 918 2834 κύριον
945 2764 1115 2834 ὅνομα
1160 2766 1394 2838 εὕρηταί
1425 2785 1510 2833 τις
1537 2771 1748 2840 Μέδων,
1793 2775 1889 2827 06-

313 2850 400 2905 διν
425 2853 561 2921 ἡμῖν
590 2852 750 2908 τοῦτο
778 2857 913 2926 πρὸς
942 2857 1001 2911 τὸ
1033 2860 1234 2930 παρόν⁴
1270 2860 1479 2928 γίνεται
1505 2863 1562 2918 δὲ
1598 2866 1624 2918 6
1652 2866 1889 2920 κατ’ἄν-

315 2942 535 3012 θρωπον
567 2937 780 3012 Μέδων,
809 2950 870 3001 ὲκ
901 2949 996 3002 τοῦ
1021 2951 1175 3021 μήδω
1199 2953 1258 3005 τὸ
1283 2952 1612 3024 βουλεύομαι
1652 2959 1883 3031 συστο)ῇ

1993 485 2356 551 ματοφόρους,
2388 491 2446 535 ιιι
2472 491 2619 551 patet
2647 497 2714 537 ex
2749 484 2850 537 hoc
2882 503 2896 537 :
2938 484 3418 554 Πνευματοφόροις
3447 485 3557 540 dies

1990 575 2186 642 cipnlis
2219 588 2368 628 nunc
2399 573 2803 638 assentiamur;
2841 573 3000 641 cujus
3027 575 3275 644 analogia
3312 585 3395 630 est
3430 587 3554 628 cum

1991 665 2354 736 σημειοφόρος
2411 673 2466 718 ει
2521 665 2947 736 τροπαιοφόρος,
3005 681 3236 734 quorum
3317 666 3560 736 analysis

1991 774 2170 822 sacra,
2202 758 2348 827 quod
2390 757 2456 812 ad
2493 759 2731 828 primum
2785 760 2998 823 attinet,
3039 767 3124 813 est
3149 763 3387 828 .signum
3445 759 3563 813 dei-

1988 850 2118 905 tatis
2151 849 2365 915 ferens;
2399 859 2474 912 et,
2534 849 2717 917 quoad
2772 850 3102 915 secundum,
3158 850 3416 920 profana,
3483 849 3564 905 sic

1991 942 2256 997 habetur:
2291 941 2517 995 Intravit
2542 938 2838 1009 Trajanus,
2871 955 3037 1009 super
3088 941 3348 996 humeros
3378 940 3560 1004 ferens

1990 1040 2211 1100 tropaea.
2260 1029 2332 1085 Os
2360 1039 2542 1085 autem
2575 1029 2988 1099 prophetarum,
3019 1029 3161 1098 quod
3217 1039 3302 1084 est
3348 1029 3556 1099 aliquid

1991 1125 2300 1180 universale
2377 1134 2638 1193 tanquam
2719 1123 3042 1193 prolationis
3101 1124 3552 1186 instrumentum,

1993 1217 2219 1286 pluralis
2253 1217 2373 1272 loco
2433 1223 2714 1283 sumptum
2751 1225 2857 1270 est.
2888 1214 2952 1269 Et
2990 1216 3125 1269 dicit
3157 1229 3172 1268 :
3205 1215 3397 1270 Loculi
3433 1224 3564 1271 sunt

1954 1308 2476 1378 ,πνευματέμφοροι
2498 1309 2800 1378 prophetae,
2821 1307 3095 1374 Salvator,
3130 1317 3279 1362 tuam
3316 1324 3555 1379 przesen-

1989 1400 2144 1456 tiam.
2164 1398 2458 1455 Sciendum
2483 1407 2665 1453 autem
2687 1399 2834 1469 quod
2861 1415 2925 1454 ex
2952 1399 3156 1453 exteris
3175 1400 3319 1454 inter
3342 1410 3562 1455 sanctos

1989 1489 2136 1545 venit
2164 1489 2328 1543 etiam
2379 1490 2408 1542 6
2453 1489 2968 1560 πνευματέμφορος.
3009 1490 3065 1542 1η
3124 1490 3349 1560 Delphis
3415 1492 3560 1544 enim

1987 1581 2381 1636 subterraneus
2469 1581 2699 1648 spiritus
2772 1595 2869 1650 per
2937 1582 3230 1635 vaticinium
3294 1583 3559 1650 tripodem

1989 1685 2207 1724 sursum
2271 1684 2487 1738 repens,
2525 1671 2614 1724 ubi
2669 1672 2890 1726 sedebat
2937 1671 3129 1742 Pythia
3185 1675 3554 1744 prophetissa.

1995 1760 2251 1830 implebat
2287 1760 2454 1825 illam,
2506 1770 2560 1816 et
2591 1763 2665 1817 ita
2717 1772 2967 1817 recentcr
3016 1764 3279 1834 inspirata
3335 1769 3560 1823 oracula

1993 1851 2177 1906 dabat.

2061 1941 2189 1996 209.
2223 1942 2374 1996 Istud
2405 1951 2588 1996 autem
2625 1944 2980 2011 σωματωδῶς
3019 1954 3109 2000 εει
3139 1961 3236 2015 pro
3262 1948 3558 2018 σαρκικῶς.

1989 2033 2111 2089 Non
2137 2032 2284 2088 enim
2315 2032 2402 2087 hic
2427 2032 2866 2101 praemittendum
2903 2043 2986 2090 est
3011 2036 3272 2091 dictionis
3338 2039 3559 2093 deriva-

1994 2127 2216 2192 tionem,
2241 2134 2496 2193 tanquam
2524 2125 2722 2181 exinde
2743 2141 2877 2182 sane
2902 2143 3009 2182 non
3032 2127 3174 2183 idem
3201 2139 3349 2184 esset
3372 2147 3561 2199 σωμαο

1989 2216 2173 2278 τωδῶς
2197 2226 2251 2271 ει
2286 2216 2620 2283 σωματικῶς
2654 2218 2872 2282 dicere;
2905 2219 3002 2274 sed
3034 2220 3444 2276 concedendum
3471 2222 3561 2278 hic

1991 2317 2164 2376 poetae
2195 2307 2350 2360 metri
2397 2309 2714 2362 necessitati
2759 2309 3130 2380 acquiescere.
3187 2309 3304 2366 Hoc
3355 2322 3561 2380 autem,

1993 2392 2039 2452 ὦ
2063 2399 2262 2468 μέδων,
2286 2399 2636 2469 participium
2668 2410 2772 2465 est,
2823 2417 2932 2456 non
2964 2411 3146 2458 tamen
3170 2418 3292 2458 cum
3318 2406 3369 2460 vi
3398 2407 3562 2474 parti-

1989 2490 2118 2562 cipii
2159 2491 2314 2560 juxta
2347 2491 2522 2547 illud:
2550 2494 2580 2546 6
2615 2491 2753 2547 λέων
2786 2492 2883 2546 τοῦ
2915 2493 3152 2561 λέοντος,
3181 2503 3237 2550 et
3257 2497 3286 2548 6
3319 2496 3562 2567 δράκων,

1988 2594 2040 2639 ει
2071 2585 2100 2636 6
2127 2583 2401 2654 θεράπων,
2442 2594 2497 2638 ct
2529 2584 2558 2636 6
2598 2584 2698 2637 οὐκ
2736 2585 2950 2652 ἀλέγων
2980 2585 3075 2639 τοῦ
3110 2588 3212 2642 οὐκ
3243 2589 3560 2656 ἀλέγοντος,

1987 2683 2043 2730 et
2069 2677 2098 2728 6
2129 2675 2367 2729 εὺὲλθων
2399 2674 2494 2728 τοῦ
2523 2675 2855 2740 εὐελθόντος.
2890 2676 3018 2731 Ideo
3070 2688 3254 2734 servat
3301 2699 3347 2732 ω
3379 2681 3560 2736 nomi-

1987 2769 2156 2824 nativi
2188 2771 2242 2825 in
2269 2768 2542 2825 vocativo.
2571 2768 2630 2824 Si
2655 2783 2786 2825 vero
2835 2785 3034 2824 nomen
3071 2771 3351 2839 proprium
3385 2774 3553 2828 etiam

1988 2861 2298 2916 inveniatur
2355 2861 2570 2929 Μέδων,
2609 2861 2748 2916 nihil
2800 2861 2972 2915 nostri
3005 2861 3168 2915 refert
3199 2863 3264 2916 ad
3295 2877 3560 2932 prmsens.

1987 2953 2092 3021 Qui
2124 2970 2251 3009 vero
2282 2955 2580 3008 secundum
2615 2954 2892 3008 hominem
2935 2965 3018 3007 est
3048 2955 3262 3018 Μέδων,
3291 2955 3372 3010 sic
3413 2956 3554 3011 dicio

312 3035 404 3088 τοῦ
438 3053 476 3109 η
502 3039 582 3101 είς
605 3056 632 3092 ε
651 3055 667 3071 ο
703 3039 1046 3111 βουλευτικὸν
1075 3046 1432 3115 γὰρ,πάντως
1465 3050 1558 3102 καὶ
1589 3050 1884 3122 βουλευτὴν

1991 3055 2078 3101 tur
2104 3061 2170 3100 ex
2198 3046 2373 3116 μήδω,
2403 3044 2665 3112 delibero,
2695 3045 3072 3100 contractione
3118 3045 3312 3102 littera:
3337 3064 3370 3116 η
3403 3046 3454 3102 in
3493 3067 3509 3101 t
3537 3065 3550 3102 :

308 3128 401 3181 καὶ
429 3129 521 3183 τὸν
549 3129 776 3201 βασιλέα
804 3133 882 3186 ὅτι
916 3135 1152 3204 μάλιστα
1180 3133 1322 3192 εἶναι
1349 3140 1547 3209 χρεών.

378 3315 466 3362 σι’.
524 3310 592 3363 ἸΙ
624 3309 681 3363 δὲ
711 3310 935 3382 ἑνδημία
963 3313 1022 3364 06
1052 3313 1220 3382 δῆμον
1254 3315 1349 3369 ἕνα
1378 3318 1528 3387 δηλοί
1554 3320 1627 3382 ὡς
1660 3325 1750 3376 ἐπὶ
1791 3343 1884 3378 κο-

308 3403 508 3473 σμικοῦ
534 3402 790 3474 μέδοντος
823 3405 1051 3472 γίνεται,
1085 3407 1221 3460 ἀλλὰ
1249 3409 1460 3479 δήμους
1487 3413 1748 3483 ἐννόμους
1770 3402 1886 3470 ὅσοι

307 3493 396 3544 τὸν
441 3492 650 3561 κόσμον
691 3494 1112 3564 ἅπαρτίζουσιν,
1142 3490 1204 3549 06
1233 3499 1407 3558 μέδων
1445 3503 1472 3554 6
1505 3503 1887 3571 παμϐασιλείκ

308 3582 458 3645 Θεός.
491 3584 553 3636 Εἰ
585 3584 641 3637 δὲ
677 3584 849 3654 δῆμόν
876 3603 1052 3655 φαμεν
1083 3588 1174 3641 τὶν
1209 3590 1599 3661 Χριστιανικὸν
1638 3594 1791 3660 λαὸν,
1821 3596 1882 3650 οὖ

312 3672 588 3743 βασιλεύει
615 3679 643 3728 6
664 3677 816 3740 Θεὸς,
844 3679 1028 3731 καινὸν
1055 3680 1209 3734 οὐδέν
1235 3697 1250 3711 °
1279 3682 1340 3736 06
1369 3685 1477 3756 γὰρ
1506 3687 1885 3757 δημοκρατίαν

310 3767 556 3820 δντεῦθεν
599 3769 657 3834 ἐξ
682 3769 929 3840 ἀνάγκης
955 3771 1271 3841 εἰσάγομεν,
1297 3769 1366 3847 ἧς
1397 3776 1425 3827 6
1467 3779 1745 3845 παντάναξ
1783 3781 1882 3849 μό-

310 3873 504 3926 ναρχος
536 3856 787 3923 ἄπεστιν,
821 3860 955 3913 ἀλλὰ
998 3861 1056 3914 τὸ
1096 3864 1446 3929 αὐτεξούσιον
1475 3869 1774 3938 δηλοῦμενο
1820 3870 1882 3924 06

310 3948 485 4012 καλῶς
516 3951 920 4021 φυλαττομένου
950 3956 1009 4007 ἐν
1045 3957 1196 4026 ἡμῖν,
1227 3957 1380 4011 οὐδέν
1410 3976 1460 4012 τι
1493 3961 1884 4033 πολυπραγμο-

311 4036 550 4108 νούμεθα
586 4040 689 4092 ὑπὸ
730 4041 826 4095 1:06
857 4042 1122 4112 βασιλέως
1153 4045 1312 4112 Θεοῦ,
1343 4048 1481 4103 ἀλλὰ
1512 4052 1758 4119 φίλτατοι
1788 4055 1884 4108 αὐ-

306 4130 387 4201 τῷ
444 4132 837 4202 ὲγκρινόμεθαο
876 4138 971 4190 καὶ
1013 4135 1156 4190 οὕτω
1205 4138 1450 4208 βασιλεία
1489 4143 1584 4197 καὶ
1625 4145 1794 4214 δῆμος
1825 4148 1883 4201 ἐν

309 4223 442 4291 ημῖν
498 4225 635 4295 προς
689 4229 1040 4298 μακαρισμὸν
1093 4230 1489 4300 διεκφαίνεται,
1551 4237 1884 4306 κρατοῦντος

305 4315 508 4382 ἄριστα
539 4317 696 4386 ἡμῶν
723 4317 818 4370 τοῦ
845 4319 1180 4389 λογιστικοῦ,
1210 4323 1299 4376 ὅτε
1342 4327 1408 4396 τῇ
1453 4326 1736 4397 ἀντιλήψει
1783 4331 1882 4399 τῆς

1987 3136 2342 3192 consiliosum
2410 3136 2555 3190 enim
2617 3146 2672 3190 ct
2736 3138 3146 3193 consiliatorem
3205 3151 3328 3193 esse
3389 3152 3558 3208 quam

1990 3232 2228 3285 niaxlme
2266 3243 2444 3299 regem
2477 3237 2710 3298 oportet.

2059 3321 2187 3377 ειο.
2229 3321 2294 3374 Ἦ
2329 3335 2454 3375 νει-ο
2488 3321 2717 3391 ἑνδημία
2763 3338 2872 3375 non
2909 3340 3074 3378 unum
3123 3325 3383 3396 pupulum
3418 3326 3559 3380 indi-

1988 3425 2096 3479 cat,
2136 3424 2195 3469 ut
2228 3415 2295 3470 de
2327 3417 2607 3470 mundano
2643 3428 2768 3484 rege
2798 3414 2874 3478 ﬁt,
2904 3416 2997 3470 sed
3045 3420 3274 3488 populos
3308 3417 3556 3490 (δήμους)

1988 3505 2265 3572 subjectos
2291 3504 2394 3573 legi
2418 3513 2693 3574 quotquot
2722 3506 3042 3574 partiuntur
3075 3508 3360 3572 mundum,
3395 3509 3558 3579 cujus

1987 3605 2073 3650 est
2112 3596 2422 3650 dominator
2451 3610 2744 3666 supremus
2777 3611 2894 3660 rex,
2941 3597 3105 3652 Deus.
3139 3600 3196 3652 Si
3254 3615 3384 3654 vero
3418 3601 3556 3655 dici—

1989 3701 2112 3740 mus
2147 3686 2533 3753 rempublicam
2577 3685 2794 3756 (δῆμον)
2837 3685 3210 3742 Christianum
3271 3691 3560 3758 populum,

1989 3776 2160 3848 (Ta6v)
2208 3791 2370 3844 super
2420 3791 2583 3842 quem
2646 3787 2838 3844 regnat
2882 3775 3047 3841 Deus,
3101 3777 3238 3831 nihil
3299 3781 3556 3836 mirum:

1987 3883 2096 3922 non
2143 3868 2288 3922 enim
2343 3867 2539 3923 exinde
2574 3868 2887 3922 necessario
2941 3869 3327 3922 demoeratiam
3388 3871 3559 3925 intro-

1986 3959 2256 4021 ducimus,
2291 3972 2320 4011 a
2345 3972 2452 4027 qua
2481 3971 2751 4019 summus
2777 3957 2930 4011 abest
2951 3961 3264 4022 monarcha,
3299 3959 3392 4012 sed
3429 3958 3563 4015 libe-

1985 4063 2101 4102 ram
2121 4045 2489 4116 signiticamus
2513 4051 2870 4114 potestatem;
2894 4061 3000 4114 qua
3035 4045 3266 4100 fideliter
3310 4045 3364 4101 in
3404 4047 3562 4103 nobis

1987 4139 2278 4203 custodita,
2330 4138 2556 4192 minime
2583 4136 2818 4208 negotiis
2869 4135 3224 4207 fatigabimnr
3279 4140 3381 4194 sub
3437 4155 3562 4210 rege

1993 4229 2125 4295 Deo,
2153 4229 2247 4285 Sed
2275 4230 2377 4299 ipsi
2423 4228 2766 4290 dilectissimi
2814 4228 3210 4298 judicabimur.
3271 4229 3338 4284 Et
3386 4230 3468 4286 sic
3503 4233 3558 4286 in

1994 4325 2154 4379 nobis
2181 4323 2326 4394 regia
2359 4321 2834 4391 democraticaque
2865 4329 3108 4390 potestas
3139 4323 3453 4377 ostenditur
3488 4325 3554 4378 ad

306 4409 694 4479 ἀρχικωτάτης
719 4408 893 4476 ἁγίας·
918 4411 1171 4481 Τριάδος,
1207 4415 1302 4467 καὶ
1328 4417 1426 4480 τὰς
1457 4421 1605 4489 τρεῖς
1641 4438 1704 4472 πε
1717 4419 1884 4490 ρισώ-

1995 4416 2404 4502 beatitudinem,
2466 4413 2670 4483 optime
2719 4413 3038 4467 dominante
3111 4413 3271 4468 nobis
3324 4415 3560 4479 ratione,

304 4500 474 4569 ζομεν
512 4501 807 4566 ὲπαινετὰς
841 4504 1038 4574 ἀρχὰς,
1087 4507 1190 4576 τήν
1220 4523 1282 4560 τε
1325 4508 1634 4582 βασιλικὴν,
1672 4515 1767 4568 καὶ
1813 4516 1880 4569 δι’

303 4593 479 4658 αὐτῆς
508 4593 608 4665 τὴν
634 4595 692 4646 ἐν
722 4595 1140 4668 ἀριστοκρατίᾳ,
1168 4599 1290 4654 καθ’
1316 4601 1384 4671 ἣν
1408 4603 1500 4657 καὶ
1537 4605 1565 4658 ό
1594 4603 1884 4674 ἀδελφικδς

301 4685 478 4756 δῆμος
507 4688 795 4758 ἐμφρόνως
841 4687 1158 4758 ἐξορθοῦται
1207 4693 1286 4754 εἰς
1337 4694 1584 4761 ἀγαθόν’
1631 4696 1660 4749 6
1701 4699 1885 4766 μόνοις

302 4779 435 4846 ἄρτι
487 4782 935 4848 σκιαγριφεῖται,
986 4779 1063 4844 ὡς
1114 4783 1350 4854 ἐγχωρεῖ
1397 4790 1510 4851 τοῖς
1571 4791 1740 4844 πάλαι
1786 4792 1884 4860 μέν

303 4886 439 4923 ποτε
507 4870 629 4923 κατ’
665 4869 982 4943 Εὺπρῶπην
1016 4873 1272 4938 Ἐνετοῑς,
1329 4875 1425 4931 νῦν
1484 4879 1543 4932 δὲ
1603 4883 1884 4946 υὺενέτοις

301 4963 489 5016 εἶτουν
515 4963 780 5027 Βενίτοις,
812 4956 889 5018 ὧν
918 4966 952 5035 ἡ
993 4964 1148 5037 χώρα
1190 4967 1469 5034 Οὐενετία,
1515 4973 1594 5035 είς
1634 4973 1886 5027 Βενετίαν

300 5057 650 5126 τετριμμένη
687 5053 908 5122 κοινῶς,
934 5057 1066 5127 παρ’
1096 5053 1176 5122 οἷς
1199 5060 1260 5112 τὸ
1288 5060 1386 5127 μὲν
1412 5066 1746 5131 μοναρχικὸν
1776 5067 1885 5118 σώ-

301 5146 483 5211 ζεται,
514 5148 603 5201 διὰ
654 5149 752 5202 τοῦ
801 5151 861 5202 ἐν
906 5151 1092 5214 αὐτοῖς
1127 5153 1588 5223 ὑπερκαθημένου
1634 5158 1837 5222 Δουκός
1865 5176 1883 5192 ο

298 5239 396 5292 διὰ
429 5237 489 5291 δὲ
530 5237 639 5293 τῶν
673 5238 1000 5304 κονσούλων,
1044 5239 1202 5310 οἵπερ
1251 5241 1390 5294 είσὶν
1425 5242 1701 5297 ἐπίλεκτοι
1746 5245 1888 5316 σύμ-

300 5328 516 5393 ϐουλοι,
545 5328 608 5381 τὸ
642 5329 1102 5399 ἀριστοκρατικόν
1125 5347 1139 5362 ο
1172 5331 1220 5383 οί
1263 5331 1320 5384 δὲ
1379 5332 1510 5403 παρ’
1546 5337 1740 5400 αὐτοὺς
1794 5340 1886 5391 καὶ

305 5421 432 5491 μετ’
464 5422 685 5485 αὐτοὺς,
717 5423 778 5475 τὸ
802 5422 1104 5494 δημοτικὸν
1139 5423 1524 5496 συμπληροῦσι
1563 5429 1730 5494 φῦλον
1751 5445 1764 5458 ·
1793 5432 1886 5484 καὶ

293 5514 588 5584 τριπλόκῳ
615 5515 832 5586 σχοινίῳ
857 5515 1033 5586 τούτῳ
1087 5516 1375 5588 εὐχρήστῳ
1427 5518 1884 5596 διαπεπλεγμένῳ

295 5605 389 5667 είς
416 5604 722 5676 ἄρρηκτον,
766 5603 868 5676 τὴν
913 5605 1038 5661 κατ’
1066 5607 1266 5672 αὐτοὺς
1317 5608 1675 5680 κληροδοσίαν
1730 5617 1884 5669 συνέ-

299 5715 489 5768 χουσι.

998 5890 1164 5898 ...ος-νο.-.ι
1183 5892 1188 5896 ι

1989 4509 2208 4578 quando
2244 4506 2554 4576 t‘cceptionc
2609 4502 3086 4575 principalissimar
3120 4514 3340 4560 sancta:
3376 4505 3562 4560 Trini-

1991 4601 2140 4666 tatis,
2169 4612 2219 4654 et
2253 4610 2363 4654 tres
2394 4611 2794 4652 conservamus
2825 4596 3126 4658 Ian-labiles
3156 4608 3477 4668 potestates,
3509 4612 3564 4654 et

1993 4692 2221 4761 regiam,
2257 4699 2310 4745 et
2337 4706 2430 4759 per
2466 4690 2610 4744 hanc
2645 4688 2792 4742 illam
2831 4705 2951 4758 quia
2981 4688 3130 4744 εἰειῑι
3166 4689 3222 4743 in
3266 4691 3563 4746 aristocra-

1990 4785 2087 4846 tia,
2111 4785 2261 4848 juxta
2297 4795 2460 4850 quam
2524 4779 2805 4834 fraternus
2841 4781 3002 4832 etiam
3069 4779 3352 4848 popularis
3385 4787 3560 4837 status

1993 4877 2288 4945 prudenter
2333 4871 2590 4942 dirigitur
2622 4871 2690 4926 ad
2722 4871 2928 4928 bonum
2965 4889 2978 4923 :
3032 4876 3177 4939 quod
3226 4871 3359 4927 solis
3392 4887 3558 4938 nunc,

1995 4977 2052 5020 ut
2084 4965 2228 5028 licet,
2269 4963 2626 5018 adumbratur
2659 4963 2897 5033 populis.
2947 4962 3075 5016 olim
3131 4962 3314 5029 «lictis,
3364 4979 3562 5020 secun-

1991 5059 2120 5111 dum
2175 5055 2474 5123 Europam,
2531 5053 2744 5118 Enetis,
2793 5053 2951 5108 hodie
2999 5069 3128 5109 vero
3165 5056 3382 5111 Venetis
3444 5058 3559 5112 sive

1993 5148 2232 5211 Benetis,
2282 5161 2519 5216 quorum
2578 5155 2663 5200 est
2719 5145 2868 5214 regio
2915 5144 3163 5213 Venetia,
3199 5147 3560 5202 communiter

1987 5241 2043 5295 in
2081 5239 2362 5292 Benetiam
2396 5253 2500 5293 usu
2533 5244 2766 5302 mutata,
2810 5239 2954 5308 apud
2989 5255 3128 5309 quos
3159 5241 3400 5308 regimen
3444 5253 3562 5291 mo-

1990 5330 2320 5385 narchicnm
2354 5329 2573 5396 quidem
2605 5338 2855 5386 servatur
2881 5345 2976 5400 per
3017 5331 3208 5384 ducem
3241 5343 3404 5398 super
3425 5328 3564 5383 alios

1989 5424 2350 5480 constitutum
2380 5438 2395 5486 ;
2457 5420 2894 5476 aristomaticum
2929 5431 3108 5475 autem
3156 5435 3252 5490 per
3284 5421 3561 5485 consules,

1989 5517 2082 5586 qui
2117 5527 2244 5568 sunt
2278 5513 2435 5568 electi
2456 5511 2800 5578 consiliarii;
2844 5512 3164 5582 potxularem
3199 5525 3330 5564 vero
3361 5510 3561 5565 tribum

1991 5605 2270 5676 complent
2298 5606 2391 5674 qui
2421 5613 2555 5660 sunt
2581 5605 2723 5673 apud
2765 5603 2888 5656 illos
2937 5613 2990 5656 ct
3027 5610 3152 5671 post
3188 5601 3329 5657 illos.
3363 5601 3428 5656 Et
3463 5604 3564 5656 hoc

1989 5697 2190 5767 triplici
2232 5697 2482 5754 {utriculo
2515 5699 2569 5750 in
2621 5695 2918 5752 infractum
2971 5693 3128 5764 plexo
3182 5695 3552 5752 hereditatem

1995 5789 2098 5847 sibi
2130 5789 2380 5848 sortitam
2406 5788 2707 5844 continent.
