3950 6204
271 333 368 400 721

1080 338 1165 398 IN-
1205 337 1541 399 HYMNUM
1575 333 2232 403 PENTECOSTALEM
2277 341 2737 408 DAMASCENI.

3413 344 3524 411 722

271 449 438 524 βραχύ
467 465 522 502 τι
560 447 959 516 πνευματικὸν,
990 448 1131 516 πρὸς
1160 447 1332 518 ονομα
1381 450 1538 520 μόνον
1579 449 1843 519 μνησθεὶς

1954 451 2137 518 istum,
2168 454 2235 508 ad
2266 457 2448 520 tluem,
2475 457 2678 524 aliquid
2721 458 2885 514 breve
2920 461 2986 514 ile
3016 461 3225 532 Spiritu
3290 457 3522 515 commi-

266 544 356 599 τοῦ
385 540 788 613 ἑορταζομένου
817 539 979 595 Θεοῦ’
1022 540 1082 592 τὸ
1120 539 1176 593 δέ
1211 557 1275 609 γε
1311 541 1498 594 λοιπὸν
1541 544 1838 613 τροπάριον

267 638 322 704 ἐξ
351 635 516 709 ὀρθοῦ
544 634 667 687 ἔστι
694 633 1002 703 τριαδικόν·
1046 629 1410 686 ἀνακόλουθον
1438 632 1532 685 οῦν
1575 633 1733 687 τοῦτο
1769 636 1835 704 τῇ

267 727 500 800 ἁρμονίᾳ
523 726 636 780 τῶν
661 726 838 781 ἀλλων
863 725 1110 781 κανόνων
1140 726 1198 779 εν
1229 722 1311 788 οἷς
1341 727 1410 779 τὰ
1447 727 1700 795 τριαδικὰ
1730 727 1840 780 τῶν

265 820 554 877 θεοτοκίων
585 819 931 891 πρόκεινται.

340 1003 462 1056 σιδ’.
496 1003 721 1055 Ἔννοια
770 999 827 1054 δὲ
873 999 967 1054 τὸν
1022 999 1263 1054 ἐνταῦθα
1314 1000 1505 1071 εἱρμὸν
1547 999 1839 1070 ἀπαρτίζει

260 1095 509 1165 mw"?
536 1087 850 1164 Χαίρωςῶ
876 1093 1148 1160 ’Δνασσα,
1186 1093 1637 1164 μητροπάρθενον
1658 1095 1836 1161 κλέος,

257 1191 395 1260 ὅπερ
424 1189 542 1242 ἐστὶ
567 1186 1022 1257 περιφραστικῶς
1055 1187 1175 1257 μὲν,
1232 1184 1411 1257 μῆτερ
1445 1186 1542 1239 καὶ
1569 1185 1838 1257 παρθένε,

257 1281 434 1344 ἄλλως
457 1279 536 1346 δὲ,
568 1279 727 1342 κλέος
749 1279 1010 1358 ,μητέρων
1042 1295 1103 1331 τε
1131 1281 1225 1332 καὶ
1250 1277 1561 1346 παρθένων*
1594 1278 1703 1330 τῶν
1738 1277 1839 1347 μὲν

255 1374 343 1428 διὰ
378 1371 474 1426 τδν
513 1372 843 1442 γεννηθέντα
885 1371 1019 1426 Θεὸν
1055 1370 1342 1434 ἀνωδύνως
1369 1372 1464 1424 καὶ
1488 1371 1714 1435 ἀλύπως
1752 1371 1841 1424 διὰ

256 1463 318 1517 τὸ
359 1463 486 1533 δίχα
541 1461 750 1517 ὠδίνων
793 1463 887 1517 καὶ
931 1462 1042 1516 τῶν
1090 1461 1349 1516 ἐντεῦθεν
1377 1462 1583 1517 ὀδυνῶν
1628 1465 1836 1516 τε-κεῖνο

255 1556 449 1611 καθότι
491 1557 586 1610 καὶ
627 1555 757 1609 ἄνευ
803 1554 1004 1623 ἡδονῆς
1053 1553 1317 1607 συνέλαϐε
1349 1555 1443 1607 τὸν
1475 1555 1640 1608 αὐτδν
1679 1555 1838 1620 Θεὸν,

255 1646 354 1701 καὶ
388 1647 520 1701 ἄνευ
551 1646 860 1717 θελήματος
884 1645 1172 1715 σαρκικοῦ,
1201 1637 1276 1698 ὧν
1299 1645 1455 1697 οὐδὲν
1496 1648 1616 1708 ταῖς
1642 1645 1833 1709 ἄλλαις

258 1739 538 1810 μητράσιν
564 1738 936 1809 ὲνθεωρετταιο
980 1737 1079 1790 καὶ
1107 1733 1253 1789 οὕτω
1286 1735 1388 1804 μὲν
1419 1736 1451 1804 ἠ
1483 1735 1623 1804 ὑπὲρ
1667 1735 1831 1803 φύσιν

252 1833 520 1897 τεκοῦσα,
552 1831 810 1901 μητέρων
835 1829 993 1892 κλέος
1021 1827 1131 1881 τῶν
1163 1827 1256 1880 καὶ
1294 1828 1352 1879 ὲν
1389 1825 1586 1889 λύπαις
1617 1843 1836 1879 τικτου-

255 1925 372 1978 σῶν
402 1923 572 1977 τέκνα
599 1922 694 1974 καὶ
715 1921 812 1991 τὴν
840 1919 1035 1989 λοιπὴν
1064 1919 1480 1989 έπισυρομένων
1506 1919 1836 1986 ὲμπάοειαν,

255 2018 438 2086 ὁπόση
476 2016 727 2086 φυσικῶς
755 2016 877 2079 ταῖς
900 2015 1182 2077 τοιαύταις
1215 2018 1586 2085 παρομαρτεῖ·
1635 2013 1839 2084 παρθέ-

252 2127 368 2163 νων
393 2108 453 2162 δὲ
481 2107 639 2171 κλέος
669 2108 702 2176 ἡ
733 2105 872 2177 αὑτὴ
900 2106 992 2158 διὰ
1013 2105 1075 2158 τὺ
1101 2103 1515 2176 προτιμηθῆναι
1545 2106 1641 2159 καὶ
1668 2104 1839 2173 ὑπερ-

253 2201 490 2271 τεθῆναι
518 2199 613 2254 τοῢ
649 2199 828 2264 ἄλλως
874 2197 1144 2270 μητρικοῦ
1172 2198 1503 2269 αὐχήματος
1536 2196 1600 2248 τὸ
1632 2195 1840 2264 παρθε-

252 2298 437 2352 νικόνο
471 2296 675 2366 στάχυς
703 2313 764 2348 τε
792 2296 902 2365 γὰρ
933 2293 1230 2366 ἀρχέγονος
1261 2292 1469 2354 ἐκεῖνος
1497 2291 1526 2344 ό
1551 2290 1842 2358 ἄσπαρτος

253 2391 360 2446 καὶ
386 2390 458 2460 γῆ
516 2390 802 2458 ἀνήροτος,
854 2389 889 2457 ὴ
938 2385 1325 2456 ἐκθρεψαμένη
1359 2384 1596 2440 ἐκεῖνον,
1629 2382 1687 2443 ές
1717 2379 1838 2430 λίαν

257 2483 408 2536 πάνυ
443 2481 610 2534 πλέον
657 2479 1034 2548 θαυμάζονται
1085 2478 1196 2530 τῶν
1245 2479 1310 2530 ἐκ
1354 2476 1459 2545 τῆς
1509 2473 1650 2528 κατὰ
1682 2469 1845 2540 φύσιν

253 2573 589 2637 ἀκολουθίας
624 2573 716 2626 καὶ
743 2572 1030 2640 γενέσεως,
1062 2571 1157 2623 καὶ
1187 2568 1260 2637 γῆ
1290 2566 1429 2632 αὕτη
1459 2563 1712 2635 ἀστιδὴς,
1743 2565 1838 2616 καὶ

255 2663 568 2732 ἀπάτητος,
599 2662 696 2715 καὶ
725 2663 804 2723 είς
836 2661 899 2713 τὸ
930 2661 1037 2714 πᾶν
1063 2658 1421 2728 ἀγεώργητος
1451 2657 1519 2710 τὰ
1554 2656 1611 2718 ὲς
1644 2653 1806 2724 φύσιν
1828 2669 1840 2681 ·

257 2758 317 2810 εί
342 2755 436 2809 xa‘t
467 2755 645 2818 ἄλλως
677 2753 736 2818 ἐξ
765 2753 970 2823 ἀρετῆς
1005 2754 1086 2815 είς
1112 2752 1382 2822 ὑποδοχὴν
1407 2748 1548 2804 Θεοῦ
1587 2745 1653 2820 ἦν
1688 2746 1845 2800 εὔθε-

256 2865 378 2910 τος·
424 2847 522 2899 καὶ
549 2847 693 2915 ζωῆς
720 2845 776 2899 δὲ
805 2845 1011 2916 στάχυς
1037 2848 1064 2898 ὁ
1095 2836 1153 2910 ιε
1189 2844 1387 2912 αὐτῆςἸ
1417 2843 1488 2896 δι’
1514 2835 1684 2911 οὗπερ
1713 2841 1848 2910 ἡμῖν

257 2945 288 2995 ὁ
320 2939 581 3011 οὐράνιος
613 2940 778 3006 ἄρτος
813 2939 906 2992 καὶ
938 2939 1109 3006 ἐφάνη
1157 2937 1254 2989 καὶ
1295 2935 1477 3004 ἐδόθη,
1530 2935 1626 2988 καὶ
1668 2949 1850 3002 παραο

263 3032 426 3102 μένει
477 3030 588 3095 ζῶν
623 3032 716 3084 καὶ
751 3029 1040 3095 ζωοποιδς,
1093 3030 1196 3082 οὐκ
1226 3027 1346 3081 ἔστι
1394 3027 1549 3090 κλέος
1581 3027 1718 3096 ὅπερ
1749 3025 1850 3078 οὐκ

260 3124 334 3178 ἀν
363 3124 469 3175 ὐπε
479 3121 771 3191 ρϐαίνοιεν.

330 3221 456 3269 σιεθ.
497 3213 622 3270 Ἔτι
644 3214 701 3267 δὲ
732 3214 891 3276 κλέος
921 3212 1177 3283 μητέρων
1207 3211 1304 3264 καὶ
1333 3208 1620 3281 παρθένων
1645 3208 1678 3278 ἡ
1708 3206 1846 3278 αὑτὴ

265 3303 626 3376 μήτρανδρος
668 3305 702 3375 ἡ
747 3305 871 3356 κατ’
905 3301 1188 3372 ἐξαίρετον
1218 3298 1577 3370 ἀειπάρθενος
1605 3296 1699 3349 καὶ
1730 3296 1846 3348 ἀει-

259 3399 434 3466 κόρη,
468 3397 592 3449 ἐπεὶ
621 3395 689 3449 ἂν
747 3395 893 3459 σώας
918 3394 1085 3466 ἔχωσι
1116 3395 1321 3464 φρένας
1350 3392 1448 3447 καὶ
1473 3390 1610 3464 πρὸς
1632 3390 1846 3456 ἐκείνην

267 3487 578 3560 μετροῦσαι
609 3487 686 3550 ὥς
715 3487 946 3541 δυνατὸν
983 3486 1368 3556 παρεξάγωσιν
1397 3483 1616 3546 ἑαυτάς·
1655 3485 1710 3538 αἱ
1749 3483 1847 3550 μὲν

265 3581 622 3651 θυμούμεναι
655 3580 731 3643 ὡς
779 3578 1038 3645 ἠξίωνται
1087 3579 1324 3648 μητέρες
1373 3572 1532 3644 εἶναι,
1566 3575 1658 3628 uel.
1689 3575 1848 3628 αὐταὶ

266 3673 603 3743 πράγματος
653 3670 845 3724 τούτου
909 3669 1000 3721 καὶ
1060 3668 1322 3737 ὀνόματος
1380 3669 1846 3738 ἐπιτυγχάνουσαι

267 3764 442 3820 καλοῦ
470 3763 566 3816 καὶ⁵
595 3759 830 3830 ἀγαθοῦ·
876 3760 936 3814 αἱ
957 3759 1017 3814 δὶ
1049 3759 1354 3828 παρθενίας
1389 3757 1610 3828 ἔχουσαι
1659 3755 1848 3824 κτῆμα

269 3856 410 3925 ὅπερ
439 3855 470 3907 ὀ
495 3853 630 3918 Θεὸς
657 3853 951 3924 ἀγαπήσας
988 3850 1328 3923 ᾠκειώσατο,
1353 3849 1602 3902 εὔκλειαν
1629 3848 1849 3908 ἑαυταῖς

268 3947 529 4002 ἐντεῦθεν
548 3944 962 4013 περιποιοῦνται
1007 3944 1347 4014 θαυμαστήν.
1382 3941 1610 4013 Χαίροις
1655 3939 1770 4005 οὖν,
1802 3936 1846 3994 ὦ

275 4035 560 4097 Βασίλεια,
591 4033 748 4096 κλέος
774 4026 850 4086 ὧν
880 4033 1106 4104 εἴπομεν
1136 4034 1432 4101 γυναικῶν.
1459 4032 1556 4085 Διά
1580 4031 1632 4084 τί
1656 4031 1711 4084 δὲ
1731 4034 1848 4100 χαίο

279 4141 393 4196 pos;
421 4127 524 4191 ᾶνς
557 4124 729 4179 Τοῦτο
755 4125 819 4196 δὴ
862 4125 923 4178 τὸ
962 4125 1055 4178 τοῦ
1084 4123 1327 4196 Γαϐριὴλ
1364 4120 1432 4194 ἦν
1461 4125 1551 4178 ὅτε
1579 4125 1850 4193 ἀγαλλιῶν

281 4216 688 4288 προσφώνημα·
718 4216 852 4270 διότι
901 4217 1011 4270 πᾶν
1055 4216 1329 4286 δγκώμιον
1364 4216 1850 4287 ὕπεραναὸέὸηκας

281 4308 375 4361 διὰ
414 4309 477 4361 τὸ
509 4307 852 4377 ὗπερσάλλον
901 4309 1002 4380 τῆς
1047 4311 1286 4380 ἀρετῆς,
1336 4310 1459 4362 καθ’
1501 4309 1568 4380 ἢν
1613 4310 1705 4364 καὶ
1744 4307 1850 4362 τῶν

279 4400 554 4470 οὐρανίων
582 4400 882 4470 ταγμάτων
929 4402 1256 4470 ὁπέρκεισαι
1285 4419 1298 4432 ·
1331 4401 1476 4456 ἅπαν
1519 4403 1627 4471 γὰρ
1677 4405 1851 4472 στόμα

284 4491 528 4560 βρότειον
576 4491 888 4560 εὐδίνητον,
929 4491 1099 4564 ἤγουν
1129 4491 1430 4561 εὔστροφον
1470 4499 1564 4545 καὶ
1601 4491 1845 4558 εὖλαλον,

1955 4511 2113 4566 quam
2181 4496 2434 4552 cmlcstes
2500 4495 2720 4550 ordines
2777 4499 3114 4560 transgressa
3178 4507 3296 4552 es:

282 4583 379 4650 οὐχ
407 4583 618 4647 ἁπλῶς,
641 4583 786 4636 ’ἀλλά
809 4585 902 4637 καὶ
940 4584 1226 4655 ρητρεῦον,
1257 4585 1375 4655 ἦτοι
1407 4575 1724 4656 ρητορεῦονζ
1751 4587 1852 4640 οὐκ

283 4673 395 4742 ἔχει
419 4673 589 4738 ἀξίως
645 4675 874 4744 μέλπειν
903 4692 962 4728 σε
985 4692 1002 4711 ο
1032 4677 1192 4729 τοῦτο
1221 4677 1277 4730 δὲ
1315 4679 1525 4746 γίνεται
1557 4679 1714 4750 παρά
1759 4677 1853 4732 τὸν

289 4766 522 4836 χορηγὸν
551 4767 654 4836 τῆς
703 4768 995 4837 ῥητορείας
1045 4768 1190 4822 νοῦν.
1235 4769 1390 4822 Ἐπεὶ
1425 4773 1533 4839 γὰρ
1559 4769 1707 4833 ἅπας
1730 4770 1855 4832 νοῦς

289 4857 494 4928 ἰλιγγιᾷ
530 4861 673 4910 νοεῖν
696 4876 792 4911 σου
817 4859 910 4913 τὸν
943 4859 1121 4923 τόκον,
1155 4861 1271 4923 πῶς
1302 4861 1370 4914 ἂν
1395 4863 1457 4914 τὸ
1487 4862 1663 4931 στόμα
1695 4864 1856 4933 ῥητο-

290 4949 464 5015 ρεύειν
491 4948 584 5001 ’ἀπ’
613 4949 764 5018 αὐτῷ
795 4949 1048 5014 δύναιτο;
1083 4951 1176 5003 Διὸ
1207 4953 1617 5021 ἀμηχανοῦντες
1652 4954 1856 5006 πλατυ-

285 5039 460 5109 λοτιῖν
493 5041 655 5111 μόνον
681 5041 740 5094 τδ
770 5042 906 5106 Δόξα
940 5059 1046 5109 σοι,
1078 5042 1420 5113 ἀναὸοῶμεν,
1455 5047 1515 5097 οὐ
1548 5045 1685 5114 πρὸς
1720 5047 1856 5114 ἀφο-

291 5132 472 5185 σίωσιν
501 5134 600 5186 καὶ
651 5136 842 5203 μόνην,
879 5134 944 5203 ἢν
987 5134 1082 5187 καὶ
1123 5133 1493 5205 προσποίητον
1537 5137 1594 5186 ὲν
1645 5137 1855 5198 ποῗιλοῖς

291 5223 508 5293 οἴδαμεν
545 5224 819 5292 τίνεσθαι,
847 5225 982 5283 ἀλλὰ
1012 5226 1112 5279 σὺν
1145 5225 1295 5295 πόθῳ
1319 5227 1605 5297 πρέποντι.

361 5492 495 5550 σις’.
549 5487 744 5540 ἰστέον
785 5488 845 5540 δὲ
895 5489 976 5542 ὅτι
1022 5490 1199 5558 στόμα
1249 5490 1349 5558 μὶν
1402 5493 1577 5544 εἰπεῖν
1631 5491 1856 5548 εῦλαλον

296 5579 706 5646 κυριολεκτικόν
750 5580 934 5632 ἐστιν’
967 5579 1247 5649 σύδίνητον
1293 5581 1350 5635 δὲ
1403 5583 1534 5636 αὐτὸ
1575 5585 1741 5650 φάναι
1793 5591 1855 5640 οὐ

296 5674 753 5738 κυριολεκτεῖται⁶
789 5673 925 5726 ἀλλὰ
959 5673 1035 5736 ὡς
1085 5675 1194 5732 ἀπὸ
1231 5675 1430 5742 μέρους
1467 5678 1566 5745 τῆς
1604 5679 1854 5751 γλώσσης

295 5755 610 5830 δινουμένης
656 5763 741 5814 ὅτε
787 5762 1058 5832 λαλοῦμεν
1099 5764 1374 5833 εὐδίνητον
1423 5769 1515 5821 καὶ
1566 5770 1625 5823 τὸ
1681 5772 1850 5840 στόμα

1949 554 2112 608 scunt,
2140 546 2258 602 solo
2295 548 2518 603 nomine
2552 551 2806 606 celebrati
2831 552 2921 608 Dei
2947 552 3264 607 memoriam
3288 565 3518 622 ponens.

1945 635 2150 693 Caetera
2173 653 2301 694 vero
2320 641 2543 708 stmphe
2560 652 2706 696 recte
2723 642 2786 698 de
2810 639 3078 701 Triuitate
3096 655 3198 701 est.
3223 643 3335 698 Hoc
3359 642 3522 712 igitur

1948 747 2052 786 non
2085 732 2317 786 cohaeret
2342 747 2463 786 cum
2503 731 2790 788 harmonia
2829 736 3058 791 aliorum
3095 751 3394 798 canonum,
3465 731 3518 786 in

1947 827 2146 894 quibus
2179 840 2300 893 quze
2323 827 2387 879 de
2422 822 2688 880 Trinitate
2715 838 2867 894 sunt,
2894 843 2956 883 ea
2988 833 3107 898 quae
3128 829 3155 881 a
3192 830 3300 884 Deo
3323 835 3524 882 exeunt

1946 917 2416 986 atttcgrediuntur.
3305 921 3309 926 ’

2020 1009 2144 1064 2H.
2177 1008 2326 1065 Humc
2350 1019 2530 1064 autem
2563 1018 2886 1080 praesentem
2913 1013 3110 1066 nexum
3140 1013 3264 1068 talis
3292 1005 3520 1068 sentcn-

1943 1098 2019 1156 tia
2059 1101 2294 1170 partitur
2325 1120 2338 1156 :
2374 1101 2552 1167 Salve,
2588 1100 2820 1174 Regina,
2853 1102 3299 1174 μητροπάρθενον
3341 1103 3522 1166 κλέος,

1944 1191 2086 1261 quod
2122 1200 2204 1246 est
2265 1207 2360 1261 per
2415 1192 2984 1258 circumlocutionem,
3037 1200 3213 1246 mater
3256 1200 3309 1245 et
3345 1191 3521 1259 virgo,

1943 1293 2311 1352 ceterumque
2333 1295 2569 1339 matrum
2604 1299 2670 1339 ac
2709 1284 2981 1352 virginum
3032 1284 3520 1350 decusraliarum

1944 1375 2161 1444 quidem
2188 1383 2408 1446 propter
2438 1375 2589 1430 illum
2625 1391 2784 1443 quem
2821 1377 3004 1446 genuit
3065 1374 3233 1430 Deum
3283 1376 3524 1430 suaviter

1942 1478 1995 1524 et
2023 1470 2162 1533 laatc,
2201 1483 2266 1523 eo
2292 1466 2434 1537 quod
2477 1467 2683 1536 absque
2725 1477 2912 1536 partus
2943 1467 3211 1538 angustiis
3245 1476 3296 1519 ct
3323 1481 3522 1521 intero-

1945 1561 2100 1616 ribus
2150 1559 2353 1615 exinde
2382 1560 2642 1630 peperit;
2700 1567 2975 1628 quatenus
3039 1559 3288 1612 eumdem
3354 1557 3521 1611 Deum

1945 1654 2065 1708 sine
2089 1652 2366 1722 voluptate
2403 1653 2629 1720 sineque
2661 1651 2942 1705 voluntate
2973 1650 3182 1704 carnali
3231 1647 3519 1716 concepit;

1945 1744 2091 1812 quod
2121 1743 2175 1797 in
2208 1741 2329 1797 aliis
2366 1742 2631 1795 matribus
2662 1741 2810 1794 nullo
2835 1739 2998 1795 modo
3028 1739 3327 1808 reperitur;
3360 1746 3525 1805 atque

1944 1837 2018 1891 ita
2077 1834 2320 1906 quidem,
2377 1847 2501 1887 cum
2549 1847 2710 1902 supra
2766 1842 3014 1886 naturam
3069 1831 3298 1899 peperit,
3359 1831 3526 1883 decus

1943 1938 2026 1985 est
2053 1935 2311 1992 malrum,
2335 1942 2456 1996 quae
2487 1925 2624 1980 tilios
2653 1926 2704 1979 in
2730 1924 3059 1979 mceroribus
3091 1921 3332 1993 pariunt,
3365 1931 3525 1976 czetc-

1945 2037 2146 2091 rosque
2183 2021 2434 2076 turbidos
2475 2034 2665 2074 secum
2694 2018 2922 2073 trahunt
2945 2017 3198 2077 aﬂ‘cctus,
3235 2016 3328 2085 qui
3364 2024 3523 2069 uatu-

1945 2131 2002 2169 ra
2036 2115 2267 2170 comites
2297 2112 2608 2184 huiusmodi
2667 2112 2937 2166 matribus
2986 2110 3202 2165 adsunt.
3237 2107 3524 2180 Virginum

1944 2212 2124 2258 autem
2156 2204 2319 2258 decus
2361 2203 2550 2258 eadem
2584 2213 2689 2266 est,
2721 2218 2786 2258 es)
2818 2201 2966 2270 quod
3022 2198 3258 2270 praetulit
3290 2214 3353 2253 ac
3388 2216 3525 2267 pra:-

1946 2297 2125 2366 posuit
2161 2303 2421 2350 maternae
2449 2295 2761 2364 gloriationi
2790 2295 3112 2366 virgineam.
3149 2293 3344 2364 Spicus
3378 2291 3520 2347 enim

1947 2387 2035 2441 ille
2073 2386 2428 2457 pritnigenius
2464 2386 2581 2442 sine
2627 2387 2856 2450 semine,
2915 2395 3172 2454 terraque
3226 2402 3332 2439 non
3367 2394 3514 2438 arata

1947 2495 2067 2548 qua:
2109 2480 2335 2533 nutrivit
2389 2479 2564 2548 illum,
2629 2481 2800 2533 multo
2867 2479 3042 2547 magis
3096 2491 3259 2545 quam
3312 2475 3389 2528 illi
3431 2474 3523 2543 qui

1949 2572 2250 2626 naturalem
2275 2573 2681 2641 generationem
2705 2578 3143 2640 consequuntur,
3179 2569 3526 2624 mirationem

1952 2673 2194 2720 nmvent.
2229 2663 2296 2719 Et
2323 2663 2427 2720 ista
2462 2674 2602 2718 terra
2629 2680 2735 2720 non
2780 2665 3009 2727 calcata,
3066 2678 3175 2718 non
3232 2661 3377 2719 trita,
3418 2676 3523 2712 nou

1950 2757 2174 2812 omnino
2231 2757 2402 2820 culta,
2470 2757 2597 2812 licet
2653 2772 2720 2812 ex
2779 2756 2978 2810 virtute
3042 2754 3148 2809 Deo
3211 2751 3528 2820 recipiendo

1954 2848 2090 2902 bene
2140 2849 2439 2918 disposita,
2501 2848 2734 2918 vitaeque
2789 2848 2974 2917 Spicus
3021 2862 3088 2901 ex
3149 2858 3212 2898 ea
3267 2858 3519 2912 surgens,

1953 2953 2040 3009 per
2075 2953 2233 3008 quem
2264 2938 2420 2993 nobis
2449 2939 2610 3005 panis
2647 2937 2886 2993 caelestis
2933 2936 3085 2992 visus
3125 2945 3180 2990 et
3235 2934 3393 2988 datus
3420 2940 3524 2995 est,

1951 3037 2339 3101 permanetque
2371 3029 2556 3086 vivens
2601 3035 2655 3083 et
2705 3027 3003 3090 viviticaus,
3066 3040 3175 3080 non
3228 3031 3310 3080 est.
3357 3021 3525 3078 decus

1873 3144 1919 3208 ρ
1951 3121 2099 3192 quod
2133 3135 2389 3192 superare
2419 3131 2713 3191 nequeant.

2019 3210 2148 3264 215.
2183 3211 2375 3264 Adhuc
2400 3219 2578 3264 autem
2607 3217 2840 3264 malrum
2863 3225 2925 3265 ac
2957 3209 3226 3278 virginum
3249 3217 3333 3263 est
3359 3207 3526 3261 decus

1949 3303 2135 3357 eadem
2170 3313 2342 3357 mater
2367 3303 2695 3357 excellenter
2754 3317 2969 3372 semper
3001 3304 3153 3374 virgo
3206 3313 3532 3369 semperque

1952 3395 2151 3464 puclla,
2188 3395 2484 3449 dummodo
2507 3409 2668 3448 sanas
2705 3394 2940 3448 habeant
2977 3403 3210 3458 mentes,
3243 3402 3297 3448 et.
3331 3405 3528 3447 secun-

1952 3489 2078 3541 dum
2137 3486 2308 3551 illam,
2371 3496 2429 3541 ut
2487 3496 2570 3541 est
2633 3487 2912 3554 possibile,
2967 3502 3087 3542 sese
3146 3492 3528 3541 meusurantes

1951 3578 2368 3648 perambulent;
2431 3579 2548 3632 alia:
2573 3579 2786 3648 quidem
2838 3577 3190 3634 recordantes
3239 3577 3382 3643 quo.|
3419 3591 3528 3629 me-

1953 3679 2176 3723 ruerunt
2242 3684 2364 3724 esse
2437 3678 2662 3735 matres,
2731 3669 2896 3738 hujus
2961 3667 3119 3722 oliieii
3181 3667 3527 3734 nominisque

1953 3759 2160 3828 pulchri
2192 3775 2254 3814 ac
2288 3759 2414 3813 b0ni
2439 3759 2592 3812 facta:
2620 3760 2954 3829 participes;
2989 3761 3106 3812 :tlize
3137 3774 3264 3813 vero
3298 3760 3525 3828 virgini-

1953 3852 2079 3906 tatis
2102 3851 2306 3905 sortitae
2335 3851 2676 3913 thesaurum,
2707 3864 2865 3917 quem
2907 3848 3072 3916 Deus,
3117 3847 3290 3917 ipsius
3339 3859 3526 3902 amore

1952 3953 2160 4010 captus,
2187 3943 2464 4013 proprium
2499 3941 2602 3996 sibi
2641 3939 2794 4007 fecit,
2825 3941 3017 3994 miratu
3067 3939 3264 3994 exinde
3295 3939 3523 4010 gloriam

1951 4036 2055 4090 sibi
2091 4036 2405 4106 acquirunt.
2440 4032 2598 4088 Salve
2627 4049 2778 4103 ergo,
2812 4032 3038 4100 Regina,
3068 4032 3357 4087 mulierum
3386 4048 3525 4103 quas

1951 4128 2212 4194 diximus,
2267 4125 2453 4182 decus.
2517 4125 2629 4180 Cur
2676 4133 2856 4178 autent
2919 4125 3022 4178 hoc
3081 4125 3228 4178 salve
3277 4124 3413 4179 tibi?
3470 4134 3528 4180 ut

1951 4220 2080 4290 quid
2119 4218 2223 4273 hoc
2254 4217 2540 4289 gaudeas?
2566 4215 2679 4272 llac
2733 4225 2884 4271 certe
2948 4215 3051 4269 fuit
3082 4216 3210 4270 olim
3246 4217 3535 4271 exsultans.

1951 4311 2220 4368 Gabrielis
2251 4310 2532 4373 salutatio,
2571 4309 2830 4379 quoniam
2871 4321 3035 4377 super
3060 4322 3275 4363 omnem
3311 4307 3524 4362 laudent

1955 4422 2011 4459 es
2071 4405 2304 4458 exaltata
2370 4414 2589 4472 preptcr
2634 4399 3017 4455 excellentiam
3073 4400 3316 4467 virtutis,
3367 4400 3536 4470 juxta

3367 4508 3529 4547 omne

1968 4603 2201 4656 namque
2232 4603 2292 4643 os
2325 4589 2620 4641 humanum
2648 4585 2899 4650 volubile,
2932 4584 3047 4639 sive
3096 4593 3426 4655 promptum,
3475 4594 3530 4638 et.

1955 4681 2173 4750 loquax,
2205 4695 2311 4733 non
2339 4679 2682 4746 simpliciter,
2715 4678 2807 4730 sed
2835 4675 3098 4731 disertum
3126 4684 3179 4730 et
3207 4674 3536 4740 fecundum,

1955 4786 2063 4823 non
2101 4780 2150 4823 te
2181 4769 2341 4839 digne
2396 4771 2670 4823 celebrare
2701 4778 2918 4839 potest:
2951 4770 3052 4822 hoc
3075 4776 3256 4822 autem
3290 4777 3535 4822 mentem-

1955 4861 2276 4930 clnqueutize
2357 4860 2550 4914 ducem
2610 4870 2856 4931 superat.
2941 4859 3076 4914 Cum
3149 4859 3295 4914 enim
3351 4859 3529 4915 omnis

1957 4965 2110 5005 utens
2158 4959 2338 5018 stupet
2392 4959 2445 5003 ct
2505 4951 2718 5005 haesitat
2781 4949 3020 5020 cogitare
3074 4958 3228 5003 tuum
3286 4959 3524 5019 partum,

1955 5042 2228 5111 quomodo
2281 5054 2445 5108 super
2489 5039 2641 5093 illum
2696 5054 2759 5095 os
2797 5040 3058 5108 eloquens
3106 5054 3228 5095 esse
3278 5038 3533 5112 poterit?

1959 5134 2085 5188 Ideo
2122 5147 2227 5186 non
2261 5133 2502 5188 valentes
2544 5141 2595 5187 te
2645 5133 2870 5188 laudare
2894 5134 3143 5196 multant.
3171 5132 3345 5188 solum
3372 5133 3473 5185 hoc
3509 5147 3524 5183 :

1959 5228 1986 5280 Ἰ
2008 5225 2079 5278 ibi
2112 5223 2303 5293 gloria,
2333 5224 2655 5287 clamamus,
2687 5238 2794 5279 non
2829 5225 2893 5279 ad
2931 5226 3104 5280 solam
3127 5223 3524 5279 absolutionem

1955 5317 2136 5379 omcii,
2169 5331 2333 5385 quam
2369 5315 2683 5371 simulatam
2740 5317 2795 5372 in
2837 5318 3026 5372 multis
3074 5330 3194 5370 esse
3250 5313 3528 5379 novimus,

1957 5409 2047 5462 sed
2075 5422 2222 5461 cum-
2240 5405 2513 5461 desiderio
2541 5406 2910 5461 convenienti.

2027 5497 2152 5550 216.
2183 5497 2476 5552 Sciendum
2520 5507 2699 5551 autem
2733 5499 2881 5566 quod
2933 5514 2994 5554 os
3021 5497 3238 5568 quidem
3305 5494 3529 5549 εῦλαλον

1956 5591 2154 5656 dicere,
2192 5589 2408 5660 propria
2427 5590 2594 5644 dictio
2615 5601 2695 5644 est
2716 5605 2729 5641 :
2750 5589 2877 5642 illud
2903 5600 3078 5643 autem
3104 5589 3378 5659 εὐδίνητον
3401 5604 3527 5660 pro-

1959 5685 2336 5750 ltttttllatl't‘,n0lt
2367 5684 2579 5753 proprie
2617 5682 2814 5736 dicitur
2860 5683 2983 5736 :sctl
3009 5683 3232 5736 vrlutex
3250 5681 3528 5752 partolin-

1959 5762 2466 5845 gttxquaeiuovetur
2498 5775 2712 5844 quando
2743 5774 3034 5844 loquimur,
3061 5791 3120 5831 os
3152 5778 3313 5859 etiam
3334 5775 3530 5830 mobile
3623 5779 3629 5787 '
