3950 6204
444 283 554 350 133

1151 278 1575 342 EUSTATHII
1601 276 2348 342 THESSALONICENSIS
2383 278 2942 345 METROPOLlTE
3543 276 3635 340 72$

442 395 617 452 fertur
648 391 732 448 vel
755 390 1056 463 εὑδίνητον.
1089 390 1379 459 Εὑδίνητος
1412 402 1593 446 autem
1624 405 1690 446 ea
1714 398 1798 446 est
1829 388 2004 458 lingua

2114 387 2357 460 λέγεται.
2391 393 2684 462 Εὑδίνητος
2711 393 2766 446 δὲ
2793 391 3016 459 γλῶσσα
3061 389 3094 460 ή
3126 388 3441 459 συμμέτρως
3469 388 3640 459 ἔχουσα

442 502 565 556 quae
626 483 1016 540 convenienter
1049 490 1134 538 est
1173 482 1238 536 ad
1300 483 1680 538 volutandum.
1737 480 1883 536 Talis
1929 490 2013 535 est

438 591 562 648 qua:
590 591 722 649 non,
749 586 808 629 ut
829 574 1033 628 urbane
1062 573 1273 642 loquar,
1292 585 1375 628 est
1399 573 1616 643 gracilis
1637 571 1758 626 κατ’
1779 569 2016 640 ἔλλειψιν

437 686 534 724 seu
564 667 919 724 derelictione
955 683 970 719 :
1010 665 1124 722 haec
1159 668 1302 722 enim
1338 669 1404 720 ad
1441 675 1651 724 motum
1713 674 1893 735 egeret
1925 681 2014 720 ve-

438 772 545 828 cte,
580 762 684 816 alia
721 776 851 842 vero
880 760 1140 832 ligamine
1165 760 1246 813 vel
1273 760 1381 814 alio
1437 759 1767 815 retinaculo.
1829 757 2016 815 Potest

437 863 616 909 autem
653 853 926 924 εὑδίνητον
983 853 1090 907 dici
1142 852 1342 921 στόμα,
1385 868 1624 919 rursum,
1685 853 1829 923 quod
1864 853 2012 908 clare

436 955 701 1015 acuteque
740 946 1002 1016 loquitur,
1050 953 1233 1013 atque,
1291 953 1348 999 ut
1404 945 1475 998 ita
1532 945 1732 1009 dicam,
1787 945 2009 1016 εὑτορον

436 1047 559 1103 est,
617 1039 668 1090 in
704 1053 770 1091 eo
825 1038 970 1106 quod
1036 1037 1218 1106 lingua
1285 1038 1419 1092 bene
1474 1038 1724 1100 volvimr,
1775 1048 1829 1092 ct
1875 1040 2011 1092 lahia

437 1132 708 1187 concinne
744 1141 1051 1186 moventur.
1088 1131 1153 1184 Et
1191 1129 1332 1182 venit
1401 1129 1713 1196 hujusmodi
1785 1131 2006 1184 verbum

438 1236 468 1275 a
506 1220 653 1290 δίνῳ.
685 1219 742 1294 id
786 1233 889 1286 εει,
945 1220 1108 1288 τόρῳ,
1173 1236 1268 1272 seu
1321 1222 1515 1287 τ’ρνῳ,
1581 1235 1644 1272 ex
1704 1235 1812 1286 quo
1845 1220 2008 1273 etiam

436 1315 684 1381 τορεύειν
710 1323 765 1367 ει
798 1313 1004 1382 τορεία,
1037 1329 1157 1380 qua:
1201 1315 1255 1364 lit
1287 1313 1426 1379 apud
1486 1311 1706 1365 Latinos
1731 1325 2009 1377 cavatut'a,

437 1419 598 1473 quam
629 1407 820 1460 caelant
846 1414 1150 1458 cavatores.
1179 1402 1286 1456 Τοῦ
1311 1403 1457 1456 δίνου
1482 1412 1688 1470 autem,
1725 1404 1814 1473 qui
1839 1405 2004 1459 etiam

435 1494 578 1562 apud
607 1505 813 1549 veteres
836 1493 1160 1549 rotationem
1197 1494 1479 1550 caelestem
1525 1494 1815 1565 signiﬁcat,
1864 1495 2011 1552 deri-

436 1583 579 1640 vatio
599 1595 682 1639 est
733 1584 875 1654 δίνη,
946 1585 1014 1640 de
1046 1585 1396 1640 sustollendis
1427 1586 1584 1654 aquis
1615 1586 1782 1650 dicta,
1816 1587 2008 1656 quales

2117 481 2212 534 τοῦ
2241 482 2519 538 δινεῖσθαι·
2546 483 2769 553 τοιαύτη
2797 483 2855 536 δὲ
2885 485 2918 552 ἡ
2965 482 3127 552 μήτε,
3170 481 3424 543 ’Δττικῶς
3470 482 3639 542 εἰπεῖν,

2118 572 2287 642 λίσπη
2337 575 2458 628 κατ’
2488 575 2746 643 ἔλλειψιν·
2790 576 2822 645 ἡ
2872 576 2970 644 μὲν
3021 574 3128 643 γὰρ
3162 572 3356 642 μοχλοῦ
3401 573 3462 626 ἂν
3497 572 3643 624 δέοιτο

2116 665 2461 736 κινήσεσθαι,
2509 667 2544 735 ἡ
2587 667 2641 720 δὲ
2683 665 3128 736 γλωττοπέδηςῆ
3165 664 3402 734 ἑτεροίας
3447 664 3640 732 ἐποχῆς·

2115 756 2344 811 δύναται
2374 758 2432 811 δὲ
2458 759 2738 828 εύδίνητον
2766 757 3025 826 λέγεσθαι
3054 758 3251 827 στόμα,
3293 757 3382 809 καὶ
3423 756 3479 808 τὸ
3505 754 3646 822 φθεγ-

2116 849 2349 918 γόμενον
2381 849 2553 919 τορῶς
2596 850 2690 902 καὶ
2744 849 2956 916 σαφῶς,
2996 849 3091 902 καὶ⁹
3125 848 3200 910 ὼς
3240 847 3410 899 εἰπεῖν
3453 828 3646 913 εὖτορον

2115 942 2174 992 ἐν
2211 942 2286 1010 τῷ
2316 943 2410 994 καὶ
2442 942 2540 1012 τὴν
2569 941 2819 1011 γλῶσσαν
2843 937 2904 995 εῦ
2939 940 3291 1010 στρέφεσθαι,
3319 940 3408 992 καὶ
3429 938 3491 991 τὰ
3518 938 3644 1006 χείλη

2120 1032 2457 1102 ἐναρμονίως
2488 1033 2798 1087 κινεῖσθαι·
2830 1035 2922 1087 καὶ
2957 1032 3168 1098 γίνεται
3199 1032 3260 1083 τὸ
3308 1029 3533 1083 τοιοῦτον
3555 1030 3648 1082 ἀπό

2113 1125 2208 1179 τοῦ
2237 1128 2380 1180 δίνου
2428 1128 2456 1180 ὅ
2493 1129 2607 1181 ἐστι
2652 1129 2812 1196 τόρου
2853 1125 2948 1180 τοῦ
2983 1128 3072 1178 καὶ
3115 1126 3329 1194 τόρνου,
3374 1126 3429 1189 ἐξ
3470 1121 3523 1174 οὗ
3569 1124 3646 1173 καὶ

2113 1219 2381 1287 τορεύειν,
2418 1221 2513 1272 καὶ
2560 1221 2748 1290 τορεία
2797 1221 2830 1290 ἡ
2878 1222 2972 1274 καὶ
3017 1217 3328 1289 καὸατοῦρα
3358 1217 3497 1281 παρὰ
3531 1214 3646 1268 Ῥω-

2115 1310 2321 1379 μαίοις,
2345 1312 2414 1380 ἢν
2441 1312 2861 1382 διαχειρίζονται
2878 1313 2926 1364 οἱ
2951 1310 3293 1379 καϐἀτωρες·
3320 1309 3410 1362 τοῦ
3431 1307 3481 1360 δέ
3504 1307 3644 1369 δίνου,

2113 1401 2173 1463 ὃς
2203 1403 2300 1456 καὶ
2328 1402 2427 1474 τὴν
2457 1403 2712 1473 οὐράνιον
2746 1404 2987 1475 στροφὴν
3023 1403 3282 1484 σημαίνει
3311 1399 3404 1452 ἐπὶ
3429 1400 3530 1462 τοῖς
3557 1415 3645 1449 m-

2105 1492 2285 1558 λαιοῖς
2309 1532 2326 1560 ,
2377 1497 2716 1565 παράγωγον
2766 1497 2799 1565 ἡ
2849 1495 2968 1567 δίνη
3018 1495 3289 1564 λεγομένη
3341 1492 3427 1544 ἐπὶ
3468 1490 3647 1544 ὑδάτων

2116 1585 2453 1655 συστροφῆς,
2484 1586 2672 1638 όποῖαι
2720 1586 2916 1640 πολλαὶ
2952 1586 3074 1640 κατ’
3119 1584 3457 1655 ἀντίκρουσιν
3495 1585 3576 1634 καὶ
3600 1584 3648 1633 ἐν

437 1675 620 1735 multa:
644 1686 774 1731 sunt
804 1693 900 1746 per
924 1677 1205 1746 repulsum
1232 1678 1285 1732 in
1316 1677 1450 1731 mari
1484 1688 1538 1732 ει
1565 1679 1617 1732 in
1676 1677 1874 1733 ﬂuviis.
1926 1679 2004 1734 Ab

2113 1677 2360 1748 θαλάσσῃ
2389 1678 2480 1730 καὶ
2502 1679 2558 1730 ἐν
2583 1681 2844 1747 ποταμοῖς
2870 1680 3136 1745 γίνονται·
3167 1676 3278 1730 ἀπὸ
3303 1675 3356 1728 δὶ
3379 1677 3472 1744 τῆς
3494 1671 3651 1726 τοιαύ-

437 1763 750 1836 hujusmodi
808 1766 928 1839 δίνῃ
981 1766 1128 1822 venit
1175 1766 1337 1820 etiam
1400 1767 1600 1821 locutio
1663 1769 2007 1838 ἁρ·,ὐροδίναι

434 1856 693 1924 ποτάμοι,
725 1855 872 1909 ﬂuvii
902 1856 1102 1911 [luctus
1130 1870 1420 1930 argenteos
1455 1860 1758 1914 volventes.

501 1948 628 2007 217.
665 1947 778 2002 Hoc
799 1957 980 2002 autem
1007 1948 1236 2005 εῦλαλον
1263 1949 1585 2019 simpliciter
1621 1960 1677 2003 ut
1723 1967 2010 2006 commune

423 2039 684 2111 quidem,
711 2041 875 2096 etiam
908 2040 1137 2111 pulchre
1165 2041 1440 2107 cogitatur
1473 2060 1487 2097 :
1524 2041 1722 2099 melius
1773 2053 1855 2096 est
1885 2057 2010 2098 vero

432 2131 674 2201 cogitare
709 2131 814 2187 tale
847 2123 929 2199 os,
986 2131 1119 2187 illud
1178 2133 1320 2201 quod
1386 2131 1758 2190 Christianum
1819 2140 1904 2188 est
1957 2143 2012 2188 et

433 2225 572 2280 bene
629 2224 872 2294 loquitur
927 2223 1074 2280 velut
1127 2224 1517 2282 orthodoxam.
1569 2224 1718 2280 Talia
1776 2240 2011 2296 namque

430 2315 731 2370 concinunt
788 2314 1094 2382 Deiparam,
1151 2315 1254 2369 etsi
1319 2330 1427 2370 non
1480 2317 1634 2386 juxta
1689 2316 2008 2386 dignitatem

432 2406 536 2461 hoc
593 2407 772 2461 facere
833 2415 1068 2476 queant;
1133 2421 1237 2461 non
1297 2414 1476 2462 tamen
1539 2406 1666 2474 illa,
1727 2423 1847 2479 qua:
1886 2408 2010 2477 qui-

430 2498 550 2553 dem
604 2498 742 2552 bene
791 2509 1000 2554 versata
1030 2507 1164 2556 sunt
1207 2509 1262 2554 et
1293 2499 1520 2565 diserta,
1567 2500 1662 2555 sed
1712 2515 1819 2555 nou
1862 2512 2010 2557 recte

429 2592 631 2658 sciunt,
686 2608 854 2646 unum
909 2592 962 2656 in
1006 2590 1275 2647 Trinitale
1332 2591 1500 2648 Deum
1564 2603 1619 2649 et
1670 2595 2009 2650 dilectissimi

428 2680 553 2737 Filii
580 2683 904 2738 descensura
942 2683 1086 2755 apud
1115 2699 1239 2748 nos,
1271 2693 1325 2738 cl.
1359 2700 1425 2740 ex
1456 2685 1690 2756 virgine,
1745 2685 1844 2756 ipsi
1873 2700 2008 2740 con-

429 2775 698 2838 veniente,
720 2775 1145 2845 generationem.
1198 2775 1464 2847 Syncopae
1481 2791 1610 2832 vero
1639 2775 1734 2830 τοῦ
1770 2775 2007 2848 ρητρεύ-

428 2883 508 2918 ειν
531 2867 830 2922 conformis
851 2876 939 2923 est
965 2866 1057 2929 illa
1079 2867 1378 2938 respiciens
1411 2869 1476 2922 ad
1497 2867 1701 2938 ρῆτρας
1724 2867 2004 2938 ἐξέφηνεν,

429 2970 486 3014 ιιι
517 2959 721 3014 dictum
752 2969 856 3030 est,
896 2959 1230 3015 illitteratus.
1271 2959 1509 3020 Verbum
1559 2968 1738 3014 autem
1775 2959 2007 3029 μέλπειν

2046 1726 2095 1781 Β

2110 1784 2209 1838 της
2236 1766 2385 1837 δίνης
2417 1770 2514 1822 καὶ
2542 1772 2590 1822 οί
2624 1769 2975 1839 ἁργυροδῖναι
3011 1768 3271 1838 ποταμοί.

2197 1946 2323 2012 σίζ’.
2355 1948 2429 1999 Τὸ
2454 1947 2508 2000 δὲ
2538 1947 2763 2002 εὗλαλον
2793 1951 2886 2002 καὶ
2912 1949 3196 2011 ἁπλοϊκῶς
3228 1947 3325 2017 μὶν
3350 1947 3644 2012 κοινότερον,

2110 2043 2289 2105 καλῶς
2317 2047 2538 2097 νοεῖταιο
2573 2045 2788 2098 κάλλιον
2813 2045 2868 2098 δὲ
2892 2045 2985 2113 νοῆ
2997 2061 3094 2110 παι,
3126 2043 3301 2111 στόμα
3330 2037 3569 2098 τοιοῦτον,
3594 2035 3644 2086 ca

2110 2135 2503 2206 Χριστιανικδν
2536 2137 2632 2190 καὶ
2665 2131 2726 2191 εὖ
2781 2135 2976 2190 λαλοῦν
3011 2134 3088 2192 ὼς
3136 2131 3431 2204 ὀρθόδοξον
3469 2130 3530 2181 ’τίι
3559 2125 3648 2194 γάρ

2110 2227 2340 2284 τοιαῦτα
2393 2229 2663 2299 μέλπουσι
2715 2226 2815 2298 τὴν
2860 2226 3153 2291 Θεοτόκον,
3187 2225 3236 2277 εἰ
3280 2223 3370 2276 καὶ
3421 2219 3489 2290 μὴ
3535 2216 3650 2285 πρλς

2110 2320 2269 2384 ἀξίαν
2295 2321 2455 2375 τοῦτο
2483 2322 2657 2374 ποιεῖν
2702 2319 2983 2374 δύνανται·
3033 2317 3100 2372 οὑ
3142 2315 3251 2388 μὴν
3272 2317 3338 2368 τὰ
3367 2311 3540 2372 ἁπλῶς
3569 2306 3651 2378 μὲν

2110 2410 2388 2483 εὕστροφα
2427 2412 2520 2465 καὶ
2551 2410 2846 2483 ῥητορικὰ,
2877 2408 2956 2480 μὴ
2992 2408 3177 2462 εἰδότα
3201 2407 3258 2460 δὲ
3301 2402 3469 2474 ὀρθῶς
3495 2399 3577 2454 τὸν
3604 2397 3652 2450 ἐν

2109 2505 2301 2576 Τριάδι
2331 2505 2430 2560 ἕνα
2461 2504 2594 2558 Θεὸν
2634 2505 2731 2558 καὶ
2757 2506 2860 2576 τὴν
2902 2503 2996 2556 τοῦ
3032 2501 3342 2570 ἀγιωτάτου
3374 2494 3496 2549 Υἱοῦ
3517 2489 3652 2544 κάθο·

2109 2598 2198 2651 δον
2241 2597 2328 2666 ἐφ’
2367 2597 2538 2668 ἡμᾶς,
2597 2595 2694 2649 καὶ
2742 2597 2806 2649 ὲκ
2851 2593 3128 2666 παρθένου
3173 2587 3484 2661 πρεπούσης
3528 2579 3653 2650 αὐτῷ

2109 2689 2386 2758 γέννησιν.
2427 2688 2508 2758 Τῇ
2552 2686 2610 2741 δέ
2643 2686 2737 2740 τοῦ
2777 2684 3068 2757 ρητρεύειν
3110 2682 3357 2751 συγκοπῇ
3404 2677 3651 2741 σύστοιχος

2110 2778 2206 2834 καὶ
2237 2779 2271 2848 ὴ
2308 2777 2456 2832 κατὰ
2501 2776 2561 2830 τὸ
2611 2774 2821 2848 ρἧρας
2855 2773 3146 2844 ἐξέφηνεν,
3196 2772 3272 2835 ὡς
3314 2765 3523 2840 ἐρρέθη,
3549 2763 3654 2822 τοὺς

2110 2869 2538 2938 ἀγραμμάτους.
2588 2865 2662 2921 Τὸ
2713 2866 2770 2920 δὲ
2820 2865 3052 2936 μέλπειν
3093 2882 3156 2918 σε
3203 2861 3340 2934 μετά
3377 2853 3653 2920 αἰτιατικῆς

2107 2958 2390 3013 κάνταῦθα
2441 2958 2704 3015 τέτακται
2757 2956 2848 3010 sta
2891 2956 2952 3010 τὸ
2999 2953 3379 3025 λαμὸάνεσθαι
3427 2949 3539 3004 ἀντὶ
3573 2942 3652 2998 τοῦ

429 3065 488 3102 σε
512 3064 637 3102 cum
666 3050 988 3104 accusativo
1023 3049 1111 3104 hic
1146 3049 1508 3114 construitur,
1543 3065 1609 3105 eo
1653 3051 1797 3119 quod
1831 3052 2004 3106 sumi-

2109 3051 2320 3120 ὑμνεῖν,
2358 3049 2454 3103 καὶ⁸
2485 3049 2660 3112 οὕτως
2689 3049 2956 3101 ἐπαινεῖν.
2995 3047 3070 3099 Τὸ
3107 3047 3164 3100 δὲ
3195 3045 3358 3114 ἀξίως
3386 3037 3654 3109 ἀσφαλείας

431 3150 518 3195 tur
547 3153 646 3214 pro
680 3139 892 3207 ὑμνεῖν,
915 3148 969 3194 et
997 3139 1076 3209 sic
1103 3142 1366 3194 ἐπαινεῖν.
1397 3139 1590 3204 Ἀξίως
1625 3156 1760 3196 vero
1792 3141 2000 3196 Securi-

432 3231 559 3285 tatis
580 3243 746 3284 causa
771 3230 1120 3305 prmpositum
1162 3238 1266 3284 est.
1304 3231 1439 3298 Quis
1465 3231 1610 3285 enim
1661 3247 1768 3285 non
1804 3232 1998 3301 Deipa-

430 3335 504 3375 rae
535 3318 726 3374 laudes
757 3319 810 3372 in
855 3321 1097 3374 carmine
1127 3319 1413 3376 celebrat?
1445 3322 1701 3374 Attamen
1724 3321 1826 3378 etsi
1885 3336 2003 3375 om-

429 3425 526 3466 nes
553 3411 659 3467 hoc
680 3410 858 3467 facere
887 3413 1190 3478 studemus,
1215 3410 1370 3478 juxta
1388 3411 1706 3480 dignitatem
1736 3412 2002 3483 altingere

425 3502 573 3574 quod
645 3505 923 3566 convenit,
991 3516 1100 3557 non
1184 3517 1496 3572 possumus,
1572 3504 1698 3560 licet
1781 3505 2002 3561 aliunde

427 3595 646 3665 dignius
685 3610 803 3650 eam
856 3594 1195 3652 celebremus
1241 3591 1413 3665 quam
1471 3607 1697 3655 cancros
1753 3608 1998 3664 sanctos,

425 3685 557 3758 quia
579 3687 802 3757 dignum
834 3695 887 3742 et
917 3687 1124 3758 justum
1150 3697 1238 3743 est
1268 3687 1343 3742 ita
1367 3687 1502 3743 ﬁeri.
1537 3687 1609 3744 Ut
1633 3700 1816 3745 autem
1846 3693 2002 3746 aliter

424 3775 753 3853 breviusque
784 3779 924 3834 idem
990 3781 1188 3846 dicam,
1242 3787 1514 3837 conantur
1546 3785 1764 3852 quidem
1821 3787 1999 3851 multi,

424 3873 722 3942 cunctique
746 3872 981 3942 gestiunt
1007 3873 1495 3930 laudabilissimam
1523 3889 1588 3929 ac
1623 3876 1992 3932 beatissimam

423 3963 738 4025 celebrare:
772 3966 834 4020 ad
865 3965 968 4020 hoc
993 3977 1174 4022 autem
1215 3967 1359 4036 quod
1402 3967 1626 4038 dignum
1655 3979 1742 4024 est
1789 3972 1999 4042 pertin-

424 4067 550 4122 gere
585 4069 744 4108 nemo
779 4058 922 4111 valet
949 4070 1049 4108 nec
1093 4057 1316 4112 valebit.

491 4146 616 4201 2l3.
647 4144 760 4200 Hoc
790 4160 917 4202 vero
973 4147 1208 4218 ίλιγγιᾷν
1267 4163 1377 4204 non
1430 4151 1706 4221 signiﬁcat
1777 4155 1999 4211 vorticis

424 4237 752 4294 desiderium
777 4239 844 4293 ad
887 4241 1066 4295 instar
1124 4239 1219 4294 τοῦ
1277 4241 1552 4314 μαθητιᾷν
1591 4255 1646 4298 et
1702 4248 1997 4318 τυραννιᾷν

2109 3142 2276 3212 χάριν
2313 3140 2683 3211 προτέθειται.
2741 3137 2836 3202 Τίς
2879 3137 2988 3208 γὰρ
3018 3138 3081 3195 οὐ
3120 3139 3313 3207 μέλπει
3344 3138 3406 3205 τῇ
3440 3131 3654 3199 Θεοτὸκῳ

2104 3233 2173 3284 τὰ
2215 3232 2295 3291 είς
2343 3232 2600 3296 ἕπαινονς
2660 3230 2806 3301 Πλὴν
2852 3231 2901 3284 εί
2935 3231 3028 3284 καὶ
3079 3231 3284 3292 πάντες
3326 3226 3656 3292 ὲπιὸἀλλομεν

2105 3320 2251 3374 οὕτω
2284 3325 2482 3385 ποιεῖν,
2505 3322 2643 3378 ἀλλά
2666 3323 2804 3392 πρὸς
2831 3321 2991 3389 ἀξίαν
3012 3322 3398 3391 ἐπιτυγχάνειν
3424 3317 3511 3371 τοῦ
3533 3315 3657 3370 δέον-

2103 3431 2195 3478 τος
2229 3413 2290 3468 οὐ
2322 3415 2620 3484 δυνάμεθα,
2652 3417 2699 3469 εἰ
2727 3417 2824 3468 καὶ
2868 3413 3048 3476 ἄλλως
3081 3415 3252 3482 ἀξίως
3283 3412 3447 3481 αὐτὴν
3475 3408 3651 3479 μέλπο-

2105 3522 2207 3576 μεν
2242 3507 2384 3577 ἢπερ
2421 3508 2549 3569 τοὺς
2581 3506 2776 3571 ἄλλους
2813 3507 3029 3576 ἁγίους,
3083 3507 3177 3560 διὰ
3211 3506 3273 3559 τὸ
3297 3505 3441 3569 ἄξιον
3471 3500 3556 3555 καὶ
3587 3497 3654 3551 δίο

2104 3615 2258 3651 καιον
2290 3595 2433 3654 εἶναι
2479 3598 2622 3652 οὕτω
2655 3599 2927 3663 γίνεσθαιο
2963 3599 3065 3652 καὶ
3115 3600 3324 3670 ὲτέρως
3359 3596 3414 3650 δὲ
3445 3594 3502 3648 τὺ
3540 3589 3654 3648 αὐτὸ

2105 3691 2314 3762 φράσαι
2345 3691 2682 3761 γοργότερον
2713 3692 2964 3746 σθένουσι
3010 3692 3116 3762 μὲν
3149 3691 3358 3752 πολλοὶ,
3391 3688 3572 3747 πάντες
3603 3696 3653 3734 τε

2104 3785 2462 3839 ἐπισάλλουσι
2517 3785 2748 3855 μέλπειν
2777 3785 2877 3851 τὴν
2913 3785 3271 3855 πανύμνητον
3313 3783 3405 3837 καὶ
3455 3795 3656 3849 παμμισ

2103 3877 2389 3948 κάριστονο
2422 3879 2518 3932 τοῦ
2555 3879 2693 3949 πρὸς
2724 3879 2882 3946 ἀξίαν
2912 3879 2970 3932 δὲ
2999 3879 3180 3943 οὐδεὶς
3213 3875 3514 3949 ἐφικέσθαι,
3549 3869 3654 3923 οὔτε

2103 3969 2328 4023 δύναται
2364 3970 2489 4026 οὔτε
2512 3971 2824 4042 δυνήσεται.

2177 4158 2304 4222 ςιη’.
2340 4153 2384 4206 Τ
2387 4153 2413 4204 ὸ
2447 4152 2503 4205 δὲ
2542 4151 2780 4223 ἰλιγγιᾷν
2805 4151 2866 4204 οὑ
2901 4149 3055 4220 δηλοῖ
3086 4148 3276 4221 ὄρεξιν
3307 4149 3508 4216 ίλὶγγου
3539 4141 3654 4213 πρὸς

2101 4246 2396 4313 ἀναλογίαν
2447 4244 2543 4298 τοῦ
2599 4244 2873 4317 μαθητιᾷν
2928 4241 3026 4296 καὶ
3081 4244 3382 4314 τυραννιᾷν
3431 4238 3520 4293 καὶ
3563 4233 3654 4287 τῶν

337 4705 344 4712 ·
422 4699 648 4768 vertigo.
682 4716 789 4755 non
841 4711 924 4755 est
981 4701 1389 4772 ambigendum,
1432 4704 1703 4776 siquidem
1760 4706 1997 4776 plerum-

424 4339 475 4386 et
495 4332 754 4386 similium
777 4349 791 4393 ;
817 4330 911 4386 sed
938 4334 1126 4410 passio
1155 4350 1279 4390 cum
1329 4335 1400 4391 sit
1433 4338 1736 4408 corporalis
1791 4349 1845 4393 et
1870 4340 1995 4408 qui-

2108 4337 2332 4407 όμοίων,
2378 4336 2516 4393 ἀλλὰ
2547 4337 2721 4402 πάθος
2769 4335 2830 4392 ὃν
2877 4337 3223 4407 σωματικὸν,
3269 4336 3442 4397 ἄλλως
3482 4331 3570 4403 μὲν
3599 4325 3654 4379 οὑ

424 4423 542 4477 dem
599 4421 760 4482 aliter
820 4425 987 4478 menti
1066 4440 1174 4481 non
1239 4429 1553 4492 conveniat,
1629 4431 1996 4501 metaphorice

2108 4431 2440 4501 προσφύεται
2473 4431 2552 4501 τῷ
2581 4430 2682 4500 νῷ,
2738 4429 3020 4498 τροπικῶς
3060 4429 3118 4482 δὲ
3174 4429 3534 4500 μεταφέρεται
3572 4417 3650 4473 καὶ

422 4523 606 4570 tamen
660 4515 727 4570 ad
787 4516 1025 4582 animam
1084 4529 1139 4572 et
1201 4529 1434 4579 mentem
1491 4527 1546 4576 et
1607 4523 1994 4593 cogitationem

2108 4523 2188 4588 εἰς
2218 4522 2400 4594 ψυχὴν
2431 4523 2526 4578 καὶ
2555 4523 2636 4586 είς
2672 4520 2797 4575 νοῦν
2828 4521 2921 4574 καὶ
2952 4520 3031 4584 εἰς
3059 4520 3306 4574 διάνοιαν
3329 4535 3344 4551 ο
3378 4519 3462 4572 ὅτι
3485 4515 3538 4568 δὲ
3561 4528 3652 4564 oo:-

422 4607 765 4664 transl‘ertnr.
835 4607 992 4683 Quod
1052 4619 1236 4664 autem
1301 4613 1602 4683 corpm-alis
1681 4615 1867 4684 pa~sio
1927 4617 2000 4672 sit

2108 4614 2336 4686 ματικὺν
2367 4614 2540 4678 πάθος
2590 4615 2619 4670 ό
2663 4613 2896 4682 ίλιγγος,
2941 4612 3042 4666 ούκ
3078 4613 3146 4667 ἂν
3196 4612 3285 4680 εἴη
3331 4603 3650 4680 ἀμφιϐαλεῖν·

2101 4708 2484 4778 ἐπιγινόμενος
2509 4706 2671 4770 αὐτὸς
2701 4706 2777 4770 ὡς
2806 4705 3047 4777 μάλιστα
3071 4707 3189 4768 τοῖς
3221 4721 3282 4757 τε
3314 4701 3481 4772 συχνά
3505 4695 3654 4751 allott-

419 4806 523 4861 que
556 4795 873 4862 supervenit
926 4804 980 4850 et
1035 4796 1138 4852 illis
1170 4797 1263 4866 qui
1325 4797 1642 4866 frequenter
1676 4799 1993 4866 volvuntur,

2108 4800 2310 4873 μένοις,
2352 4801 2477 4854 ὅθεν
2511 4800 2608 4853 καὶ
2641 4798 2885 4870 τοῦνομα
2938 4797 3054 4868 ἔχει
3075 4813 3092 4830 ο
3126 4797 3284 4869 παρά
3323 4797 3386 4849 τὸ
3420 4786 3652 4847 είλεῐσθαι

418 4886 562 4939 unde
595 4899 817 4957 quoque
859 4901 1057 4950 nomen
1106 4889 1289 4953 habet,
1327 4890 1472 4943 venit
1513 4890 1659 4945 enim
1708 4905 1738 4947 a
1797 4891 1874 4961 τῷ
1923 4895 1998 4946 ei-

2108 4892 2216 4962 γὰρ
2239 4894 2266 4944 ὁ
2291 4892 2526 4959 ἴλιγγος,
2557 4889 2655 4943 καὶ
2679 4891 2792 4953 τοῖς
2819 4887 2916 4958 ἀφ’
2950 4888 3160 4959 ὑψηλοῦ
3203 4887 3300 4942 καὶ
3329 4879 3650 4959 κρημνώδους

417 4977 647 5042 Astabat,
666 4978 693 5031 ό
721 4980 954 5055 ἴλιγγος,
978 4990 1032 5045 ει
1061 4980 1141 5036 eis
1163 4981 1252 5051 qui
1273 4981 1340 5048 ab
1366 4982 1585 5038 excelso
1609 4996 1997 5056 praeruptoque

2108 4987 2274 5038 τόπου
2297 4985 2377 5045 είς
2409 4983 2572 5054 βάθος
2607 4981 2744 5036 πολὺ
2783 4980 3251 5035 κατασλὲπουσιν·
3283 4976 3366 5043 οἷς
3395 4975 3537 5046 φόϐῳ
3571 4967 3650 5022 καὶ

416 5071 536 5125 loco
569 5071 623 5123 in
650 5068 1080 5140 profunditatem
1117 5089 1368 5144 magnam
1400 5075 1716 5145 despiciunt
1749 5093 1764 5139 ;
1795 5077 1994 5146 quibus

2108 5079 2170 5131 τὰ
2196 5079 2401 5147 γόνατα
2431 5075 2842 5139 κατασείονται,
2888 5075 2952 5129 οὑ
2985 5075 3150 5146 μόνον
3189 5074 3280 5128 ὅτε
3322 5074 3355 5142 ὴ
3397 5069 3491 5124 θέα
3514 5067 3648 5132 ἐνερ-

415 5165 576 5218 etiam
665 5179 840 5235 genua
893 5174 1038 5228 metu
1092 5179 1509 5224 commoventur
1567 5177 1623 5225 et
1677 5170 1992 5236 ﬂectuntur,

413 5272 521 5310 non
554 5256 730 5312 solum
761 5257 981 5336 quando
1008 5257 1144 5319 visio
1194 5270 1490 5328 praesenter
1532 5262 1662 5332 agit,
1700 5262 1794 5319 sed
1825 5263 1990 5319 etiam

411 5351 634 5416 quando
661 5359 785 5420 post
813 5350 1210 5420 experientiam
1241 5351 1624 5418 celsitudinem
1675 5363 1836 5422 atque
1862 5369 1989 5424 pro-

411 5438 730 5496 funditatem
793 5443 1184 5510 recordamur.
1240 5442 1312 5497 Ex
1373 5444 1703 5498 necessitate
1757 5459 1885 5498 vero
1933 5445 1992 5498 τὸ

415 5529 657 5602 ἰλιγγιᾷν
693 5533 781 5587 hic
814 5537 1060 5605 ponitur,
1118 5535 1261 5592 sicut
1295 5545 1349 5590 et
1377 5535 1430 5591 in
1462 5535 1713 5604 sequenti
1765 5537 1991 5607 stropha

410 5618 554 5674 ὕδειν
582 5637 680 5691 pro
737 5625 958 5694 ὑμνείνς
1005 5628 1134 5701 quia
1190 5627 1377 5689 talium
1418 5641 1674 5684 versuum
1713 5626 1889 5697 initia,
1941 5631 1991 5686 vi

2096 5172 2300 5238 γεῖται,
2334 5168 2470 5226 ἀλλά
2497 5169 2593 5222 καὶ
2615 5169 2706 5223 ὅτε
2741 5167 2880 5236 μετὰ
2907 5166 3006 5238 τὴν
3031 5167 3232 5237 πεῖραν
3257 5165 3322 5219 τὸ
3350 5163 3480 5233 ὕψος
3501 5156 3650 5212 ἐκεῖνο

2100 5262 2196 5316 καὶ⁵
2228 5263 2289 5314 τὸ
2321 5259 2484 5329 βάθος
2515 5260 2957 5329 ἀναπολὴσουσιν
2985 5277 2998 5292 ο
3036 5255 3459 5326 ἀναγκαστικῶς
3491 5249 3543 5305 δὲ
3570 5246 3648 5300 καὶ

2100 5353 2161 5406 τδ
2189 5353 2423 5424 ἰλιγγιᾷν
2454 5350 2739 5406 κάνταῦθα
2770 5353 2967 5414 κεῖται,
3001 5349 3145 5405 καθὰ
3172 5349 3270 5403 καὶ
3295 5351 3354 5402 ἐν
3380 5345 3453 5416 τῷ
3478 5338 3646 5412 ἐφεξῆς

2101 5447 2388 5516 τροπαρίῳ
2435 5445 2497 5498 τό
2533 5443 2682 5498 ὕδειν
2730 5445 2854 5499 ἀντὶ
2911 5444 3008 5497 τοῦ
3048 5444 3264 5512 ὑμνεῖν
3299 5441 3429 5494 διότι
3470 5436 3522 5491 αι
3554 5429 3646 5484 τῶν

2101 5537 2364 5593 τοιούτων
2422 5537 2628 5609 στίχων
2677 5536 2976 5608 καταρχαὶ,
3031 5539 3099 5608 τῇ
3146 5535 3251 5606 τῆς
3299 5523 3644 5604 ἀκροστιχίδθς

2105 5631 2218 5703 βίᾳ,
2255 5633 2291 5702 ἡ
2325 5630 2424 5701 μὲν
2453 5631 2514 5684 τι
2554 5629 2714 5699 ἰῶτα,
2747 5631 2781 5702 ἠ
2817 5630 2878 5685 δέ
2913 5630 2977 5686 τὸ
3003 5649 3034 5690 υ
3065 5626 3414 5687 ἀπαιτοῦσιν.

411 5715 822 5794 ιειοειίειιῑᾱίε,
853 5735 1022 5787 unum
1057 5722 1278 5803 quidem
1345 5724 1474 5790 iota,
1507 5722 1739 5787 alterum
1803 5728 1986 5786 autem
2019 5724 2229 5800 ypsilon
2263 5723 2572 5798 requirunt.
