3996 6194
394 263 508 328 πδ

1201 272 1286 336 ΙΝ
1327 273 1673 359 ΗῩΜΝ-ΗΜ
1716 277 2369 380 PENTECQSTALEM
2399 279 2855 346 DAMASCENI.

469 381 592 431 atO'.
625 378 823 433 ’ἰστέον
849 381 903 435 δὲ
930 382 1002 444 ὡς
1028 385 1080 438 οἰ
1100 384 1278 442 λοιποὶ
1302 390 1456 457 σοφοὶ
1483 390 1671 458 δεξιῶς
1695 394 1789 444 καὶ
1811 392 1869 444 εὐ
1878 410 1971 462 με-

2147 393 2277 452 219.
2329 393 2623 453 Sciendum
2675 409 2858 454 autem
2927 398 3072 471 quod
3135 400 3316 458 ueteri
3377 403 3662 473 sapientes

395 471 570 536 θόδως
598 473 714 537 καὶ,
747 474 808 526 τδ
832 475 953 530 ὅλον
982 479 1180 540 εἰπεῖν,
1205 479 1600 546 διδασκαλικῶς
1621 484 1970 538 ὑποδεικνύν-

387 580 484 627 τες
511 566 626 627 τοῖς
649 569 956 636 φοιτηταῖς,
993 569 1086 622 τὸν
1118 574 1258 625 κατὰ
1292 574 1452 642 σῶμα
1481 573 1692 644 ἴλιγγον
1720 577 1969 644 γίνεσθαι

389 656 537 710 κατὰ
571 659 882 728 συστροφὴν
912 659 1104 732 ὑγροῦ,
1153 663 1248 716 τοῦ
1295 666 1395 736 μὲν
1426 669 1554 736 περὶ
1599 667 1697 738 τὴν
1725 671 1970 738 κεφαλὴν

388 746 465 810 ὡς
500 740 613 800 οἷον
661 747 1044 816 λιμνάζοντος,
1099 753 1194 807 τοῦ
1238 755 1295 808 δὲ
1344 756 1726 826 ἁναδιδομένου
1765 758 1841 821 ὠς
1888 762 1968 823 εἰς

389 837 672 909 ἐπιϐολὴν,
705 841 806 904 τάς
836 842 1098 912 ἀνωτέρω
1136 847 1396 916 ῥηθείσας
1435 849 1587 913 δίνας
1617 849 1728 904 τῶν
1761 849 1969 906 ὑδάτων

387 929 490 982 οὐκ
538 929 789 1000 ἔγραψαν
823 936 947 1002 μὲν,
999 935 1176 1000 ἄλλως
1227 940 1283 992 δὲ
1333 941 1602 1011 ἀγράφως
1638 945 1966 1014 παρέδοσαν,

390 1019 608 1088 ῐλιγγας
640 1023 1045 1093 ἑρμηνεύοντες
1071 1029 1358 1094 ἰδιωτικῶς
1387 1032 1644 1101 λέγεσθαι
1684 1036 1840 1108 τύπῳ
1875 1038 1968 1108 οη-

389 1116 562 1184 λιικῷ,
598 1118 736 1188 πρὸς
765 1119 1002 1187 δήλωσιν
1027 1123 1123 1176 τοῦ
1156 1127 1251 1178 καὶ
1298 1128 1391 1181 τὸν
1429 1130 1638 1197 ἴλιγγον
1674 1132 1816 1186 κατά
1843 1147 1968 1185 τινα

388 1210 651 1281 τοιαύτην
680 1211 942 1266 είλείσθαι
989 1215 1233 1286 δίνησιν·
1266 1221 1533 1274 καὶκατὰ
1578 1224 1816 1295 σπουδὴν
1859 1225 1962 1293 μὲν

389 1301 568 1365 οὐδεὶς
598 1303 672 1374 μὴ
699 1303 982 1372 χυδαῖζειν
1004 1309 1345 1379 προθέμενος
1367 1313 1627 1383 τοιαύτην
1653 1315 1800 1384 λέξιν
1829 1318 1966 1387 ἔερεεῖ⁹

397 1399 559 1466 σοφὸς
589 1397 646 1450 δέ
679 1415 765 1461 τις
817 1399 878 1452 οὐ
929 1400 1037 1471 πρὸ
1085 1404 1226 1456 πάνυ
1278 1405 1516 1475 μακροῦ,
1565 1400 1609 1476 ᾧ
1661 1409 1757 1464 καὶ
1791 1402 1968 1480 nitet;

393 1491 769 1562 ὲφοιτήσαμέν
830 1509 984 1560 ποτε,
1037 1495 1424 1566 ἀστεῖζόμενος
1475 1500 1569 1553 ἐπί
1617 1519 1726 1554 τινι
1777 1503 1967 1574 ῥήτορι

396 1583 664 1649 ἀγλευκεί
705 1585 826 1638 τότε
875 1586 1100 1656 καιροῦ,
1157 1591 1499 1660 σκηπτοῦχον
1549 1594 1640 1646 τδν
1697 1594 1970 1664 Περικλέα

391 1677 624 1747 φαμένῳ
649 1679 946 1748 ἐγγράφως
979 1679 1069 1732 διὰ
1099 1681 1193 1733 τὸν
1232 1684 1499 1752 σκηπτὸν,
1531 1684 1590 1746 ὃς
1614 1687 1875 1755 ἐμπεσὼν
1899 1691 1963 1758 τῇ

391 1768 605 1820 ἐκείνου
631 1766 802 1837 οἰκίᾳ,
844 1747 1022 1838 χιλίας
1044 1747 1364 1841 άπεκάλυιιλε
1397 1747 1723 1838 πανοπλίας,
1748 1771 1824 1828 ὧν
1853 1747 1967 1828 Eva:
1999 1747 2040 1800 Β

391 1875 491 1911 κεν
520 1859 814 1927 τυραννίδα
848 1862 1082 1931 μελετᾷν
1115 1863 1324 1927 ἐκεῖνος
1379 1864 1692 1938 ἐπεκλήθη·
1740 1867 1831 1922 διὰ
1869 1869 1964 1924 τοῦ

389 1952 639 2006 τοιούτου
671 1953 880 2022 ἰλίγγου
909 1954 1135 2020 ἐπαιξεν
1163 1956 1244 2020 εἰς
1271 1956 1366 2010 τὸν
1403 1958 1650 2026 Σφαλτδν
1691 1961 1970 2032 σκηπτοῦ-

390 2058 525 2112 χονο
559 2037 715 2108 οὗτος
773 2045 1010 2100 ἀνέπλεε
1061 2046 1153 2100 διὰ
1197 2047 1293 2100 τοῦ
1342 2048 1643 2114 Βυζαντίου
1678 2052 1965 2123 πορθμοῦ,

394 2135 722 2204 λουσόμενος
763 2138 818 2191 εῐ
840 2155 943 2190 που
976 2139 1205 2208 εὑρήσει
1260 2141 1466 2209 γλυκέα
1514 2143 1728 2213 θερμάο
1778 2146 1869 2199 καὶ
1894 2146 1969 2208 ὼς

390 2220 502 2277 εἶδε
532 2227 663 2296 περὶ
695 2227 822 2289 τοὺς
863 2228 1150 2294 αἰγιαλοὺς
1193 2229 1518 2299 εἰλουμένας
1563 2233 1736 2299 δίνας,
1786 2236 1968 2287 ὁποῖαι

395 2315 588 2386 μυρίαι
612 2319 740 2387 περὶ
781 2317 907 2382 τοὺς
939 2319 1216 2383 τοιούτους
1262 2321 1540 2377 δινοῦνται
1566 2325 1963 2396 στρεφόμεναι,

389 2408 992 2474 δάκτυλονάπευθύνας
1033 2412 1111 2476 ὡς
1158 2415 1488 2486 ἐπιστρέψαι
1525 2418 1650 2481 τοὺς
1694 2417 1969 2486 ἀκροατὰς

390 2501 532 2568 πρὸς
576 2503 678 2571 τὴν
735 2503 859 2556 καθ’
905 2503 1100 2568 ὓδατος
1147 2507 1366 2576 ἐκείνην
1413 2508 1657 2578 εῑλησιν,
1709 2508 1863 2563 εἶπεν
1895 2512 1969 2573 ὡς

395 2595 571 2664 Εῐπερ
608 2597 636 2646 6
686 2594 831 2649 δεῖνα
880 2600 1066 2666 παρῆν
1100 2598 1365 2664 ἐνταῦθα,
1420 2601 1660 2672 ἰλιγγιᾷν
1709 2599 1864 2656 εἶπεν
1905 2603 1968 2656 ἂν

389 2690 544 2740 τουτὶ
578 2688 637 2738 τὸ
665 2686 832 2760 ὕδωρ.
877 2690 1038 2744 Ἀλλὰ
1072 2690 1226 2744 τοῦτο
1259 2692 1356 2761 μὲν
1401 2691 1474 2753 ὡς
1521 2689 1633 2746 οἷον
1665 2693 1883 2764 ἥδυσμά
1918 2713 1970 2748 τι

389 2781 775 2853 πανηγυρικῆς
807 2783 1018 2846 ἐννοίας
1054 2784 1506 2852 παρεντεθείσϐω
1533 2787 1599 2857 τῇ
1632 2785 1743 2856 ᾠδῇ
1769 2786 1969 2858 ταύτῃ,

390 2877 536 2930 κατὰ
570 2874 906 2947 συγγνώμην
936 2877 1290 2948 άγαπητικὴν
1321 2877 1422 2948 τὴν
1451 2876 1509 2932 ἑν
1542 2878 1664 2948 Θεῷ
1685 2894 1700 2908 '
1737 2879 1859 2932 ὲπεί
1889 2896 1984 2932 τοι-

391 2969 489 3021 καὶ
511 2968 560 3020 οἰ
592 2969 659 3022 τὰ
683 2967 802 3021 θεῖα
838 2970 1196 3039 ἑορτάζοντες
1226 2971 1284 3024 έν
1321 2970 1684 3041 σεμνοτάταις
1718 2971 1968 3036 ἐννοίαις,

391 3060 568 3114 κόπου
593 3059 1050 3130 περιεληλυθότος
1078 3061 1300 3128 αὐτοὺς,
1344 3061 1418 3125 ὡς
1451 3062 1548 3115 καὶ
1587 3061 1840 3127 ὀκλάζειν
1869 3081 1970 3118 καο
1999 3093 2046 3155 c

389 3152 717 3224 θιζήσαντες
744 3155 837 3207 ἐπὶ
872 3153 1068 3224 βραχὺ,
1118 3156 1217 3208 καί⁵
1258 3153 1402 3208 οὕτω
1435 3154 1972 3226 παραμυθησάμενοι

386 3243 482 3298 τὸν
516 3245 685 3298 κόπον
708 3246 766 3298 ὲν
798 3245 876 3316 τῷ
907 3246 1003 3299 καὶ
1031 3245 1219 3299 ἀλλοῖα
1273 3245 1411 3316 μέλη
1461 3246 1925 3317 παρεισκριθῆναι
1950 3289 1965 3314 ,

388 3326 468 3388 ὧν
497 3335 600 3388 οὐκ
644 3335 808 3403 ὀλίγα
847 3337 943 3388 καὶ
972 3339 1005 3406 η
1046 3337 1222 3406 σεμνὴ
1257 3335 1469 3408 θυμέλη
1501 3337 1966 3408 παρενοσφίσατο,

385 3421 548 3489 αὖθις
578 3426 1003 3494 ἐξαναστάντες,
1033 3429 1135 3498 τῆς
1160 3429 1400 3500 ἀρχῆθεν
1427 3430 1668 3502 σπουδῆς
1697 3429 1967 3501 γίνονται,

385 3519 554 3573 ὁποία
579 3536 664 3582 τις
691 3518 929 3572 ἐνταῦθα
957 3521 1054 3575 ita).
1088 3520 1221 3590 ἡμῖν
1254 3519 1567 3590 πρόκειται.

2028 522 2048 537 ι
2075 480 2306 540 solerter
2329 498 2383 542 et
2412 490 2824 558 compendiose,
2853 499 2930 556 et,
2973 502 3028 546 ιιι
3084 502 3255 549 totum
3314 495 3514 562 dicam,
3567 498 3652 553 di-

2073 576 2346 632 dascalice
2382 578 2798 637 subindicantes
2833 582 3116 653 diSt'ipllliS
3173 589 3419 654 corporis
3487 591 3652 644 verliv

2071 672 2250 736 ginem
2281 671 2393 723 lieri
2418 687 2512 742 per
2540 675 2929 729 volutationem
2980 677 3214 744 humidi,
3263 680 3402 734 alios
3426 681 3646 750 quidem

2071 762 2215 817 circa
2247 772 2413 832 caput
2459 765 2625 820 veluti
2683 768 3009 838 stagnantis,
3065 770 3205 826 alius
3271 780 3452 828 autem
3508 774 3656 830 sicut

2075 853 2147 909 ad
2178 855 2536 926 irruptionem
2573 861 2930 931 assurgentis,
2959 864 3214 932 superius
3241 865 3415 922 dictas
3477 882 3651 936 aqua-

2073 963 2192 1002 rum
2223 948 2591 1004 volutationcs
2620 965 2728 1004 non
2755 957 3092 1020 scripserunt
3115 954 3359 1024 quidem,
3391 957 3485 1012 sed
3517 957 3656 1012 alias

2071 1042 2190 1096 sine
2219 1042 2423 1112 scripto
2465 1043 2825 1110 tradiderunt,
2868 1043 3084 1113 ἵλιγγας
3121 1045 3428 1116 (vortices).
3475 1049 3652 1118 expli-
3685 1113 3687 1117 η

2071 1142 2261 1190 cantes
2291 1135 2513 1192 idiotice
2540 1134 2646 1190 dici
2671 1151 2870 1207 genere
2924 1135 3210 1204 feminino,
3242 1138 3308 1193 ad
3360 1139 3655 1195 ostenden-

2070 1225 2200 1278 dum
2235 1225 2326 1278 τὸν
2354 1223 2563 1294 ἴλιγγον
2617 1224 2986 1297 (vertiginem)
3015 1223 3170 1296 juxta
3232 1225 3522 1295 quamdam
3554 1226 3655 1280 hu-

2067 1316 2306 1384 jusmodi
2335 1316 2721 1373 volutationem
2751 1314 2978 1382 versari,
3032 1326 3087 1372 et
3149 1317 3376 1374 sedulus
3430 1319 3652 1389 quidem

2073 1422 2256 1474 nemo,
2306 1408 2532 1480 vulgare
2575 1408 2724 1480 loqui
2782 1423 2890 1463 non
2957 1407 3272 1480 pra-ferens,
3338 1411 3690 1482 hujusmodt

2071 1500 2361 1556 dictionem
2391 1500 2695 1572 usurpabit.
2731 1499 2963 1571 Sapiens
3021 1511 3201 1557 autem
3255 1487 3496 1571 quidam,
3543 1519 3652 1559 non

2074 1591 2295 1660 longum
2355 1599 2572 1662 tempus
2603 1591 2777 1658 abest,
2811 1589 2898 1646 cui
2928 1604 3028 1644 nos
3060 1590 3224 1645 etiam
3275 1588 3482 1646 fuimus
3512 1591 3656 1646 assi-

2071 1684 2188 1746 dui,
2216 1683 2426 1738 urbane
2483 1683 2716 1754 loquens
2749 1682 2818 1739 de
2873 1684 3113 1756 quodam
3149 1683 3371 1739 rhetore
3414 1682 3656 1752 insipido

2073 1773 2234 1844 huius
2264 1777 2550 1844 temporis,
2589 1774 2940 1847 σκηπτοῦχον
2996 1777 3182 1832 locuto
3240 1791 3338 1845 per
3389 1777 3654 1846 scriptum

2072 1863 2365 1933 Periclem,
2396 1867 2465 1922 ob
2491 1867 2583 1921 τδν
2639 1867 2885 1939 σκηπτὸν
2943 1866 3222 1938 (fulmen),
3272 1868 3414 1936 quod
3441 1869 3653 1939 lapsum

2071 1959 2123 2014 in
2160 1959 2333 2030 ipsius
2360 1959 2583 2014 domum
2617 1960 2767 2014 mille
2797 1957 3058 2016 revelavit
3090 1961 3376 2016 universas
3409 1970 3654 2015 armatu-

2071 2065 2185 2114 ras,
2232 2065 2465 2120 quarum
2524 2064 2696 2106 causa
2751 2051 3095 2120 tyrannidem
3163 2051 3421 2108 ati‘ectare
3475 2052 3657 2108 dictus

2070 2150 2175 2204 est,
2241 2155 2336 2211 per
2396 2141 2712 2228 huiusmodi
2771 2140 3003 2212 ἰλιγγον,
3083 2141 3232 2198 hunc
3303 2143 3655 2228 Deceptorem

2074 2231 2420 2302 σκηπτοῦχον
2485 2225 2681 2287 irrisit.
2741 2229 2842 2287 Hic
2893 2248 2924 2288 θ
2975 2241 3130 2303 portu
3194 2225 3489 2290 recedebat
3560 2249 3657 2304 per

2073 2323 2438 2390 Byzantinum
2473 2321 2695 2391 fretum,
2726 2323 2794 2379 ad
2828 2338 2888 2380 se
2913 2325 3236 2392 lavandum,
3297 2326 3473 2381 sit-ubi
3537 2325 3658 2380 dul-

2073 2432 2165 2471 ces
2193 2415 2461 2470 inveniret
2510 2430 2682 2485 aquas
2727 2415 2964 2482 calidas;
3013 2429 3066 2472 et
3124 2433 3247 2473 cum
3296 2417 3523 2473 vidisset
3588 2420 3656 2472 ad

2073 2508 2256 2564 littora
2317 2509 2532 2564 volntos
2587 2509 2846 2574 vortices,
2909 2511 3100 2580 quales
3158 2511 3301 2581 apud
3359 2510 3461 2566 ista
3511 2510 3658 2564 mille

2075 2601 2300 2658 volutati
2347 2609 2633 2672 gyrantur,
2692 2602 2862 2672 digito
2888 2601 3204 2674 signiﬁcans
3257 2611 3317 2657 ut
3373 2601 3656 2656 auditores

2072 2701 2312 2747 verteret
2338 2693 2402 2746 ad
2435 2691 2597 2748 talem
2667 2707 2826 2762 aqua:
2883 2703 3165 2764 gyrantem
3226 2701 3462 2758 motum,
3533 2693 3698 2764 ait:.

2076 2783 2131 2837 Si
2166 2784 2288 2838 talis
2312 2784 2400 2838 ille
2426 2785 2647 2854 quidam
2678 2784 2766 2840 hic
2797 2783 3035 2848 adesset,
3089 2783 3350 2854 ἰλιγγιᾷν,
3389 2782 3652 2852 vertigine

2077 2876 2350 2940 laborare,
2406 2875 2610 2930 diceret
2661 2874 2804 2930 hanc
2853 2889 3075 2944 aquam.
3137 2873 3244 2930 Sed
3292 2875 3395 2929 hoc
3432 2874 3653 2944 quidem

2076 2968 2241 3023 veluti
2270 2967 2683 3022 condimentum
2722 2965 2940 3038 aliquod
2974 2967 3313 3038 panegyrica:
3373 2965 3658 3022 sententiae

2077 3058 2461 3130 interponatur
2519 3059 2648 3115 huic
2695 3059 2836 3125 udae,
2888 3075 3018 3114 cum
3073 3059 3364 3116 charitatis
3429 3061 3492 3116 in
3545 3058 3657 3115 Deo

2078 3151 2256 3218 venia,
2289 3151 2558 3220 siquidem
2590 3159 2645 3206 et
2680 3150 2755 3206 illi
2809 3150 2902 3221 qui
2934 3151 3119 3208 divina
3151 3152 3440 3208 sententiis
3488 3153 3660 3220 maie.

2076 3252 2216 3300 state
2243 3243 2424 3314 plenis
2443 3243 2740 3309 celebrant,
2767 3241 2960 3299 labore
3007 3243 3472 3300 circumveniente
3511 3244 3657 3310 illos,

2076 3347 2137 3392 ut
2176 3336 2452 3408 paulisper
2482 3337 2536 3393 in
2571 3351 2748 3408 genua
2767 3337 3131 3392 succumbere
3156 3344 3338 3408 cogat,
3360 3345 3651 3405 pOstquam

2077 3429 2150 3484 ita
2197 3429 2437 3484 laborem
2496 3428 2874 3486 demulsernnt
2938 3429 3184 3497 qumdam
3259 3426 3657 3498 interponendo

2076 3518 2294 3574 diversa
2353 3519 2620 3585 carmina,
2665 3533 2915 3587 quorum
2981 3535 3087 3572 non
3158 3535 3326 3588 pauca
3385 3518 3660 3588 subripuit

393 3615 623 3670 honesta
675 3629 861 3683 scena,
915 3631 1134 3669 rursum
1187 3629 1540 3688 assurgente'
1629 3619 1962 3689 primitivam
1998 3625 2290 3674 resnmunt
2335 3615 2696 3686 diligentiam,
2737 3616 2915 3687 qualis
2943 3617 3030 3671 hic
3082 3618 3248 3671 etiam
3317 3619 3473 3674 nobis
3531 3633 3656 3686 pru-

393 3702 638 3772 ponitur.

470 3801 576 3851 σκ⁷.
610 3795 684 3848 T6
702 3795 782 3860 δὲ,
814 3795 940 3860 νοῦς
966 3795 1111 3860 ἅπας
1142 3797 1349 3869 ἰλιγγιᾷ
1373 3797 1466 3851 τὸν
1498 3801 1658 3852 τόκον
1691 3816 1784 3854 σου
1805 3803 1968 3866 νοεῖν,

391 3891 496 3944 οὐκ
539 3890 606 3944 ἂν
655 3891 966 3953 ἀπεικότως
1015 3892 1228 3960 λέγοιτο
1289 3894 1839 3963 συμπεριλαμϐάνειν
1877 3895 1972 3948 καὶ

391 3985 524 4045 τοὺς
551 3985 682 4053 περὶ
726 3983 861 4036 Θεὸν
890 3983 1042 4048 νόας,
1075 3984 1170 4047 οὒς
1210 3985 1303 4037 καὶ
1343 3986 1376 4055 ἡ
1419 3986 1788 4056 ἀκατανόητος
1820 3987 1974 4038 ὲναν-

394 4074 683 4147 θρώπησις
717 4078 810 4130 τοῦ
850 4077 1106 4146 Σωτῆρος
1149 4076 1392 4147 Χριστοῦ
1446 4077 1632 4130 λαθεῖν
1663 4076 1972 4147 παραδέδο-

393 4188 508 4224 ταιι
540 4170 641 4224 οὐκ
665 4170 732 4225 ἂν
755 4169 866 4241 γὰρ
896 4170 1018 4223 οὐδὲ
1049 4171 1248 4224 ἐκεῖνοι
1278 4168 1619 4238 προκύπτειν
1642 4171 1700 4232 ἐς
1723 4169 1783 4223 τὸ
1805 4167 1970 4236 βάθος

392 4263 488 4317 τοῦ
525 4263 827 4334 μυστηρίου
857 4262 1138 4317 δύνανται.
1181 4262 1239 4316 Ὅ
1275 4263 1410 4324 Θεὸς
1445 4263 1666 4324 πάντως
1693 4264 1722 4315 6
1749 4259 1847 4332 τὴν
1875 4262 1970 4332 ἀρ-

393 4357 496 4426 χὴν
522 4356 748 4427 κρυύεὶς
777 4355 997 4421 αὐτοὺς,
1023 4354 1368 4425 ἀνεκάλυψεν
1403 4353 1598 4407 ἑαυτὸν
1632 4351 1863 4415 ἐκείνοις
1882 4367 1897 4382 ⁶
1944 4354 1972 4405 6

2148 3797 2277 3851 2‘20.
2313 3794 2426 3851 [loc
2459 3804 2680 3850 autem:
2716 3795 2842 3859 νοῦς
2898 3795 3044 3860 ἅπας
3110 3797 3318 3869 ἰλιγγιᾷ
3354 3800 3447 3852 τὸν
3493 3801 3664 3854 τόκον

2080 3907 2176 3942 σου
2235 3893 2400 3952 νοεῖν,
2453 3902 2558 3941 non
2614 3887 2892 3943 immerito
2930 3888 3142 3944 dicetur
3195 3890 3358 3944 etiam
3409 3907 3658 3963 compre-

2084 3981 2316 4036 hendere
2347 3981 2574 4050 spiritus
2604 3981 2748 4036 circa
2805 3981 2972 4035 Deum
3022 3993 3254 4051 stantes,
3298 3997 3437 4054 quos
3487 3985 3652 4039 etiam

2083 4073 2374 4130 inrﬂ‘abilis
2399 4073 2696 4128 Salvatoris
2748 4072 2949 4129 Christi
2982 4074 3288 4130 iut'arnatio
3323 4079 3496 4131 latere
3550 4086 3659 4131 tra-

2081 4169 2191 4222 dita
2219 4176 2339 4222 est:
2373 4183 2474 4221 nec
2500 4167 2644 4221 enim
2683 4166 2902 4237 quidem
2935 4168 3022 4222 isti
3059 4169 3302 4237 mystcrii
3370 4168 3659 4240 profundi-

2080 4270 2243 4314 tatem
2271 4270 2560 4329 penetrare
2608 4269 2860 4330 possunt.
2895 4259 3038 4314 Deus
3067 4262 3159 4326 qui
3215 4275 3440 4330 prorsus
3502 4262 3672 4318 initio

2080 4346 2438 4404 absconditus
2464 4347 2601 4416 ipsis
2629 4358 2766 4411 erat,
2807 4352 3165 4419 Srlnctipsum
3193 4351 3300 4406 illis
3356 4352 3614 4408 revelavit
3645 4370 3660 4419 ;

397 4451 491 4503 mi.
534 4449 660 4512 τοὺς
709 4448 1026 4519 ὀφθαλμοὺς
1071 4447 1436 4516 ἀποκαλύψας
1490 4447 1848 4515 αἰτησαμένῳ
1896 4441 1976 4515 τῷ

2083 4440 2368 4509 quietiam
2396 4440 2601 4495 detexit
2641 4440 2832 4494 oculos
2887 4442 3100 4511 roganti
3135 4443 3468 4514 progenitori
3529 4461 3660 4515 pro-

399 4542 704 4611 προπάτορι
740 4541 996 4612 προφήτῃ
1041 4541 1135 4593 καὶ
1187 4537 1442 4609 μελῳδῷ,
1480 4537 1568 4606 ἐφ’
1615 4530 1662 4606 ᾧ
1706 4537 1974 4603 κατανοή-

400 4635 598 4688 σασθαι
631 4635 699 4688 τὰ
734 4635 946 4688 ἐκείνου
983 4633 1288 4704 θαυμάσια.
1337 4631 1534 4685 ’ἰστέον
1565 4631 1621 4684 δὲ
1667 4633 1760 4684 καὶ
1789 4632 1872 4684 ὅτι
1911 4629 1972 4682 ού

400 4732 552 4798 λέγει
583 4732 610 4782 6
638 4729 874 4799 μελῳδὸς
910 4728 1117 4798 μηδένα
1148 4726 1274 4780 νοῦν
1306 4725 1607 4796 δυνηθῆναι
1639 4724 1705 4778 ἂν
1743 4724 1836 4777 τὸν
1878 4721 1974 4777 τοῦ

401 4825 658 4894 Σωτῆρος
691 4826 835 4876 νοεῖν
863 4824 1043 4886 τόκον,
1083 4821 1221 4875 ἀλλὰ
1253 4821 1490 4892 ἰλιγγιᾷν
1523 4821 1605 4882 εἰς
1633 4819 1732 4886 τὴν
1764 4818 1973 4872 ἐκείνου

398 4918 533 4988 φησί
573 4918 908 4986 κατανόησιν
937 4932 952 4948 ·
1011 4916 1110 4968 ούκ
1162 4915 1220 4980 ἐξ
1268 4912 1514 4982 ἀνάγκης
1566 4913 1673 4982 γὰρ
1707 4913 1734 4964 6
1765 4912 1976 4978 ἴλιγγος

400 5011 608 5079 ἀπάγει
653 5009 747 5062 τοῦ
779 5008 1068 5080 ἀνθρώπου
1097 5008 1158 5061 τὸ
1193 5010 1355 5061 νοεῖν.
1392 5006 1454 5058 Εἰ
1484 5005 1540 5059 δὲ
1593 5005 1689 5058 καὶ
1725 5003 1978 5072 δώσομεν

405 5101 481 5166 τῷ
515 5100 708 5168 ἰλίγγῳ
732 5099 993 5169 τοιαύτην
1017 5099 1170 5170 ἰσχὺν
1197 5096 1285 5169 ἐφ’
1307 5099 1465 5167 ἡμῶν
1495 5099 1569 5160 ὡς
1602 5100 1779 5151 ποιεῖν
1812 5097 1978 5151 αὐτὸν

404 5195 711 5264 σπρακτείν
744 5193 946 5255 παντὸς
981 5191 1108 5244 νοῦν
1134 5191 1427 5262 ἀνθρώπου
1465 5192 1544 5255 εἰς
1575 5191 1674 5262 τὴν
1704 5189 1979 5259 κατανόη-

405 5303 492 5337 σιν
520 5286 615 5338 τοῦ
668 5285 812 5340 κατὰ
856 5283 950 5338 τὸν
1003 5284 1234 5354 Σωτῆρα
1278 5283 1517 5354 Χριστὸν
1563 5281 1810 5348 τοκετοῦ,
1859 5281 1978 5335 ἀλλ’

405 5378 517 5431 οὐδ’
561 5377 736 5443 οὕτως
766 5375 1024 5446 ἀληθεύει
1055 5379 1084 5430 6
1117 5374 1287 5441 λέξων
1349 5374 1595 5446 μηδόλως
1644 5371 1979 5440 κατανενοῆ-

407 5473 534 5527 σθαι
568 5472 660 5525 τὸν
689 5470 986 5543 εἰρημένον
1037 5469 1184 5540 ὑπὲρ
1227 5469 1391 5539 φύσιν
1436 5468 1628 5520 τόκονο
1678 5467 1822 5520 πάνυ
1870 5465 1979 5533 γὰρ

399 5564 567 5616 αὐτὸν
593 5565 643 5618 οἰ
673 5563 822 5632 ἆγιοι
851 5562 1096 5632 Πατέρες
1125 5560 1590 5631 ἔλεπτολόγησανο
1623 5558 1718 5611 καλ⁸
1745 5556 1978 5626 μάλιστα

399 5657 460 5708 ἐν
493 5649 576 5718 οἷς
612 5655 713 5727 τὴν
747 5653 932 5709 αἰτίαν
963 5652 1133 5709 αὐτοῦ
1182 5651 1434 5716 ἐξέθεντο
1471 5651 1572 5720 τὴν
1609 5649 1703 5704 ἐπὶ
1734 5646 1976 5719 σωτηρία

399 5745 580 5816 ﬁtﬁt".

2079 4532 2256 4600 pheta:
2285 4543 2338 4587 ct
2385 4543 2579 4602 poclm,
2629 4543 2686 4585 ut
2740 4533 3093 4589 meditaretur
3149 4535 3296 4590 illius
3357 4537 3651 4591 mirabilia.

2079 4621 2374 4677 Sciendum
2429 4631 2609 4678 autem
2671 4624 2813 4690 quod
2871 4633 3028 4694 poeta
3090 4639 3198 4679 non
3262 4625 3392 4680 dicit
3451 4625 3658 4679 nullam

2081 4725 2315 4770 mentem
2354 4729 2512 4782 posse
2536 4715 2842 4772 Salvatoris
2873 4718 3115 4788 cogitare
3167 4725 3404 4788 partum,
3462 4718 3556 4772 sed
3588 4717 3658 4771 ad

2081 4809 2392 4880 huiusmodi
2424 4810 2720 4878 cogitatum
2753 4811 3017 4880 vertigine
3039 4809 3181 4879 capi.
3227 4806 3343 4864 Non
3377 4810 3524 4864 enim
3589 4825 3657 4863 ex

2084 4904 2412 4958 necessitate
2443 4903 2653 4971 vertigo
2680 4903 2819 4957 tollit
2867 4904 2934 4958 ab
2965 4903 3184 4958 homine
3246 4902 3519 4973 cogitandi
3577 4901 3657 4956 fa-

2083 4992 2362 5049 cultatem.
2386 4992 2537 5048 Licet
2567 5009 2698 5048 vero
2725 4994 2883 5048 talem
2909 4994 3101 5049 demus
3123 4993 3376 5065 vertigini
3399 4995 3656 5049 virtutem

2083 5089 2134 5140 in
2171 5102 2296 5153 nos,
2347 5095 2407 5140 ut
2465 5086 2582 5157 ipsa
2636 5103 2866 5156 prorsus
2929 5088 3154 5141 inertem
3203 5086 3365 5143 faciat
3424 5086 3662 5141 hominis

2082 5187 2317 5234 mentem
2347 5179 2415 5234 ad
2440 5179 2850 5249 concipiendam
2894 5178 3192 5235 Salvatoris
3237 5179 3439 5234 Chn‘sti
3498 5187 3662 5246 gene-

2086 5275 2354 5329 rationem
2387 5273 2707 5340 humanam,
2741 5285 3062 5330 nontamen
3113 5274 3195 5331 sic
3240 5289 3367 5329 vera
3413 5271 3659 5342 loquitur

2085 5369 2583 5438 qnidicitminime
2607 5368 2997 5439 comprehendi
3051 5368 3256 5423 dictum
3290 5380 3453 5434 supra
3502 5373 3662 5419 natu-

2081 5477 2196 5517 ram
2251 5473 2489 5533 partum.
2545 5463 2769 5517 Multum
2839 5462 2983 5514 enim
3041 5460 3188 5515 illum
3250 5457 3428 5513 sancti
3461 5457 3658 5513 Patres

2087 5556 2298 5610 minute
2354 5557 2852 5620 discussa-unum
2903 5552 3202 5623 praesertim
3256 5551 3310 5606 in
3361 5550 3462 5606 hoc
3511 5551 3664 5621 quod

2089 5651 2261 5721 ipsius
2286 5662 2509 5705 causam
2536 5647 2591 5704 in
2616 5647 2844 5702 salutem
2882 5651 3126 5702 nostram
3155 5653 3549 5716 exposuerunt.
