3950 6204
1579 89 1645 109 υι,
1666 90 1688 98 γ-

419 217 526 283 727

1127 225 1551 290 EUSTATHII
1590 222 2351 287 THESSALONICENMS
2393 224 2961 290 METROPOLITA!
3525 238 3609 303 733

475 332 606 388 221.
639 331 698 389 Si
726 347 858 390 vero
902 336 1120 391 modum
1167 337 1314 394 illius
1356 337 1729 410 pcrtingentes
1763 334 1986 390 maxime

2172 343 2316 408 ρκα’.
2345 338 2407 390 Ei
2441 336 2495 391 δὲ
2526 337 2616 391 τον
2644 340 2848 409 τρόπον
2876 337 3094 394 ἐκείνου
3133 349 3609 415 περιερχομενοιτδν

406 419 742 489 mirandum.
767 435 826 480 ut
849 439 912 481 ex
939 423 1284 482 immaculata
1308 427 1520 499 virgine
1547 425 1772 482 seminis
1796 439 1984 495 exper-

409 525 480 584 te,
519 525 816 572 renuerunt
843 531 940 587 per
969 525 1139 573 totum
1169 518 1232 574 τὸ
1267 519 1542 590 quomodo
1573 517 1832 580 scrutari.
1871 531 1979 570 non

405 615 491 662 est
526 606 631 663 hoc
679 607 983 678 ignorantia
1032 625 1204 680 neque
1236 610 1507 682 cogitandi
1573 610 1833 680 privatio,
1886 607 1980 664 sed

406 699 659 766 praedicta
684 700 937 771 vertigo;
993 718 1158 771 quam
1207 704 1491 758 oculorum
1548 701 1977 758 tenebrationcm

404 787 594 846 dicunt
620 792 964 862 interpretes.
983 793 1086 860 Qui
1112 794 1256 849 enim
1287 793 1596 850 didicerunt
1623 803 1677 848 et
1705 801 1980 847 noverunt

407 881 602 938 melius
625 891 788 953 quam
824 899 924 940 nos
953 885 1094 956 quod
1130 887 1184 940 in
1217 885 1453 942 hominis
1478 885 1597 956 puri
1625 884 1979 957 generatione

401 983 512 1026 non
545 974 770 1029 materia
793 975 1118 1046 spermatica
1146 977 1366 1032 humida
1397 975 1559 1032 eliicit
1585 977 1734 1031 illum
1761 977 1977 1044 fretum,

401 1062 496 1132 qui
559 1065 738 1134 primo
787 1066 1033 1137 quidem,
1082 1069 1238 1136 juxta
1293 1084 1548 1140 magnum
1618 1065 1806 1134 David,
1869 1086 1976 1125 non

402 1160 488 1211 est
530 1155 864 1223 elaboratus,
917 1168 1108 1230 postea
1137 1175 1271 1216 vero
1322 1161 1458 1217 bene
1497 1161 1818 1218 articuiatus
1872 1173 1976 1228 est,

401 1257 456 1302 et
509 1249 775 1318 promittit
825 1249 1074 1306 ultimum
1110 1251 1431 1320 .bominem,
1497 1251 1593 1309 sed
1623 1253 1770 1325 quod
1819 1254 1975 1324 juxta
2029 1292 2033 1296 -

402 1337 1024 1412 locutionemipsorum,
1058 1344 1388 1414 spermatica
1451 1345 1592 1401 ratio
1637 1345 1976 1402 intellectua-

402 1430 472 1488 lis
499 1439 553 1488 ct
591 1433 880 1490 invisibilis
918 1435 1085 1492 fretus
1117 1436 1500 1494 formationem
1527 1439 1735 1508 perlicit
1763 1457 1779 1506 ;
1811 1439 1941 1510 quid

402 1525 529 1579 dam
557 1525 736 1581 adhuc
785 1527 947 1582 etiam
983 1529 1158 1599 magis
1191 1529 1578 1604 mysteriosum
1634 1542 1697 1584 ac
1730 1529 1974 1584 divinum

401 1615 654 1682 scrutati,
682 1619 959 1687 Quomodo
986 1619 1299 1675 dicerentur
1329 1635 1434 1675 non
1465 1618 1761 1675 attendisse
1812 1621 1976 1675 modo

401 1708 600 1764 divinae
631 1708 1022 1768 incarnationis
1048 1711 1120 1767 illi
1150 1713 1219 1767 ab
1270 1711 1391 1783 ipso
1420 1711 1532 1767 Deo
1583 1709 1813 1780 incitati,
1845 1712 1981 1767 divi-

403 1799 488 1857 nis
518 1803 738 1867 initiati,
766 1813 820 1856 et
867 1804 939 1858 ita
971 1819 1134 1876 super
1165 1803 1447 1860 hominem
1484 1806 1760 1876 sapientes
1814 1803 1986 1862 facti?

405 1891 504 1948 ilic
534 1901 715 1947 autem
747 1891 1046 1950 oﬂiciosius
1072 1895 1473 1952 observandum
1503 1897 1777 1967 quomodo
1812 1897 1979 1952 verti-

402 1986 530 2058 gine
549 1983 762 2042 laboret
795 1986 974 2043 omnis
1005 1988 1229 2058 spiritus
1271 1989 1674 2044 considerando
1736 1989 1987 2046 iucllabi-

402 2081 508 2136 lem
537 2076 659 2136 Filii
691 2080 786 2136 Dei
815 2083 1029 2150 partum
1063 2098 1128 2137 ex
1161 2080 1396 2152 virgine.
1427 2079 1493 2136 Et
1514 2082 1723 2138 interea
1773 2098 1982 2154 praesu-

406 2175 666 2229 mendum
701 2175 842 2246 quod
876 2190 940 2229 ex
973 2174 1142 2230 verbo
1174 2173 1435 2228 είλεῖσθαι
1496 2183 1549 2228 ct
1575 2190 1637 2230 ex
1669 2175 1984 2244 huiusmodi

403 2263 614 2321 vortice
684 2268 1034 2337 quadamqoe
1095 2264 1455 2333 volutatione,
1524 2266 1666 2321 dicta
1731 2276 1818 2321 est
1875 2281 1981 2322 vox

406 2356 613 2426 ἰλιγγος
638 2357 870 2426 vertigo.
922 2358 1118 2412 Postea
1182 2355 1586 2426 praecidendum
1637 2357 1781 2428 quod
1828 2373 1986 2412 mens

403 2451 668 2518 humana,
726 2453 1013 2521 postquam
1048 2453 1208 2506 vertit
1255 2460 1309 2504 et
1342 2459 1598 2520 tanquam
1659 2451 1714 2504 in
1765 2451 1987 2506 semeti-

401 2557 558 2612 psam
587 2546 816 2616 gyravit,
845 2541 1123 2615 multaque
1153 2553 1208 2600 et
1239 2544 1400 2616 longa
1436 2546 1668 2610 curavit,
1708 2547 1988 2616 multaque

404 2635 633 2692 sollicite
655 2637 882 2708 peregit,
918 2653 986 2692 an
1013 2637 1156 2693 forte
1187 2653 1252 2694 cx
1282 2637 1386 2694 hac
1421 2633 1762 2695 volutatione
1799 2650 1987 2710 posset

402 2728 548 2784 idem
572 2729 659 2783 vei
691 2729 902 2800 aliquid
949 2730 1128 2786 simile
1186 2729 1454 2796 invenire,
1483 2730 1537 2785 in
1596 2731 1983 2801 cogitationem

406 2837 649 2892 reversa,
686 2839 897 2879 necnon
938 2833 1249 2878 accuratam
1298 2821 1492 2892 adepta
1545 2823 1987 2893 comprehensio-

407 2929 533 2989 nem
557 2917 702 2990 quod
729 2905 868 2969 nihil
901 2912 1108 2984 aliquid
1144 2913 1247 2968 tale
1273 2913 1374 2968 fuit
1408 2922 1503 2968 aut
1539 2929 1778 2983 unquam
1834 2913 1987 2968 futu-

2098 430 2531 501 παραδοξότατον
2559 433 2651 485 τὸν
2682 434 2744 486 ἐκ
2785 432 3067 504 παρθένου
3105 435 3335 506 ἀφθόρον
3362 441 3452 493 καὶ
3473 441 3613 496 ams

2099 540 2215 592 ρου,
2257 525 2604 597 ἀπηνήναντο
2632 525 2910 596 ἐπιζητεῖν
2946 525 3034 580 διὰ
3074 527 3258 591 τέλους
3299 529 3356 582 τὸ
3382 531 3506 596 πῶς,
3533 534 3616 588 οὒκ

2097 613 2246 668 ἔστιν
2275 615 2471 684 ἄγνοια
2499 615 2658 670 τοῦτο
2691 619 2870 672 εῐτουν
2909 618 3170 689 στέρησις
3207 619 3297 674 τοῦ
3324 624 3475 686 νοεῖν,
3502 625 3618 678 ἀλλὰ

2096 707 2304 776 ἴλιγγος
2348 710 2376 761 ὁ
2426 709 2760 780 προρρηθείς
2786 724 2801 740 ο
2842 711 2902 764 ὃν
2953 712 3264 780 σκοτοδίνην
3297 715 3450 783 φασιν
3475 714 3619 784 οίέρ-

2101 799 2451 870 μηνεύοντες’
2489 805 2538 856 oi
2587 803 2697 872 γὰρ
2745 803 3018 874 μαθόντες
3064 807 3162 860 καὶ
3211 807 3400 871 εἰδότες
3431 809 3621 862 κάλλιον

2095 891 2244 962 ἥπερ
2270 894 2452 964 ἡμεῖς,
2488 897 2563 959 ὼς
2595 897 2689 949 κοιλ⁵
2714 899 2771 951 ἐν
2802 899 2866 967 τῇ
2897 899 3111 966 γενέσει
3141 904 3204 970 τῇ
3233 901 3346 954 κατ’
3371 901 3621 970 ἄνθρωπον

2090 975 2185 1038 τδν
2219 987 2430 1052 ἁπλῶς,
2469 989 2532 1043 οὗ
2580 991 2640 1043 τὸ
2667 991 2849 1046 ὑλαῖον
2905 994 3282 1064 σπερματικὸν
3328 995 3485 1064 ὑγρὸν
3509 997 3622 1049 ἀπυ-

2091 1077 2236 1131 τελεϊ
2287 1079 2350 1132 τὸ
2398 1081 2494 1134 τοῦ
2549 1083 2819 1152 ἐμϐρύου.
2866 1085 3060 1153 πρῶτα
3095 1086 3195 1154 μὲν
3236 1086 3622 1156 ἀκατέρτιιστον,

2091 1173 2233 1224 κατὰ
2265 1171 2355 1224 τὸν
2381 1171 2559 1243 μέγαν
2586 1174 2776 1236 Δαϐὶδ,
2809 1172 2931 1229 εἶτα
2966 1175 3384 1247 εὐδιάρθρωτον,
3424 1179 3449 1231 ὃ
3481 1181 3627 1246 ἐπειγ-

2091 1263 2340 1330 γέλλεται
2367 1266 2460 1318 τὸν
2494 1265 2719 1338 ὕστερον
2751 1268 3040 1337 ἄνθρωπον
3065 1285 3077 1300 ’
3117 1269 3252 1324 ἀλλὰ
3295 1270 3344 1333 6.
3368 1272 3479 1325 κατ’
3506 1274 3626 1325 ἐκεί-

2089 1373 2213 1418 νους
2235 1359 2434 1427 εἰπεῖν,
2465 1362 2844 1430 σπερματικὸς
2871 1361 3027 1427 λόγος
3049 1363 3078 1415 ό
3103 1364 3289 1430 νοητὸς
3315 1366 3404 1416 καὶ
3427 1364 3626 1434 ἀόρατος

2087 1450 2188 1515 τὴν
2219 1449 2700 1519 ἐμϐρυοπλαστίαν
2737 1453 2946 1507 ἐκτελεῖ
2972 1471 2984 1484 ο
3021 1455 3113 1506 καῖ
3151 1454 3538 1524 μυστικώτερον
3559 1455 3627 1508 ἐτι

2093 1543 2498 1609 ἐμϐαθύναντες
2546 1546 2640 1599 κοιλ⁵
2683 1546 2980 1618 θειότερον,
3031 1549 3152 1613 πῶς
3195 1550 3424 1620 λεχθεῖεν
3465 1550 3526 1603 ἂν
3565 1550 3628 1619 μὴ

2090 1633 2372 1687 ἐπιϐαλεῖν
2413 1635 2490 1704 τῷ
2525 1636 2717 1707 τρόπῳ
2749 1637 2846 1707 τῆς
2890 1637 3037 1701 θείας
3075 1639 3521 1708 ἐνανθρωπήσεως
3548 1636 3624 1691 ὑπ’

2087 1723 2253 1776 αὑτοῦ
2299 1723 2438 1778 Θεοῦ
2474 1727 2798 1797 ἐναγόμενοι
2841 1729 2940 1782 καὶ
2984 1730 3053 1783 τὰ
3082 1730 3204 1784 θεῖα
3239 1730 3520 1801 μυούμενοι
3549 1729 3628 1782 καὶ

2087 1816 2262 1878 οὕτως
2309 1817 2450 1889 ὑπὲρ
2504 1818 2800 1890 ἄνθρωπον
2854 1819 3243 1893 σοῳιζὸμενοις
3291 1823 3536 1876 Ἐνταῦθα
3579 1823 3628 1875 δέ

2090 1907 2395 1979 θεωρητέον
2457 1913 3020 1983 πραγματικὼτερον,
3091 1913 3215 1978 πῶς
3272 1913 3467 1984 ἰλιγγιᾷ
3521 1910 3627 1974 vch

2091 2001 2236 2062 ἄπας
2259 2005 2401 2054 νοεῖν
2431 2003 2522 2055 τὸν
2559 2005 2622 2057 ἐκ
2646 2005 2925 2074 Παρθένου
2957 2007 3066 2078 ἆρῤ
3079 2023 3207 2074 grav
3236 2008 3388 2062 τόκον
3411 2006 3496 2059 τοῦ
3513 2003 3627 2058 Υἱοῦ

2088 2093 2179 2146 τοῦ
2212 2093 2370 2147 Θεοῦ·
2407 2097 2502 2159 καί
2535 2098 2673 2160 τέως
2709 2099 3057 2169 προληπτέον
3079 2100 3157 2164 ὼς
3186 2102 3251 2154 ἐκ
3279 2098 3370 2154 τοῦ
3399 2097 3629 2153 τελεῖσθαι

2097 2185 2194 2238 καὶ
2221 2185 2478 2255 τοιαύτης
2509 2189 2660 2260 δίνης
2711 2190 2808 2242 καὶ
2861 2191 3104 2260 στροφῆς
3160 2208 3328 2256 τινος,
3379 2190 3569 2258 εἴρηται
3606 2191 3631 2242 ό

2093 2276 2324 2345 ἴλιγγος·
2359 2279 2479 2348 μεθ’
2511 2280 2539 2334 ὃ
2577 2281 2914 2352 ἐπιτμητέον
2961 2283 3046 2336 ὃτι
3089 2285 3115 2335 ό
3160 2282 3490 2354 ἀνθρώπινος
3528 2278 3630 2341 νοῦς

2093 2368 2430 2439 συστρέψας,
2468 2373 2568 2425 καὶ
2596 2368 2708 2426 οἷον
2736 2373 2816 2437 είς
2843 2374 3038 2427 ἑαυτὸν
3068 2373 3332 2444 εἰληθεὶς,
3360 2372 3451 2426 καὶ
3487 2369 3635 2422 πολλὰ

2092 2460 2188 2511 καὶ
2220 2461 2411 2534 μακρὰ
2447 2463 2778 2534 μελετήσας,
2809 2465 2904 2518 καὶ
2929 2464 3102 2519 πολλὰ
3133 2466 3472 2536 μεριμνήσας
3494 2462 3628 2515 simu

2091 2553 2350 2624 τοιαύτης
2381 2555 2645 2626 είλήσεως
2701 2557 2952 2628 δυνηθεὶς
3009 2557 3257 2629 ἐξευρεῖν
3308 2557 3341 2626 ἤ
3387 2555 3563 2610 ταυτὸν
3601 2550 3630 2620 ἢ

2092 2644 2230 2697 ἀλλὰ
2262 2645 2451 2715 ὅμοιόν
2483 2664 2559 2714 τι,
2589 2646 2997 2718 ἐπανακάμψας
3026 2649 3103 2712 εἰς
3146 2649 3336 2717 νόησιν
3375 2649 3466 2700 καὶ
3490 2642 3633 2698 κατὰ·

2094 2734 2259 2805 ληψιν
2316 2738 2524 2808 ἀκριϐῆ
2576 2739 2673 2808 τὴν
2731 2739 2828 2792 τοῦ
2885 2739 3053 2810 μηδέν
3082 2757 3137 2794 τι
3186 2741 3313 2794 ἄλλο
3355 2733 3633 2803 τοιοῦτονῆ

2095 2826 2352 2893 γενέσθαι
2401 2825 2537 2882 ποτὲ
2587 2829 2620 2899 ἦ
2677 2831 3010 2901 γενήσεσθαι
3055 2831 3148 2897 ἂν,
3211 2833 3404 2901 πάσχει
3455 2826 3634 2881 ἐκεῖθεν

2096 2919 2312 2989 ἴλιγγον
2341 2920 2651 2992 ἕννοννξκαὶ
2682 2923 2852 2996 κάρον
2881 2925 3148 2995 ἔμφρων
3187 2927 3282 2980 καὶ
3310 2923 3510 2984 ἀνεθεὶς
3553 2917 3634 2972 τοῦ

409 3023 532 3063 rum
569 3016 677 3074 est,
704 3007 900 3062 exinde
936 3005 1254 3076 vertiginem
1306 3004 1455 3062 subit
1486 3005 1878 3078 intelligentem
1909 3022 1986 3062 so-

2097 3010 2243 3067 οὕτω
2274 3015 2624 3084 σπουδάζειν,
2663 3017 2922 3090 παρίεται
2962 3019 3064 3089 τῆς
3099 3017 3401 3091 ζητήσεως,
3447 3016 3535 3072 καὶ
3560 3015 3633 3067 δο-

408 3112 707 3168 poremque
735 3095 1096 3168 prudentem;
1136 3108 1192 3152 et
1217 3097 1298 3154 sic
1329 3105 1540 3152 retenta
1570 3113 1601 3151 a
1637 3098 1727 3151 tali
1782 3099 1986 3166 studio,

407 3189 638 3245 remittit
661 3187 730 3243 ab
764 3187 1138 3260 inquisitione,
1176 3187 1517 3259 etgloriﬁcat
1547 3188 1981 3260 omnipotentem

408 3281 606 3338 Filium
635 3290 691 3336 et
717 3279 867 3336 illam
899 3295 1019 3353 quae
1048 3293 1242 3353 praeter
1271 3281 1582 3350 opinionem
1620 3299 1743 3338 eum
1776 3285 1984 3354 genuit.

482 3373 614 3430 222.
650 3373 764 3430 iloc
787 3387 968 3429 autem
999 3391 1012 3427 :
1044 3389 1167 3430 cum
1196 3389 1385 3430 amorc
1416 3373 1806 3446 glorificamus,
1869 3386 1989 3431 Ian-

412 3483 576 3539 quam
603 3468 807 3540 aliquid
836 3466 1342 3526 extraordinarium
1389 3468 1638 3526 melodus
1673 3469 1988 3542 adscripsit.

411 3563 518 3635 Qui
545 3564 692 3618 enim
722 3578 788 3620 ex
848 3571 962 3619 toto
995 3562 1162 3619 corde
1186 3563 1684 3634 gloriﬁcantDeum
1707 3564 1991 3635 ipsiusque

411 3658 820 3716 sanctissimam
845 3656 1074 3713 Matrem
1126 3667 1294 3729 atque
1323 3667 1564 3726 sanctos,
1593 3656 1751 3727 juxta
1801 3673 1991 3728 (ιιειιι-

411 3754 535 3810 dam
564 3752 763 3807 mirum
787 3760 1066 3822 stuporem
1124 3750 1229 3807 hoc
1276 3749 1504 3814 faciunt,
1559 3750 1819 3806 continuo
1878 3750 1988 3805 cla-

411 3858 622 3904 mantes
660 3863 727 3904 ex
781 3851 978 3903 more:
1031 3844 1235 3902 Gloria.
1278 3841 1398 3900 Non
1450 3852 1634 3899 autem
1690 3843 1832 3898 idem
1881 3855 1993 3911 est,

412 3941 603 4014 procul
628 3941 814 4010 dubio.
843 3949 1034 4010 stupor
1061 3950 1116 3994 et
1138 3953 1312 4004 amor,
1344 3951 1444 3992 nec
1470 3935 1633 3992 simul
1663 3950 1730 3990 ex
1751 3936 1993 3991 necessi—

415 4045 527 4090 tate
557 4016 772 4089 cunctis
810 4031 1166 4102 stupentibus
1206 4028 1524 4098 supervenit
1551 4026 1643 4082 illa
1673 4026 1992 4083 desiderare

417 4143 512 4195 per
543 4143 666 4196 quae
694 4128 751 4180 lit
787 4134 998 4195 stupor.
1052 4122 1202 4177 Multi
1237 4137 1476 4191 namque
1527 4122 1644 4175 sola
1701 4122 1992 4176 miratione

415 4216 1069 4287 tmrculsi,c0nstiterunt
1098 4213 1235 4268 nihil
1297 4211 1427 4266 inde
1477 4211 1878 4278 desiderantes,
1939 4222 1992 4267 et

414 4309 710 4388 aliquando
739 4307 968 4389 multum
987 4307 1114 4364 odio
1139 4314 1407 4362 tenentes.
1426 4302 1537 4361 Nos
1560 4313 1768 4368 autem,
1792 4304 1991 4374 inquit,

413 4419 450 4458 o
493 4415 708 4458 summa
757 4399 986 4471 Regina,
1038 4407 1092 4454 te
1137 4413 1264 4456 cum
1333 4412 1522 4453 amore
1577 4397 1986 4466 gloriﬁcamus;

417 4506 675 4564 tanquam
744 4507 902 4548 amor
959 4489 1314 4547 mirationem
1375 4491 1646 4556 vinceret,
1709 4489 1991 4558 ipsiusque

417 4589 599 4643 locum
632 4593 962 4657 occuparet;
996 4583 1080 4639 vel
1108 4583 1290 4653 potius
1345 4594 1577 4653 uterque
1628 4590 1870 4637 maneret
1917 4581 1993 4638 si-

417 4677 532 4735 mul
551 4679 698 4750 apud
725 4694 850 4744 nos,
869 4676 1175 4749 eodemque
1197 4675 1359 4730 modo
1387 4677 1675 4731 nobiscum
1703 4675 1994 4733 exsisteret

420 4787 486 4828 ac
541 4774 893 4829 concordiam
943 4771 1213 4826 haberet:
1265 4786 1374 4825 una
1433 4772 1634 4841 quippe
1717 4771 1989 4826 desiderio

420 4866 817 4935 mirationeque
835 4867 1108 4934 capimur.
1140 4862 1266 4919 Ideo
1290 4873 1342 4919 te
1360 4878 1484 4918 cum
1507 4877 1692 4918 amore
1718 4862 1990 4933 gloriﬁca-

423 4973 566 5014 mus.
599 4956 655 5011 iu
693 4958 778 5012 his
802 4968 981 5012 autem
1004 4958 1065 5010 τδ
1093 4958 1217 5012 ὅθεν
1247 4956 1590 5012 causativum
1622 4966 1728 5022 est,
1779 4966 1838 5010 ut
1864 4972 1992 5012 seu-

418 5066 516 5106 sus
545 5048 720 5120 quinti
749 5063 940 5121 versus
973 5048 1094 5103 talis
1154 5049 1227 5103 sit
1256 5065 1269 5101 :
1322 5048 1591 5116 Quoniam
1616 5123 1622 5128 Ι
1648 5048 1832 5103 omnis
1881 5046 1996 5102 elo-

416 5145 640 5214 quentia
667 5158 699 5199 a
733 5153 784 5200 te
813 5150 1123 5212 superatur,
1184 5143 1565 5214 augustissima
1621 5139 1850 5210 Dcipara
1877 5179 1893 5206 ,
1940 5150 1996 5197 et

416 5236 598 5290 earinis
623 5248 776 5290 mens
811 5232 1080 5301 vertigine
1111 5232 1322 5287 laborat
1353 5241 1504 5286 tuum
1535 5233 1826 5302 c0gitando
1871 5244 1995 5300 par-

423 5339 558 5394 turn,
589 5329 788 5382 idcirco
820 5341 922 5380 nos
946 5325 1312 5393 gloriﬁcamus
1348 5337 1419 5390 te,
1477 5340 1584 5378 non
1651 5324 1994 5392 multiloquio

424 5419 610 5488 sicque
659 5420 810 5490 operi
864 5434 1028 5488 supra
1081 5419 1334 5472 virtutem
1365 5416 1584 5480 addicti,
1638 5417 1731 5470 sed
1779 5417 1858 5469 vel
1896 5417 1995 5470 hoc

425 5510 602 5576 ipsum
635 5530 647 5562 :
681 5510 866 5566 Gloria
907 5510 1030 5576 tibi,
1069 5511 1149 5564 vel
1184 5509 1327 5562 aliud
1365 5506 1492 5576 quid
1536 5505 1861 5569 venerabile,
1914 5506 1998 5560 vel

426 5597 616 5652 saltem
645 5600 747 5656 hoc
800 5600 1058 5672 angelicae
1087 5599 1432 5658 salutationis
1464 5615 1478 5652 :
1512 5598 1646 5664 Ave,
1679 5613 1774 5654 seu
1827 5601 1994 5664 salve,

421 5697 728 5744 cantantes.

2093 3104 2246 3170 ξάζει
2278 3107 2370 3160 τὸν
2416 3108 2858 3181 ὰπειροδύναμον
2898 3110 3129 3182 Κύριον,
3165 3115 3262 3166 καὶ
3302 3112 3398 3183 τὴν
3431 3107 3634 3180 παραδόο

2093 3195 2200 3262 ξως
2235 3192 2506 3255 τεκοῦσαν
2533 3200 2722 3256 αὐτόν.

2164 3377 2304 3450 σκβ’.
2330 3376 2404 3433 Τὸ
2428 3379 2505 3448 δὲ,
2531 3382 2630 3436 σὺν
2656 3381 2808 3454 πόθῳ
2833 3383 3154 3455 δοξάζομεν,
3187 3387 3266 3448 ὼς
3296 3385 3576 3456 παράδοξόν
3595 3401 3639 3438 τι

2091 3471 2120 3523 ὁ
2151 3467 2390 3538 μελῳδὸς
2416 3473 2875 3544 παρεσημήνατο·
2906 3473 2957 3529 οἱ
2987 3475 3096 3547 γὰρ
3127 3476 3408 3548 όλοψύχως
3425 3473 3639 3539 δοξάζον·

2092 3581 2186 3626 τες
2224 3564 2315 3619 τὸν
2344 3565 2500 3632 Θεὸν,
2537 3566 2632 3618 καὶ
2659 3566 2759 3637 τὴν
2786 3567 3098 3640 ἁγιωτάτην
3129 3569 3302 3624 αὐτοῦ
3333 3571 3536 3639 μητέρα
3559 3569 3640 3620 καὶ

2093 3657 2220 3720 τοὺς
2273 3657 2465 3724 ἁγίους
2497 3657 2687 3723 αὐτοῦ,
2738 3660 2879 3714 κατά
2910 3676 3034 3714 τινα
3081 3661 3378 3731 τεραστίαν
3405 3657 3638 3726 ἔκπληξιν

2093 3747 2256 3802 τοῦτο
2289 3749 2562 3817 ποιοῦσιν,
2604 3750 2983 3822 ἀναϐοώμενοι
3031 3753 3237 3807 αὐτίκα
3285 3754 3378 3808 καὶ
3417 3753 3475 3806 τὸ
3523 3750 3638 3814 Δόξα

2095 3842 2238 3896 κατὰ
2267 3842 2329 3896 τὸ
2356 3843 2611 3915 σύνηθεςο
2659 3843 2784 3898 οὔτε
2816 3845 2875 3898 δὲ
2905 3845 3107 3900 ταυτὸν
3156 3848 3555 3918 ἀναντιρρήτως
3584 3845 3638 3912 τῇ

2094 3933 2355 4003 ἐκπλήξει
2391 3937 2420 3989 ὁ
2469 3935 2654 4002 πόθος,
2714 3936 2841 3990 οὔτε
2885 3938 3274 4009 συμπάρεστιν
3315 3940 3373 4006 ἐξ
3424 3940 3642 4005 ἀνάγκης

2098 4026 2273 4082 ἆπασι
2304 4030 2419 4092 τοῖς
2460 4029 2932 4101 ἐκπληττομένοις
2957 4032 3020 4085 τὸ
3047 4033 3144 4086 καὶ
3174 4034 3360 4088 ποθεῖν
3384 4033 3556 4085 ἐκεῖνα
3584 4027 3642 4080 δι’

2098 4112 2176 4172 ὢν
2205 4121 2238 4188 ἡ
2274 4120 2537 4192 ἔκπληξις
2592 4122 2837 4189 γίνεταιο
2888 4123 3077 4179 πολλοὶ
3137 4127 3251 4198 γὰρ
3310 4122 3642 4190 ἐκπλαγέντες

2100 4211 2286 4288 μόνον,
2317 4213 2630 4267 ἐπαύσαντο
2663 4214 2832 4284 μηδέν
2879 4233 2935 4269 τι
2985 4217 3349 4288 ποθήσαντεςο
3379 4217 3490 4270 ἔστι
3520 4213 3572 4266 δέ
3592 4201 3643 4263 οὗ

2095 4301 2191 4355 καὶ
2241 4291 2578 4372 μισήσαντες
2609 4304 2729 4359 λίαν
2780 4309 2946 4362 πάνυ.
3001 4307 3199 4376 Ἡμεῖς
3249 4309 3332 4373 δὲ,
3380 4307 3558 4378 φησὶν,
3605 4296 3644 4356 ὦ

2097 4395 2607 4462 παντάνασσα,·σὺν
2639 4398 2794 4470 πόθῳ
2823 4398 3121 4470 δοξάζομεν
3152 4418 3214 4455 σε
3238 4418 3252 4433 ο
3279 4401 3358 4466 ὡς
3387 4399 3477 4454 τοῦ
3500 4397 3643 4451 πόθου

2095 4488 2196 4558 τὴν
2247 4489 2515 4561 ἔκπληξιν
2575 4492 2970 4562 ἐκνικήσαντος
3000 4530 3018 4558 ,
3071 4494 3168 4548 καὶ
3221 4490 3645 4562 ἀντοισαχθέντος

2093 4581 2327 4646 ἐκείνου,
2372 4582 2607 4651 μάλιστα
2643 4583 2746 4653 μὲν
2775 4577 2871 4638 οὖν
2897 4585 2997 4638 σὺν
3029 4588 3224 4657 ἐκείνῳ
3254 4589 3506 4656 μένοντος
3534 4580 3645 4650 παρ’

2092 4672 2229 4741 ἡμῖν
2265 4673 2361 4726 καὶ
2390 4672 2754 4743 συζυγοῦντος
2780 4676 2838 4728 ἐν
2863 4677 2939 4746 τῷ
2970 4677 3391 4743 συνδυάζεσθαιο
3423 4677 3534 4747 ἅμα
3555 4674 3645 4742 γὰρ

2095 4765 2194 4819 καὶ
2228 4767 2527 4836 ποθοῦμεν,
2563 4769 2660 4822 καὶ
2689 4769 3130 4841 ὲκπληττόμεθαο
3168 4771 3254 4825 διδ
3277 4774 3373 4826 καὶ
3399 4773 3493 4825 σὺν
3518 4766 3646 4832 πόθῳ

2099 4872 2160 4909 σε
2197 4856 2516 4928 δοξάζομεν·
2550 4862 2608 4912 ἐν
2659 4860 2874 4922 τούτοις
2919 4861 2980 4914 δὲ
3032 4861 3092 4914 τὸ
3141 4861 3266 4915 ὅθεν
3314 4853 3644 4926 αἰτιολογικόν

2102 4951 2277 5013 ἐστιν,
2311 4951 2398 5002 ἵνα
2433 4953 2461 5004 ὁ
2491 4951 2617 5012 νοῦς
2642 4950 2739 5007 τοῦ
2786 4953 3038 5023 πέμπτου
3075 4955 3243 5016 ἔπους
3278 4954 3364 5024 εἴη
3396 4950 3643 5009 τοιοῦτος’

2113 5039 2335 5108 Ἐπειδὴ
2381 5039 2569 5094 ἅπασα
2617 5041 2874 5112 ῥητορεία
2919 5043 3149 5112 ἡττᾶταί
3187 5060 3305 5108 σου,
3340 5037 3385 5096 ὦ
3435 5040 3646 5104 πάνατνε

2101 5131 2357 5198 Θεοτόκε,
2391 5135 2484 5186 καὶ
2533 5132 2659 5196 νοῦς
2687 5132 2744 5186 δὲ
2797 5135 2945 5198 ἄπας
2995 5133 3202 5205 ίλιγγιᾷ
3243 5137 3339 5190 τὸν
3381 5134 3529 5187 τόκον
3567 5144 3646 5181 σου

2101 5227 2266 5291 νοεῖν,
2295 5226 2382 5278 διὰ
2405 5225 2566 5279 τοῦτο
2599 5227 2760 5296 ἡμεῖς
2785 5227 3084 5297 δοξάζομεν
3113 5245 3198 5294 σε,
3224 5228 3286 5282 οὗ
3318 5218 3648 5290 πολυλογοῦνν

2103 5336 2214 5382 τες,
2269 5322 2363 5371 καὶ
2411 5319 2583 5383 οὕτως
2634 5320 3012 5390 ἐγχειροῦντες
3062 5323 3174 5384 τοῖς
3234 5320 3379 5390 ὑπὲρ
3422 5317 3645 5382 δύναμιν.

2106 5415 2240 5466 ἀλλὰ
2269 5415 2300 5483 ἢ
2335 5414 2465 5467 αὐτὸ
2494 5415 2652 5467 τοῦτο
2689 5414 3154 5482 αναφθεγγόμενοι
3202 5415 3290 5480 τὸ,
3338 5412 3470 5476 Δόξα
3501 5402 3645 5468 σοι,ῆ

2106 5508 2234 5562 ἄλλο
2260 5525 2311 5560 τι
2342 5508 2597 5580 γεραρὸν,
2650 5509 2681 5576 ἢ
2719 5507 2854 5560 ἀλλὰ
2885 5508 3013 5560 αὐτὸ
3059 5509 3118 5560 τὸ
3160 5508 3382 5578 Χαὲροις
3414 5503 3444 5573 ἢ
3477 5501 3646 5566 Χαῖρε.

2105 5607 2164 5658 το
2191 5603 2486 5671 ἀγγελικδν
2524 5603 2922 5673 προσφώνημα.
