3996 6194
365 280 476 348 729

549 405 878 474 Tpoxdptor
911 409 1146 476 πρῶτον
1175 411 1284 478 τῆς
1314 413 1576 479 ἐνγὰτης
1607 413 1790 482 ᾠδῆς.

362 495 554 551 XXVI.
583 498 767 550 ’Υδειν
792 499 936 552 ἔοικε
966 502 1066 570 τὴν
1100 503 1369 570 φυσίζωον
1407 507 1577 575 κόρην
1601 521 1616 536 ο

573 586 727 651 Μόνη
758 587 868 659 γὰρ
900 590 958 644 ἐν
981 590 1154 663 δίνῃσι
1183 595 1448 664 κεκρύφει
1473 598 1670 665 Λόγον,

573 677 860 732 Νοσοῦσαν
889 681 1213 738 άλθαίνοντα
1239 676 1338 754 τὴν
1365 687 1572 757 βροτῶν
1599 689 1785 758 φύσιν,

584 771 680 833 ’ος
709 769 904 834 δεξιοῖς
937 774 1212 842 κλισμοῖσι
1248 777 1341 830 νῦν
1372 780 1655 848 ἱδρυμένος

573 860 786 929 Πατρός
812 862 1066 934 πέπομφε
1090 865 1189 938 τὴν
1211 869 1369 936 χάριν
1399 869 1495 922 τοῦ
1527 872 1864 942 Πνεύματος.

427 957 569 1019 σκγν.
602 952 694 1015 Εἰς
718 953 818 1018 τὴν
852 955 1202 1025 πανύμνητον
1233 959 1493 1014 Θεοτόκον
1519 951 1783 1017 ἀπονεῦον
1829 965 1924 1018 καὶ

350 1044 416 1098 τδ
442 1044 620 1115 παρὸν
665 1047 987 1119 τροπάριον,
1041 1049 1118 1111 ὡς
1165 1052 1363 1124 ἐρρέθη
1414 1055 1473 1106 ἐν
1502 1055 1614 1117 τοῖς
1656 1059 1781 1128 περὶ
1825 1057 1920 1112 τοῦ

349 1138 573 1209 εῖρμοῦ,
606 1140 878 1211 ἐπικρίνει
927 1143 1047 1195 δέον
1092 1141 1234 1198 εἶναι
1289 1147 1580 1215 ὑμνεῖσθαι
1623 1149 1798 1218 αὐτὴν
1846 1150 1923 1213 ὡς

351 1231 522 1304 μόνην
553 1233 617 1285 ἑκ
647 1233 838 1286 πασῶν
883 1235 992 1288 τῶν
1027 1238 1244 1304 γενεῶν
1294 1239 1700 1308 ὲμφορηθεῖσαν
1752 1243 1916 1305 Θεοῦ,

346 1322 443 1374 καὶ
468 1321 854 1393 άγαπηθεῖσαν
881 1325 1051 1393 αὐτῷ’
1099 1327 1196 1380 καὶ
1228 1327 1409 1381 ἔνθεον
1453 1332 1546 1382 καὶ
1573 1330 1822 1402 θεοδόχον
1855 1335 1917 1386 ού

344 1412 492 1465 κατὰ
530 1412 810 1482 διαγωγὴν
841 1416 1120 1486 ἐνάρετον,
1153 1418 1186 1487 ἢ
1231 1422 1374 1474 κατὰ
1421 1421 1512 1474 τὸν
1545 1425 1919 1492 πρεσϐύτατον

344 1503 440 1555 καὶ
467 1503 773 1572 ἁγιώτατον
803 1504 1053 1576 Συμεὼν,
1089 1509 1226 1564 άλλά
1265 1512 1341 1573 ὠς
1389 1513 1605 1581 ἀληθῶς
1633 1516 1691 1566 ὲν
1719 1517 1917 1586 γαστρὶ

339 1593 648 1664 δεξαμένην
674 1599 902 1663 ἐκεῖνον,
929 1599 958 1652 ὅ
991 1602 1107 1652 ἐστι
1133 1604 1577 1672 κυοφορήσασαν·
1612 1607 1758 1660 ἔοικε
1784 1608 1913 1677 γὰρ,

341 1687 535 1754 φησὶν,
566 1688 736 1756 ἡγουν
785 1690 1008 1759 πρέπει,
1047 1691 1275 1762 οὐδεμία
1319 1695 1428 1765 γὰρ
1473 1696 1581 1750 τῶν
1614 1698 1790 1752 ἄλλων
1818 1713 1914 1770 ση-

339 1779 555 1847 μασιῶν
601 1781 697 1836 τοῦ
751 1784 932 1837 ἔοικεν
981 1786 1265 1856 άρμοστὲα
1292 1790 1547 1854 ἐνταῦθα,
1597 1791 1744 1845 ὑδειν
1789 1794 1907 1863 ἦτοι

334 1871 485 1943 ᾅδειν
512 1875 607 1928 καὶ
632 1875 824 1944 ὑμνεῖν
846 1876 920 1942 ὡς
967 1881 1061 1932 καὶ
1113 1881 1462 1952 προεγράφη,
1502 1884 1601 1955 τὴν
1639 1887 1910 1954 φυσέζωον

333 1967 528 2036 κόρην,
562 1967 731 2037 ἤγουν
762 1969 875 2050 σὴν
921 1973 1392 2042 μητροπάρθενον,
1450 1975 1526 2038 ὡς
1582 1976 1702 2043 μετ’
1750 1978 1908 2046 ὀλίγα

333 2059 640 2129 εἰρήσεται·
683 2061 819 2132 μόνη
872 2065 981 2133 γὰρ
1030 2063 1298 2133 κεκρύφει
1342 2066 1524 2137 ἤγουν
1579 2067 1816 2137 ἔκρυψεν
1847 2073 1908 2122 ἐν

331 2154 478 2218 ταῖς,
506 2152 582 2216 ὡς
607 2155 636 2206 6
668 2155 1127 2226 προηγησάμενος
1155 2157 1256 2228 τὴν
1297 2157 1560 2228 ἐξήγησιν
1607 2159 1775 2228 λέγει,
1811 2161 1908 2215 λα-

329 2244 487 2314 γόσιν
521 2247 690 2315 αὑτῆς
715 2285 730 2308 ,
773 2247 840 2310 ἃς
883 2249 1055 2314 δίνας,
1085 2251 1271 2318 φησὶν,
1305 2249 1560 2319 ὀνομάζει
1593 2254 1620 2305 6
1652 2254 1902 2322 ποιητὴς,

332 2334 496 2402 λόγον
541 2337 638 2389 τὸν
670 2337 896 2406 κυρίως,
928 2337 1022 2390 τδν
1071 2340 1454 2406 ἐνυπόστατον,
1502 2340 1593 2394 τὸν
1625 2343 1698 2410 τῷ
1729 2341 1906 2415 Harp!

334 2427 778 2497 συγκαθήμενον,
833 2429 926 2481 τὸν
961 2429 1288 2484 άλθαίνοντα
1344 2431 1462 2502 ἤτοι
1505 2431 1900 2502 θεραπεύοντα,

328 2524 425 2570 καὶ
457 2519 778 2589 ἰατρεύοντα
807 2521 907 2590 τὴν
935 2522 1030 2574 καὶ
1075 2525 1391 2592 νοσήσασαν
1444 2524 1556 2577 τῶν
1599 2525 1904 2593 ἀνθρώπω)

328 2609 497 2674 φύσιν
535 2611 630 2664 καὶ
663 2610 926 2666 νοσοῦσαν
960 2614 1054 2666 καὶ
1102 2615 1254 2668 οὑδέν
1305 2619 1658 2689 παυσομένην
1704 2621 1898 2684 νοσεῖν,

325 2703 436 2763 ἕως
497 2703 595 2765 τὰς
647 2705 1030 2775 άμαρτητικὰς
1085 2707 1338 2779 καχεξίας
1392 2710 1579 2774 κακῶς
1628 2710 1897 2775 ποιοῦσα,

326 2799 617 2865 προσίεται
653 2800 745 2852 καὶ
781 2800 1156 2866 είσοικίζεται.

401 2978 534 3032 σκδ⁰.
572 2977 741 3031 Ἔνθα
769 2977 1077 3048 σημείωσαι
1110 2979 1186 3042 ὡς
1236 2979 1360 3034 ἐπεὶ
1392 2981 1452 3034 ὲν
1494 2977 1575 3052 τῷ
1620 2982 1813 3052 μόναις
1839 2983 1900 3036 ιν

1147 295 1230 356 IN
1271 295 1607 358 IIYMNUM
1651 299 2310 362 PEN'I‘ECOSTALEM
2359 305 2828 370 DAMASCENI.

1958 419 2006 476 Α

3503 321 3606 383 730

2378 419 2692 488 Tropurt’um
2719 428 2943 494 primum
2971 429 3086 482 οιίιε
3113 443 3281 486 mum.

2203 511 2437 566 Cattlare
2467 515 2622 568 decet
2656 527 2902 571 naturam
2933 521 3291 576 viriﬁcametn
3325 523 3553 590 puellam
3589 544 3603 579 :

2140 603 2261 656 Satn
2290 604 2433 657 enim
2466 605 2518 658 in
2553 609 2834 672 profundis
2861 610 3154 667 occultavit
3186 613 3446 677 Verbum.

2139 693 2444 766 Egrotanti
2481 699 2704 754 medens
2739 705 3049 759 mortalium
3081 709 3346 778 naturae”

2128 787 2282 853 Quod
2316 790 2526 846 dextris
2557 791 2779 846 sedibus
2811 811 2958 851 nunc
2991 797 3186 852 sedens

2132 880 2329 942 Patris,
2363 882 2513 936 misit
2551 885 2780 950 gratiam
2817 885 3081 954 Spiritus.

2091 973 2223 1028 225.
2247 973 2326 1028 Ad
2364 975 2852 1030 laudabilissitnam
2895 977 3173 1046 Deiparam
3206 985 3506 1054 respiciens
3537 996 3592 1041 ct

2023 1067 2123 1122 ista
2167 1068 2408 1138 stroplte,
2439 1069 2584 1122 sicut
2616 1071 2668 1123 in
2705 1070 2789 1124 his
2821 1086 2941 1138 quae
2981 1083 3221 1139 spectant
3284 1079 3346 1131 ad
3391 1095 3586 1132 nexum

2020 1157 2124 1212 fuit
2144 1159 2371 1221 dictum,
2399 1169 2653 1229 oportere
2681 1161 2923 1216 decernit
2951 1161 3096 1217 illam
3148 1166 3425 1221 celebrare
3443 1168 3591 1221 velu-

2021 1251 2058 1303 ti
2091 1251 2263 1305 solam
2289 1266 2352 1306 ex
2379 1252 2635 1307 omnibus
2673 1255 3119 1320 generationibus
3165 1257 3272 1311 Deo
3325 1259 3584 1328 repletam

2020 1343 2234 1411 ipsique
2264 1342 2714 1407 dilectissimum;
2750 1353 2800 1398 ct
2832 1361 2860 1398 a
2912 1345 3022 1398 Deo
3067 1346 3300 1401 adlatam
3334 1362 3398 1404 ac
3458 1350 3590 1404 visi-

2019 1439 2184 1486 tatam
2221 1447 2330 1486 non
2361 1433 2660 1488 secundum
2694 1433 2859 1486 vitam
2902 1435 3100 1489 virtute
3139 1439 3442 1506 praeditam,
3486 1456 3587 1496 nec

2016 1527 2317 1578 secundum
2378 1525 2744 1579 venerabilem
2810 1525 3332 1596 sanctissimumque
3398 1545 3583 1584 senem

2015 1614 2638 1677 Sitnconetn,sedvehrt
2693 1630 2810 1668 eam
2847 1632 2966 1685 quae
3024 1621 3263 1685 Suscepit
3325 1617 3472 1673 illum
3531 1621 3583 1672 in

2015 1714 2204 1760 ventre
2221 1707 2301 1761 vel
2333 1707 2386 1760 in
2414 1716 2568 1762 utero
2591 1707 2732 1761 tulit.
2769 1709 2974 1774 Ἔοικε,
3000 1710 3157 1764 decet
3185 1709 3353 1777 enim,
3379 1711 3579 1781 inquit,

2019 1799 2134 1854 sive
2161 1799 2440 1862 convenit,
2492 1799 2635 1854 nulla
2696 1798 2964 1869 siquidem
3027 1817 3088 1856 ex
3127 1803 3248 1856 aliis
3309 1802 3585 1873 signiﬁca-

2019 1888 2256 1945 tionibus
2291 1887 2388 1942 τοῦ
2427 1889 2604 1943 ἔοικεν
2635 1888 2722 1943 hic
2757 1901 2991 1958 aptatur,
3051 1889 3195 1942 ὑδειν
3251 1891 3366 1946 sive
3413 1891 3580 1963 ᾄδειν,

2017 1982 2262 2036 carmine
2286 1981 2564 2036 celebrare
2621 1981 2969 2050 hymnisque,
3026 1979 3167 2037 sicut
3216 1982 3416 2038 dictum
3477 1993 3579 2048 est,

2015 2073 2272 2135 exaltare,
2309 2072 2578 2141 φυσίζωον
2605 2073 2796 2142 κόρην,
2837 2072 2952 2127 sive
3004 2074 3264 2142 virginem
3327 2085 3580 2139 matrem,

2015 2173 2072 2218 ut
2098 2165 2258 2234 paulo
2312 2173 2433 2233 post
2470 2163 2733 2220 docetur:
2771 2166 2883 2220 sola
2919 2165 3117 2236 quippe
3147 2166 3412 2234 κεκρύφει
3472 2164 3584 2219 sive

2012 2257 2274 2326 ἔκρυψεν,
2304 2255 2612 2322 abscondit,
2638 2257 2780 2311 sient
2807 2257 2910 2310 dux
2936 2254 3402 2326 interpretationis
3430 2256 3583 2322 dicit,

2013 2349 2066 2403 in
2099 2349 2260 2403 ilibus
2298 2349 2434 2412 suis,
2487 2363 2608 2416 quae
2663 2348 2812 2410 δίνας
2874 2349 3153 2417 (vortices)
3194 2357 3352 2404 vocat
3402 2360 3582 2418 poeta,

2012 2440 2160 2493 illum
2193 2441 2284 2510 qui
2321 2442 2539 2509 proprie
2597 2449 2680 2496 est
2743 2441 3002 2503 Verbum,
3059 2441 3579 2497 consubstantialem

2010 2543 2074 2582 ac
2133 2543 2518 2584 consessorem
2570 2528 2738 2596 Patri,
2796 2530 3260 2594 τονά).θαίνοντα,
3321 2531 3435 2585 sive
3486 2529 3583 2600 qui

2011 2630 2165 2675 curat
2198 2633 2261 2674 ac
2291 2630 2451 2675 sanat
2481 2631 2796 2690 aegrotatam
2827 2631 2878 2676 et
2933 2633 3310 2692 mgrotautmn,
3346 2633 3397 2676 et
3446 2639 3583 2676 unn-

2013 2723 2174 2780 quam
2203 2713 2271 2766 ab
2292 2715 2646 2781 aegrotatione
2682 2723 3015 2770 cessaturum
3083 2717 3364 2769 hominum
3427 2725 3580 2768 mtu-

2012 2813 2151 2864 ram,
2184 2804 2312 2855 dum
2343 2805 2677 2872 peccatorias
2707 2804 3095 2874 dispositiones
3155 2805 3295 2859 male
3351 2805 3578 2867 habens,

2009 2893 2274 2963 accipitur
2293 2901 2346 2948 et
2378 2895 2430 2948 in
2465 2909 2661 2949 novam
2701 2896 3098 2951 habitationem
3123 2896 3363 2966 eligitur.

2075 2985 2202 3039 224.
2240 2983 2338 3040 Hic
2363 2985 2762 3040 observandum
2797 2986 3258 3057 quod,‘quoniam
3313 2989 3366 3041 ln
3423 2987 3579 3040 loruo

325 3070 507 3142 “una:
539 3070 805 3141 κεκρύφει
837 3071 1030 3138 Λόγον,
1062 3072 1161 3126 οὐκ
1188 3073 1456 3144 ἐδήλωσεν
1477 3072 1552 3136 ὡς
1581 3074 1754 3142 Λόγον
1786 3076 1893 3147 ἔφη

2010 3077 2155 3132 tione
2189 3095 2202 3131 :
2236 3079 2424 3147 μόναις
2453 3079 2512 3131 ὲν
2543 3079 2720 3149 δίνῃσι
2756 3078 3021 3148 κεκρύφει
3061 3064 3253 3146 Λόγον,
3289 3091 3396 3133 non
3433 3079 3579 3134 clare

322 3163 417 3216 τὸν
456 3163 579 3216 Υῑὸν
613 3163 710 3216 τοῦ
753 3162 914 3227 Θεοῦ,
958 3165 1212 3234 ἐπήγαγε
1252 3165 1354 3234 μὲν
1399 3165 1698 3236 σαφηνείας
1743 3169 1901 3238 χάριν

2010 3169 2332 3240 signiﬁcavit
2370 3186 2428 3225 se
2465 3171 2644 3227 dicere
2679 3167 2914 3227 Verbum
2952 3169 3149 3226 Filium
3205 3172 3322 3236 Dei,
3385 3173 3582 3240 adjecit

320 3256 385 3306 τδ
413 3255 577 3309 αὑτὸν
612 3255 891 3309 ὰλθαίνειν
937 3257 1355 3326 θεραπευτικῶς
1387 3259 1538 3326 ἡμᾶς
1589 3257 1902 3324 νοσοῦντας,

319 3343 413 3399 οἷα
434 3345 627 3416 ψυχῶν
653 3346 747 3401 καὶ
779 3348 1048 3416 σωμάτων
1079 3348 1284 3419 ἰατρόν.
1325 3347 1482 3401 Ἐπεὶ
1510 3350 1568 3402 δὲ
1600 3351 1690 3402 καὶ
1723 3350 1903 3412 ἄλλως

321 3441 503 3506 λόγοις
531 3437 697 3503 θείοις
723 3437 910 3494 ἰῶνται
934 3439 1234 3510 ἄνθρωποι,
1261 3441 1346 3494 διὶ
1371 3441 1548 3508 τοῦτο,
1574 3441 1706 3513 πρὸς
1730 3444 1903 3496 πλείω

323 3533 420 3584 καὶ
450 3531 922 3601 ιίλικρινεστάτην
956 3533 1278 3604 σαφήνειαν,
1311 3534 1507 3602 ἐπάγει
1554 3536 1648 3588 καὶ
1681 3535 1858 3588 ταῦτα
1881 3549 1899 3566 ⁸

327 3627 427 3688 ’ος
461 3626 632 3696 ἦγουν
659 3627 687 3680 6
720 3625 910 3696 ῥηθεὶς
955 3627 1127 3695 Λόγος
1161 3626 1446 3699 ἱδρυμένος
1474 3627 1571 3683 νῦν
1602 3630 1662 3683 ὲν
1705 3628 1902 3693 δεξιοῖς

324 3716 580 3787 κλισμοῖς
620 3717 648 3770 ὅ
683 3718 801 3772 ιστι
840 3717 1051 3788 θρόνοις
1091 3718 1483 3788 μεγαλωσύνης
1512 3718 1608 3772 τοῦ
1653 3719 1898 3790 Πατρὺς,

322 3810 468 3863 κατὰ
493 3811 577 3874 τὸ,
594 3809 879 3864 Ἐκάθισεν
905 3813 968 3864 ὲκ
995 3811 1185 3876 δεξιῶν
1205 3811 1301 3864 τοῦ
1326 3811 1483 3879 Θεοῦ,
1515 3811 1774 3880 πέπομφε
1801 3811 1904 3881 τὴν

327 3905 490 3972 γᾶριν
519 3900 616 3954 τοῦ
650 3901 992 3972 Πνεύματος,
1020 3895 1082 3956 οῦ
1117 3904 1217 3971 τὴν
1247 3902 1442 3973 ἑορτὴν
1487 3904 1728 3974 σήμερον
1772 3903 1900 3971 ἄγο-

323 4013 447 4062 μεν.
479 3995 590 4046 Καὶ
608 3994 669 4047 τὸ
693 3993 794 4063 μὲν
820 3994 1004 4048 όλικδν
1025 3994 1231 4060 ἀγαθδν
1252 3994 1352 4064 τῆς
1371 3995 1638 4065 τροπικῆς
1660 3995 1896 4058 ἑννοίας.

318 4083 583 4137 τοιοῦτον⁸
613 4083 725 4136 τῶν
776 4085 834 4141 δὲ
885 4084 1028 4138 κατὰ
1080 4085 1228 4151 λέξιν
1261 4085 1320 4138 τὸ
1361 4085 1458 4154 μὲν
1489 4083 1635 4139 ὑδειν
1683 4082 1752 4157 ἦν
1800 4087 1898 4154 μὲν

317 4175 498 4225 εἰπεῖν
523 4175 829 4244 κοινότερον
849 4173 1042 4243 ὑμνεῖν
1061 4173 1382 4242 άλυμάντως
1401 4175 1466 4243 τῇ
1492 4174 1845 4244 ἀκροστιχίδι·
1870 4175 1898 4227 6

318 4267 375 4317 δὲ
405 4263 768 4336 παροξύτονος
800 4265 1100 4336 μελῳδικδς
1123 4265 1274 4329 τόνος
1290 4266 1408 4330 τοῦ,
1429 4267 1675 4336 Χαίροις,
1697 4268 1898 4320 Ἀνασε-

315 4378 408 4424 ea,
456 4360 518 4412 τι
572 4359 762 4429 ὑμνεῖν
789 4356 1115 4427 ἀπαγαγὼν,
1167 4359 1231 4412 τὸ
1260 4356 1408 4412 ὕδειν
1456 4359 1894 4429 ἀντεισήγαγενο

2005 3260 2224 3330 quidem
2251 3260 2536 3316 evidentiae
2559 3277 2722 3316 causa
2759 3261 2908 3316 illum
2947 3273 3135 3315 curue
3181 3273 3282 3316 nos
3314 3270 3578 3330 aegrotan-

2007 3361 2085 3404 tes
2110 3365 2326 3416 sanare,
2362 3363 2621 3420 tauquam
2686 3356 2991 3406 animarum
3028 3369 3089 3407 ac
3125 3365 3414 3422 corporum
3455 3370 3572 3406 ΙΠΟ·

2003 3441 2188 3496 dicum
2219 3459 2232 3507 ;
2259 3442 2518 3512 quoniam
2551 3454 2734 3498 autem
2768 3443 2987 3498 aliunde.
3018 3445 3217 3499 divinis
3251 3445 3432 3499 verbis
3493 3461 3577 3499 sa-

2004 3544 2206 3589 nantur
2230 3535 2504 3603 homines,
2531 3536 2655 3590 ideo
2688 3547 2906 3606 propter
2939 3543 3201 3608 majorem
3235 3537 3577 3593 nitidiorem-

2003 3641 2111 3696 que
2157 3627 2483 3682 evidentiam
2547 3629 2824 3697 adjecitet
2855 3628 3003 3683 ista:
3056 3630 3158 3694 Qui
3220 3629 3400 3684 dictus
3445 3629 3577 3684 Vctr-

2003 3719 2156 3782 bum,
2197 3735 2347 3774 nunc
2372 3721 2707 3774 constitutus
2761 3721 2813 3774 in
2841 3721 3076 3776 dexteris
3111 3721 3360 3790 κλισμοῖς
3415 3721 3575 3790 (sedi-

2001 3812 2165 3879 libus)
2191 3825 2284 3864 seu
2311 3810 2526 3865 thronis
2560 3810 2946 3880 magnitudinis
3017 3810 3214 3875 Patris,
3269 3813 3571 3865 secundum

2003 3902 2104 3955 lt'oc
2136 3919 2149 3955 :
2177 3900 2327 3955 Sedit
2357 3901 2420 3954 ad
2444 3901 2723 3955 dexteram
2757 3899 2872 3964 Dei,
2898 3900 3042 3954 misit
3062 3900 3287 3970 gratiam
3311 3901 3570 3969 Spiritus,

1999 3991 2158 4060 cujus
2182 3990 2341 4045 hodie
2365 3989 2558 4045 festum
2589 3989 2946 4045 celebramus.
2983 3988 3045 4044 Et
3075 3989 3297 4060 quidem
3358 3990 3462 4044 tale
3487 3999 3574 4045 cst

2000 4082 2314 4137 universum
2341 4083 2564 4152 πορίσω
2600 4081 2881 4137 sententia:
2919 4081 3142 4136 bonum.
3170 4081 3357 4148 Quoad
3390 4092 3570 4137 autem

1999 4175 2317 4239 dictionem,
2340 4174 2568 4229 verbum
2585 4173 2799 4243 quidem
2830 4172 2976 4226 ὑδειν
3000 4175 3347 4228 communius
3381 4172 3575 4230 fuisset

1997 4265 2286 4322 dicendum
2319 4264 2512 4335 ὑμνεῖν
2538 4264 2903 4320 acrostichide
2951 4267 3142 4330 salva;
3190 4267 3282 4320 sed
3321 4267 3571 4324 melodus

1998 4368 2160 4414 tonus
2188 4373 2354 4429 super
2380 4358 2729 4427 penultimam
2765 4357 2916 4423 dicti,
2953 4356 3200 4429 Χαίροις,
3232 4357 3461 4419 ἄνασσα,
3493 4376 3576 4414 rc-

311 4454 454 4523 ὃπερ
503 4451 609 4504 ἀπὸ
636 4450 730 4504 τοῦ
770 4449 919 4523 ᾄδειν
963 4449 1246 4522 παρῆχθαι
1285 4450 1427 4505 κατά
1458 4465 1584 4505 τινα
1635 4451 1890 4520 γλῶσσαν

2010 4463 2226 4502 movens
2276 4448 2504 4502 verbum
2553 4448 2760 4517 ὑμνεῖν,
2809 4446 2870 4498 τὸ
2917 4445 3062 4500 ὑδειν
3115 4448 3168 4500 in
3222 4449 3341 4519 ejus
3391 4450 3569 4503 locum

310 4545 482 4614 φασὶν
518 4542 570 4596 οἱ
609 4543 835 4596 παλαιοὶ
866 4541 1280 4612 δωρικώτερον.

395 4729 533 4778 σκε’.
581 4721 646 4774 'll
679 4721 737 4775 δὲ
773 4721 1046 4790 φυσίζωος
1093 4723 1254 4792 κόρη,
1296 4718 1471 4783 οὕτως
1520 4719 1588 4775 ἂν
1635 4719 1893 4791 συνθήσει

309 4817 408 4889 τὴν
457 4817 532 4880 ὡς
565 4814 766 4885 ὲρῤέθη
821 4811 1270 4883 μητροπάρθενον
1299 4826 1314 4841 ο
1367 4810 1461 4863 τοῦ
1499 4810 1600 4880 μὲν
1653 4809 1822 4879 φῦσαι
1866 4811 1894 4863 ὅ

315 4917 436 4965 ἑστι
464 4911 748 4978 γεννῆσαι,
773 4908 840 4976 τῇ
868 4907 1036 4975 μητρὶ
1057 4905 1492 4973 ἁρμπτομένου·
1520 4903 1618 4970 τῆς
1644 4903 1701 4956 δὲ
1725 4903 1893 4973 κόρης

307 5009 394 5068 εἰς
427 5003 624 5056 ταυτὸν
660 5000 844 5070 ίούσης
870 5001 936 5069 τῇ
967 4997 1244 5064 παρθένῳ*
1273 4996 1492 5058 πάντως
1522 4994 1578 5047 δὲ
1611 4997 1642 5066 ἡ
1670 4995 1892 5064 φύσασα

310 5107 372 5158 ἑν
422 5102 500 5171 τῷ
541 5099 730 5169 μάνειν
783 5095 1010 5164 τοιαύτη
1056 5092 1232 5163 κόρη,
1293 5091 1392 5161 τὴν
1445 5091 1893 5162 μητροπάρθενον

311 5193 599 5263 σημαίνω
633 5187 695 5242 τὸ
721 5185 779 5242 δὲ
828 5183 1100 5255 φυσίζωος
1129 5184 1158 5237 6
1190 5183 1290 5253 μὲν
1337 5181 1657 5250 Ἑλληνικδς
1692 5183 1892 5250 γλυκὺς

313 5284 548 5351 ποιητὴς
580 5279 684 5350 γῆς
721 5278 974 5333 ἐπίθετον
1005 5273 1138 5343 οἶδε,
1171 5276 1477 5344 λεγομένης
1507 5273 1650 5328 οὑτω
1678 5275 1709 5345 ἢ
1742 5275 1892 5344 παρά

309 5375 373 5429 τὸ
403 5373 560 5442 φύειν
591 5373 762 5437 ζειὰς,
799 5371 887 5425 ἵνα
992 5368 1258 5438 φυσίζωος
1311 5367 1384 5436 γῆ
1424 5367 1498 5430 ὡς
1536 5368 1648 5420 ἀπὸ
1688 5367 1888 5438 μέρους

309 5469 422 5521 τῶν
475 5466 636 5532 ζειῶν
670 5467 792 5531 ἦτοι
838 5464 1216 5530 πάνσπερμος,
1269 5457 1394 5511 ὅθεν
1444 5460 1476 5528 ἡ
1533 5459 1890 5524 πανσπερμία

315 5558 629 5626 παράγεται
655 5570 666 5583 ’
701 5555 733 5621 ἢ
770 5553 944 5614 ἄλλως
993 5551 1264 5618 φυσῐζωος
1310 5549 1342 5617 ἡ
1392 5547 1606 5615 φύουσα
1654 5547 1722 5599 τὰ
1755 5549 1891 5616 πρὸς

312 5651 484 5719 ζωήν·
516 5648 788 5718 γράφεται
838 5645 894 5696 δὲ
936 5642 1067 5714 παρ’
1095 5643 1290 5710 ἐκείνῳ
1329 5642 1407 5709 τῷ
1438 5642 1634 5708 ποιητῇ
1667 5640 1753 5692 διὰ
1796 5639 1886 5692 τοῦ

307 5762 338 5802 ο
369 5737 568 5816 μικροῦ
603 5739 636 5806 ἡ
673 5737 1066 5808 παραλήγουσα
1095 5735 1191 5804 τῆς
1244 5733 1374 5803 παρ’
1421 5730 1569 5800 αὑτῷ
1604 5731 1894 5800 φυσιζόου,

1997 4541 2266 4607 adduxit;
2305 4541 2448 4611 quod
2478 4555 2507 4594 a
2536 4539 2702 4594 verbo
2731 4537 2880 4610 ᾄδειν
2935 4552 3055 4594 esse
3082 4540 3386 4593 derivatum
3415 4540 3570 4608 juxta

1994 4635 2283 4705 quamdam
2309 4633 2550 4686 doricam
2584 4631 2825 4701 linguam
2859 4631 3008 4685 aiunt
3039 4645 3274 4686 veteres.

2067 4723 2196 4778 225.
2267 4723 2338 4774 Ἦ
2374 4722 2430 4774 δὲ
2477 4721 2749 4788 φυσίζωος
2807 4720 2965 4791 κόρη.
3019 4723 3096 4776 sic
3145 4732 3453 4792 componet,
3513 4729 3574 4777 ut

1994 4815 2197 4870 dictum
2228 4820 2333 4877 cst,
2363 4811 2628 4882 virginem
2664 4819 2892 4866 matrem
2935 4830 2949 4864 :
2989 4813 3092 4866 hoc
3124 4813 3342 4882 quidem
3361 4815 3569 4890 ςφύσιῑιι,

1994 4908 2138 4977 quod
2180 4913 2266 4961 est
2328 4905 2620 4974 genuisse,
2680 4904 2843 4956 matri
2891 4913 3142 4973 aptatur;
3203 4905 3343 4960 istud
3389 4914 3568 4961 autem

1993 5000 2131 5070 κόρη
2167 4998 2232 5054 ad
2263 4997 2403 5052 idem
2430 4996 2576 5051 redit
2622 5011 2687 5050 ac
2718 4997 2892 5066 virgo.
2944 4990 3178 5054 Prorsus
3231 5006 3411 5053 autem
3477 4999 3569 5054 illa

1994 5106 2116 5161 qua:
2147 5088 2356 5161 genuit,
2392 5087 2514 5143 talis
2563 5087 2715 5156 virgo
2757 5100 3112 5157 permanens,
3155 5088 3418 5158 virginem
3459 5104 3572 5143 ma-

1996 5191 2133 5237 trem
2192 5179 2487 5250 signili'eat.
2558 5175 2671 5232 Hoc
2731 5186 2912 5233 autem
2981 5179 3275 5248 φυσίζωος,
3346 5177 3570 5233 Graecus

1995 5275 2086 5328 ille
2109 5273 2290 5329 suavis
2321 5281 2478 5341 poeta
2525 5269 2745 5340 quidem
2805 5271 3103 5341 epithetum
3161 5281 3318 5324 terra:
3373 5268 3566 5332 novit,

1995 5365 2220 5436 quze'sic
2251 5365 2474 5429 dicitur,
2506 5365 2588 5416 vel
2614 5363 2738 5433 quia
2765 5371 2988 5433 generat
3022 5376 3150 5417 zeas
3182 5361 3330 5430 (φύει
3365 5355 3562 5426 ζειὰς),

1995 5470 2054 5512 ut
2085 5458 2154 5511 sit
2180 5467 2341 5523 terra,
2377 5466 2631 5525 tanqumv
2695 5469 2757 5508 et
2821 5468 2972 5522 parte
3021 5452 3202 5518 ζειῶν,
3271 5449 3565 5520 φυσίζωυς,

1997 5551 2112 5604 sive
2180 5551 2572 5617 πάνσπερμοςς
2619 5551 2760 5601 unde
2829 5545 3181 5613 πανσπερμία
3243 5543 3560 5606 derivatur;

1995 5644 2076 5695 vel
2103 5639 2258 5693 aliter
2286 5637 2576 5707 φυσίζωος,
2599 5653 2717 5707 qua:
2746 5651 2835 5698 res
2863 5636 2927 5687 ad
2956 5640 3116 5686 vitam
3143 5632 3332 5702 (ζωὴν)
3366 5645 3561 5686 neces-

1993 5736 2167 5790 sarias
2189 5740 2434 5804 generat.
2466 5729 2737 5785 Scribitur
2768 5735 2948 5781 autem
2980 5725 3126 5794 apud
3165 5726 3306 5780 hunc
3341 5732 3556 5796 poetam
