3950 6204
463 296 564 360 731

1135 304 1554 366 EUSTATIIH
1596 307 2042 371 THESSALON
2059 310 2351 370 [CENSIS
2389 312 2954 376 METROPOLITE
3549 323 3636 390 Ἧὶὲ

386 419 394 428 ·
449 405 552 476 per
576 425 608 462 o
641 411 798 466 breve
828 414 1120 484 penultima
1147 417 1298 472 vocis
1331 417 1602 484 φυσιζόου
1653 423 1808 490 juxta
1841 423 2029 494 dacty-

2141 426 2274 478 κατά
2302 427 2566 482 δακτύλου
2610 430 2723 499 ἀπη
2737 431 3027 499 ρτισμένον
3054 446 3067 463 ·
3119 429 3208 481 καὶ
3240 429 3330 501 τὴν
3371 435 3524 488 αἰτίαν
3557 438 3636 507 τῆς

457 501 492 554 li
521 502 972 574 dispositionem;
1021 517 1073 562 et
1115 524 1177 562 ex
1251 509 1414 578 hujus
1456 511 1799 567 ordinatione
1849 515 2029 571 brevis

459 591 741 658 scripturae
773 593 911 649 ratio
961 598 1252 665 quaerenda
1290 607 1392 653 est.
1456 599 1521 654 Et
1560 601 1631 655 ita
1680 603 1898 671 quidem
1947 614 2032 659 est

459 682 548 734 illa
576 683 759 737 Graeca
788 685 1064 752 φυσίζοος.
1102 686 1326 758 Deipara
1381 706 1508 745 vero
1552 695 1820 760 φυσίζωος
1866 697 2031 765 signi-

462 773 658 827 licatur
684 790 805 829 esse
836 786 1007 832 mater
1032 778 1303 848 vita‘,qu:e
1325 791 1450 836 ante
1471 785 1652 838 omnia
1686 795 1789 850 est,
1827 795 1882 840 et
1908 803 2028 855 (luas

461 863 512 914 in
539 865 792 921 omnibus
851 868 1206 938 participatm-
1274 872 1392 939 Dei,
1450 875 1606 944 cujus
1671 876 1724 930 in
1788 880 2030 946 nomine,

460 955 598 1007 sicut
635 958 896 1025 scriptum
926 971 1033 1022 est,
1066 963 1231 1014 vitam
1261 964 1542 1019 habemus.

529 1047 656 1103 2‘36.
714 1049 951 1106 Somnus
1004 1063 1182 1106 autem
1234 1055 1542 1112 dominicus
1603 1058 1922 1127 φυσίζωος,
1972 1062 2028 1117 in

462 1138 701 1190 carmine.
733 1134 1032 1196 beatissimi
1064 1145 1258 1197 inelodi
1312 1144 1477 1201 Marci
1503 1149 1730 1216 positus,
1779 1166 2030 1222 magnam

465 1229 635 1293 poscit
665 1230 1028 1296 mirationem,
1055 1249 1162 1288 non
1195 1234 1421 1299 habens,
1455 1247 1604 1307 puto,
1645 1240 1700 1294 in
1761 1245 2028 1298 universo

465 1320 690 1385 munde,
715 1323 796 1376 vel
827 1324 971 1378 aliud
1017 1325 1196 1380 simile
1231 1327 1454 1384 verbum
1476 1331 1728 1402 conjuge,
1764 1335 1844 1389 vel
1897 1336 2034 1392 alias

464 1413 767 1478 comparari
806 1423 1020 1482 potens,
1052 1425 1104 1469 et
1151 1417 1205 1471 in
1259 1420 1624 1488 aequilibrium
1656 1423 1787 1494 poni
1835 1427 2030 1491 divini,

460 1500 713 1568 Jtlcundi,
753 1504 935 1559 suavis
969 1513 1021 1558 et
1049 1505 1310 1564 divinitus
1341 1507 1500 1566 aﬂlati
1553 1528 1862 1571 successus.
1895 1517 2023 1572 Mihi

462 1601 612 1645 certe
657 1595 964 1650 recordanti
1029 1613 1172 1654 nune
1227 1599 1379 1655 illum
1433 1604 1710 1671 φυσίζωον
1770 1623 2028 1664 somnum

443 1673 774 1750 supervenit
804 1687 1146 1755 requiescere
1170 1699 1224 1744 et
1247 1700 1501 1762 tanquam
1520 1695 1762 1752 dormire
1784 1699 2031 1769 volupta-

2140 517 2396 589 τοιαύτης
2446 521 2854 591 μικρογραφίας
2894 522 3156 592 ζητητέον
3205 524 3260 575 ἐν
3298 526 3402 586 τοῖς
3446 527 3634 583 ικείνου·

2138 609 2234 662 καὶ
2260 608 2402 662 οὕτω
2438 611 2540 680 μὲν
2584 613 2616 680 ἡ
2657 611 2950 682 Ἑλληνικὴ
2984 611 3160 682 ἐκείνη
3195 612 3300 682 ἔχει
3333 616 3552 683 φυσίζοος
3573 620 3636 687 δὴ

2134 699 2189 752 δὲ
2247 700 2517 766 φυσίζωος
2551 701 2800 764 eset/5x0;
2847 704 2992 772 ζωῆς
3035 705 3217 772 μήτηρ
3263 705 3490 774 δηλοῦται
3531 703 3641 760 εἶν-ιι

2136 790 2235 852 τῆς
2261 791 2366 860 πρὸ
2392 793 2632 852 πάντων.
2659 794 2752 846 καὶ
2785 794 3152 864 perdoctam);
3183 796 3236 847 ὲν
3266 797 3389 848 πᾶσι
3411 797 3491 848 τοῦ
3509 798 3638 860 Θεοῦ,

2138 875 2198 935 οὕ
2229 881 2289 934 ἑ*-
2317 880 2393 952 τῷ
2426 882 2676 952 ὀνόματι,
2719 885 2864 938 καθὰ
2907 885 3236 955 γέγραπται,
3287 885 3421 957 ζωὴν
3455 888 3636 957 ἔχομεν.

2212 1065 2360 1122 σκς’.
2410 1059 2469 1113 Ὀ
2493 1060 2549 1114 δὲ
2572 1060 2848 1128 φυσιζωος
2898 1061 3067 1126 ὕπνος
3090 1064 3119 1116 ό
3151 1063 3416 1132 κυριακδς,
3442 1067 3468 1115 ὁ
3495 1065 3648 1134 κείμε-

2138 1169 2228 1213 νος
2255 1153 2314 1206 ὲν
2345 1152 2553 1223 ᾄσματι
2583 1151 2680 1204 τοῦ
2715 1154 3141 1223 μακαριωτάτου
3179 1154 3408 1224 μελῳδοῦ
3437 1155 3647 1222 Μάρκου,

2137 1240 2322 1309 θαῦμα
2349 1240 2522 1294 ἐθέλει
2553 1241 2715 1308 πολὺ,
2750 1242 2849 1295 οὐκ
2881 1242 3022 1312 ἔχων
3051 1245 3252 1306 ἐκεῖνος
3275 1245 3328 1295 ἐν
3353 1246 3469 1313 ὅλῳ,
3503 1240 3648 1310 οἶμαι.

2136 1329 2215 1399 τῷ
2245 1329 2438 1400 κόσμῳ
2467 1331 2501 1400 ἢ
2542 1331 2812 1400 συζυγοῦν
2843 1333 2972 1386 ἄλλο
3007 1332 3162 1403 ῥῆμα
3201 1332 3426 1385 τοιοῦτον
3452 1333 3480 1402 ἢ
3511 1333 3650 1393 ἄλλως

2137 1420 2640 1489 ἀντιπαρατεθῆναι
2669 1423 2992 1490 δυνάμενον,
3027 1424 3123 1478 καὶ⁹
3171 1425 3564 1488 ταλαντευθῆναι
3587 1426 3650 1486 εἰς

2137 1513 2507 1580 ἀντισήκωσιν
2539 1515 2830 1584 ἐπιτυχίας
2860 1515 3012 1576 θείας
3042 1516 3139 1569 καὶ
3183 1515 3412 1575 ἀστείας,
3439 1515 3518 1566 καὶ
3545 1514 3646 1580 γλυι

2137 1603 2316 1664 κειας,
2377 1605 2472 1658 καὶ
2521 1605 2894 1673 ένθεαστικῆς·
2945 1606 3128 1674 ἔμοιγ’
3158 1602 3247 1659 οὖν
3287 1605 3652 1672 ἑντεθυμημένῳ

2140 1698 2268 1768 ἄρτι
2299 1699 2391 1752 τὶν
2425 1697 2698 1767 φυσίζωον
2733 1702 2938 1753 ἐκεῖνον
2972 1700 3162 1762 ὕπνον,
3197 1700 3417 1766 ἐπῆλθεν
3450 1699 3652 1750 ἀνεῖσθιι

462 1780 516 1826 te
541 1784 729 1842 captus
755 1792 772 1842 ;
797 1790 1096 1846 pectusque
1149 1783 1451 1839 sentiebam
1490 1785 1694 1856 impetu
1751 1789 1916 1844 latum
1959 1793 2027 1846 ad

2141 1766 2228 1843 καὶ
2255 1788 2331 1852 ὡς
2359 1766 2472 1844 οἷον
2501 1791 2705 1845 ύπνοῦν
2735 1790 2825 1860 ὑφ’
2860 1791 3090 1862 ἠδονῆςο
3125 1792 3220 1844 καὶ
3249 1793 3309 1844 τὸ
3331 1790 3506 1856 στῆθος
3523 1789 3655 1857 ᾐσθό-

461 1864 767 1919 exeundum
797 1870 1111 1936 pectoribus
1138 1881 1196 1926 ut
1214 1875 1358 1944 apud
1382 1875 1666 1932 dominum
1699 1880 1862 1935 istum
1884 1882 2023 1938 Mar-

462 1971 586 2010 cum
619 1973 887 2023 essemus,
939 1963 1024 2017 vcl
1076 1963 1228 2018 illum
1263 1967 1328 2021 ad
1411 1984 1512 2024 nos
1565 1971 1883 2038 alliciendo,
1947 1977 2031 2032 vel

464 2050 653 2102 saltem
688 2052 828 2119 apud
893 2053 1041 2106 illum
1075 2061 1367 2115 manendo.
1401 2049 1588 2118 Jaceat
1647 2065 1737 2120 ille
1803 2081 2030 2126 somnus

465 2137 753 2206 φυσίξωος,
783 2150 838 2196 et
877 2145 1174 2212 repositum
1213 2165 1432 2219 corpus,
1469 2153 1556 2207 cui
1584 2156 1842 2225 cegitatio
1878 2158 2028 2214 illius

470 2229 717 2294 inhaeret,
742 2231 854 2303 jam
881 2236 1017 2292 satis
1072 2239 1244 2294 curati
1304 2242 1374 2296 ab
1435 2243 1519 2298 his
1575 2246 1670 2316 qui
1725 2250 2026 2306 secundum

472 2321 638 2375 istum
663 2322 787 2378 vitae
811 2326 993 2395 cupidi
1019 2336 1165 2395 sunt,
1197 2331 1473 2400 φιλόςωοι,
1515 2343 1574 2390 ut
1628 2337 1698 2392 ita
1728 2338 1926 2406 dicam,
1981 2351 2034 2396 et

471 2410 593 2465 ideo
618 2413 1036 2482 pulchritudinis
1069 2432 1334 2486 amantes,
1363 2425 1552 2480 statim
1583 2437 1764 2484 autem
1819 2432 2034 2488 honesti

463 2516 682 2572 quoque
713 2517 964 2576 expertes
989 2510 1260 2568 homines.

533 2592 660 2648 227.
690 2594 748 2650 In
775 2599 1090 2656 universum
1115 2613 1296 2660 autem
1319 2614 1404 2664 est
1425 2609 1560 2680 κόρη
1585 2612 1836 2678 quaelibet
1859 2615 2032 2688 virgo,

463 2684 548 2738 vel
575 2699 604 2738 a
633 2687 800 2757 κορῶ,
827 2691 974 2760 quod
1001 2702 1080 2748 est
1113 2709 1355 2764 exorno;
1407 2704 1730 2758 naturaliter
1779 2709 1923 2761 enim
1977 2711 2028 2764 iu

464 2778 774 2834 ornamenti
824 2797 1010 2838 curam
1056 2794 1142 2841 est
1201 2803 1370 2858 prona
1431 2790 1742 2862 huiusmodi
1805 2799 2030 2867 puella;

465 2877 525 2921 ut
552 2871 791 2926 ostendit
817 2873 908 2929 ille
942 2878 1035 2945 qui
1091 2881 1441 2949 reprehendit
1499 2885 1775 2943 hominem
1836 2905 2028 2945 aurum

465 2971 770 3028 gestantem
800 2965 852 3020 in
887 2966 990 3022 hoc
1016 2980 1031 3023 :
1061 2968 1140 3024 Ad
1184 2972 1385 3028 bellum
1417 2977 1564 3031 venit
1587 2993 1779 3034 aurum
1813 2992 2033 3051 gestans

2145 1893 2253 1948 μην
2285 1879 2610 1948 ὁρμώμενον
2651 1880 2992 1948 ἑκθρώσκειν
3044 1879 3289 1950 στηθέων
3323 1879 3394 1938 ὡς
3445 1877 3562 1941 πρὸς
3597 1873 3660 1940 τῷ

2139 1969 2314 2040 κυρίῳ
2345 1971 2540 2040 ἐκεινῳ
2563 1971 2775 2042 Μάρκῳ
2801 1971 3078 2040 γενέσθαι,
3111 1973 3207 2024 καὶ
3251 1971 3281 2039 ἢ
3313 1967 3659 2035 ὲφελκύσασθαι

2139 2063 2302 2116 αὐτὸν
2331 2065 2469 2134 πρὸς
2501 2065 2674 2134 ἡμᾶς,
2725 2064 2758 2133 ἧ
2793 2064 2930 2118 ἀλλὰ
2976 2065 3112 2133 παρ’
3138 2062 3329 2132 ἐκείνῳ
3361 2063 3520 2128 μεῖναι
3543 2074 3555 2088 °
3582 2058 3660 2108 καὶ

2142 2151 2342 2207 κείσθω
2377 2153 2546 2216 ὕπνος
2581 2157 2790 2218 ἐκεῖνος
2821 2158 2848 2208 ὁ
2884 2154 3186 2224 φυσὶζωος,
3233 2154 3326 2206 καὶ
3365 2152 3421 2204 τὸ
3451 2149 3660 2204 λεκτικὸν

2145 2245 2326 2315 σῶμα,
2357 2240 2400 2313 ᾦ
2437 2247 2470 2317 ἡ
2502 2247 2623 2300 κατ’
2653 2249 2861 2299 ἐκεῖνον
2883 2247 3069 2298 ἔννοια
3093 2245 3356 2313 ἔγκειται,
3383 2241 3562 2302 ικανῶς
3583 2241 3664 2307 ἤδη

2141 2339 2523 2409 τημεληθέντα
2559 2340 2665 2394 ὑπὸ
2697 2340 2806 2394 τῶν
2836 2339 2960 2394 κατ’
2991 2339 3160 2394 αὐτὸν
3186 2339 3473 2408 φιλοζώων,
3507 2336 3570 2396 ὡς
3592 2333 3664 2384 οὖ-

2142 2448 2250 2495 τως
2284 2433 2481 2497 εἰπεῖν,
2511 2426 2606 2487 καὶ
2635 2433 2705 2486 δι’
2733 2433 2864 2487 αὐτὸ
2913 2433 3246 2503 φιλοκάλων,
3292 2433 3478 2488 αὐτίκα
3517 2430 3566 2482 δὲ
3591 2427 3666 2482 καὶ

2143 2520 2530 2590 ἀπειροκάλων
2561 2521 2796 2592 ἀνδρῶν.

2219 2610 2362 2677 σκξ.
2397 2612 2548 2683 Κόρη
2578 2613 2636 2666 δὲ
2662 2612 2894 2666 καθόλου
2921 2613 3074 2666 πᾶσα
3101 2612 3388 2679 παρθένος,
3415 2609 3445 2678 ἢ
3469 2606 3600 2675 παρὰ
3623 2605 3667 2656 rh

2144 2703 2295 2774 κορῶ
2329 2703 2390 2756 τὸ
2429 2703 2780 2768 καλλωπῖζω·
2819 2704 3132 2774 ὲπιρῤεπὴς
3167 2704 3275 2771 γὰρ
3303 2701 3452 2768 φύσει
3493 2700 3540 2758 ἐς
3577 2698 3671 2746 tm-

2147 2796 2369 2866 μέλειαν
2399 2795 2794 2866 καλλωπισμοῦ
2831 2798 2864 2864 ὴ
2895 2795 3126 2865 τοιαύτη
3161 2796 3317 2864 κόρη,
3346 2793 3417 2856 ὡς
3444 2789 3574 2859 δηλοῖ
3592 2784 3669 2838 καὶ

2143 2889 2171 2941 ὁ
2196 2887 2380 2957 ψέγων
2413 2887 2580 2960 ἄνδρα
2608 2889 2940 2960 χρυσοφόρον
2970 2889 3028 2940 ὲν
3051 2887 3134 2956 τῷ
3159 2917 3195 2927 -
3214 2883 3413 2940 Ἦλθεν
3441 2883 3513 2941 εἰς
3539 2879 3668 2931 πόλις

2148 2995 2248 3047 μον
2271 2979 2472 3050 χρυσὸν
2499 2982 2639 3050 έχων
2670 2981 2805 3050 ἠΰτε
2851 2980 3048 3050 κούρη·
3077 3011 3106 3022 -
3130 2981 3164 3051 ἢ
3200 2978 3274 3044 ὡς
3309 2973 3512 3042 καθαρὰ
3549 2968 3668 3038 παρά

465 3061 528 3106 ιιι
550 3055 725 3123 puella
753 3071 769 3123 ;
803 3058 885 3111 vel
911 3069 1164 3129 tanquam
1194 3078 1351 3132 pura,
1376 3081 1403 3118 a
1434 3068 1604 3138 κορῶ,
1645 3070 1698 3125 id
1751 3081 1852 3137 est,
1889 3077 2032 3142 puri-

2141 3070 2235 3125 τοῦ
2271 3072 2420 3142 κορῶ
2453 3073 2515 3126 τὸ
2567 3073 2835 3143 καθαιρω,
2884 3072 2940 3139 ἐξ
2987 3064 3052 3124 οὕ
3104 3073 3200 3126 καὶ
3250 3069 3506 3167 νεωκόρος
3533 3065 3571 3167 ,ό
3597 3061 3671 3167 τρι

464 3145 590 3212 ilco,
613 3161 677 3201 ex
714 3163 822 3217 quo
853 3151 998 3206 venit
1031 3155 1320 3226 νεωκόρος,
1351 3159 1438 3213 ille
1467 3162 1560 3228 qui
1591 3166 1853 3234 templum
1889 3169 2038 3236 puri-

467 3232 597 3288 fleat
623 3243 678 3289 et
725 3237 926 3292 dicitur
957 3241 1122 3296 etiam
1157 3249 1454 3316 σηκοκόρος
1519 3232 1739 3322 propter
1789 3232 2034 3313 eamdem

467 3325 758 3381 rationem.
811 3327 1044 3385 Aliunde
1071 3347 1199 3388 vero
1231 3337 1410 3404 puella
1445 3356 1664 3412 quoque
1723 3345 1848 3401 talis
1905 3349 2038 3402 dici-

469 3423 558 3468 tur
575 3419 642 3469 ad
678 3429 983 3488 respectum
1007 3439 1130 3478 cum
1159 3426 1247 3482 illa
1283 3445 1404 3498 qua:
1433 3443 1662 3490 vocatur
1683 3439 1826 3492 oculi
1855 3443 2035 3510 pupil-

471 3507 521 3560 la
557 3511 823 3580 nobisque
852 3513 1202 3572 dilectissima
1226 3531 1307 3575 est
1339 3540 1352 3576 :
1385 3525 1580 3582 dilecta
1613 3544 1810 3600 nempe
1839 3507 2038 3591 cuncta

471 3597 646 3664 puella
679 3601 831 3671 virgo
857 3611 940 3658 est
967 3615 1021 3659 et
1055 3605 1138 3662 his
1161 3610 1251 3678 qui
1295 3624 1603 3680 genuerunt
1629 3627 1684 3672 et
1725 3597 1808 3674 his
1836 3623 1930 3690 qui
1980 3640 2040 3680 se

467 3700 664 3757 gerunt
689 3701 747 3746 ut
799 3706 1108 3764 amatores;
1137 3710 1190 3754 ct
1235 3705 1482 3760 custodia
1524 3707 1803 3778 iudicatur
1855 3715 2037 3785 digna,

471 3783 810 3852 aliquatenus
844 3789 985 3856 apud
1021 3806 1119 3845 nos
1165 3794 1218 3846 in
1270 3796 1512 3853 thalamo
1568 3812 1781 3857 servata
1838 3783 2038 3874 puella,

471 3873 616 3928 sicut
643 3874 784 3930 intra
811 3877 1098 3947 palpebras
1143 3881 1243 3936 ista
1297 3885 1498 3954 pupilla
1538 3902 1552 3940 :
1600 3890 1704 3952 lue.
1755 3873 1876 3961 qua:
1931 3891 2040 3947 fre-

469 3977 700 4034 quenter
768 3969 1098 4025 clauduntur
1145 3983 1199 4029 et
1246 3977 1589 4043 aperiuntur.
1666 3983 1891 4052 praprie
1947 3999 2042 4054 per

472 4058 849 4112 ascensionem
872 4075 936 4112 ac
984 4061 1377 4118 demissionem
1430 4068 1664 4137 pupillas
1721 4071 2040 4127 custodiunt

472 4149 734 4202 adversus
764 4149 989 4206 insidias
1023 4161 1338 4223 extet-orum
1394 4173 1706 4227 corporum,
1737 4178 1858 4232 qua:
1931 4174 2039 4218 tre-

471 4237 668 4291 menda
699 4248 846 4302 sunt,
875 4240 990 4294 sive
1028 4246 1409 4312 percutientia,
1453 4249 1570 4303 sive
1619 4250 1779 4304 aliter
1838 4253 2041 4308 laeden-

472 4327 571 4392 tia,
598 4343 720 4382 cum
750 4329 1174 4388 introducuntur
1207 4351 1222 4388 :
1252 4337 1331 4392 sic
1360 4337 1523 4392 etiam
1551 4342 1788 4410 pupillas
1805 4345 2043 4410 virgines

2139 3162 2264 3216 ναὸν
2294 3164 2592 3234 καθαίρων·
2621 3166 2650 3220 ὁ
2677 3166 2721 3218 δ’
2771 3165 2936 3228 αὐτὸς
2984 3166 3081 3218 καὶ
3138 3163 3434 3236 σηκοκόρος
3477 3157 3556 3212 διὰ
3593 3155 3667 3207 τὴν

2138 3251 2300 3307 αὐτὴν
2327 3252 2508 3321 λόγον·
2562 3254 2660 3308 καὶ
2692 3253 2867 3316 ἄλλως
2917 3254 2973 3307 δὲ
3025 3255 3166 3325 κόρη
3221 3256 3254 3322 ἡ
3303 3250 3514 3316 τοιαύτη
3558 3248 3672 3297 κατα

2138 3344 2417 3414 ἀναφορὰν
2449 3345 2551 3414 τὴν
2584 3345 2721 3416 πρὸς
2772 3347 2941 3414 κόρην
2970 3344 3283 3414 ὀφθαλμοῦ,
3312 3344 3410 3409 τὴν
3453 3337 3676 3408 φιλτάτην

2136 3437 2291 3505 ἡμῖν’
2322 3437 2453 3505 φίλη
2487 3437 2595 3506 γὰρ
2650 3437 2746 3489 καὶ
2797 3439 2943 3490 πᾶσα
2998 3439 3280 3508 παρθένος
3328 3435 3458 3503 κόρη
3506 3433 3605 3528 τοῖς
3630 3441 3678 3528 τε

2138 3527 2587 3595 γεννησαμένοις,
2623 3530 2720 3582 καὶ
2749 3530 2862 3589 τοῖς
2898 3533 3026 3598 περὶ
3056 3529 3293 3598 ἔρωταςο
3335 3528 3427 3580 καὶ
3473 3523 3676 3590 φυλακῆς

2139 3618 2196 3671 δὲ
2225 3617 2488 3682 ἀξιοῦται,
2522 3619 2666 3674 καθὰ
2695 3621 2786 3672 καὶ
2816 3618 2944 3688 παρ’
2975 3621 3112 3690 ἡμῖν
3143 3623 3177 3691 ἡ
3220 3622 3380 3691 πιςρη⁹
3411 3615 3677 3680 θαλαμεω-

2143 3709 2279 3779 μὲνη
2317 3711 2499 3780 ἐκείνη
2530 3709 2716 3780 ὥσπερ
2745 3714 2833 3764 καὶ
2862 3712 2999 3781 αὕτη
3027 3713 3184 3774 ἐντὸς
3223 3711 3329 3764 τῶν
3372 3705 3670 3801 βλεφαρωνί

2141 3802 2283 3870 ἅπερ
2337 3803 2506 3871 συχνὰ
2555 3803 2845 3874 κλειόμενα
2892 3802 2988 3856 καὶ
3025 3804 3361 3872 ἀνοιγόμενα
3413 3795 3597 3892 κυρὶωξ
3623 3795 3675 3855 τῇ

2140 3891 2406 3946 ἀναϐάσει
2459 3892 2553 3945 καὶ
2621 3893 2928 3947 καταϐάσει
2982 3895 3084 3958 τὰς
3141 3895 3309 3964 κόρας
3357 3891 3672 3956 συντηροῡσιν

2139 3985 2624 4049 ἁνεπιϐουλεύτους
2656 3986 2980 4051 τοϊςέξωθεν
3011 3987 3292 4058 φοϐεροῖς,
3322 3985 3356 4055 ἢ
3383 3982 3679 4048 πληκτικοις,

2143 4075 2176 4144 ἢ
2210 4077 2386 4139 ἄλλως
2417 4076 2838 4147 λυμαινομένοις
2895 4080 2953 4129 ἐν
2985 4079 3064 4148 τῷ
3096 4073 3535 4148 παρεισδύεσθαι·
3563 4064 3678 4119 καθά

2144 4171 2401 4235 συντηρεί
2437 4168 2531 4221 καὶ
2567 4167 2666 4231 τὰς
2714 4169 2885 4239 κόρας
2943 4170 3259 4238 παρθένους
3303 4168 3338 4236 ἡ
3385 4164 3678 4232 θαλάμευσις

2143 4257 2249 4310 ἔσω
2284 4259 2463 4328 θυρῶν
2509 4259 2877 4327 ἑγκλειουσῶν
2914 4262 3086 4324 αὑτὰς
3136 4264 3222 4322 εἰς
3267 4257 3568 4351 δυσόρατονο
3613 4245 3679 4351 ὀξὺ

2145 4349 2464 4418 θαυμασίως
2495 4351 2585 4403 τὸν
2614 4351 2714 4420 τῆς
2754 4352 3066 4422 ἁγιωτάτης
3097 4355 3273 4422 κόρης
3309 4345 3581 4420 μνηστῆρα
3607 4345 3679 4392 τὸν

474 4431 659 4473 servat
699 4419 972 4476 thalamus
995 4423 1136 4478 intra
1195 4437 1382 4496 portas
1431 4428 1786 4486 occludentes
1839 4448 1934 4487 eas
1984 4443 2034 4488 ul

2145 4439 2300 4507 ἅγιον
2333 4441 2552 4511 Ἰωσὴφ.
2581 4419 2784 4512 ἐμελψέ
2806 4419 2896 4506 τις
2927 4419 3150 4513 γοργῶς
3171 4419 3426 4511 -ἆξιαῗκαὶ
3453 4434 3678 4505 γλυκὲως.

472 4510 689 4568 dilIicile
740 4514 1170 4584 conspiciantur.
1218 4518 1345 4574 ldeo
1407 4522 1766 4577 sanctissimae
1826 4525 2034 4594 pupilla:

2152 4531 2388 4596 φυλάξαι
2421 4510 2521 4602 την
2552 4510 2822 4604 παρθένον
2854 4510 3136 4606 ὼςήκόρην
3165 4510 3472 4605 ὀφθαλμοῦ.

472 4619 722 4675 procum,
754 4616 1004 4662 sanctum
1037 4607 1262 4680 Joseph,
1287 4611 1488 4683 aliquis
1511 4614 1689 4670 vivide
1721 4617 1884 4671 simul
1920 4633 1984 4673 ac
2013 4624 2256 4675 suaviter
2301 4625 2616 4692 celebravit,
2652 4626 2829 4696 ipsum
2874 4627 3154 4682 custodire
3188 4629 3477 4698 virginem,
3511 4631 3561 4675 ul
3603 4631 3685 4687 Ρη·

474 4700 656 4770 pillam
679 4699 847 4766 oculi,
873 4702 1191 4758 concinens.

541 4791 668 4849 228.
697 4791 810 4849 Hoc
839 4804 1043 4861 autem,
1080 4796 1213 4866 μόνη
1243 4798 1350 4866 γὰρ
1383 4797 1530 4862 ἐντὸς
1561 4800 1824 4870 κεκρύφει
1849 4802 2041 4869 Λόγον,

2220 4802 2446 4872 σκη’.Τὸ
2471 4802 2527 4855 δὲ
2553 4830 2572 4842 ο
2593 4803 2724 4874 μόνη
2747 4803 2856 4872 γὰρ
2880 4804 3028 4866 ἐντὸς
3052 4804 3334 4874 κεκρύφει
3350 4795 3686 4870 λόγον-νοοῖτο

475 4883 704 4950 intelligi
750 4893 926 4953 potest
966 4886 1330 4957 veluti,pro:
1401 4889 1490 4942 illa
1539 4906 1682 4959 una;
1717 4894 1811 4947 sed
1864 4895 2034 4963 potius

2149 4896 2250 4964 μὲν
2278 4895 2343 4946 ἂν
2381 4895 2476 4947 καὶ⁸
2501 4894 2620 4946 ἀντὶ
2651 4896 2744 4948 τοῦ
2781 4898 2879 4964 μία
2915 4896 3076 4963 αὐτὴ,
3114 4899 3368 4966 μάλιστα
3395 4895 3451 4948 δὲ
3481 4890 3587 4944 ἀντὶ
3609 4883 3681 4935 τοῦ

474 4988 596 5044 pro,
656 4975 926 5032 seclusae
962 4978 1216 5049 conjuge,
1272 4980 1388 5034 sive
1424 4980 1574 5046 viro;
1627 4992 1686 5038 ut
1737 4985 2034 5040 secundum

2149 4986 2510 5057 μεμονωμένη
2541 4986 2634 5040 τοῦ
2693 4987 3076 5057 συζυγοῦντος,
3117 4990 3180 5052 ὃς
3230 4992 3383 5042 ἔστιν
3417 4988 3576 5083 ἂνξ]ρέ

473 5068 619 5124 istud
652 5083 669 5122 :
702 5069 871 5124 solius
900 5071 1206 5140 unigenitor
1237 5072 1498 5142 unigeniti
1524 5072 1649 5130 Filii
1683 5074 1864 5142 Pater,
1897 5077 2034 5133 sicut

2147 5075 2289 5128 κατὰ
2322 5076 2400 5140 τὸ,
2441 5077 2603 5145 μόνου
2638 5081 3036 5149 μονογεννῆτορ
3087 5079 3426 5149 μονογενοῦς
3453 5072 3567 5129 Υἱοῦ
3601 5068 3688 5121 ﬂi-

472 5169 600 5214 ante
634 5160 896 5229 scriptum
930 5170 1032 5229 est,
1083 5165 1526 5222 accommodetur
1557 5166 1628 5221 ibi
1685 5168 1848 5222 etiam
1903 5169 2041 5228 hoc:

474 5252 647 5309 solius
673 5251 1001 5322 unigenitrix
1034 5255 1300 5324 unigeniti
1346 5255 1466 5311 Filii
1502 5267 1694 5315 mater.
1733 5259 1848 5316 Hoc
1873 5274 2040 5315 vero:

473 5359 532 5397 εν
587 5345 783 5418 δὲνῃσι,
805 5346 850 5400 si
879 5346 1001 5416 quis
1031 5362 1135 5402 non
1155 5349 1308 5419 juxta
1361 5349 1562 5404 dictam
1591 5361 1831 5408 veterem
1872 5353 2045 5408 inter-

477 5441 835 5506 pretationem
865 5439 920 5495 in
957 5440 1223 5496 feminino
1243 5457 1437 5512 genere
1457 5443 1678 5509 scribat,
1709 5445 1800 5499 sed
1827 5446 2006 5513 potius
2029 5485 2044 5510 ,

478 5531 536 5582 ὲν
559 5531 802 5599 δῖνοισιν,
831 5532 975 5603 quod
1003 5533 1145 5588 idem
1171 5546 1252 5589 cst
1273 5549 1338 5589 ac
1369 5536 1576 5588 viscera
1612 5535 1725 5588 sive
1756 5535 2042 5600 intestina,

479 5613 657 5670 ionice
677 5619 948 5686 poeticum
1007 5630 1110 5688 est,
1157 5622 1299 5678 sicut
1342 5631 1499 5677 antea
1530 5622 1591 5675 τὸ
1619 5623 1675 5675 ὲν
1729 5623 2041 5697 γλώσσῃσιν

481 5706 866 5777 θυιτλὼσσαις
892 5728 907 5776 ς
943 5724 995 5771 et
1015 5715 1241 5774 inferius
1273 5731 1290 5772 ι
1319 5714 1627 5788 κλισροῖσιν
1646 5727 1739 5773 aut
1773 5719 2043 5790 λλισμοῗς.

2145 5184 2263 5236 τερ,
2289 5168 2361 5229 ὼς
2394 5169 2488 5221 καὶ
2512 5170 2952 5240 προγέγραπται,
2981 5173 3362 5243 προσαρμόσῃ
3389 5171 3481 5223 καὶ
3502 5160 3591 5219 ὧδε
3616 5158 3685 5220 rb.

2150 5260 2311 5325 μόνου
2345 5261 2770 5330 μονογεννήτρια
2823 5262 3153 5330 μονογενοῦς
3220 5264 3356 5316 rio-3
3409 5259 3612 5329 μήτηρ·
3639 5245 3686 5299 τδ

2146 5350 2224 5416 δὲ,
2255 5353 2311 5404 ὲν
2337 5351 2534 5422 δίνῃσι,
2572 5351 2624 5405 εἷ
2643 5369 2727 5416 τις
2750 5351 2809 5405 οὐ
2839 5353 2980 5407 κατὰ
3007 5354 3110 5424 τὴν
3150 5354 3461 5424 εἰρημένην
3496 5342 3691 5401 παλαιᾶν

2149 5442 2410 5512 ἐξήγησιν
2439 5443 2496 5496 ὲν
2530 5444 2679 5511 γένει
2727 5444 2925 5514 γράψει
2961 5445 3209 5517 θηλυκῷ,
3238 5447 3380 5499 ἀλλὰ
3408 5440 3594 5514 μᾶλλον
3619 5436 3688 5484 iv-

2150 5535 2398 5602 δίνοισιν,
2417 5535 2446 5588 ὃ
2477 5536 2672 5590 ταυτόν
2691 5537 2809 5590 ἐστι
2831 5535 2910 5607 τῷ
2939 5537 3347 5608 σπλάγχνοισιν
3369 5539 3400 5608 ἢ
3430 5532 3692 5604 spuitam»

2155 5627 2437 5697 ποιητικόν
2490 5628 2640 5681 ἐστιν
2677 5627 2908 5692 ἱωνικῶς
2934 5645 2949 5660 ⁸
2977 5629 3122 5684 καθὰ
3181 5631 3294 5695 πρδ
3345 5625 3504 5682 αὐτοῦ
3537 5621 3610 5682 τὸ,
3646 5616 3692 5665 ἑν

2153 5718 2465 5791 γλώσσῃσιν
2498 5720 2666 5792 ἤγουν
2696 5718 2994 5802 γλωσσαις,
3031 5723 3127 5776 καὶ
3163 5722 3464 5791 κατωτέρω
3514 5717 3564 5771 τό
3593 5709 3690 5766 κλι-
