3950 6204
273 309 374 371 7Βῖ

1059 311 1142 372 ΙΝ
1176 312 1509 373 HYMNUM
1558 306 2209 376 PENTECOS’I‘ALEM
2246 315 2702 379 DAMASCE'NI.

3397 284 3508 376 73s:

274 426 487 493 σμοῖσιν
513 426 678 494 ἤγουν
704 427 951 497 κλισμοτς
976 442 989 456 ·
1030 428 1315 498 οὐδετέρου
1344 427 1401 481 δὲ
1433 428 1621 494 γένους
1651 429 1710 480 τὸ
1749 429 1835 479 ἐν·

1950 429 2207 483 ἳοιιιιι-ειιὶε
2248 444 2372 482 vero
2407 431 2620 498 generis
2648 438 2731 483 est
2783 428 2845 481 τδ
2880 424 3191 491 ἐνδίνοισιν,
3218 429 3371 498 cujus
3404 446 3501 483 no-

271 516 516 579 δένοισιν,
547 509 609 570 οὗ
657 517 838 571 εὐθεῖα
887 518 949 572 τὸ
982 519 1203 583 Ενδινον,
1239 519 1334 572 τοῦ
1383 521 1588 572 ἐνδὶνου
1614 534 1627 550 ·
1666 520 1843 572 ἐνδινα

270 609 325 660 δὲ
351 607 499 671 τινὲς
538 608 638 677 μὲν
687 611 751 661 τὶ
788 608 979 677 ἔντερα
1013 607 1184 667 εἷπον.
1233 611 1307 672 ὡς
1357 605 1467 663 οἷον
1508 612 1655 664 ἔνδον
1695 598 1841 676 ἶνας,

269 699 353 751 διὰ
379 699 439 749 τὸ
471 699 593 751 κατ’
620 698 760 753 αὐτὰ
778 702 1067 768 νευρῶδες·
1090 704 1139 753 οἱ
1165 704 1221 755 δέ
1248 703 1626 771 ἀκριϐέστεροι
1651 704 1839 766 ἁπλῶς

271 791 339 842 τὰ
369 791 641 859 ἐντόσθια,
690 786 766 847 ὧν
799 796 895 847 καὶ
940 797 972 864 ή
1009 796 1170 864 νηδὺς
1207 796 1301 849 καὶ
1332 798 1364 865 ἡ
1415 795 1628 865 γαστὴρ
1661 796 1754 849 καὶ
1806 796 1839 863 ἡ

274 886 478 954 μήτρα·
518 887 551 955 ἡ
596 886 652 937 δὲ
685 889 881 956 χρῆσις
912 887 1013 956 τῆς
1061 887 1257 952 λέξεως
1305 887 1509 954 ταύτης
1541 889 1631 940 ἐπὶ
1664 888 1740 957 τῷ
1785 888 1843 939 ἐν

272 978 501 1048 Ἕλλησι
536 980 685 1046 σοφῷ
720 983 914 1048 τῖοιητῇ
961 982 1017 1030 ἐν
1052 979 1126 1047 τῷ
1149 1008 1174 1019 ο
1197 980 1255 1041 ὃς
1287 980 1340 1031 δὲ
1367 979 1565 1047 ψαύσει
1602 980 1844 1033 ἐνδίνων-

268 1070 439 1139 ῆγουν
487 1071 636 1133 ὅστις
668 1072 957 1133 ἀκοντίσας
992 1070 1194 1140 ψαύσει
1226 1070 1333 1124 τῶν
1365 1073 1630 1140 ἐγκὶτων,
1670 1072 1845 1126 διελά-

274 1176 369 1221 σας
402 1161 506 1222 ἕως
538 1161 656 1213 ἐκεῖ
687 1162 746 1213 τὸ
773 1161 925 1229 δόρυ.

358 1252 498 1306 σκθ’.
526 1254 600 1307 Τὸ
633 1256 687 1307 δὲ
718 1257 984 1325 κεκρὺφει
1022 1257 1279 1321 Ἀττικῶς
1309 1258 1523 1327 ἐγράφη
1551 1257 1685 1326 μετὰ
1713 1256 1841 1326 μιᾶς

276 1346 581 1415 αὐξήσεως,
629 1347 702 1410 ὼς
736 1348 789 1401 εί
830 1366 913 1412 τις
961 1349 1114 1402 εἴποι
1147 1350 1371 1418 τετύφει
1399 1366 1412 1381 ·
1457 1352 1517 1403 τὸ
1555 1350 1609 1402 δέ
1647 1349 1842 1411 κοινῶς

277 1444 491 1505 ἐντελὲς
523 1442 820 1513 ἐκεκρύφει
856 1441 997 1495 καθὰ
1040 1444 1133 1494 καὶ
1164 1440 1414 1511 ἐτετύφει
1435 1456 1451 1473 ·
1483 1441 1530 1492 εί
1558 1440 1615 1493 δὲ
1657 1441 1719 1492 ἐκ
1749 1437 1841 1490 τοῦ

277 1531 529 1587 τοιούτου
560 1532 825 1601 κεκρύφει
855 1535 883 1585 6
918 1532 1260 1603 κεκρύφαλος
1293 1534 1501 1599 γίνεται
1532 1532 1844 1600 γυναικεῖος

276 1629 505 1694 κόσμος,
542 1627 694 1679 οὐδὲν
726 1626 856 1678 αὐτὸ
905 1626 1040 1693 πρὸς
1083 1626 1150 1677 τὰ
1195 1625 1459 1692 παρόντα.
1533 1623 1843 1677 Ἀλθαίνειν

274 1716 329 1768 δὲ
368 1716 586 1781 λὲγεται
634 1717 694 1768 τδ
730 1715 1080 1785 θεραπεύειν,
1138 1714 1234 1781 ἀφ’
1267 1713 1328 1767 οὗ
1359 1714 1452 1767 καὶ
1484 1715 1515 1780 ή
1564 1712 1843 1781 παναλθὴς
1875 1753 1915 1809 Β

274 1809 334 1859 τὸ
361 1807 530 1860 καλὸν
564 1808 853 1875 φάρμακον
882 1824 896 1839 ·
935 1807 1145 1875 γίνεται
1183 1806 1238 1859 δὲ
1286 1807 1435 1876 παρὰ
1463 1805 1522 1858 τὸ
1558 1804 1839 1859 ἅλλεσθαι.

277 1900 397 1959 Τοῖς
453 1898 553 1966 μὲν
600 1900 710 1969 γὰρ
758 1898 973 1951 νοσοῦσι
1024 1897 1326 1966 τηκόμενον
1375 1897 1435 1949 τὸ
1498 1896 1655 1963 σῶμα
1708 1911 1845 1964 συμ-

278 1991 489 2044 πίπτει·
515 1991 584 2042 τὰ
612 1990 668 2042 δὲ
702 1990 810 2043 τῶν
846 1989 1195 2057 ὑγιαινόντων
1233 1988 1512 2051 ἐξάλλεται
1544 1982 1656 2041 οἷον
1688 1985 1844 2050 αὐξό-

278 2098 413 2151 μενα
463 2083 558 2133 καὶ
589 2079 920 2149 ἐξαιρόμενα
969 2078 1223 2147 ζωογόνῳ
1267 2077 1538 2144 πνεύματι
1588 2074 1842 2147 φυσικῷ·

274 2173 352 2226 διδ
386 2172 617 2234 ἀστείως
648 2173 698 2223 οἱ
728 2172 945 2224 παλαιοὶ
978 2171 1155 2237 σοφοὶ,
1188 2167 1331 2221 καθὰ
1378 2168 1473 2220 καὶ
1503 2167 1844 2235 προείρηται,

275 2263 375 2334 τὴν
416 2264 578 2333 φύσιν
616 2264 767 2331 παρὰ
795 2263 856 2315 τὸ
886 2263 1062 2332 φυσᾷν
1093 2260 1301 2325 ἀξιοῦσι
1329 2260 1604 2329 παρῆχθαι
1626 2273 1645 2292 ·
1674 2259 1755 2311 ὅτι
1790 2258 1848 2310 δὲ

275 2355 335 2406 τὺ
366 2354 640 2408 άλθαίνειν
672 2354 762 2407 καὶ
797 2352 1056 2406 ἇλθεσθαι
1093 2352 1335 2419 λέγεται,
1366 2350 1487 2403 ὅθεν
1517 2350 1614 2402 καὶ
1645 2348 1845 2402 άλθαία

278 2447 334 2502 τὸ
369 2448 557 2516 φυτὸν,
593 2448 686 2500 καὶ
714 2444 903 2516 κύριον
930 2445 984 2498 δὲ
1017 2445 1209 2513 ὄνομα,
1248 2443 1396 2514 δηλοί
1426 2443 1521 2496 καὶ
1569 2442 1597 2494 6
1631 2440 1847 2511 γράψας

280 2542 356 2603 τὸ,
392 2540 622 2608 ἄλθητος
651 2539 705 2592 δὲ
736 2537 879 2608 χείρ.
938 2537 1059 2607 Χρὴ
1090 2537 1146 2590 δὲ
1191 2534 1697 2605 παρασημήνασθαι
1750 2532 1848 2587 νῦν

283 2633 359 2685 ὅτι
391 2631 635 2685 ἀλθαίνει
661 2632 758 2698 τὴν
782 2628 1035 2701 βροτείαν
1065 2628 1225 2697 φύσιν
1251 2631 1279 2681 6
1297 2627 1522 2698 Κύριος,
1553 2627 1648 2680 καὶ
1670 2625 1849 2688 ἄλλως

288 2724 403 2791 μὲν,
440 2722 675 2792 μάλιστα
699 2722 755 2775 δέ
788 2722 948 2791 εἴπερ
984 2720 1119 2789 αὐτὴ
1150 2719 1550 2790 θεραπεύεσθαι
1601 2708 1845 2785 σπεύδει,

284 2815 369 2867 ὅτε
397 2816 489 2867 καὶ
519 2814 785 2876 παναλθές
813 2815 947 2885 αὐτῇ
980 2812 1275 2883 φάρμακον
1307 2812 1484 2866 ἐκεῖνό
1513 2814 1686 2867 ἐστιν.

1945 519 2235 573 minativus
2263 527 2347 573 est
2400 518 2619 582 ἐνδινον,
2650 517 2813 589 genit.
2859 518 3083 573 ἐνδίνου.
3126 518 3343 571 Ἕνδινα
3372 534 3505 572 vero

1943 608 2163 677 quidam
2196 608 2263 660 τὰ
2293 607 2488 674 ἔντερα
2516 607 2794 672 dixerunt,
2823 618 3074 675 tanquam
3099 605 3248 658 ἔνδον
3270 600 3412 667 ῐνας,
3438 620 3505 659 co

1942 701 2087 770 quod
2116 714 2346 753 nervosa
2380 707 2550 760 sunt;
2581 696 2948 750 accuratiores
2996 704 3178 749 autem
3240 694 3504 762 simplici-

1943 801 2027 845 ter
2048 791 2116 843 τὰ
2149 790 2415 852 ἐντόσθια,
2440 802 2672 858 quorum
2704 796 2831 841 sunt
2860 798 3068 849 venter,
3098 796 3287 841 uterus
3315 795 3367 840 et
3392 800 3505 837 ma-

1944 884 2074 939 trix.
2106 882 2277 950 Hujus
2336 889 2519 933 autem
2582 879 2842 934 dictionis
2899 892 3030 931 usus
3089 876 3316 930 habetur
3366 875 3505 944 apud

1946 984 2157 1045 poetam
2185 975 2238 1027 in
2279 972 2479 1027 Graecis
2504 972 2800 1040 sapientem
2831 970 2881 1021 in
2916 970 3015 1022 hoc
3052 984 3065 1020 :
3123 968 3184 1030 ὃς
3227 968 3281 1021 δέ
3308 966 3508 1037 ψαύσει

1942 1065 2182 1126 ἐνδίνων,
2219 1064 2333 1117 sive
2384 1064 2701 1132 quicunque
2757 1058 3009 1127 jaculans
3047 1056 3286 1128 attigerit
3333 1058 3509 1111 visce-

1943 1173 2026 1221 ra,
2051 1158 2333 1225 hucusque
2357 1154 2595 1209 lanceam
2624 1153 2868 1221 inﬁgens.

2012 1249 2138 1304 229.
2170 1246 2280 1300 [loc
2310 1257 2491 1300 autem
2544 1243 2810 1314 κεκρύφει
2866 1243 3048 1299 Attice
3102 1243 3361 1311 scriptum
3424 1249 3510 1294 est

1943 1356 2064 1395 cum
2086 1354 2194 1394 uno
2210 1345 2519 1405 augmento,
2548 1346 2798 1405 tanquam
2818 1334 2863 1389 si
2898 1335 3019 1402 quis
3036 1334 3241 1389 diceret
3261 1330 3503 1399 τετύφειε

1945 1429 2121 1483 forma
2156 1440 2286 1481 vero
2325 1425 2630 1479 communis
2669 1424 2877 1493 integra
2925 1432 3011 1478 est
3035 1425 3328 1491 ἐκεκρυφει
3368 1420 3509 1475 sicut

1944 1518 2216 1586 ἐτετύφει.
2275 1515 2429 1583 Quod
2460 1516 2504 1570 si
2555 1529 2685 1569 vero
2731 1528 2799 1568 ex
2862 1512 3175 1582 huiusmodi
3219 1512 3507 1580 κεκρύφει.

1944 1611 2092 1666 venit
2128 1607 2494 1679 κεκρύφαλος,
2539 1600 2804 1660 muliebre
2835 1612 3244 1668 ornamentum,
3275 1600 3409 1654 nihil
3442 1599 3509 1653 ad

1944 1716 2183 1773 praesens
2201 1700 2304 1754 hoc
2334 1699 2545 1753 attinet.
2570 1696 2775 1751 Curare
2804 1709 2933 1749 vero
2974 1694 3173 1748 dicitur
3214 1691 3509 1751 ἀλθαίνειν,

1946 1807 1977 1846 a
2025 1806 2137 1861 quo
2176 1790 2325 1844 venit
2361 1790 2394 1858 ἡ
2428 1786 2724 1856 παναλοὴς,
2775 1785 2827 1839 id
2871 1792 2975 1848 est,
3028 1784 3229 1838 bonum
3281 1782 3511 1836 maledica-

1948 1892 2214 1937 mentum.
2280 1879 2564 1935 Derivatur
2595 1887 2774 1931 autem
2814 1890 2878 1929 ex
2908 1873 3167 1928 ἅλλεσθαι
3200 1884 3510 1942 :regrutan-

1948 1974 2090 2029 tibus
2110 1973 2253 2026 enim
2288 1979 2543 2041 tanquam
2604 1975 2938 2021 maceratum
2989 1963 3225 2021 concidit
3267 1978 3510 2034 corpus;

1947 2081 2069 2137 qua:
2096 2078 2227 2119 vero
2251 2076 2508 2117 sanorum
2546 2068 2676 2116 sunt
2701 2059 2969 2113 exsiliunt
2999 2066 3257 2127 tanquam
3292 2064 3509 2111 accreta

1946 2154 2279 2226 physicoque
2304 2152 2497 2220 spiritu
2529 2149 2744 2203 viviﬁcu
2777 2149 2938 2202 elata.
2981 2146 3108 2201 lzleo
3153 2145 3342 2201 festive
3369 2145 3515 2217 sapi-

1947 2255 2102 2301 entes
2125 2243 2357 2311 antiqui,
2381 2243 2528 2296 sicut
2562 2241 2762 2294 dictum
2792 2247 2896 2298 est.
2941 2239 3040 2305 τὴν
3091 2235 3253 2305 φύσιν
3279 2251 3308 2288 a
3350 2237 3514 2288 verbo

1949 2337 2127 2405 φυσᾷν
2162 2332 2393 2403 (inﬂare)
2444 2331 2741 2384 drrivatam
2772 2328 3108 2383 existimant.
3140 2324 3296 2392 Quod
3330 2336 3511 2377 autem

1947 2427 2009 2480 τὸ
2039 2425 2314 2480 άλθαίνειν
2331 2424 2494 2477 etiam
2517 2419 2778 2475 ᾶλθεσθαι
2797 2419 3014 2479 dicitur,
3036 2416 3180 2471 unde
3191 2424 3274 2471 est
3291 2414 3511 2477 nam,

1949 2532 2122 2587 genus
2182 2515 2517 2585 plantarum,
2566 2518 2620 2566 ct
2673 2510 2949 2581 pr0prinm
3006 2522 3226 2572 nomen,
3274 2504 3515 2561 ostendit

1949 2609 2038 2665 ille
2058 2608 2149 2677 qui
2180 2605 2397 2675 scripsit
2431 2622 2444 2657 :
2472 2602 2701 2673 ἄλθητος
2734 2601 2792 2655 δέ
2823 2600 2968 2671 χείρ.
3020 2598 3177 2654 Nunc
3214 2604 3399 2653 autem
3428 2606 3515 2653 est

1948 2704 2205 2767 praeterea
2232 2691 2533 2749 notandum
2565 2690 2710 2761 quod
2770 2690 3013 2743 ἀλθαίνει
3063 2687 3265 2759 (sanat)
3307 2696 3512 2743 morta-

1950 2789 2055 2845 lem
2089 2797 2338 2842 naturam
2388 2784 2671 2848 Dominus,
2718 2783 2880 2836 etiam
2934 2780 3092 2843 aiias,
3128 2780 3223 2834 sed
3274 2778 3513 2833 maxime

1948 2896 2071 2937 cum
2104 2881 2241 2949 ipsa,
2273 2876 2499 2947 quando
2529 2874 2868 2930 medicamen
2919 2871 3059 2927 istud
3087 2870 3354 2941 optimum
3409 2870 3513 2940 ipsi

1949 2972 2127 3037 datur,
2163 2969 2348 3025 sanari
2376 2967 2619 3023 festinat.

350 3083 448 3136 σλ’.
493 3082 691 3135 Ἰστέον
727 3082 783 3134 δέ
830 3081 910 3134 ὅτι
965 3077 1171 3149 κρύψαι
1216 3078 1317 3151 τὴν
1355 3077 1627 3147 παρθένον
1669 3078 1841 3131 είπὼν

2016 3064 2142 3119 250.
2180 3061 2470 3116 Sciendum
2500 3066 2681 3112 autem
2719 3055 2861 3125 quod
2919 3055 3185 3123 virginem
3223 3052 3288 3107 in
3344 3050 3516 3104 visce-

284 3176 338 3226 ἐν
369 3174 558 3227 δίνοισι
616 3173 806 3238 Λόγον,
858 3172 1205 3241 διερμηνεύει
1266 3170 1499 3224 ἐνταῦθα
1544 3173 1667 3223 τίνα
1704 3173 1840 3239 φησι

281 3264 474 3331 Λόγον·
510 3262 634 3316 οὔτε
670 3263 803 3331 γοῦν
851 3262 1008 3328 λόγον
1044 3260 1136 3314 τὸν
1175 3261 1367 3323 κοινῶς
1399 3262 1777 3332 προαγόμενον
1806 3261 1839 3331 ἢ

278 3357 434 3410 ἄλλον
461 3356 585 3409 τινὰ
611 3354 796 3425 ὅμοιον
818 3355 966 3422 αὑτῷ
996 3354 1173 3407 εἰπεῖν
1206 3354 1373 3416 ἔστιν,
1402 3353 1474 3416 ὡς
1502 3354 1621 3407 οὐδὲ
1650 3354 1709 3406 ἐν
1741 3353 1838 3425 τῷ,

280 3448 506 3518 Πνεῦμα
538 3447 849 3515 ἐγκαίνισον
879 3448 934 3499 ἐν
961 3448 1072 3509 τοῖς
1103 3447 1376 3515 ἐγκάτοις,
1409 3446 1588 3501 κοινόν
1617 3464 1670 3501 τι
1707 3449 1845 3501 νοεί-

275 3556 362 3594 ται
397 3538 799 3605 πνεῦμα,“οὑδὲ
830 3538 937 3608 μὴν
967 3537 1058 3591 τὸν
1101 3538 1241 3591 κατὰ
1288 3526 1509 3605 ’γένεσιν
1542 3555 1845 3607 σπερματι-

276 3634 388 3697 xiv,
420 3631 481 3684 δν
509 3630 560 3683 οί
592 3632 809 3698 φυσικοὶ
835 3647 939 3682 κατ
952 3630 1164 3695 έλασον,
1219 3630 1355 3684 ἀλλὰ
1383 3628 1473 3684 τὸν
1504 3630 1596 3683 τοῦ
1630 3630 1845 3698 Πατρδς

278 3725 410 3776 Θεοῦ
439 3723 530 3776 τὸν
558 3723 900 3789 ύπερούσιον·
924 3715 983 3775 οὗ
1020 3723 1184 3793 ἔργον
1213 3725 1309 3776 καὶ
1341 3723 1401 3775 τὸ
1448 3722 1711 3775 νοσοῦσαν
1752 3722 1845 3773 ά).-

280 3815 482 3867 θαενειν
518 3815 618 3884 τὴν
650 3814 811 3883 φύσιν
865 3815 1041 3885 ήμῶν·
1091 3814 1367 3867 άλθαίνειν
1405 3814 1494 3880 δὲ,
1550 3813 1847 3883 προσφυῶς

282 3909 445 3977 αὐτῷ·
478 3908 759 3978 προσφυὲς
800 3909 855 3961 δέ
889 3911 1104 3975 ἐκείνῳ,
1138 3908 1197 3959 τὸ
1228 3907 1414 3968 καθὼς
1456 3906 1666 3966 ἀκούει,
1704 3905 1847 3959 οὕτω

283 4002 369 4052 καὶ
395 4000 688 4069 ἰατρεύειν·
717 3999 899 4053 ἀκούει
920 3999 975 4051 δὲ
994 4000 1273 4052 τουτέστιν
1302 3996 1626 4064 ὀνομάζεται
1650 3998 1845 4065 Λόγος·

280 4093 472 4146 οὐκοῦν
496 4093 637 4161 λόγῳ
671 4094 765 4145 καὶ
794 4092 1055 4161 ίατρεύει·
1093 4090 1168 4152 ῶς
1204 4090 1504 4160 ἐθάρρησεν
1534 4088 1563 4140 ὁ
1605 4090 1849 4156 φάμενος

280 4185 544 4239 τὺ-Είπὲ
576 4184 755 4251 λόγον,
814 4184 906 4237 καὶ
950 4182 1232 4253 ἰαθήσεται
1276 4183 1304 4233 6
1352 4179 1545 4233 νοσῶν·
1572 4209 1596 4219 -
1624 4180 1716 4232 καὶ
1771 4179 1847 4242 ὡς

281 4276 541 4346 ἐπειράθη
580 4279 608 4328 6
665 4274 995 4344 παράλυτος,
1044 4275 1139 4327 καὶ
1190 4274 1266 4331 ὡς
1320 4270 1520 4339 ἀνέστη
1568 4269 1789 4339 κληθεὶς
1819 4270 1848 4323 6

279 4369 526 4439 Λάζαρος
553 4384 570 4400 ·
608 4369 753 4421 ἰᾶται
800 4367 857 4420 δὲ
905 4368 933 4419 6
979 4366 1171 4435 Σωτὴρ
1211 4365 1506 4431 πάγκοινος
1550 4364 1734 4432 ἰατρὸς
1782 4361 1844 4415 ού

1943 3157 2095 3213 ribus
2109 3154 2341 3208 Verbum
2372 3149 2722 3205 abscondisse
2750 3148 2958 3211 dicens,
2978 3148 3360 3215 interpretatur
3376 3142 3517 3210 quod

1942 3249 2017 3304 ibi
2066 3246 2295 3301 Verbum
2326 3242 2494 3297 dicat.
2532 3238 2649 3294 Non
2690 3236 2980 3292 dicendum
3031 3246 3115 3290 est
3184 3234 3347 3304 igitur
3395 3246 3518 3286 esse

1941 3344 2165 3400 verbum
2201 3353 2493 3395 commune
2530 3335 2615 3390 vel
2645 3333 2790 3389 aliud
2838 3332 2944 3403 ipsi
3000 3330 3199 3394 simile,
3263 3338 3516 3397 tanquam

1942 3437 1997 3492 in
2023 3438 2126 3491 hoc
2155 3452 2170 3489 :
2204 3432 2470 3503 Spiritum
2500 3431 2700 3484 innova
2746 3426 2803 3480 in
2825 3424 3145 3487 visceribus,
3171 3435 3277 3475 non
3324 3418 3520 3487 aliquis

1943 3525 2252 3583 communis
2280 3523 2505 3591 spiritus
2537 3518 2885 3587 intelligitur;
2917 3528 3016 3570 nec
3042 3514 3206 3568 etiam
3239 3511 3367 3565 illud
3414 3524 3511 3577 ge-

1945 3614 2241 3671 nerationis
2275 3609 2687 3679 spermaticum,
2720 3604 2863 3675 quod
2891 3603 3100 3673 physici
3124 3602 3516 3671 cogitaverunt.

1946 3706 2039 3763 sed
2076 3702 2317 3759 Verbum
2380 3699 2473 3753 Dei
2544 3696 2723 3751 Patris
2766 3690 3289 3762 supcrsnbstantiale
3319 3704 3335 3753 ;
3362 3688 3519 3756 cujus

1945 3813 2081 3868 Opus
2099 3804 2183 3850 εει
2198 3802 2455 3863 mgrotam
2478 3801 2674 3844 sanare
2700 3793 2950 3839 naturam
2972 3790 3235 3844 nostram,
3254 3788 3309 3833 et
3325 3791 3522 3833 sanare

1946 3866 2108 3956 prout
2128 3884 2230 3950 ipsi
2255 3878 2502 3935 naturale
2526 3885 2633 3932 est.
2660 3872 2915 3927 Naturale
2945 3880 3126 3924 autem
3159 3875 3245 3923 est
3272 3866 3349 3935 ei,
3378 3866 3522 3919 sicut

1946 3953 2113 4042 audit,
2129 3976 2208 4030 sic
2224 3984 2276 4029 et
2291 3986 2504 4032 sanare;
2518 3967 2666 4023 audit
2681 3963 2943 4025 autem,id
2959 3969 3041 4017 est
3062 3959 3370 4015 nominatur
3388 3953 3520 4012 Ver-

1948 4071 2074 4124 bum
2093 4084 2108 4121 :
2130 4068 2297 4136 igitur
2319 4062 2491 4119 verbo
2510 4073 2727 4131 quoque
2746 4056 3013 4118 medetur,
3031 4051 3173 4107 sicut
3189 4049 3413 4105 ﬁdenter
3440 4056 3521 4102 te-

1948 4159 2065 4212 nuit
2085 4156 2169 4210 ille
2184 4155 2275 4225 qui
2299 4152 2437 4207 dixit
2460 4170 2475 4206 :
2498 4151 2590 4205 Dic
2610 4147 2917 4207 vcrbum,et
2932 4141 3212 4197 sanabitur
3224 4150 3518 4211 aegrmans;

1948 4258 2000 4303 et
2024 4249 2162 4302 sicut
2181 4253 2435 4313 expertus
2455 4250 2539 4295 est
2576 4235 2929 4309 paralyticus,
2947 4241 3000 4286 et
3014 4232 3155 4286 sicut
3169 4245 3230 4285 sn
3241 4227 3408 4283 rrexit
3427 4241 3520 4280 vo-

1947 4350 2105 4395 catus
2133 4336 2394 4391 Lazarus.
2422 4332 2591 4387 Sanat
2618 4339 2799 4383 autem
2834 4325 3102 4386 Salvator,
3134 4321 3378 4376 medicus
3404 4334 3521 4372 om-

280 4414 463 4515 1013,65;
494 4414 527 4531 ii
561 4460 826 4523 ἐκείνους,
851 4456 989 4511 ἀλλὰ
1012 4414 1842 4526 τὴν,άνθρῶπίνηνἷόἳηνιφύσιν·

1952 4434 2115 4489 nibus
2145 4428 2473 4493 communis,
2507 4439 2615 4479 non
2652 4422 2753 4476 hos
2788 4419 2872 4475 vel
2902 4418 3044 4480 illos,
3071 4418 3168 4472 sed
3225 4414 3516 4467 humanam

2459 4520 2497 4531 ’κ
2540 4522 2553 4531 ι
2599 4528 2607 4531 -
2700 4530 2703 4531 ν
2758 4528 2792 4531 ν-
2861 4512 2920 4531 Α)
2954 4514 3051 4531 ιν.-
3084 4529 3097 4531 -
3140 4507 3289 4531 σε-..
3344 4505 3490 4531 -...l:a

282 4553 430 4616 είςδέ
464 4554 547 4614 τὺ,
580 4550 775 4612 Καθὼς
795 4549 984 4603 ἀκούει
1012 4548 1156 4600 οὕτω
1189 4548 1284 4600 καὶ
1311 4545 1574 4616 ίατρεύει,
1607 4546 1850 4615 ἐνθυμη-

281 4645 396 4698 τέον
419 4646 501 4707 τξ,
538 4641 735 4704 Καθὼς
774 4640 977 4705 ἀκούω,
1011 4641 1200 4710 κρίνω,
1228 4637 1322 4691 καὶ
1352 4639 1499 4708 ἑξῆς.
1541 4638 1750 4692 Ἀκούω
1791 4637 1849 4690 δὲ

282 4734 505 4795 δίκαιος,
561 4731 786 4791 δικαίως
818 4731 926 4797 ἄρα
957 4729 1129 4799 κρίνω
1154 4746 1168 4760 ·
1220 4729 1317 4781 καὶ
1363 4730 1395 4797 ἡ

283 4825 461 4880 δικαία
495 4822 634 4876 ἐστε·
666 4822 823 4890 δῆλον
855 4821 912 4873 δέ
946 4820 1019 4881 ὡς
1050 4819 1109 4871 τὸ
1143 4818 1416 4871 ἀλθαίνενδ
1447 4817 1544 4885 τήν
1579 4817 1684 4869 τῶν
1716 4817 1848 4886 βρο-

284 4919 385 4970 τῶν
407 4916 572 4984 φύσιν
595 4913 730 4982 πρὸς
749 4912 1038 4981 διαστολὴν
1063 4910 1262 4982 ἐρρέθη
1281 4909 1390 4963 τῶν
1415 4909 1659 4979 μερικῶς
1689 4907 1849 4977 θερα-

284 5009 580 5060 πευόντων.
1208 5014 1213 5019 ·

354 5095 491 5150 ala}.
528 5094 664 5165 Περὶ
694 5094 751 5147 δὲ
776 5094 966 5165 θρόνου
1003 5091 1147 5145 θείου
1177 5087 1351 5154 δεξιοῦ
1384 5086 1703 5157 ἀρκούντως
1732 5083 1854 5149 ἐφι-

283 5189 593 5256 λοσόφησαν
623 5189 671 5240 οἱ
706 5188 875 5255 ἅγιοι·
910 5186 967 5249 ἐξ
995 5178 1069 5236 ὧν
1095 5183 1189 5236 καὶ
1214 5182 1395 5235 αὐτῶν
1422 5179 1617 5250 ἔχομεν
1655 5175 1855 5246 φιλητὰ

288 5282 387 5348 μὲν
436 5278 815 5348 εὐαγγελικῶς
864 5278 930 5330 τὰ
981 5277 1128 5330 δεξιά
1160 5269 1323 5339 εἶναι,
1377 5271 1649 5327 ἀνάπαλιν
1679 5269 1734 5322 δέ
1784 5268 1854 5321 τά

286 5370 551 5439 ἀριστερά
589 5367 713 5423 ὅθεν
733 5368 880 5430 λαιός
907 5384 988 5430 τις
1020 5366 1113 5418 καὶ
1151 5363 1515 5433 ἐπαρίστερος
1549 5360 1851 5414 ἐσκωπται·

285 5462 333 5513 εί
364 5462 423 5515 δὲ
468 5460 775 5514 ἀπώεκτέα
820 5455 961 5512 εἶναι
1002 5458 1203 5527 μᾶλλον
1253 5456 1324 5509 τὰ
1374 5454 1543 5521 δεξιὰ,
1581 5451 1855 5523 χρήσιμον

285 5555 350 5607 ἐκ
377 5554 489 5606 τῶν
521 5552 787 5615 παλαιῶν,
822 5552 914 5604 καὶ
936 5552 1015 5613 τδ,
1044 5549 1292 5619 Ἑπλήγη
1318 5547 1364 5601 τ’
1398 5545 1661 5609 ἐπιδέξια,
1690 5544 1857 5614 ἡγουν

284 5646 352 5700 τὰ
382 5646 576 5714 καίρια
622 5644 766 5715 μέρη
797 5642 891 5696 τοῦ
940 5641 1213 5712 σώματος·
1242 5642 1338 5694 καὶ
1368 5639 1428 5692 τὸ
1447 5634 1763 5691 οἙπίπονοί
1790 5650 1855 5703 γε

287 5739 337 5798 οι
382 5735 597 5805 διξιοέ.-
619 5738 681 5791 Ei
715 5734 771 5789 δέ
804 5752 856 5788 τι
896 5734 1002 5807 χρὴ
1051 5731 1282 5786 ἐνταῦθα
1312 5730 1408 5785 καὶ
1438 5728 1596 5799 χεῖρα
1640 5725 1859 5793 ἐκείνην

1954 4537 2205 4583 naturam
2237 4533 2424 4578 totam.
2459 4520 2648 4574 Relate
2674 4528 2801 4569 Vero
2856 4512 2922 4567 ad
2952 4514 3055 4566 huc
3084 4529 3098 4565 :
3140 4507 3293 4563 Sicut
3343 4505 3520 4566 audit,

1951 4621 2029 4675 sic
2058 4626 2246 4681 sanat;
2282 4608 2688 4678 recogitandum
2744 4611 2829 4659 est
2883 4600 3076 4657 istud:
3119 4598 3274 4653 Sicut
3333 4593 3517 4656 audio,

1944 4710 2163 4777 judico,
2203 4714 2310 4761 etc.
2338 4702 2515 4756 Audio
2544 4712 2672 4753 vero
2720 4698 2903 4797 justus
2934 4693 3116 4761 ;juste
3150 4685 3379 4797 proinde
3432 4682 3529 4755 ju-r

1951 4801 2102 4860 dico.
2138 4806 2194 4853 et
2220 4793 2485 4866 judicium
2540 4803 2718 4843 meum
2746 4788 2953 4859 justum
2990 4789 3095 4836 est.
3148 4777 3379 4833 Evidens
3424 4789 3522 4828 au-

1952 4907 2058 4952 tem
2094 4903 2178 4948 est
2207 4888 2348 4960 quod
2376 4898 2570 4943 curare
2603 4880 2917 4937 mortalium
2948 4883 3201 4932 naturam
3226 4872 3293 4926 ad
3334 4869 3525 4924 distin-

1952 4990 2188 5045 ctionem
2223 4996 2409 5039 eorum
2442 4979 2535 5050 qui
2566 4976 2762 5048 partim
2793 4971 3078 5027 medentur
3132 4964 3239 5021 fuit
3296 4964 3522 5018 dictum.

2023 5083 2147 5134 251.
2183 5077 2258 5131 De
2282 5074 2467 5130 divino
2495 5079 2675 5125 autem
2706 5065 2936 5120 dextero
2972 5061 3170 5116 throno
3191 5055 3526 5114 sutlicienter

1953 5176 2331 5229 disseruerunt
2375 5163 2547 5220 sancti
2577 5179 2591 5227 ;
2621 5175 2689 5215 ex
2711 5155 3059 5227 quibusipsis
3084 5150 3248 5208 etiam
3279 5158 3525 5203 tenemus

1955 5264 2145 5317 dilecta
2179 5258 2393 5327 quidem
2425 5251 2723 5309 secundum
2754 5245 3101 5314 Evangelium
3131 5253 3254 5295 esse
3282 5236 3525 5327 dextera,

1955 5368 1986 5408 e
2008 5322 2280 5407 contrario
2310 5355 2490 5401 autem
2516 5355 2644 5397 esse
2692 5338 2912 5394 sinistra
2940 5350 2954 5388 :
2983 5332 3125 5387 unde
3178 5329 3347 5385 laevus
3400 5322 3527 5390 qui-

1958 5444 2082 5499 dam
2108 5441 2272 5497 etiam
2298 5436 2655 5508 ἐπαρίστερος
2674 5433 2865 5501 iocose
2903 5425 3083 5480 dictus
3113 5428 3217 5475 est.
3241 5419 3323 5470 An
3343 5422 3525 5508 autem

1960 5535 2132 5606 magis
2168 5504 2519 5600 acceptabilia
2550 5527 2662 5580 sint
2689 5522 2934 5580 dextera,
2957 5512 3216 5583 prodesse
3246 5513 3423 5606 potest
3469 5504 3526 5558 id

1959 5601 2307 5695 antiquorum
2333 5639 2349 5677 :
2376 5621 2458 5675 Ad
2490 5618 2766 5674 dexteram
2795 5606 3088 5679 perculsus
3107 5611 3215 5664 est,
3238 5601 3356 5695 sive
3383 5611 3523 5695 pra-

1960 5687 2137 5794 cipuis
2183 5720 2236 5775 in
2278 5714 2526 5791 partibus
2583 5702 2863 5779 corporis;
2921 5708 2976 5757 et
3029 5696 3169 5753 istud
3200 5687 3521 5760 ;i.aboriosi
