3950 6204
510 285 621 362 ’235

1214 301 1564 364 EUSTATH
1578 305 1634 364 [Ι
1676 306 1971 368 THESSA
1982 309 2440 373 LONlCENSIS
2495 315 3054 375 METROPOLIT/E
3585 328 3668 392 735

409 419 420 430 °
496 418 627 466 sunt
655 409 880 465 dexteri.
910 407 967 464 Si
1001 424 1128 465 vero
1160 427 1377 481 quoque
1410 414 1499 470 hic
1544 426 1755 484 oportet
1821 419 2072 474 conside-

2191 422 2300 492 ὲλεή
2312 442 2450 491 μονα
2479 423 2661 490 δεξιὰν
2716 425 3042 493 σκέψασθαι,
3095 420 3160 497 ἦς
3192 426 3248 479 τὸ
3288 426 3432 498 ἔργον
3458 433 3543 486 οὐκ
3571 437 3667 488 tut.

497 515 622 556 rare
649 501 928 556 dexteram
962 517 1181 557 manum
1213 503 1359 558 illam
1414 507 1848 575 misericordem,
1912 509 2072 576 cujus

499 606 639 660 opus
668 593 874 646 nesciet
931 591 1178 657 sinistra,
1235 609 1341 648 non
1401 605 1487 650 est
1551 598 1725 652 solum
1781 599 2072 652 dicendum

496 686 643 756 quod
670 687 780 757 jam
811 689 878 741 ab
900 688 1006 742 alio
1036 691 1284 759 sapiente
1317 693 1453 747 scite
1499 710 1623 748 cum
1676 697 1925 766 symbolo
1990 699 2076 750 di-

499 788 646 834 ctum
705 789 788 832 est
821 797 836 833 :
875 779 1114 849 Utraque
1163 798 1326 836 manu
1385 786 1816 841 misericordiam
1871 788 1954 844 {ac
2017 799 2074 844 et

499 872 725 925 exhauri
783 871 999 926 divitias
1035 890 1048 926 ε
1084 889 1188 927 non
1258 877 1400 928 enim
1436 877 1506 930 ita
1539 880 1673 932 srict
1705 889 1794 934 tua
1853 881 2076 936 sinistra

500 962 643 1029 quod
713 964 932 1018 dextera
989 977 1078 1017 tua
1127 967 1247 1021 facit
1285 982 1299 1032 ;
1333 969 1424 1021 scd
1475 971 1634 1023 etiam
1665 987 1684 1024 :
1718 971 2071 1044 Elecmosyua

499 1051 736 1106 donetur
782 1055 895 1108 sola
946 1056 1189 1119 dextera,
1219 1061 1490 1126 operaria,
1541 1063 1706 1125 virili,
1770 1065 2072 1134 symbolice

503 1143 742 1196 divinam
777 1145 1146 1212 opeiatiouem
1177 1153 1534 1217 exprimente,
1562 1155 1630 1206 ali
1697 1155 1809 1223 ipsa
1853 1166 2071 1218 natura.

500 1235 645 1286 sicut
675 1235 1020 1300 speculantur
1040 1237 1245 1306 physici
1265 1241 1559 1307 sapientes,
1585 1245 1876 1309 honorata,
1914 1257 2074 1300 natu-

503 1325 688 1378 raliter
716 1324 781 1379 ad
807 1327 1140 1395 operandum
1174 1333 1459 1384 commode
1490 1333 1774 1402 disposita,
1797 1346 1870 1401 et,
1926 1337 2074 1404 quod

503 1417 733 1470 vividius
757 1426 861 1481 est,
893 1418 981 1472 illa
1017 1434 1136 1486 quae
1171 1423 1238 1474 ad
1295 1423 1662 1490 rccipicmlum
1721 1425 1856 1481 bene
1883 1428 2078 1494 proba-

503 1518 613 1563 tur.
643 1509 934 1564 Sinistram
960 1520 1142 1564 autem
1181 1514 1330 1566 sinas
1355 1516 1610 1569 omittere
1652 1533 1777 1586 qua:
1831 1528 1962 1573 sunt
2007 1519 2075 1572 ad

501 1601 928 1670 eleemosynam,
957 1600 1042 1654 cui
1077 1615 1216 1669 Opus
1241 1608 1326 1656 est
1367 1603 1669 1671 diligentia,
1729 1605 2080 1662 festinatione

505 1692 698 1758 multa,
754 1691 1121 1748 coocitatione
1183 1696 1298 1748 sive
1356 1699 1709 1750 contentione
1738 1739 1751 1762 ,
1789 1708 1972 1766 atque,
2015 1709 2078 1752 ut

505 1799 668 1839 omne
690 1793 991 1852 opportune
1037 1784 1234 1846 dii-am,
1268 1785 1608 1850 dexteritate,
1639 1789 1838 1856 quibus
1857 1790 2080 1843 orbatur

505 1879 753 1941 sinistra,
791 1885 916 1930 nata
949 1876 1167 1942 quidem
1201 1887 1257 1929 et
1308 1877 1422 1943 ipsa
1479 1880 1594 1931 lieri
1651 1882 1901 1944 dextera,
1952 1897 2080 1935 sero

505 1982 686 2026 autem
725 1969 954 2024 forsitan
997 1967 1307 2037 bujuswodi
1341 1985 1669 2037 prosperous
1708 1972 1758 2024 in
1797 1971 1959 2034 bono,
2023 1981 2082 2025 ut

505 2062 935 2118 ambidcsterum
972 2062 1216 2130 perﬁciat
1256 2061 1571 2114 hominem:
1619 2062 1876 2116 tardescit
1931 2063 2080 2118 enim

506 2153 876 2223 segnislaava,
926 2154 1259 2222 tmpeilitque
1299 2154 1576 2206 dexteram
1612 2169 1642 2206 a
1695 2155 1858 2219 bono,
1921 2165 1974 2210 et
2028 2157 2082 2212 in

506 2247 630 2300 aliis
663 2245 973 2299 actionibus
1002 2244 1204 2313 quibus
1231 2261 1338 2297 non
1367 2253 1492 2312 apte
1529 2245 1686 2306 viret,
1728 2256 1780 2299 et
1835 2246 1888 2298 iu
1943 2247 2085 2300 elee—

509 2351 748 2407 mosynae
764 2345 886 2390 actu
915 2350 1076 2404 quem
1105 2351 1229 2390 cum
1266 2351 1460 2404 pompa
1491 2345 1546 2389 et
1567 2337 1934 2392 ostentatione
1950 2340 2085 2408 pha-

509 2430 704 2483 risaice
727 2427 1110 2495 splendescere
1129 2429 1312 2496 gestit.

576 2517 702 2571 9.32.
731 2517 968 2580 Omnino
993 2530 1124 2570 vero
1156 2532 1262 2570 non
1302 2518 1354 2570 in
1393 2517 1594 2572 bonum
1635 2519 1911 2574 veteribus
1952 2520 2088 2575 sini-

510 2621 682 2664 stram
705 2609 1027 2663 habebatur.
1059 2607 1212 2674 Quod
1241 2609 1446 2662 malum
1474 2611 1765 2680 augurium
1787 2612 2090 2678 reputarint

511 2702 665 2764 laeva,
697 2701 826 2770 quid
852 2708 1065 2769 oportet
1089 2700 1317 2754 dicere?
1346 2700 1505 2754 Manu
1537 2716 1666 2755 vero
1693 2717 1917 2756 manum
1951 2703 2089 2756 sini-

506 2803 674 2849 stram
697 2803 942 2862 tangere,
965 2791 1390 2846 abominandum
1419 2801 1536 2846 crat
1559 2811 1572 2846 ι
1595 2794 1881 2848 amabatur
1908 2804 2087 2848 autem

509 2888 743 2941 maxime
771 2885 1016 2939 dextera.
1047 2883 1102 2936 In
1135 2885 1308 2952 pactis
1339 2885 1480 2938 sicut
1506 2886 1560 2938 in
1611 2886 1937 2950 iuramentis
1965 2889 2092 2939 dex-

504 2989 677 3036 teram
709 2978 944 3034 dexteris
997 2977 1318 3030 ﬁducialiter
1342 2977 1640 3044 iungebant
1678 2995 1690 3040 ;
1727 2988 1778 3031 et
1812 2993 1982 3046 usque
2014 2979 2080 3031 ad

2179 513 2452 581 γνώσεται
2476 517 2507 584 ἡ
2529 517 2812 584 ἀριστερὰ,
2839 517 2900 568 ού
2925 516 3086 586 μόνον
3107 517 3246 570 ἐστιν
3262 521 3420 572 εἰπεῖν
3435 523 3485 574 τὸ
3503 525 3673 592 φθάσαν

2179 605 2394 671 εὐφυῶς
2418 607 2519 676 ἤδη
2544 606 2676 675 παρ’
2712 609 2872 660 ἄλλου
2913 609 3082 675 σοφοῦ
3111 608 3330 678 ῥηθῆναι
3367 614 3672 682 ωμῆολικώς,

2179 697 2262 748 ὅτι
2290 697 2652 766 ’Δμφοτέραις
2677 698 2814 750 ἐλέει
2838 701 2930 751 καὶ
2954 698 3192 762 ἐξάντλει
3218 701 3304 754 τὸν
3323 703 3543 758 πλοῦτον·
3564 708 3676 762 οὕτω

2179 788 2286 858 γὰρ
2319 791 2421 842 ούκ
2447 789 2513 843 ἂν
2542 790 2810 859 ἀριστερά
2843 808 2936 844 σου
2971 793 3218 862 ἐπιγνοίη
3246 795 3272 846 ὅ
3297 811 3346 845 τι
3381 797 3495 848 ποτέ
3515 800 3542 865 ἡ
3561 801 3680 864 δεξιὰ

2182 898 2276 933 σου
2309 883 2473 933 ποιεῖ·
2517 881 2653 937 ἀλλά
2683 885 2775 935 κει)⁸
2809 885 2893 936 ὅτι
2929 885 3083 956 Μόνη
3110 888 3176 953 τῇ
3206 886 3347 957 δεξιᾷ
3377 892 3683 957 μεταδιδότθω

2180 974 2605 1045 ὴέλεημοσύνη,
2644 979 2709 1045 τῇ
2761 980 3055 1048 ἐργατικῇ,
3109 982 3174 1048 τῇ
3222 981 3456 1052 ἀνδρικῇ,
3491 987 3548 1050 τῇ
3575 1003 3681 1051 συμ-

2181 1066 2600 1138 ϐολογραφούσῃ
2650 1069 2804 1123 θείαν
2835 1071 3057 1138 πρᾶξιν,
3107 1073 3172 1140 τῇ
3225 1072 3325 1123 ὑπὸ
3376 1075 3466 1140 τῆς
3512 1075 3688 1149 φύσεως

2184 1159 2355 1227 αὐτῆς
2385 1161 2746 1232 τετιμημένῃ,
2781 1163 2855 1224 ὼς
2892 1164 3191 1230 θεωροῦσιν
3220 1165 3266 1216 οἱ
3311 1167 3514 1231 φυσικοὶ
3543 1167 3686 1232 σοᾳοὶ,

2180 1256 2246 1322 τῇ
2279 1255 2559 1324 πεφυκυίᾳ
2581 1255 2717 1324 δρᾷν
2743 1255 3024 1323 εὐμαρῶς,
3057 1259 3150 1308 καὶ
3178 1256 3506 1326 θερμότερον,
3539 1263 3593 1328 τῇ
3615 1263 3692 1312 καὶ

2181 1343 2431 1413 δεκτικῇ,
2475 1344 2848 1414 εὐαποδέκτῳο
2879 1345 2979 1412 τὴν
3005 1347 3063 1398 δέ
3088 1347 3240 1399 λαιὰν
3274 1348 3402 1415 ἄφες
3433 1349 3691 1415 ἀπρακτεῖν

2180 1436 2251 1489 τά
2276 1452 2340 1502 γε
2376 1438 2454 1497 είς
2485 1435 2881 1506 ἐλεημοσύνην,
2981 1437 3140 1508 χρεία
3171 1439 3400 1505 σπουδῆς
3432 1439 3515 1490 καὶ
3538 1455 3691 1490 συντο·

2186 1529 2316 1597 μίας
2340 1529 2540 1596 πολλῆς
2570 1530 2665 1582 καὶ
2688 1530 2970 1593 συντονίας
2994 1531 3174 1584 εῐτουν
3202 1530 3509 1592 συντάσεως,
3533 1530 3628 1592 καὶ,
3649 1531 3695 1578 τὸ

2183 1623 2292 1675 πᾶν
2324 1622 2555 1691 καιρίως
2591 1623 2790 1685 είπεῖν,
2831 1622 3161 1688 δεξιότητος,
3213 1616 3285 1674 ὦν
3330 1621 3698 1689 ἀποστέρεταιὴ

2183 1710 2331 1773 λαιὰ,
2375 1715 2651 1778 πεφυκυῖα
2703 1712 2800 1780 μὲν
2833 1711 2980 1775 δεξιά
3048 1709 3293 1778 γίνεσθαι
3323 1708 3410 1760 καὶ
3452 1706 3592 1774 αὑτὴ,
3621 1706 3697 1772 ὀψὲ

2182 1802 2238 1853 δέ
2276 1818 2404 1854 ποτε
2436 1803 2676 1854 τοιοῦτον
2704 1801 3064 1872 εὐπραγοῦσα
3097 1801 3259 1854 καλὸν
3281 1841 3294 1864 ,
3325 1799 3394 1861 ὠς
3428 1795 3698 1866 ἀμφιδέξιον

2183 1893 2469 1946 ἀποτελεῖν
2492 1893 2582 1945 τὸν
2617 1893 2925 1963 ἄνθρωπονο
2957 1893 3287 1963 νωθρεύεται
3319 1891 3422 1960 γὰρ
3451 1889 3648 1940 ὀκνοῦσα
3675 1887 3700 1954 ή

2183 1985 2472 2054 ἀριστερὰ,
2503 1987 2598 2040 καὶ
2646 1987 2961 2039 ἀποκωλύει
3013 1987 3114 2055 τὴν
3162 1985 3342 2051 δεξιὰν
3373 1983 3460 2036 τοῦ
3496 1980 3632 2042 καλοῦ
3657 1979 3702 2029 ἐν

2183 2091 2240 2125 τε
2276 2074 2463 2136 ἀλλοιις
2492 2075 2729 2144 πράξεσι
2793 2075 2914 2128 καθ’
2950 2073 3017 2136 ἃς
3044 2075 3239 2143 ἀφυῶς
3275 2074 3498 2140 ἐνεργεῖ,
3535 2072 3614 2120 καὶ
3633 2068 3701 2118 ὅτε

2183 2165 2238 2218 δὲ
2298 2166 2398 2231 τὴν
2453 2164 2828 2234 ἐλεημοσύνην
2880 2164 3134 2233 ἐκφαίνει
3199 2161 3584 2233 θριαμϐεύουσα
3629 2157 3706 2210 καὶ

2186 2255 2579 2324 φιλενδεικτεῖν
2608 2256 2841 2310 ποιοῦσα
2871 2256 3246 2326 φαρισαῖκῶς.

2263 2519 2397 2590 σλβ’.
2435 2521 2613 2583 Ὂλως
2642 2520 2698 2572 δὲ
2729 2521 2790 2572 ού
2824 2519 2958 2588 πρὸς
3007 2517 3224 2585 ἀγαθοῦ
3259 2518 3373 2580 τοῖς
3418 2515 3642 2574 παλαιοῖς
3665 2511 3711 2562 τὸ

2189 2614 2484 2684 ἀριστερὸν
2516 2613 2744 2665 ἐτίθετο·
2791 2613 2886 2666 καὶ
2933 2613 3008 2674 ὡς
3059 2614 3162 2679 μὲν
3201 2610 3544 2665 δυσοιώνιστα
3567 2605 3714 2673 ἐνομίο

2189 2705 2345 2766 ζοντο
2371 2703 2439 2756 τά
2470 2703 2620 2766 λαιὰ,
2655 2705 2709 2755 τί
2741 2703 2849 2773 χρὴ
2895 2706 2988 2755 καὶ
3025 2703 3247 2772 λέγειν;
3299 2703 3454 2770 Χειρὶ
3480 2700 3530 2752 δέ
3570 2696 3714 2768 χειρὸς

2190 2796 2429 2864 ἅψασθαι
2459 2796 2778 2865 ἀριστερᾶς,
2827 2793 3126 2863 ἀπώμοτον
3177 2791 3266 2867 ἧν·
3310 2793 3536 2864 ἐφιλεῖτο
3559 2791 3609 2844 δὲ
3641 2787 3722 2856 μόδ-

2190 2889 2346 2940 λιστα
2377 2889 2410 2956 ἡ
2449 2887 2623 2953 δεξιά·
2661 2888 2760 2940 καὶ
2792 2889 2839 2940 οἱ
2867 2887 3210 2956 δεξιούμενοι
3241 2875 3312 2940 ἐν’
3330 2887 3604 2954 συνθήκαις
3641 2883 3720 2934 ὅσα

2192 2981 2284 3034 καὶ
2313 2979 2500 3049 ὅρκοις
2537 2979 2899 3031 ἐπεποίθεσαν
2931 2981 3052 3041 ταῖς
3086 2980 3314 3043 δεξιαῖς·
3343 2979 3435 3031 καὶ
3467 2979 3612 3045 μέχρι
3648 2970 3722 3022 καὶ

507 3071 825 3124 hodiernum
853 3068 994 3122 diem
1031 3066 1260 3120 fidentes
1295 3067 1541 3120 homines
1565 3066 1670 3121 sibi
1707 3077 1897 3120 mutuo
1953 3070 2085 3122 ilex-

2194 3072 2384 3142 ἐσάρτι
2417 3070 2774 3140 πιστούμενοι
2811 3070 3122 3139 ἄνθρωποι,
3171 3070 3355 3134 δεξιὰς
3393 3067 3623 3136 ἀλλήλοις
3652 3063 3726 3128 ἐμ-

504 3173 656 3220 teras
677 3164 982 3233 porrigunt.
1032 3161 1174 3215 Bene
1203 3176 1332 3216 vero
1405 3174 1641 3230 operans
1699 3170 1915 3225 natura,
1965 3178 2087 3232 quae

509 3258 746 3313 dextera:
773 3269 991 3324 quoque
1043 3253 1320 3308 scribendi
1379 3253 1712 3307 iunctionem
1767 3255 2088 3322 assignavit,

513 3361 718 3418 paucas
750 3346 1004 3401 sinistras
1035 3345 1325 3400 honestare
1356 3345 1492 3398 solet
1551 3344 1865 3414 huiusmodi
1923 3346 2086 3400 bono.

508 3439 714 3493 Bonum
746 3445 829 3493 est
850 3435 1191 3491 mercatoriis
1215 3435 1442 3489 navibus
1472 3434 1663 3490 dexter
1709 3437 1887 3504 paries
1934 3438 2090 3492 ineli-

513 3542 714 3597 natus;
765 3538 821 3584 et
853 3529 998 3582 hunc
1036 3527 1215 3597 seligit
1241 3527 1588 3597 proverbium
1617 3527 1929 3582 volentibus
1981 3527 2089 3583 sal-

511 3623 649 3676 vati.
689 3621 939 3690 Magnum
978 3628 1158 3673 autem
1187 3617 1525 3673 dexteritatis
1559 3625 1646 3673 est
1685 3623 1844 3672 etiam
1899 3619 2089 3683 decus,

513 3715 656 3785 quod
691 3712 984 3770 orientales
1009 3710 1194 3766 mundi
1216 3721 1399 3781 partes
1421 3711 1676 3766 dexteras
1707 3725 1828 3766 esse
1845 3717 2092 3766 statuunt

513 3806 809 3876 sapientes.
844 3802 900 3858 Si
929 3817 1057 3858 vero
1103 3801 1360 3857 laudibus
1411 3812 1632 3872 oportet
1689 3801 2093 3869 superexaltare

510 3898 813 3963 dexteram,
842 3896 963 3951 vide
1000 3895 1129 3950 mihi
1175 3894 1416 3950 dexterae
1448 3893 1658 3949 Excelsi
1715 3892 2091 3956 mutationem,

510 3997 565 4044 et
597 3990 836 4044 dextera:
863 3987 958 4042 Dei
1015 3987 1216 4051 virum,
1272 3999 1434 4056 quem
1500 3985 1556 4039 in
1614 3985 1758 4055 regis
1824 3992 2094 4054 potestate

517 4079 860 4133 conﬁrmavit
914 4077 1064 4141 sibi,
1119 4077 1512 4144 desieramque
1570 4090 1795 4129 manum
1852 4074 2089 4135 Domini,

517 4180 638 4237 qua:
663 4167 959 4237 gloriﬁcata
984 4174 1068 4218 est
1094 4165 1148 4218 in
1205 4165 1426 4226 virtute,
1468 4180 1590 4230 quze
1643 4163 1948 4218 vulneravit
1993 4162 2095 4218 iui-

514 4259 704 4319 micos,
726 4269 978 4326 quaeque,
999 4255 1063 4311 ad
1082 4254 1470 4309 abundantiam
1491 4255 1673 4324 gloriae
1688 4271 1822 4320 sure,
1841 4255 2096 4309 contrivit

516 4347 882 4413 adversarios.

2191 3164 2501 3216 ϐάλλουσιν
2549 3157 2610 3214 εὖ
2645 3161 2703 3213 δέ
2755 3159 2991 3212 ποιοῦσα
3023 3162 3056 3230 ἡ
3111 3161 3276 3230 φύσις
3327 3161 3418 3214 καὶ
3446 3157 3503 3211 τὸ
3530 3155 3726 3224 γράφειν

2190 3232 2643 3326 ἀποκληρώσασα
2686 3257 2752 3323 τῇ
2786 3253 2959 3324 δεξιᾷ,
2992 3255 3190 3322 ὀλίγας
3222 3253 3514 3324 ἀριστερὰς
3543 3246 3730 3312 τοιούτῳ

2191 3347 2342 3418 καλῷ
2366 3347 2764 3416 ἀποσεμνύνειν
2794 3347 2987 3400 ἐθέλει·
3023 3349 3196 3401 καλὸν
3221 3348 3281 3400 δὲ
3308 3347 3506 3407 πλοίοις
3537 3347 3730 3411 tum?“

2191 3442 2308 3504 κοῖς
2333 3441 2513 3508 τοῖχος
2555 3439 2584 3492 ὁ
2631 3439 2834 3504 δεξιόςο
2876 3439 2970 3491 καὶ
3025 3440 3059 3509 ἡ
3110 3439 3390 3509 παροιμία
3420 3438 3510 3490 τὸν
3532 3431 3734 3487 τοιοῦτον
3819 3441 3822 3444 ’

2192 3526 2507 3594 ἐπιλέγεται
2547 3529 2662 3590 τοῖς
2697 3528 2974 3580 ἐθέλουσιν
3001 3528 3309 3592 σώζεσθαι.
3354 3529 3508 3594 Μέγα
3543 3523 3594 3576 δὲ
3619 3519 3735 3587 φάθ’

2191 3620 2409 3690 τίμημα
2441 3619 2770 3686 δεξιότητος,
2817 3621 2912 3672 καὶ
2964 3620 3048 3673 ὅτι
3090 3621 3166 3673 τὰ
3214 3620 3310 3673 τοῦ
3347 3620 3550 3685 κόσμου
3584 3616 3739 3666 ἀνατο-

2191 3711 2319 3763 λικά
2359 3709 2510 3774 δεξιά
2561 3710 2804 3766 τίθενται
2838 3707 2976 3764 εἶναι
3007 3713 3056 3764 oi
3093 3712 3277 3780 σοφοίσ
3317 3713 3367 3763 εί
3407 3709 3463 3762 δέ
3492 3703 3739 3774 ὑπερυψὼ·

2195 3818 2286 3855 σαι
2318 3801 2415 3870 τὴν
2451 3800 2633 3866 δεξιὰν
2659 3802 2767 3872 χρὴ
2797 3803 3194 3866 ἐπινετικῶς,
3235 3802 3432 3872 θεώρει
3467 3817 3552 3868 μοι
3592 3793 3742 3859 δεξιίς

2203 3893 2461 3962 Ὑψίστου
2488 3893 2790 3959 ἀλλοίωσιν,
2818 3895 2912 3948 καὶ
2932 3893 3108 3964 ἄνδρα
3128 3895 3316 3958 δεξιᾶς
3344 3891 3478 3944 Θεοῦ
3499 3890 3552 3942 δν
3577 3888 3742 3944 ἐκεῖνος

2197 3986 2488 4056 βασιλικῶς
2545 3985 2929 4056 ἐκραταίωσεν
2984 3987 3198 4057 ἐαυτῷ·
3258 3987 3356 4039 καὶ
3395 3984 3568 4049 δεξιὰν
3617 3981 3746 4049 χεῖρα

2199 4080 2408 4150 Κυρίου
2431 4077 2830 4148 δεδοξασμινην
2853 4079 2912 4130 ἐν
2935 4079 3084 4149 ίσχύῖ
3113 4082 3214 4134 καὶ
3232 4079 3438 4150 θραύου
3449 4094 3540 4142 ξαν
3560 4070 3746 4142 ἐχθροὺς

2197 4172 2396 4241 καὶτῷ
2437 4171 2638 4242 πλήθει
2672 4171 2771 4237 τῆς
2804 4171 2961 4243 δόξης
2993 4172 3173 4228 αὑτοῦ
3223 4171 3609 4246 συντρίϐουσαν
3649 4163 3749 4222 τοὺς

2200 4265 2574 4324 ὑπεναντίους.

581 4437 708 4494 253.
735 4437 791 4493 Si
814 4452 942 4494 vero
961 4451 1177 4508 quoque
1198 4445 1562 4510 repugnantes
1609 4435 1821 4491 Domini
1859 4435 2087 4492 dextera

2274 4438 2414 4505 σλγ⁹.
2454 4437 2516 4490 Et
2544 4437 2600 4490 δὲ
2627 4437 2721 4488 καὶ
2753 4439 2880 4499 τοὺς
2907 4437 3330 4508 ἀνθεστηκότας
3361 4442 3429 4510 τῇ
3457 4437 3547 4490 τοῦ
3579 4431 3752 4500 Κυρίου

515 4532 830 4600 cogitemus,
861 4545 892 4584 a
921 4530 1196 4600 quibusse
1223 4531 1740 4599 custodiriunagnus
1772 4526 1939 4582 David
1970 4543 2094 4597 pre-

513 4634 689 4690 catur,
722 4623 978 4694 ipsosque
1005 4621 1258 4677 sinistros
1315 4636 1608 4688 ponamus,
1660 4629 1722 4675 ut
1779 4620 2096 4676 consecutio

517 4713 719 4781 poscit,
757 4713 882 4783 quis
905 4727 936 4768 a
973 4711 1211 4768 sinistris
1240 4725 1363 4768 esse
1385 4712 1547 4768 vellet
1595 4719 1691 4766 aut
1740 4712 1987 4767 ordinem
2046 4719 2100 4766 et

515 4806 964 4861 constitutionem
995 4804 1068 4860 ita
1104 4803 1385 4860 sinistram
1449 4803 1673 4859 laudare
1701 4805 1726 4858 τ
1753 4802 1940 4857 Fidem
1999 4817 2098 4856 auo

516 4906 622 4950 tem
644 4903 700 4951 et
727 4897 841 4967 ipsa
878 4896 1040 4953 faciet
1070 4896 1367 4967 apostolica
1393 4897 1652 4965 piscatio,
1693 4909 1803 4951 non
1830 4911 1952 4953 esse
1985 4896 2098 4950 l'ru-

517 4994 666 5042 ctum
696 4999 726 5039 a
751 4986 1008 5054 sinistris,
1042 4987 1318 5058 siquidem
1336 4987 1597 5058 apostoli,
1631 5003 1755 5043 cum
1779 5003 1809 5042 a
1839 4987 2094 5050 dexteris,

514 5074 690 5145 jussu'
729 5074 968 5142 Domini,
1028 5078 1359 5135 laxavissent
1411 5085 1545 5144 rete,
1601 5078 1822 5147 copiosa
1878 5088 2100 5148 captura

519 5167 920 5237 mirationeque
951 5170 1124 5224 multa
1163 5169 1353 5239 repleti
1385 5178 1531 5225 sunt.
1562 5169 1618 5224 Si
1652 5184 1783 5224 vero
1835 5179 2097 5225 exornata

517 5257 673 5327 larva,
726 5257 906 5313 fucata
966 5268 1020 5314 et
1087 5271 1368 5317 cerussata
1427 5263 1588 5318 bonis
1640 5263 1843 5328 verbis,
1903 5261 2102 5330 quibus

520 5350 785 5423 ἀριστερά
812 5350 1033 5406 sinistra
1069 5353 1286 5422 quidem
1321 5368 1388 5410 ex
1421 5355 1631 5424 ἀρίστῳ
1665 5363 1854 5407 vocata
1879 5363 2002 5417 est;
2031 5366 2098 5404 ex

523 5443 786 5509 particula
805 5453 985 5498 autem
1012 5441 1074 5497 εὖ
1096 5443 1372 5499 nominata
1395 5453 1480 5497 est
1505 5441 1807 5511 εὐώνυμος,
1827 5441 1893 5496 ad
1927 5441 2100 5495 solem

523 5545 584 5584 οι
597 5535 834 5601 tollatur,
861 5537 1273 5609 recogitandum
1306 5545 1392 5590 est
1411 5544 1566 5589 uvam
1603 5534 1764 5599 fellis,
1807 5543 1858 5588 et
1888 5533 2101 5587 botrqu

524 5623 927 5694 amauitudinis,
970 5639 1024 5684 et
1052 5631 1364 5698 sepulcrum
1407 5627 1740 5690 dealbatam,
1794 5636 1848 5680 et
1912 5633 2104 5694 gustus

521 5709 893 5779 dulcamaros,
922 5733 975 5775 et
999 5722 1249 5778 baratltra
1307 5720 1532 5776 tioribus
1585 5719 2104 5785 circuml'usa;tali-

2197 4527 2346 4597 δεξιᾷ
2378 4525 2765 4594 ἐννοησόμεθα,
2817 4529 2874 4593 ἐξ
2910 4521 2985 4580 ὧν
3025 4528 3390 4598 φυλαχθῆναι
3429 4526 3520 4583 ὑπ’
3555 4520 3746 4579 αύτοῦὸ

2202 4625 2374 4690 μέγας
2393 4618 2558 4672 Δαϐιδ
2585 4615 2825 4689 εὔχεται,
2856 4619 2950 4672 καὶ
2973 4619 3318 4691 ἀριστεροὺς
3347 4621 3546 4680 αὐτοὺς
3569 4611 3754 4681 θώμεθα

2199 4714 2273 4774 ὡς
2304 4714 2338 4782 ὴ
2364 4713 2475 4765 τῶν
2503 4709 2641 4780 πρός
2676 4727 2730 4763 τι
2759 4709 2988 4765 ἀπαιτεῖ
3024 4711 3366 4776 ἀκολουθία,
3397 4713 3484 4773 τίς
3528 4709 3589 4762 ἂν
3616 4704 3758 4758 ἕλοιτο

2199 4804 2486 4874 ἀριστερὸς
2518 4797 2678 4868 εἶναι,
2708 4802 2740 4872 ἢ
2773 4799 2927 4867 τάξιν
2957 4805 3054 4858 καὶ
3087 4803 3253 4856 θέσιν
3283 4802 3467 4865 οὕτως
3503 4793 3760 4870 ἀριστερὰν

2201 4899 2486 4964 ἐπαινεῖν;
2533 4895 2877 4950 Πιστὼσεται
2921 4897 2978 4950 δέ
3025 4897 3122 4950 καὶ
3173 4895 3528 4965 ἀποστολικὴ
3556 4892 3684 4960 ἄγρα
3711 4884 3759 4935 τδ

2203 4996 2261 5047 ἐν
2296 4994 2408 5055 τοῖς
2441 4992 2754 5062 ἀριστεροῖς
2796 4989 3161 5061 ἀκάρπωτον,
3212 4991 3266 5043 οἳ
3301 4993 3360 5044 ἐν
3388 4990 3578 5053 δεξιοῖς
3606 4985 3762 5037 525129-

2201 5085 2324 5152 τικῇ
2361 5081 2611 5136 κελεύσει
2640 5081 3001 5151 χαλάσαντες,
3033 5079 3223 5152 ἀγρας
3275 5099 3343 5134 τε
3399 5076 3642 5150 δαψιλοῦς
3690 5067 3762 5122 καὶ

2201 5176 2482 5245 θαύματος
2523 5172 2718 5226 πολλοῦ
2765 5173 3144 5242 ἐπλήσθησαν.
3199 5175 3269 5228 Εί
3327 5175 3388 5229 δέ
3431 5163 3764 5241 κομμωτικῶξ

2202 5269 2505 5336 ἐσταλμένη
2535 5265 2936 5332 πεφυκιωμένη
2965 5281 3025 5317 τε
3057 5265 3091 5332 ἡ
3138 5265 3302 5330 λαιὰ,
3352 5265 3448 5318 καὶ
3496 5256 3762 5330 tomum-

2207 5360 2342 5426 μένη
2375 5357 2604 5425 ἀγαθοῖς
2659 5357 2903 5428 ῥήμασιν
2961 5354 3044 5420 οἷς
3098 5357 3393 5428 ἀριστερὰ
3451 5357 3547 5427 μὲν
3584 5357 3643 5406 ἐκ
3686 5343 3760 5396 τοῦ

2204 5450 2432 5518 ἀρίστου
2469 5448 2697 5518 ἐκλήθηο
2735 5451 2799 5502 ἐκ
2835 5448 2893 5502 δὲ
2917 5447 3012 5500 τοῦ
3043 5441 3103 5500 εὖ
3134 5447 3450 5518 ὠνομάσθη
3498 5444 3763 5507 εὐώνυμος.

2205 5536 2549 5590 ἀνατείνεται
2576 5538 2654 5599 είς
2671 5536 2909 5607 ἐξαρμα,
2933 5535 3289 5604 ἐνθυμητέον
3312 5536 3592 5605 σταφυλὴν
3610 5527 3764 5601 χολῆς.

2207 5629 2300 5678 καὶ
2335 5627 2530 5698 βότρυν
2561 5628 2811 5698 πικρίας,
2859 5630 2955 5681 καὶ
2998 5627 3178 5694 τάφον
3226 5627 3645 5696 κεκονιαμένονς
3688 5617 3764 5669 καὶ

2212 5719 2429 5788 γεύσεις
2455 5720 2886 5790 γλυκυπίκρους,
2918 5722 3010 5776 καὶ
3042 5719 3314 5790 βάραθρα
3344 5711 3763 5792 περιηνθισμένω
