3996 6194
334 237 432 300 741

1110 237 1193 297 ΙΝ
1238 236 1574 300 HYMNUM
1620 240 2265 305 PENTECOS’I‘ALEM
2312 244 2781 311 DAMASCENI.

3470 245 3575 308 τη

312 352 580 420 ὲγνωκότε
600 370 636 414 ',
669 350 744 413 ὡς
775 350 834 403 ὲν
862 351 939 420 τῷ
981 351 1165 421 είρμῷ
1193 353 1293 420 τῆς
1322 353 1516 422 τρίτης
1555 352 1698 422 ᾠδῆς
1739 353 1891 422 δεδή-

1998 356 2245 418 scientes.
2298 358 2413 410 sive
2457 366 2877 427 cognoscentes,
2913 364 2972 410 ut
3022 353 3077 407 in
3119 354 3383 411 carminis
3425 358 3589 411 tentii'

314 441 479 494 λωται
499 458 512 471 ·
542 442 665 512 ἥτις
692 441 823 509 ἁγία
844 441 1016 512 Τριὰς
1043 443 1139 512 οὐχ
1165 442 1353 505 ἁπλῶς
1380 445 1540 496 οὐσία
1564 446 1735 509 ἐστὶν,
1765 444 1886 497 οὐδὲ

314 534 502 597 ἁπλῶς
530 529 852 601 τρίφεγγος,
887 533 1024 586 ἀλλὰ
1044 533 1187 587 κατά
1208 551 1331 587 τινα
1361 534 1571 604 τρίαξιν
1601 536 1892 604 ἐπιθέτων,

315 625 455 696 σοφὴ
486 625 785 695 τρίφεγγος
835 625 1026 679 οὐσία’
1079 626 1234 679 αὐτοὶ
1266 626 1448 679 τοίνυν
1477 627 1618 680 οὕτω
1650 628 1896 698 λαμπροὶ

312 719 467 782 ὅντες
516 718 614 770 καὶ
669 718 737 771 τὰ
775 718 896 770 θεία
951 718 1131 787 σοφοὶ,
1169 718 1396 782 δεόντως
1426 719 1521 772 καὶ
1576 719 1892 790 δοξάζομεν.

315 810 511 870 Καλῶς
540 810 594 861 δὲ
642 809 750 877 ἄρα
800 811 893 863 καὶ
942 810 1278 879 ἀποστολικῇ
1326 809 1556 881 μεθόδῳ,
1597 811 1657 862 ὲν
1703 810 1894 880 Κυρίῳ

312 888 590 973 καυχᾶται
613 903 641 954 ό
666 901 809 965 θεῖος
830 898 985 964 οὗτος
1009 900 1248 971 μελῳδὸς
1274 900 1550 966 πεποιθὼς
1570 900 1857 971 ἀληθεύειν
1874 918 1889 933 ⁸

313 995 409 1047 καί
458 1010 523 1061 γε
576 993 835 1063 ἀληθεύει
867 993 1002 1046 Θεοῦ
1044 993 1264 1064 χάριτι·
1331 994 1433 1046 οὐκ
1482 994 1790 1062 ἀπορητέον
1836 993 1892 1047 δὲ

313 1086 431 1149 πῶς
470 1086 499 1138 ό
548 1085 786 1154 μελῳδὸς
820 1083 1087 1155 ἠρκέσθη,
1142 1084 1333 1139 οὐσίαν
1390 1084 1562 1138 είπὼν
1606 1084 1704 1154 τὴν
1753 1084 1894 1153 ὑπὲρ

312 1178 717 1231 πᾶσανόὐσίαν
761 1178 928 1244 ἁγίαν
977 1177 1185 1248 Τριάδα
1212 1192 1226 1207 ·
1281 1175 1397 1230 ἀλλ’
1425 1175 1758 1246 ἑνθυμητέον
1809 1178 1893 1228 ὅτι

313 1269 418 1322 κᾶν
450 1268 526 1339 μὴ
556 1267 881 1337 ὑπερούσιον
909 1268 1091 1339 ῥητῶς
1117 1266 1272 1321 εἶπεν
1303 1268 1495 1337 αὐτὴν,
1528 1267 1665 1321 ἀλλὰ
1694 1270 1895 1337 τρόπον

298 1359 474 1419 ,ἄλλον
522 1358 621 1429 την
674 1359 846 1429 αὐτὴν
894 1359 1106 1413 ιννοιαν
1156 1359 1534 1429 ὑπεκρούσατο
1594 1359 1890 1428 ἀσφαλῶς·

310 1448 470 1503 οὐσία
530 1450 639 1521 γὰρ
692 1450 831 1520 σοφὴ
880 1449 1198 1521 τρίφεγγος,
1234 1452 1270 1522 ἡ
1301 1451 1583 1523 ἁγιωτάτῃ
1633 1451 1770 1521 μόνη
1802 1451 1895 1504 καὶ

312 1542 575 1613 ἀνωτέρω
607 1543 810 1613 speset;
845 1544 1041 1615 Τριάς.

313 1639 541 1694 tentiam
595 1648 712 1695 tuto
765 1639 1133 1697 subi‘ndicavit
1186 1657 1203 1695 :

310 1734 458 1787 dicta
479 1741 583 1785 est.

1994 464 2138 502 nexu
2195 458 2554 503 monstratum
2605 459 2687 504 est
2718 465 2736 515 ;
2768 464 2888 518 qua:
2936 456 3125 503 sancta
3172 446 3410 501 Trinitas
3464 464 3575 502 non

1993 541 2315 610 simpliciter
2345 544 2648 597 substantia
2686 552 2791 605 est,
2818 558 2917 597 nec
2943 541 3265 610 simpliciter
3291 542 3574 608 triluceos,

1992 633 2087 688 sed
2134 632 2287 701 juxta
2332 635 2622 701 quamdam
2671 635 2887 688 triaxim
2934 634 3325 701 epithetorum.
3352 633 3575 702 sapiens

1996 723 2250 780 trilucida
2287 725 2633 789 substantia;
2697 726 2793 794 ipsi
2833 725 3058 794 proinde
3092 725 3172 780 sic
3212 724 3480 794 fulgentes
3520 734 3575 778 et

1994 815 2050 869 in
2084 814 2286 870 divinis
2308 815 2582 884 sapientes
2611 815 2759 878 laeti,
2802 824 2857 868 ut
2889 824 3123 884 oportet,
3166 815 3331 869 etiam
3370 814 3575 883 gloriﬁ-

1994 918 2206 961 camus.
2245 904 2481 960 Pulchre
2507 906 2726 975 quidem
2763 907 2930 975 igitur
2962 904 3260 974 apostolica
3292 904 3573 968 methodo,

1994 996 2049 1051 in
2076 995 2305 1051 Domino
2321 996 2584 1066 gloriatur
2603 998 2823 1051 divinus
2852 997 2941 1051 ille
2968 996 3239 1059 melodus,
3270 996 3321 1049 in
3346 997 3577 1049 veritate

1994 1106 2055 1147 se
2088 1106 2209 1147 esse
2227 1092 2530 1148 conﬁdens.
2563 1093 2626 1145 Et
2651 1102 2796 1145 certe
2826 1092 2999 1160 gratia
3032 1091 3125 1144 Dei
3156 1104 3279 1143 vera
3309 1090 3571 1156 loquitur.

1992 1181 2113 1238 Non
2168 1193 2350 1238 autem
2405 1191 2490 1240 est
2541 1184 2923 1252 ambigendum
2987 1182 3266 1252 quomodo
3326 1180 3574 1235 melodns

1994 1282 2289 1330 contentus
2324 1275 2398 1331 sit
2446 1275 2811 1330 substantiam
2836 1276 3047 1341 dicens,
3086 1274 3233 1329 illam
3262 1288 3385 1342 quae
3414 1288 3581 1342 super

1993 1378 2212 1420 omnem
2253 1365 2614 1421 substantiam
2659 1375 2762 1432 est,
2808 1376 3053 1420 sanetam
3094 1363 3454 1429 Trinitatem;
3482 1362 3576 1416 sed

1994 1455 2406 1525 recogitandum
2459 1456 2605 1525 quod
2657 1457 2759 1512 etsi
2818 1472 2927 1510 non
2980 1455 3159 1511 verbis
3209 1455 3410 1509 dixerit
3452 1468 3573 1507 eam

1996 1547 2598 1616 supersubstantialem,
2626 1547 2734 1602 alio
2770 1548 2930 1602 modo
2959 1555 3140 1601 tamen
3172 1546 3419 1600 eamdem
3449 1559 3582 1598 seu-

1254 1640 1558 1697 substantia
1630 1655 1867 1710 namque
1908 1641 2155 1712 sapiens,
2186 1642 2471 1710 trilucida,
2498 1642 2635 1711 sola,
2661 1643 3008 1698 sanctissima
3047 1642 3284 1697 Trinitas
3327 1644 3577 1711 superius

384 1822 515 1878 σλθ⁹.
550 1824 693 1893 Ὅρα
747 1822 805 1876 δὲ
850 1822 912 1877 τὸ
962 1823 1250 1890 ἐπνευσεν,
1303 1822 1629 1893 σεμνότερον
1680 1822 1740 1875 ὃν
1793 1823 1884 1876 τοῦ

2062 1824 2191 1879 259.
2218 1823 2351 1879 Vide
2372 1834 2553 1880 autem
2580 1824 2807 1879 verbum
2836 1825 3117 1887 ἔπνευσεν,
3143 1835 3201 1879 ιιι
3229 1826 3581 1894 praestantius

309 1920 480 1989 εφανε
513 1919 609 1971 καὶ
659 1916 869 1987 ἔλαμψε
901 1918 999 1970 καὶ
1052 1916 1274 1970 πάντων
1305 1916 1417 1968 τῶν
1465 1914 1745 1978 τοιούτων,
1792 1917 1887 1969 καὶ

311 2012 640 2080 οἰκειότερον
671 2008 749 2079 τῷ
777 2006 1156 2077 ἐορταζομένῳ
1182 2006 1323 2078 ἁγίῳ
1352 2007 1630 2076 Πνεύματι
1652 2023 1665 2037 ·
1693 2005 1753 2059 οὗ
1792 2008 1888 2076 τὴν

311 2106 480 2174 χάριν
511 2102 804 2172 θεόρρυτον
834 2098 897 2165 ἐξ
934 2100 1107 2169 ὑγρᾶς
1139 2098 1421 2153 κάνταῦθα
1451 2098 1660 2168 τροπῆς
1685 2098 1789 2169 εφη
1816 2098 1892 2159 ὡς

310 2199 406 2251 καὶ
435 2194 822 2265 ὀμϐρουμὲνην
855 2191 1064 2247 ἀνωθεν
1094 2193 1187 2245 ἐπὶ
1231 2191 1483 2261 ἀναψυχῇ
1519 2190 1628 2245 τῶν
1660 2190 1889 2255 πιστῶν,

310 2289 409 2341 καὶ
469 2285 776 2339 πλύνουσαν
828 2284 969 2354 ἀγίῳ
1021 2301 1082 2337 τε
1141 2283 1483 2354 βαπτίσματι
1544 2283 1641 2335 καὶ
1684 2280 1892 2343 λοιποῖς

310 2380 482 2443 θείοις
526 2376 869 2447 καθαρσίοις,
901 2375 998 2430 καὶ
1049 2374 1388 2445 ἀρδεύουσαν
1432 2370 1680 2435 αὔλακας
1722 2371 1892 2436 θείας,

311 2474 409 2526 καὶ
446 2470 724 2536 αὔξουσαν
756 2468 1108 2538 πνευματικά
1149 2471 1471 2538 σπέρματα,
1502 2469 1596 2519 καὶ
1626 2464 1896 2520 κατακλύ-

312 2567 514 2632 ζουσαν
537 2562 812 2634 ἁμαρτίας
833 2578 849 2594 ·
883 2564 980 2614 καὶ
1005 2562 1142 2623 ὅλως
1160 2558 1367 2627 ἄνωθεν
1396 2558 1732 2627 ὲκχεομένην
1764 2574 1898 2624 προ-

314 2658 566 2730 φητικῶς
616 2656 706 2708 ἐπ’
761 2653 951 2722 ἀγαθῷ
980 2653 1089 2707 τῶν
1140 2650 1233 2704 τοῦ
1281 2649 1526 2703 τοιούτου
1584 2648 1899 2718 Πνεύματος

313 2753 484 2817 ἀξίων
509 2749 699 2820 ψυχῶν
723 2762 738 2776 ⁸
771 2746 1033 2807 τοιούτοις
1063 2743 1118 2797 δὲ
1158 2742 1340 2809 λόγοις
1368 2741 1506 2810 χυτὴ
1538 2739 1604 2794 ἂν
1639 2739 1725 2809 εἴη
1757 2740 1899 2793 ἀνω-

315 2846 408 2898 θεν
459 2840 843 2912 μεταφορικῶς
889 2839 922 2907 ἡ
987 2836 1108 2888 θεία
1166 2832 1519 2901 πνευματικὴ
1575 2831 1755 2900 χάρις,
1804 2832 1899 2885 καὶ

313 2933 568 3004 ὀμὸρητὴ
592 2932 689 2983 καὶ
737 2928 896 3001 ρυτὴ,
926 2927 1029 2996 ἤδη
1079 2925 1132 2978 δὲ
1163 2924 1328 2995 ὑγρὸν
1360 2924 1598 2977 πνέουσα
1647 2938 1902 2991 πνευμα-

312 3023 505 3088 τικῶς,
534 3019 587 3073 εῐ
613 3036 666 3072 τι
715 3019 821 3089 χρὴ
852 3015 948 3070 καὶ
994 3013 1138 3068 οὕτω
1168 3014 1375 3084 φράσαι
1423 3012 1723 3082 ἀρχαϊκῶς,
1756 3012 1901 3064 ὥστε

1992 1896 2174 1972 verbis
2209 1916 2375 1986 ἔφανε
2399 1904 2453 1972 ét
2484 1916 2720 1985 ἔλαμψε,
2750 1925 2804 1970 et
2836 1917 3093 1972 omnibus
3123 1918 3415 1984 similibus,
3448 1937 3582 1974 con-

1991 2007 2409 2077 venientiusque
2476 2007 2754 2062 celebrato
2835 2006 3062 2077 Spiritui
3122 2018 3345 2073 sancto;
3423 2012 3584 2080 cujus

1991 2097 2221 2168 gratiam
2253 2114 2319 2153 ex
2354 2097 2699 2154 humiditatis
2735 2096 2908 2169 ﬁgura
2938 2097 3194 2154 ﬂuentem
3235 2114 3266 2155 a
3298 2100 3410 2155 Deo
3441 2102 3583 2157 dixit

1962 2185 2253 2257 "tanquam
2337 2188 2565 2243 imbrem
2624 2186 2859 2255 desuper
2909 2196 3221 2242 manantem
3285 2201 3350 2242 ac
3396 2187 3583 2243 lideles

1994 2280 2435 2348 reirigerantem,
2494 2285 2798 2347 sanctoque
2861 2277 3187 2346 baptismate
3239 2293 3305 2334 ac
3365 2279 3581 2335 caeteris

1995 2370 2193 2426 divinis
2217 2370 2690 2440 purificationibus
2725 2369 3025 2432 lavantem,
3058 2380 3110 2424 et
3133 2368 3353 2424 divinos
3395 2370 3582 2427 sulcos

1996 2461 2335 2531 irrigantcm,
2363 2472 2414 2515 et
2447 2460 2827 2530 spiritualibus
2859 2460 3166 2515 seminibus
3186 2462 3580 2517 incrementum

1998 2552 2239 2617 dantem,
2271 2560 2437 2621 atque
2467 2552 2662 2621 culpas
2689 2551 3031 2620 abluentem;
3066 2569 3176 2608 uno
3206 2555 3393 2621 verbo,
3421 2554 3581 2623 juxta

2000 2643 2316 2714 praphetica
2359 2644 2549 2708 verba,
2602 2643 2838 2699 elIusum
2896 2645 2953 2700 in
3009 2646 3214 2700 bonum
3270 2647 3581 2703 animarum

2003 2735 2314 2803 huiusmodi
2341 2734 2579 2805 Spiritus
2605 2737 2779 2804 gratia
2809 2736 3124 2807 dignarum.
3154 2736 3378 2794 Talibus
3399 2748 3580 2795 autem

2003 2827 2308 2883 rationibus
2343 2828 2527 2883 divina
2557 2827 2795 2899 Spiritus
2820 2830 2992 2899 gratia
3025 2831 3396 2899 metaphoriee
3429 2834 3583 2889 dice-

2004 2928 2094 2975 tur
2124 2920 2358 2990 desuper
2411 2919 2612 2985 fusilis.
2648 2931 2817 2991 utque
2864 2924 3036 2976 imber
3078 2922 3254 2978 ﬂuens
3286 2932 3341 2979 et
3387 2926 3583 2980 decur-

2004 3026 2155 3075 rens,
2198 3011 2423 3083 jamque
2479 3013 2842 3082 spiritualiter
2895 3014 3182 3069 humidum
3240 3016 3476 3084 spirans,
3533 3020 3580 3073 si

314 3110 612 3181 προσφυῶς
663 3107 724 3160 τὸ
755 3106 1018 3159 ἐπνευσεν
1050 3104 1145 3155 ἐπὶ
1174 3102 1275 3172 τῆς
1324 3100 1618 3174 θεορρύτου
1672 3102 1893 3171 χάριτος

2005 3111 2217 3174 oportet
2252 3105 2326 3158 ita
2360 3118 2577 3174 quoque
2608 3106 2793 3173 prisco
2822 3120 2972 3161 more
3005 3104 3192 3177 loqui;
3224 3107 3297 3161 ita
3329 3117 3390 3162 ut
3420 3118 3582 3163 natu-

314 3168 533 3262 sinu-6
570 3168 804 3276 μελῳδιᾶς
828 3218 839 3232 '
885 3202 979 3255 καὶ
1012 3200 1191 3262 ἄλλως
1232 3168 1294 3251 -δὲ
1321 3198 1381 3250 τὸ
1418 3168 1567 3250 ἀὺτὸ
1608 3168 1893 3265 σεμνύναι,

2002 3194 2191 3249 raliter
2214 3193 2280 3249 de
2308 3195 2480 3263 gratia
2507 3193 2773 3249 divinitus
2803 3205 3060 3250 manante
3097 3199 3321 3251 verbum
3350 3197 3584 3251 ἔπνευσε

316 3302 509 3371 ὥσπερ
539 3300 701 3367 ἕρπει
732 3295 867 3368 πρός
894 3311 1017 3347 τινα
1072 3294 1134 3346 τὸ
1178 3291 1403 3361 ἑρπτὸν,
1453 3291 1550 3343 καὶ
1603 3288 1809 3359 βαδίζει
1836 3288 1896 3340 τὸ

316 3392 585 3456 ποδωτὸν,
614 3391 709 3443 καὶ
742 3386 1168 3440 ὲπιπετάννυται
1199 3384 1261 3437 τὸ
1298 3382 1525 3452 πτηνὸν,
1556 3384 1648 3435 καὶ
1672 3380 1896 3451 νήχεται

316 3502 420 3537 που
454 3483 513 3535 τὸ
543 3482 758 3552 νηκτὸν,
792 3476 939 3531 οὕτω
967 3480 1185 3539 πάντως
1215 3476 1372 3529 πνέει
1421 3474 1516 3527 καὶ
1546 3474 1704 3542 ἀερία
1735 3472 1895 3541 πνοὴ,

316 3574 522 3644 φυσικὴ
575 3572 671 3642 μὲν
718 3570 879 3640 αὓτη,
908 3566 1440 3638 συμϐολογραφοῦσα
1491 3565 1548 3617 δὲ
1578 3565 1652 3628 ὠς
1681 3565 1785 3619 οὐκ
1830 3564 1896 3617 ἂν

315 3661 548 3731 ἀντείπῃ
577 3676 659 3722 τις
683 3659 744 3712 τὸ
792 3657 948 3727 ἄτιον
977 3656 1227 3726 Πνεῦμα,
1261 3655 1289 3708 ὃ
1342 3656 1436 3708 καὶ
1464 3655 1529 3707 ὲκ
1557 3654 1653 3708 τοῦ
1709 3655 1892 3707 πνέειν

315 3757 413 3809 κα)⁵
440 3756 537 3825 τῆς
565 3752 684 3806 κατ’
716 3752 850 3806 αὐτὸ
876 3752 1044 3822 πνοῆς
1064 3750 1404 3821 ὠνόμασται.

391 3943 500 4006 σμ’.
536 3935 712 4004 Πνοὴν
745 3935 800 3988 δέ
834 3951 974 4004 φημι
1026 3931 1285 3998 ἐνταῦθα,
1319 3931 1444 3984 οὔτε
1485 3931 1586 4001 τὴν
1628 3931 1895 3998 ἁπόγαιον

314 4035 478 4085 ὁποία
514 4032 685 4085 πολλὰ
719 4030 850 4099 περὶ⁵
886 4029 1035 4099 ἡμᾶς
1067 4028 1326 4082 πνέουσιν
1357 4026 1606 4097 ἀήματα,
1640 4024 1765 4079 οὔτε
1796 4028 1895 4096 τὴν

313 4130 383 4180 ὲκ
414 4126 732 4187 καπνώδους
778 4121 978 4192 ἀτμοῦ,
1027 4123 1124 4175 καὶ
1173 4119 1318 4173 οὕτω
1352 4118 1559 4188 ξηράν·
1608 4118 1744 4171 ἀλλὰ
1798 4118 1896 4188 τὴν

312 4220 411 4287 ἀφ’
443 4218 606 4286 ὕψους
654 4220 749 4269 καὶ
799 4218 959 4281 φύσει
994 4212 1222 4283 ἔνικμον
1269 4212 1366 4264 καὶ
1409 4211 1613 4279 ὑγράν·
1666 4212 1892 4280 τοιαύτη

314 4313 427 4378 γὰρ
461 4309 553 4361 νῦν
582 4306 909 4378 χρησιμεύει
957 4306 1037 4373 τῷ
1089 4303 1316 4374 μελῳδῷ
1357 4302 1656 4373 τροπικῶς,
1707 4302 1793 4355 ἵνα
1825 4302 1892 4354 δι’

314 4404 492 4465 αὐτῆς
537 4401 880 4469 φιλοσοφήσῃ
925 4397 1253 4464 θεολογικῶς
1278 4412 1291 4427 ο
1345 4394 1426 4447 διὸ
1466 4398 1561 4449 καὶ
1597 4396 1895 4464 δυνάμενος

1999 3288 2201 3344 dixerit
2239 3288 2529 3355 tnelodus;
2574 3288 2667 3345 sed
2712 3298 2772 3343 ut
2814 3290 2968 3344 aliter
3013 3291 3154 3345 idem
3204 3291 3583 3360 honestemtts,

1999 3381 2459 3450 quemadmodum
2491 3382 2558 3435 ad
2590 3383 2770 3451 aliqua
2824 3383 2966 3451 repit
2998 3398 3218 3451 repens,
3249 3394 3305 3439 et
3339 3386 3586 3453 graditur

2011 3470 2269 3541 pedestre
2301 3483 2355 3526 et
2386 3473 2535 3527 volat
2572 3484 2894 3542 pennatum,
2930 3485 2985 3527 et
3018 3485 3165 3529 natat
3195 3477 3439 3541 natatile,
3502 3478 3585 3531 sic

2000 3578 2225 3634 prorsus
2276 3566 2447 3634 spirat
2480 3565 2626 3619 aeria
2658 3566 2908 3634 spiratio,
2949 3582 3071 3636 quae
3106 3568 3324 3636 quidem
3359 3571 3585 3639 physica

1998 3664 2103 3718 est,
2138 3656 2232 3710 sed
2258 3655 2583 3728 symbolice,
2616 3656 2759 3710 sicut
2790 3671 2948 3709 nemo
2981 3658 3355 3713 contradicere
3383 3670 3582 3727 potest,

1997 3746 2204 3814 emugit
2262 3745 2528 3816 Spiritum
2571 3757 2842 3811 sanctum,
2894 3748 2985 3816 qui
3039 3763 3106 3801 ex
3154 3749 3368 3817 spirare
3416 3758 3471 3804 et
3516 3768 3582 3805 ex

1997 3839 2171 3907 ipsius
2200 3839 2442 3893 derivata
2477 3838 2774 3907 spiratione
2802 3853 3001 3894 nomen
3039 3839 3219 3895 habet.

2070 3930 2202 3984 240.
2265 3928 2637 3998 Spirationem
2692 3941 2871 3984 autem
2923 3930 3012 3985 hic
3037 3930 3179 3997 dico,
3237 3949 3345 3987 non
3408 3944 3583 3990 terre-

2000 4034 2197 4089 strem,
2264 4022 2500 4092 qualiter
2535 4022 2703 4077 multa
2740 4023 2885 4077 circa
2936 4037 3037 4078 nos
3071 4025 3281 4094 spirant
3339 4025 3580 4092 llannna,

1997 4130 2099 4170 nec
2121 4116 2267 4169 illam
2286 4130 2351 4169 ex
2373 4116 2720 4169 exhalatione
2737 4114 2871 4169 fumi
2895 4116 3056 4170 simili
3080 4125 3393 4185 surgentem
3419 4132 3471 4173 et
3499 4120 3581 4174 sic

1998 4206 2209 4261 aridam
2231 4205 2347 4261 :sed
2374 4206 2516 4258 illam
2541 4220 2665 4272 quae
2684 4206 2832 4260 venit
2851 4206 2920 4260 ab
2937 4206 3045 4260 alto
3069 4215 3377 4277 naturaque
3397 4210 3580 4264 humi-

1999 4301 2067 4357 da
2093 4312 2256 4372 atque
2277 4302 2492 4357 madida
2511 4301 2771 4358 est.Talis
2798 4299 2942 4358 nunc
2961 4304 3107 4358 enim
3134 4306 3345 4375 tropice
3364 4307 3583 4361 melodo

1998 4396 2260 4461 deservit,
2285 4404 2342 4449 ut
2357 4411 2453 4464 per
2473 4396 2646 4465 ipsam
2668 4394 2972 4465 theologice
2994 4394 3432 4465 philosOphetur.
3456 4397 3581 4451 Ideo

315 4492 495 4544 εἰπεῖν
539 4492 682 4551 ὅσοις
719 4489 977 4540 ἔπνευσεν
1011 4487 1045 4557 ἢ
1078 4485 1364 4539 Οεόὸλυτον
1416 4486 1576 4555 χάριν
1613 4484 1849 4553 ἔφρασεν
1870 4499 1884 4514 ο
1922 4497 1965 4553 υ
1992 4503 2115 4545 cum
2132 4487 2313 4543 dicere
2330 4487 2709 4557 ροεεειιόσοις
2728 4486 2987 4541 ἐπνευσεν
3003 4488 3583 4559 θυιέφρασεβυκεθε-

314 4583 492 4649 γῆθεν
531 4581 641 4650 γὰρ
674 4581 734 4632 τὺ
773 4578 935 4650 βρύον
980 4581 1074 4632 καὶ
1122 4578 1181 4631 τὸ
1216 4578 1396 4647 βλύον,
1437 4580 1484 4631 εἰ
1519 4578 1618 4631 καὶ
1661 4577 1893 4644 γενικῶς

318 4678 457 4745 ῥυτά
485 4676 589 4726 εἰσι
612 4673 707 4723 καὶ
722 4672 885 4731 αὑτά.
911 4672 1207 4741 Προέκρινε
1228 4671 1285 4724 δὲ
1307 4671 1367 4723 τὸ
1392 4670 1684 4743 θεόρρυτος
1707 4672 1889 4739 χάρις,

317 4769 408 4820 ἴ,α
437 4769 500 4818 ἐκ
540 4763 635 4816 τοῦ
682 4764 907 4817 ἔπνευσε
934 4766 1029 4816 καὶ
1087 4764 1150 4814 ὲκ
1200 4762 1295 4815 τοῦ
1354 4762 1642 4833 θεόρρυτος
1700 4761 1774 4824 ὼς
1827 4762 1891 4814 ἐκ

315 4854 743 4924 πνευματώδους
794 4854 1026 4924 ὲνύγρου
1081 4854 1277 4920 νέφους
1329 4852 1536 4923 ὑψηλοῦ
1596 4854 1890 4922 πορίσηται

314 4948 415 5000 καὶ
462 4945 811 5015 ἀστραπαίαν
857 4945 1063 4998 ἔννοιαν
1101 4945 1200 5011 τὴν
1248 4946 1305 4997 ὲν
1349 4946 1461 5006 τοῖς
1504 4944 1891 5012 πνευματικῶς

313 5038 695 5104 ἀστράπτουσι
724 5040 955 5098 πιστοῖς,
988 5036 1083 5087 καὶ
1128 5039 1306 5105 νόημα
1352 5035 1699 5105 λαμπηδόνος
1749 5037 1809 5087 τὸ
1835 5038 1892 5087 ὲν

312 5133 427 5189 τοῖς
464 5127 740 5195 λάμπουσι
794 5125 1087 5196 μαθηταῖς,
1124 5128 1301 5179 κοινὸν
1346 5116 1592 5197 ύπάρχον
1625 5126 1757 5180 αὐτὸ
1799 5129 1895 5180 καὶ

314 5221 603 5290 ἀστραπῆς
638 5220 964 5289 λαμπούσης
996 5222 1089 5271 καὶ
1120 5219 1417 5289 ὑγρότητος
1446 5220 1733 5290 όμὸρηρᾶς
1758 5223 1892 5273 ἀπο-

313 5308 623 5377 πλυνοιέσης
650 5315 741 5361 καὶ
774 5309 1150 5378 λευκανούσης
1184 5311 1285 5372 καὶ
1302 5310 1561 5378 ποιούσης
1584 5310 1726 5365 οὕτω
1758 5312 1895 5380 λάμ-

313 5417 442 5451 πειν
465 5414 479 5428 ο
518 5398 611 5450 καὶ
639 5398 841 5450 κείσθω
870 5398 965 5452 καὶ
1000 5399 1031 5467 ἡ
1065 5399 1290 5469 τοιαύτη
1326 5399 1519 5468 σκέψις
1554 5400 1650 5452 ἐπὶ
1686 5402 1897 5470 σεμνὼ-

315 5507 449 5558 pars.
474 5488 569 5541 τοῦ
594 5489 821 5541 ἔπνευσε
841 5493 934 5544 καὶ
953 5491 1078 5558 ἑξῆς
1100 5506 1113 5519 ⁶
1147 5491 1278 5545 ἔνθα
1304 5493 1517 5553 ἐννοίας
1536 5494 1893 5564 παρέφρασεν

308 5582 375 5643 ἃς
428 5581 641 5649 φθάτας
700 5582 808 5635 ἀπὸ
864 5582 1121 5635 τοιούτων
1178 5582 1505 5653 μεταφορῶν
1557 5583 1893 5654 ἑμελῴδησε,

310 5674 480 5737 δεξιὸς
514 5672 589 5725 ὣν
616 5673 758 5727 οὕτω
803 5675 1175 5728 ποικίλλεσθαι
1210 5678 1547 5746 μεταφοραῖς
1583 5677 1676 5729 καὶ
1708 5692 1893 5747 παραο

1998 4579 2092 4647 sit)
2116 4579 2400 4632 θεόϐλυτον
2419 4578 2650 4648 gratiam
2676 4594 2691 4632 :
2716 4578 2783 4633 de
2820 4588 2965 4635 terra
3008 4596 3244 4650 namque
3266 4590 3396 4634 sunt
3415 4581 3581 4650 βρύον

1998 4679 2052 4725 et
2074 4668 2473 4738 Bldoincetiu
2492 4684 2692 4736 genere
2713 4670 2955 4740 sintipsa
2983 4671 3230 4742 (ﬂuenta)
3260 4673 3396 4741 ῥυτά
3421 4690 3434 4735 ;
3464 4688 3577 4725 ma-

1993 4756 2096 4811 luit
2117 4767 2299 4813 tamen
2320 4758 2424 4813 hoc
2449 4775 2464 4811 :
2488 4758 2785 4830 θεόῤῥυῑος
2816 4763 2998 4832 χάρις,
3019 4771 3077 4816 ιιι
3094 4776 3163 4817 ex
3187 4764 3353 4817 verbo
3385 4762 3579 4816 ἔπνευ-

1999 4866 2089 4902 σεν
2104 4859 2157 4903 et
2173 4849 2442 4917 adjective
2460 4850 2775 4921 θεόρρυτος.
2801 4861 3060 4922 tanquam
3084 4868 3149 4907 ex
3170 4852 3393 4907 humido
3410 4863 3463 4908 ct
3483 4871 3579 4910 ex-

2000 4941 2147 4996 celso
2183 4941 2614 5011 etspiritul‘urmi
2634 4944 2853 5004 nebulo.
2873 4944 3165 5001 deduceret
3198 4944 3430 5015 fulguris
3455 4961 3580 5001 sen-

2002 5033 2252 5097 tentiam,
2284 5034 2337 5087 in
2366 5033 2616 5091 ﬁdelibus
2677 5037 2772 5107 qui
2823 5037 3144 5105 spiritaliter
3179 5036 3475 5109 fulgurant,
3526 5048 3579 5092 et

2001 5124 2317 5194 splendoris
2358 5127 2680 5197 cogitatum,
2738 5134 2791 5182 in
2886 5128 3171 5200 discipulis
3243 5129 3579 5199 splendenti-

2000 5217 2123 5281 bus,
2178 5232 2305 5271 cum
2376 5217 2448 5272 sit
2501 5217 2606 5273 hoc
2675 5234 2968 5274 commune
3024 5219 3216 5289 fulguri
3271 5217 3471 5273 lucenti
3525 5226 3580 5270 et

2000 5309 2311 5364 humiditati
2370 5309 2631 5378 pluviosas
2695 5328 2818 5380 qua:
2877 5314 3021 5366 lavat
3051 5321 3106 5367 et
3132 5311 3348 5366 dealbat
3405 5320 3458 5363 et
3500 5310 3574 5363 ita

2000 5401 2185 5457 lucere
2214 5403 2368 5459 facit.
2425 5403 2494 5459 Et
2552 5405 2625 5458 ita
2672 5405 2853 5473 jaceat
2886 5405 3008 5459 talis
3035 5404 3315 5471 inquisitio
3346 5403 3411 5456 de
3441 5417 3575 5455 con-

2002 5494 2272 5548 venientia
2319 5494 2469 5549 verbi
2526 5488 2786 5548 Emaua’sv
2843 5504 2893 5548 et
2935 5492 3307 5561 sequentium.
3335 5491 3411 5546 lbi
3445 5505 3575 5545 sen-

2001 5586 2202 5639 tentias
2235 5586 2662 5641 circumlocutus
2718 5596 2802 5641 est
2855 5602 2991 5654 quas
3023 5584 3395 5654 praecedenter
3446 5584 3574 5637 abs-

2000 5691 2107 5746 que
2139 5677 2624 5733 circumlocutione
2650 5678 2845 5733 cecinit
2873 5693 2888 5745 ;
2936 5678 3111 5732 solcrs
3146 5678 3215 5729 ita
3253 5678 3573 5731 satietatem
