3950 6204
320 283 408 349 789

321 396 616 469 προσφυοῦς
651 397 951 468 ἑρμηνείας
983 397 1065 460 είς
1098 397 1200 467 τὴν
1225 396 1398 465 ἀλλην
1425 397 1527 467 τὴν
1554 395 1614 460 εξ
1651 399 1865 465 ὁμωνυ-

1992 404 2418 470 nterpretatione
2445 405 2512 460 ad
2545 406 2728 467 aliam,
2762 418 2885 474 quae
2919 417 2984 456 ex
3043 399 3394 471 homonymia
3433 415 3538 468 est,

321 488 432 558 μίας
481 489 1053 558 ἀντιπαρακειμένην,
1106 489 1202 542 καὶ
1251 488 1644 558 προσαρμόσαι
1699 488 1870 557 αὐτὴν

318 584 385 644 είς
402 581 703 651 ἑρμηνείαν
737 582 838 650 τῆς
879 582 1252 653 προκειμένης
1286 582 1488 646 λέξεως
1510 597 1528 614 ·
1559 569 1673 634 οἷον
1727 580 1870 634 ἔστω

318 673 529 744 δεομένη
555 671 850 744 ἑρμηνείας
871 673 1016 738 λέξις
1043 675 1077 743 ή
1103 674 1277 744 γλήνη
1309 675 1366 726 έν
1383 673 1693 744 τῷ-Ἕρῤε,
1719 673 1870 741 κακὴ

319 768 474 836 γλήνη
498 783 513 798 ο
543 796 569 810 -
596 766 695 820 καὶ
721 767 1092 838 ἑρμηνευτέον
1120 768 1292 838 αὐτὴν
1318 769 1406 822 διὰ
1437 767 1530 821 τοῦ
1554 769 1714 839 κόρη.
1746 770 1870 822 Ἐπὶ

319 857 398 914 οὖν
431 859 568 928 κόρη
625 858 727 928 μὲν
757 859 851 912 καὶ
881 860 915 928 ή
963 861 1106 913 κατά
1142 860 1250 926 ⁸τὸν
1281 859 1590 929 ὀφθαλμὸν,
1627 859 1764 930 κόρη
1814 859 1872 912 δὲ

316 951 608 1022 ὁμωνύμως
647 951 791 1005 κατά
815 949 1064 1021 έτεροίαν
1103 940 1385 1020 σημασίαν
1416 952 1512 1004 καὶ
1566 950 1628 1003 τὸ
1674 953 1871 1021 νεαρὸν

317 1044 678 1113 γυναικάριον,
713 1045 742 1096 ό
781 1043 882 1112 μὲν
903 1043 1190 1114 προσάψας
1217 1045 1288 1112 τῇ
1313 1044 1488 1115 γλήνη
1514 1043 1612 1114 τὴν
1645 1044 1872 1113 πρώτην

317 1133 472 1201 κόρην
496 1134 596 1202 τὴν
631 1133 756 1187 κατ’
785 1132 929 1203 ὄψιν,
960 1134 1050 1187 ἵνα
1078 1135 1213 1206 λέγῃ
1235 1135 1317 1188 ὅτι
1341 1135 1534 1206 Ἔρρε,
1571 1135 1718 1205 κακὴ
1746 1135 1867 1200 θέα,

317 1225 468 1291 ήγουν
517 1227 684 1295 ’Δνερ
734 1227 810 1296 μὴ
860 1226 1166 1293 ἀξιοθέατε,
1225 1227 1444 1289 οἰκείως
1497 1227 1870 1297 ήρμήνευσεν,

317 1315 481 1368 είτουν
509 1317 809 1386 προσφυῶς
832 1333 846 1347 ·
880 1320 910 1371 ό
953 1317 1011 1370 δὲ
1048 1317 1374 1388 μεταλαϐὼν
1417 1318 1590 1390 ήγουν
1631 1317 1872 1384 ἀλλάξας

315 1407 404 1476 τὴν
437 1407 568 1462 θέαν
623 1408 718 1462 καὶ¹
760 1407 930 1462 είπὼν
962 1409 1410 1478 μεταληπτικῶς,
1450 1409 1643 1483 Ἐρρε,
1674 1411 1872 1466 κακδνᾶ

320 1501 592 1569 κοράσιον,
621 1501 788 1571 ήγουν
816 1499 886 1554 Ὦ
915 1502 1174 1569 γυναικία
1196 1501 1290 1555 κοιλ¹
1319 1502 1592 1556 δειλότατε
1620 1502 1773 1570 ἄνερ,
1809 1501 1872 1553 οὐ

317 1595 486 1656 καλῶς
523 1595 621 1662 μὲν
650 1595 969 1664 ἡρμήνευσε
996 1611 1012 1627 ’
1061 1595 1210 1649 δοκεῖ
1237 1595 1294 1648 δὲ
1345 1593 1536 1666 βιαίως
1563 1593 1874 1662 ἀναγκάζε-

319 1685 452 1751 σθαι,
485 1684 557 1748 ὠς
587 1680 699 1738 οἷον
728 1686 1107 1755 έναπαιτήσει,
1136 1687 1220 1739 ὄτι
1247 1686 1342 1739 ἐπὶ
1371 1686 1577 1755 γλήνην
1599 1687 1736 1755 ἔφης
1771 1686 1872 1754 τὴν

317 1777 508 1848 κόρην·
551 1777 688 1846 κόρη
741 1776 798 1830 δὲ
827 1777 1010 1830 καὶτὸ
1043 1777 1326 1846 κοράσιον,
1359 1776 1654 1841 κατάδεξαι
1689 1778 1868 1830 εἰπεῖν

317 1866 724 1936 ἑρμηνευτικῶς
761 1867 943 1921 καὶτὸ
969 1897 998 1906 -
1021 1867 1215 1938 Ἔρῤε,
1253 1867 1400 1937 κακὴ
1455 1868 1652 1937 γλήνη,
1688 1895 1712 1908 ο
1749 1870 1874 1922 ἀντὶ

314 1959 398 2012 τοῦ
432 1958 673 2030 φθάρηθι
710 1953 756 2014 ὦ
786 1961 1118 2029 γυναικάνερ
1147 1959 1234 2014 διὰ
1260 1960 1483 2013 δειλίαν.
1520 1958 1764 2029 Τοιούτῳ
1807 1959 1874 2028 δή

315 2069 411 2106 τινι
438 2053 585 2122 λόγῳ
615 2053 710 2105 καὶ
740 2051 769 2104 ό
808 2051 1045 2121 μελῳδὸς
1079 2051 1364 2122 ἐγγράψας
1393 2055 1459 2122 τῇ
1496 2051 1666 2122 ψυχῇ,
1716 2050 1873 2120 ξένην

316 2141 594 2196 ἀλλοίωσιν
623 2142 800 2194 εἰπεῖν
827 2139 930 2210 τὴν
963 2141 1026 2192 ὲκ
1080 2141 1175 2194 τοῦ
1208 2141 1368 2208 ἁγίου
1421 2124 1764 2210 Πνεύματος,
1817 2141 1876 2193 ὲν

316 2230 384 2300 τῷ
420 2230 608 2283 λαϐεῖν
655 2227 784 2291 ῐσως
809 2228 942 2282 αὐτὸ
989 2229 1054 2281 ὲκ
1099 2229 1197 2282 τοῦ
1227 2257 1251 2270 -
1287 2229 1530 2291 Ἀλλοῖός
1565 2245 1681 2296 μοι,
1720 2226 1873 2295 ξεῖν’,

315 2322 513 2390 ἐφάνης
539 2321 660 2374 νέον
694 2320 760 2389 ὴὲ
792 2319 1054 2388 πάροιθεν
1081 2336 1096 2351 ο
1126 2350 1150 2359 -
1177 2321 1274 2372 καὶ¹
1320 2319 1477 2382 εἰδὼς
1529 2318 1692 2387 ξένην
1723 2319 1876 2388 λέγε-

318 2413 431 2468 σθαι
463 2414 523 2466 οὐ
565 2411 728 2482 μόνον
758 2411 856 2480 τὴν
900 2411 1220 2477 ξενίζουσαν
1251 2412 1347 2464 καὶ
1376 2409 1705 2480 παράδοξον,
1739 2412 1877 2479 ὅπερ

317 2503 528 2574 ἀληθῶς
556 2502 822 2571 ἁρμόττει
849 2501 1106 2566 ἐνταῦθα,
1134 2501 1270 2553 ἀλλά
1311 2503 1411 2571 τὴν
1434 2552 1436 2555 ,
1457 2501 1674 2554 όθνείαν
1707 2502 1878 2570 ἦγουν

316 2595 621 2665 ἀλλοτρίαν,
642 2595 899 2664 ἀπῃτήθη
917 2594 1338 2662 ἀναγκαστικῶς
1361 2593 1468 2646 ὑπὸ
1485 2593 1588 2662 τῆς
1611 2593 1879 2664 μετρικῆς

318 2689 718 2760 ἀκροστιχίδος·
775 2687 1090 2752 ξενίζουσαν
1125 2685 1226 2755 μὲν
1282 2686 1357 2756 μὴ
1399 2687 1613 2739 εἰπεῖν’
1662 2685 1880 2738 όθνείαν

318 2783 370 2836 δὲ
400 2783 459 2848 ὲξ
494 2783 766 2851 ἀνάγκης,
811 2780 947 2834 διότι
992 2781 1022 2848 ή
1086 2778 1210 2849 ξένη
1259 2779 1547 2840 ἀλλοίωσις
1595 2777 1880 2847 όμοτίμως

317 2876 501 2947 ὥσπερ
524 2875 627 2946 τὴν
651 2872 956 2944 παράδοξον
981 2870 1126 2926 οὕτω
1157 2873 1252 2925 καὶ
1284 2872 1383 2942 τὴν
1416 2871 1634 2926 όθνείαν
1662 2870 1876 2940 ἐδήλου.

989 315 994 320 -
1101 280 1187 341 ΙΝ
1224 279 1563 342 HYMNUM
1602 280 2248 370 PEN’PECOSTALEM
2295 291 2763 355 DAMASCENI.

1899 1737 1948 1798 B

3428 289 3538 354 750

1975 490 2349 556 diversam,et
2377 495 2636 562 adaptare
2682 452 2840 548 istalm
2910 491 2976 545 ad
3033 452 3581 560 interpretationem-1

1975 581 2233 649 subjectae
2261 579 2538 636 dictionis.
2568 580 2622 634 lu
2651 582 2958 650 exemplum
2983 581 3055 634 sit
3083 595 3252 649 egens
3277 580 3544 647 interpre-

1975 671 2178 728 tatione
2199 672 2367 727 dictio
2394 674 2428 743 ή
2459 673 2628 742 γλήνη
2657 673 2712 727 in
2744 676 2844 727 hoc
2873 691 2887 728 :
2944 673 3067 736 Abi,
3129 671 3269 724 mala
3327 671 3538 739 γλήνης

1973 770 2026 816 ει
2056 762 2427 833 interpretatio
2462 763 2556 818 ﬁat
2611 778 2704 833 per
2763 777 2947 818 vocem
2975 763 3154 832 κόρη.
3191 761 3328 816 Cum
3376 761 3541 828 igitur

1973 865 2059 910 est
2091 857 2309 925 quidem
2334 857 2470 929 κόρη
2522 857 2668 912 oculi
2693 856 2921 925 pupilla,
2959 856 3095 926 κόρη
3146 869 3276 909 vero
3314 869 3410 923 per
3440 853 3541 906 lio—

1973 951 2305 1021 monymiam
2334 959 2417 1006 est
2443 951 2604 1005 etiam
2627 965 2750 1004 cum
2778 949 2880 1004 alia
2908 948 3542 1019 signiﬁcationejuvenis

1975 1044 2196 1110 mulier,
2231 1045 2323 1100 ille
2356 1045 2578 1114 quidem
2628 1045 2720 1114 qui
2748 1045 2812 1112 τῇ
2839 1043 3012 1113 γλήνη
3079 1041 3357 1110 adaptavit
3391 1041 3543 1110 prio-

1974 1149 2089 1193 rem
2119 1137 2291 1208 κόρην
2323 1137 2390 1192 ad
2424 1137 2644 1192 oculum
2683 1137 3088 1205 respicientem,
3119 1142 3178 1189 ut
3206 1133 3395 1188 dicat:
3428 1134 3540 1189 abi.

1975 1229 2115 1282 mala
2151 1229 2312 1292 visio,
2361 1228 2479 1283 sive
2509 1229 2672 1282 homo
2693 1227 2815 1282 visu
2851 1226 3106 1296 indigne;
3170 1225 3391 1294 proprie
3441 1240 3538 1278 seu

1974 1320 2298 1374 naturaliter
2330 1318 2722 1388 interpretatus
2754 1325 2857 1372 est.
2883 1316 2976 1370 ille
3003 1331 3131 1370 vero
3157 1315 3275 1385 qui,
3309 1313 3543 1368 transle-

1974 1425 2104 1467 rens
2125 1409 2240 1465 sive
2265 1417 2612 1465 commutatis
2643 1407 2934 1470 visionem,
2961 1421 3056 1476 per
3087 1405 3424 1474 metalepsiut
3457 1405 3541 1458 di-

1973 1500 2056 1556 xit
2082 1518 2097 1555 :
2128 1500 2235 1562 abi.
2260 1501 2430 1554 κακὸν
2466 1501 2742 1568 κοράσιον,
2769 1513 2861 1553 seu
2894 1513 2925 1552 0
2945 1496 3261 1552 muliercula
3293 1505 3347 1551 et
3375 1497 3542 1563 igna-

1973 1593 2196 1649 vissitne
2219 1592 2404 1655 homo,
2441 1605 2546 1646 non
2575 1593 2709 1646 bene
2735 1591 2953 1660 quidem
2991 1591 3383 1658 interpretatus
3418 1595 3543 1648 est;

1976 1684 2070 1740 sed
2123 1683 2337 1738 videtur
2380 1683 2432 1738 vi
2490 1683 2631 1753 cogi,
2677 1692 2936 1752 tanquam
2996 1681 3293 1752 petitione,
3333 1693 3432 1733 cur
3475 1677 3545 1732 ad

1973 1777 2181 1846 γλήνην
2233 1775 2420 1832 dixisti
2468 1776 2570 1844 τὴν
2622 1775 2837 1846 κόρηνῖ
2877 1775 3012 1845 κόρη
3048 1786 3178 1828 vero
3230 1773 3429 1828 dicitur
3492 1782 3548 1826 ει

1973 1869 2032 1922 τὸ
2067 1868 2343 1938 κοράσιον,
2387 1867 2674 1923 ostendere
2713 1867 3163 1936 interpretatione
3225 1873 3277 1918 te
3337 1864 3544 1918 dixisse

1975 1962 2119 2016 istud
2160 1979 2175 2015 :
2212 1962 2364 2032 ἔρρε,
2399 1961 2543 2028 κακὴ
2580 1959 2780 2028 γλήνη,
2813 1973 2912 2027 pro
2964 1959 3066 2012 hoc
3099 1976 3113 2012 :
3141 1970 3352 2026 pereas,
3383 1958 3548 2009 homo

1973 2053 2300 2110 muliercula
2352 2063 2574 2123 pr0pter
2604 2049 2908 2121 ignaviam.
2961 2044 3157 2112 Porro,
3210 2047 3374 2102 simili
3415 2062 3553 2116 qua-

1975 2146 2100 2200 dam
2164 2145 2399 2210 ratione,
2459 2152 2640 2214 poeta,
2690 2153 2981 2215 postquam
3020 2140 3076 2193 in
3123 2141 3306 2194 animo
3358 2137 3552 2193 inscri-

1975 2244 2164 2306 pserat
2193 2236 2350 2305 ξένην
2387 2236 2740 2290 mutationem
2772 2233 2955 2288 dicere
2987 2248 3106 2303 qua:
3134 2233 3190 2287 lit
3220 2249 3284 2287 ex
3340 2232 3551 2302 Spiritu

1977 2335 2192 2391 sancto,
2215 2325 2320 2380 hoc
2348 2325 2489 2381 forte
2514 2340 2738 2380 sumens
2767 2313 2834 2380 ex
2859 2325 2964 2380 isto
3003 2341 3016 2377 :
3043 2323 3280 2386 Ἀλλοῖός
3308 2339 3397 2392 μοι
3423 2320 3551 2388 ξεῖν’

1978 2419 2186 2489 ἐφάνης
2211 2419 2330 2472 νέον
2355 2418 2420 2486 ήὲ
2453 2417 2715 2488 πάροιθεν
2765 2431 2781 2472 :
2835 2417 2990 2471 Alius
3018 2416 3151 2469 mihi
3184 2454 3200 2480 ,
3223 2415 3415 2479 amice,
3448 2428 3551 2466 nu-

1979 2524 2076 2580 per
2096 2507 2182 2560 vel
2217 2516 2374 2561 antea
2403 2506 2554 2561 visus
2586 2521 2679 2571 es;
2706 2507 2996 2573 sciensque
3039 2503 3203 2571 ξένην
3252 2502 3361 2556 dici
3439 2516 3547 2554 non

1981 2601 2163 2656 solum
2201 2609 2517 2654 extraneam
2576 2597 2698 2652 visu
2722 2605 2777 2650 et
2827 2595 3343 2658 extraordinariam,
3403 2591 3549 2661 quod

1983 2693 2073 2748 bit:
2101 2708 2226 2748 vere
2255 2692 2530 2756 convenit,
2564 2690 2657 2745 sed
2685 2691 2784 2758 τὴν
2842 2688 3080 2752 ὁθνείαν,
3153 2687 3268 2742 sive
3292 2687 3548 2752 alienam,

1983 2785 2312 2839 necessitate
2341 2793 2569 2838 coactus
2595 2794 2678 2836 est
2713 2779 3100 2837 acrostlcltidis
3139 2789 3338 2841 metro,
3403 2777 3550 2842 ξενί-

1983 2876 2184 2940 ζουσαν
2208 2875 2426 2944 quidem
2447 2889 2556 2929 non
2586 2874 2786 2940 dicere,
2824 2873 2920 2928 sed
2950 2871 3189 2936 olivetum,
3223 2869 3480 2940 quoniam
3517 2872 3550 2941 ή

1985 2967 2114 3038 ξένη
2174 2965 2461 3028 ἀλλοίωσις
2501 2964 2878 3034 pariter’sicut
2917 2961 3434 3028 extraordinariam,
3470 2960 3552 3017 sic

1908 3073 1954 3133 α
1985 3059 2149 3116 etiam
2175 3058 2406 3113 alienam
2448 3057 2809 3127 signiﬁcabat.

384 3146 482 3204 σν’.
521 3146 632 3200 Καὶ
665 3144 846 3200 τοίνυν
880 3145 1027 3198 ποιεῖ
1059 3141 1219 3196 τοῦτο
1255 3142 1406 3197 ἄκων
1428 3157 1442 3170 ο
1477 3138 1538 3194 εὖ
1568 3140 1667 3210 μὲν
1723 3139 1882 3204 εἰδὼς

320 3242 652 3311 παραποιείν
680 3238 738 3292 τὸ
768 3240 882 3300 τοῖς
935 3236 1325 3304 προκειμένοις
1370 3233 1665 3288 ἀκόλουθον
1687 3249 1700 3263 ⁸
1746 3234 1884 3287 ἀνα-

318 3336 486 3396 τιθεὶς
515 3333 574 3386 δὲ
615 3331 750 3385 αὐτὸ
772 3332 974 3401 γρίφου
1023 3329 1182 3398 δίκην
1220 3327 1372 3397 παρά
1421 3326 1731 3394 εὐγνώμοσι
1768 3343 1888 3396 κρι-

318 3429 527 3488 τιχοῖς·
559 3426 626 3494 τῇ
685 3421 833 3476 ἔστιν
888 3422 976 3476 ὅτε
1019 3423 1140 3475 κατ’
1187 3421 1439 3490 ἀνάγκην
1483 3418 1888 3490 διθυραμὸὠδει

323 3515 698 3586 μεταχειρίσει
730 3515 828 3582 τῆς
860 3513 1157 3582 ποιήσεως,
1196 3510 1570 3578 ἀλλαξάμενος
1605 3510 1708 3579 τῆς.
1757 3511 1887 3562 καθ’

319 3607 620 3678 ἑρμηνείαν
649 3605 952 3676 προσεχοῦς
997 3603 1199 3666 λέξεως
1237 3604 1338 3672 τὴν
1370 3602 1733 3674 πορρωτέρω,
1781 3619 1887 3654 πα-

322 3698 578 3767 ραδοξίας
608 3696 772 3765 χάριν
819 3697 916 3749 καὶ
961 3695 1408 3765 γλαφυρότητος·
1442 3696 1510 3748 δι’
1543 3695 1610 3764 ἢν
1639 3696 1738 3748 καὶ
1789 3693 1890 3748 ἀλ-

317 3789 470 3855 λοίας
519 3792 577 3844 ὲν
611 3791 822 3858 ἑτέροις
867 3787 1351 3861 παραδοξοφωνίας
1381 3787 1696 3857 ἐμάθομεν·
1746 3785 1890 3840 ὥστε

317 3883 503 3936 όθνεία
557 3881 654 3935 νῦν
698 3879 1008 3947 ἀλλοίωσις,
1053 3881 1087 3949 ή
1146 3879 1270 3948 ξένη
1305 3879 1398 3933 καὶ
1435 3879 1887 3949 παρηλλαγμένη,

320 3972 632 4042 φρασθεῖσα
661 3969 804 4023 οὕτω
844 3969 1113 4040 ποιητικῷ
1149 3969 1548 4041 μεταληπτικῷ
1573 3971 1760 4040 τρόπῳ
1803 3971 1891 4024 δε-

316 4065 532 4134 δομένῳ
566 4065 678 4126 τοῖς
730 4064 1012 4126 ἐποποιοῖς
1037 4078 1052 4094 ’
1092 4065 1188 4116 καὶ
1232 4062 1410 4126 ἄλλως
1445 4062 1502 4116 δὲ
1552 4062 1891 4131 διασαφῆσαι

317 4156 381 4208 τὸ
422 4153 665 4207 τοιοῦτον
717 4155 1110 4223 καινόσχημον,
1168 4153 1416 4221 φαίνεται
1471 4153 1504 4222 ἡ
1559 4153 1633 4215 ὡς
1686 4152 1890 4224 ἐρρέθη

318 4247 507 4308 όθνεία
562 4246 732 4313 ἤγουν
787 4245 914 4315 ξένη
964 4245 1272 4310 ἀλλοίωσις,
1319 4245 1594 4316 προῆχθαι
1651 4246 1798 4299 κατά
1836 4263 1892 4299 τι

317 4339 500 4408 νόημα
546 4337 860 4407 σοφιστικὸν
895 4339 1020 4408 μὲν,
1081 4339 1176 4390 καὶ
1221 4337 1321 4407 οὐχ
1370 4337 1545 4404 ὑγιὲς,
1595 4337 1791 4391 δοκοῦν
1835 4338 1893 4390 δὲ

2059 3153 2188 3210 250.
2223 3151 2289 3204 Et
2319 3159 2500 3206 tamen
2544 3149 2675 3204 facit
2729 3151 2830 3205 hoc
2861 3148 3096 3213 invitus;
3136 3147 3275 3202 bene
3335 3144 3574 3215 quidem"

1990 3246 2174 3303 sciens
2237 3243 2478 3298 alienare
2530 3241 2674 3312 quod
2742 3241 3008 3310 subjectis
3062 3248 3145 3293 est
3203 3237 3554 3306 adiunctum;

1990 3339 2272 3409 applicans
2296 3343 2476 3390 autem
2513 3333 2646 3388 illud
2681 3333 2748 3388 ad
2771 3333 2990 3387 modum
3031 3331 3336 3401 mnigmatis
3371 3343 3556 3384 coram

1991 3429 2270 3485 benevolis
2301 3426 2547 3490 criticis;
2585 3425 2678 3479 tali
2711 3425 2874 3479 modo
2904 3425 3237 3493 quandoque
3270 3439 3336 3478 ex
3368 3435 3560 3476 neces-

1992 3521 2155 3575 sitate
2178 3518 2234 3572 in
2268 3517 2667 3588 ditliyrambica
2705 3530 2932 3584 poeseos
2987 3515 3333 3577 tractatione,
3365 3513 3561 3568 dictio-

1995 3625 2118 3666 nem
2173 3608 2618 3678 interpretationi
2648 3609 3011 3676 propinquam
3050 3623 3176 3662 cum
3243 3607 3558 3676 longinqua,

1996 3699 2307 3754 mirationis
2333 3707 2387 3751 et
2438 3697 2721 3766 elegantia:
2755 3711 2942 3761 causa,
2995 3706 3244 3762 mutans;
3283 3697 3372 3750 ubi
3425 3697 3560 3749 alias

1995 3796 2051 3848 in
2088 3792 2212 3847 aliis
2265 3787 2728 3844 extraordinarias
2761 3801 2924 3840 voces
2982 3787 3326 3853 didicimus;
3373 3786 3446 3838 ita
3501 3797 3560 3838 ut

1992 3883 2178 3938 oliveta
2204 3882 2278 3939 sit
2306 3896 2454 3936 nunc
2473 3879 2723 3943 mutatio,
2748 3893 2868 3948 qua:
2897 3887 3157 3933 extranea
3179 3881 3292 3932 sive
3314 3868 3556 3932 extraori

1994 3977 2207 4034 dinaria
2244 3985 2353 4037 est,
2401 3974 2480 4026 sic
2521 3970 2737 4042 poetico
2790 3970 3106 4038 metalepsis
3159 3979 3316 4038 tr0po
3376 3969 3561 4038 lyricis

1993 4081 2263 4125 concesso
2298 4065 2470 4119 dicta.
2503 4061 2586 4116 Ad
2623 4061 2785 4116 aliter
2834 4067 3014 4114 autem
3066 4059 3229 4113 etiam
3289 4058 3563 4128 explican-

1996 4163 2125 4218 dum
2162 4173 2360 4214 novam
2392 4155 2712 4225 huiusmodi
2745 4153 3003 4218 formam,
3032 4152 3250 4206 videtur
3273 4152 3396 4218 ista,
3423 4152 3568 4206 sicut

1997 4255 2204 4311 dictum
2257 4259 2363 4316 est,
2401 4248 2586 4302 oliveta
2639 4248 2754 4303 sive
2790 4256 3050 4301 extranea
3098 4246 3327 4300 mutatio
3359 4249 3565 4314 prolata

1996 4346 2165 4401 fuisse
2192 4344 2342 4414 juxta
2365 4341 2640 4412 quoddam
2666 4347 3022 4408 conceptum,
3057 4338 3417 4406 sophisticam
3445 4339 3569 4407 qui-

314 4405 461 4483 εἶναι
492 4405 908 4496 συλλογιστικὸν
959 4429 1202 4482 τοιοῦτον
1231 4405 1318 4481 τό
1337 4429 1566 4495 ὀθνεῖον,
1617 4427 1766 4492 ξένον
1796 4429 1883 4500 δη-

1995 4437 2119 4493 dem
2151 4445 2208 4490 et
2253 4450 2359 4489 non
2416 4448 2636 4497 sanum,
2681 4431 2778 4485 sed
2815 4432 2992 4484 visum
3037 4429 3348 4497 huiusmodi
3402 4429 3568 4500 syllo:

315 4523 404 4575 λοϊ
427 4539 440 4552 ο
479 4522 628 4586 ξένον
656 4522 712 4574 δὲ
747 4523 808 4574 τὸ
842 4521 1184 4591 παράδοξον·
1219 4522 1430 4574 ὀθνεῖον
1469 4521 1576 4591 ἄρα
1617 4522 1678 4577 τὸ
1710 4523 1894 4593 παρά-

315 4613 474 4680 δοξον
503 4631 517 4646 ο
559 4617 650 4666 καὶ
687 4614 898 4668 ἐκεῖθεν
936 4615 1228 4678 ἀλλοίωσις
1267 4613 1450 4666 όθνεία
1481 4615 1514 4683 ή
1546 4615 1853 4685 παράδοξος
1877 4631 1892 4646 ·

314 4702 467 4756 οὓτω
499 4705 593 4756 καὶ
626 4704 792 4772 γλήνη
833 4705 864 4772 ή
899 4706 1036 4773 κόρη
1064 4719 1077 4733 ·
1131 4704 1268 4773 κόρη
1300 4703 1359 4756 δὲ
1401 4705 1585 4775 ἀπαλή
1623 4721 1705 4767 τις
1736 4707 1891 4776 γυνὴ,

317 4795 481 4866 καὶή
516 4795 690 4865 γλήνη
729 4797 837 4866 ἄρα
874 4795 1083 4866 κόριον.

397 4981 536 5027 σνα’.
575 4971 799 5026 Τούτων
830 4969 887 5025 δὲ
908 4973 1222 5043 ἀρκούντως
1242 4973 1383 5028 οὕτω
1409 4976 1707 5045 ῥηθέντων,
1742 4977 1795 5030 εἴ
1816 4996 1898 5041 τις

315 5068 616 5121 ἀλλοίωσιν
645 5065 862 5120 όθνείαν
897 5065 1137 5120 ἐνταῦθα
1162 5067 1313 5134 λέγει
1341 5067 1440 5136 τὴν
1468 5069 1524 5132 ἐξ
1554 5069 1716 5136 όρθοῦ
1746 5068 1900 5122 ἀλλο-

312 5159 505 5229 τρίαν,
540 5159 639 5210 οὐκ
673 5157 738 5211 ἂν
772 5156 992 5225 εὑρήσει
1047 5157 1250 5227 ῥαδίως
1282 5156 1424 5210 οὕτω
1459 5159 1555 5211 καὶ
1611 5161 1902 5228 ἀπραγμό-

321 5268 438 5311 νως
476 5250 643 5302 ποθὲν
677 5252 976 5319 προσοχὴν.
1015 5250 1140 5311 Πῶς
1165 5249 1276 5319 γὰρ
1310 5250 1572 5320 ἀλλοτρία
1613 5252 1646 5318 ἡ
1669 5252 1727 5302 ὲν
1761 5252 1902 5321 ἁγίῳ

321 5340 612 5409 ιινεύματι
651 5339 745 5392 νῦν
776 5339 1052 5412 μεταϐολὴ
1082 5340 1176 5394 καὶ
1206 5340 1496 5406 ἀλλοίωσις
1529 5344 1594 5395 ὲκ
1629 5344 1726 5414 τῆς
1751 5345 1903 5414 παρὰ

319 5433 500 5499 φύσιν
550 5433 750 5496 κακίας
799 5433 895 5486 καὶ
948 5433 1223 5504 ἁμαρτίας
1282 5422 1364 5497 είς
1410 5433 1510 5504 τὴν
1547 5435 1686 5488 κατὰ
1741 5436 1904 5503 φύσιν

315 5522 753 5594 ἀναμαρτησίαν
784 5524 880 5578 καὶ
913 5525 1144 5595 ἀρετὴν,
1188 5527 1298 5578 εἴτε
1334 5528 1475 5579 κατά
1496 5526 1557 5579 τὸ
1598 5525 1778 5580 κοινὸν
1809 5546 1906 5597 ση-

321 5617 671 5683 μαινόμενον
701 5615 799 5686 τῆς
831 5616 1134 5686 εἰρημένης
1165 5617 1384 5683 λέξεως,
1421 5618 1546 5672 καθ’
1591 5619 1658 5689 ἢν
1701 5619 1909 5674 ὀθνεῖον

318 5706 489 5775 λέγει
548 5723 634 5769 τις
680 5709 776 5760 καὶ
829 5708 1138 5778 ἀλλότριον,
1177 5711 1345 5780 ἤγουν
1402 5710 1478 5783 μὴ
1532 5712 1756 5780 οίκεῖον,
1793 5711 1906 5766 alte

2000 4529 2254 4599 gisticum
2280 4543 2295 4580 :
2325 4525 2384 4577 τὸ
2409 4525 2637 4587 ὀθνεῖον,
2695 4532 3018 4576 extraneum
3050 4521 3356 4586 signiﬁcat;
3389 4530 3572 4574 extra-

1998 4635 2159 4673 neum
2191 4626 2374 4671 autem
2431 4625 2513 4668 est
2558 4612 2704 4682 quod
2737 4622 2819 4668 est
2843 4612 3339 4668 extraordinarium
3372 4627 3387 4664 :
3426 4613 3570 4666 unde

1998 4709 2180 4764 όθνεία
2234 4716 2317 4762 est
2370 4706 2600 4759 mutatio
2648 4721 2767 4774 quae
2828 4705 3264 4757 extraordinaria
3322 4711 3426 4759 cst.
3477 4704 3571 4760 Sic

2001 4801 2162 4855 etiam
2199 4815 2212 4850 :
2241 4799 2416 4866 γλήνη
2453 4798 2486 4866 ή
2518 4797 2686 4865 κόρης
2715 4796 2856 4864 κόρη
2894 4811 3022 4849 vero
3052 4804 3137 4850 est
3166 4796 3412 4863 quedam
3449 4812 3570 4852 mu-

2000 4894 2101 4946 lier
2134 4891 2362 4953 tenella;
2393 4891 2574 4960 ergoq
2610 4889 2782 4958 γλήνη
2829 4897 2913 4943 est
2943 4890 3103 4941 etiam
3134 4889 3332 4957 puella.

2071 4982 2198 5036 251.
2231 4981 2328 5034 llis
2361 4991 2541 5033 autem
2567 4980 2904 5034 sufﬁcienter
2933 4981 3003 5034 ita
3031 4980 3218 5045 dictis,
3243 4985 3286 5038 si
3322 4985 3442 5053 quis
3473 4986 3565 5040 ἀλο

2001 5075 2219 5126 λοίωσιν
2267 5070 2481 5122 ὀθνείιν
2528 5070 2614 5123 hic
2649 5070 2781 5142 dicit
2825 5071 2974 5124 illam
3012 5088 3135 5142 quae
3167 5090 3234 5128 ex
3294 5083 3442 5129 recto
3489 5086 3571 5129 est

2004 5167 2203 5228 aliena,
2235 5178 2343 5217 non
2395 5163 2470 5215 ita
2505 5162 2664 5243 facile
2687 5165 3089 5234 commodeque
3119 5168 3223 5221 sibi
3255 5168 3578 5221 conciliabit

2008 5258 2362 5312 attentionem
2398 5273 2411 5286 ο
2448 5256 2725 5325 quomodo
2760 5257 2907 5310 enim
2945 5259 3128 5312 aliena
3157 5269 3299 5312 esset
3336 5275 3576 5328 prrcsens
3643 5248 3646 5252 ’

2007 5350 2060 5402 in
2114 5349 2320 5417 Spiritu
2351 5356 2545 5402 sancto
2588 5348 2818 5402 mutatio
2848 5358 3012 5415 atque
3052 5347 3467 5402 transformatio
3507 5366 3576 5405 ex

2010 5439 2217 5493 malitia
2245 5449 2299 5491 et
2331 5438 2490 5507 culpa
2542 5449 2734 5493 contra
2769 5449 3046 5499 naturam,
3090 5439 3148 5491 in
3190 5439 3464 5506 justitiam
3521 5452 3576 5496 et

2009 5530 2270 5586 virtutem
2308 5529 2467 5599 juxta
2521 5540 2801 5595 naturam,
2847 5532 2959 5583 sive
2993 5531 3293 5583 secundum
3331 5547 3578 5587 commu-

2011 5637 2134 5676 nem
2168 5631 2483 5676 memoratac
2511 5622 2665 5675 vocis
2721 5620 3374 5690 significationem,juxta
3409 5641 3576 5696 quam

2011 5712 2219 5767 ὀθνεῖον
2254 5711 2390 5768 dicit-
2423 5713 2588 5768 etiam
2617 5711 2817 5781 aliquis
2846 5712 3144 5783 ἀλλότριον,
3183 5730 3280 5772 seu
3312 5730 3420 5772 non
3453 5733 3579 5789 pro-
