3980 6188
350 269 452 335 751

1091 271 1437 331 EUSTATI]
1453 272 1510 331 II
1551 267 2302 334 TIIE'SSALONICENSIS
2335 273 2494 334 MET
2507 270 2920 331 ROPOLI'LEI

3506 268 3615 330 752

350 379 552 448 prium,
582 378 697 434 sive
725 380 1024 438 secundum
1065 381 1425 449 scriptionem
1469 397 1578 452 qua
1625 381 1922 449 ἀλλόφυλοι

2048 383 2175 438 ιατὰ
2205 383 2267 436 τὸ
2295 385 2569 453 γραφικὸν
2592 383 2650 435 ἐν
2667 375 2712 448 ᾧ
2738 380 3033 451 ἀλλόφυλοι
3051 380 3360 451 ἐρρέθησαν
3384 383 3434 432 οί
3458 381 3617 432 ἀλλο-

351 471 482 526 dicti
511 481 642 528 sunt
688 473 740 524 oi
778 469 1088 542 ἆλλὸτριοιῖ
1139 487 1246 536 npn
1305 485 1392 530 est
1437 474 1584 528 enim
1627 475 1790 529 nobis
1819 476 1926 528 im-

355 567 574 638 propria
612 566 666 620 in
729 566 934 621 bonutn
992 582 1059 620 ex
1110 568 1255 624 malo
1309 569 1566 632 mutatio,
1627 584 1782 624 neca
1818 568 1928 622 Deo

353 659 559 714 alienat
588 673 686 714 eos
723 657 814 728 qui
845 659 1147 713 secundum
1186 659 1359 729 ipsam
1405 669 1728 716 mutantur:
1785 660 1930 714 unde

355 765 461 805 non
492 760 577 806 est
603 749 907 820 epithetum
933 751 1249 821 huiusmodi
1281 753 1712 822 conversionisi}
1746 753 1930 806 ὁθνεία

353 839 468 894 sive
515 837 639 907 ξένη
702 848 961 908 tanquam
993 840 1282 911 ἁλλοτρία;
1329 851 1383 895 et
1420 842 1492 896 ita
1541 842 1766 911 quidem
1794 841 1926 896 sub-

353 931 590 986 invisum
614 939 701 986 est
733 932 1026 1002 ἀλλοτρίαν
1057 935 1336 1005 (alienam)
1360 935 1456 1004 τὴν
1482 934 1696 988 ὀθνείαν
1721 934 1928 1007 (ettra-

353 1025 535 1093 ueam)
573 1024 952 1096 interpretari.

423 1119 554 1175 252.
591 1119 649 1174 Si
680 1119 807 1188 quis
839 1128 1023 1174 autem
1057 1120 1204 1174 dicat
1231 1121 1378 1175 illius
1417 1120 1516 1176 aevi
1541 1132 1768 1178 sanctos
1809 1123 1929 1191 spi-

354 1212 628 1270 ritualiter
656 1220 898 1267 mutatos
941 1211 1115 1267 fuisse
1151 1212 1277 1285 ξένῃ
1318 1212 1629 1280 ἀλλοιώσει,
1679 1230 1802 1284 quae
1836 1214 1926 1267 ιθ.

352 1307 470 1359 νεία
493 1305 610 1362 sive
643 1304 905 1376 ἀλλοτρία
933 1313 1052 1360 erat
1084 1320 1258 1374 usque
1289 1307 1355 1361 ad
1410 1309 1586 1376 ipsos,
1616 1285 1700 1362 vel
1745 1323 1774 1361 a
1809 1324 1932 1373 qua

353 1398 507 1469 prius
536 1398 640 1468 ipsi
671 1397 894 1452 alienati
925 1407 1091 1467 atque
1121 1399 1380 1466 disjuncti
1419 1398 1666 1467 fuerant,
1699 1410 1787 1456 est
1809 1405 1936 1471 qui-

355 1491 744 1547 dem-violenti
783 1490 1057 1560 quoddam
1103 1491 1217 1546 haec
1275 1493 1606 1562 expressio;
1657 1492 1936 1548 benevolis

354 1590 536 1638 autem
560 1581 904 1637 auditoribus
934 1582 1236 1652 accipietur
1262 1599 1277 1648 ;
1307 1584 1335 1636 ὁ
1367 1583 1576 1646 «severo;
1601 1599 1734 1638 vero
1777 1598 1932 1639 mas—-

357 1675 628 1741 culinum,
658 1689 724 1729 ex
761 1689 871 1743 quo
905 1674 939 1746 ἡ
967 1673 1176 1739 ὀθνεῖα,
1209 1690 1240 1729 e
1272 1690 1405 1729 voce
1432 1675 1586 1737 νόθος
1617 1676 1932 1742 derivatur;

2030 493 2214 546 τριοι;
2252 476 2378 531 οὔτε
2402 478 2512 547 γὰρ
2541 477 2808 538 ἀνοίκειος
2832 478 2966 544 ἡμῖν
2997 477 3031 543 ἡ
3072 478 3136 528 ἐκ
3167 473 3346 527 κακοῦ
3389 479 3470 537 είς
3513 493 3615 530 κα-

2029 566 2121 619 λὸν
2149 566 2448 634 μεταϐολὴ,
2481 566 2609 619 οὔτε
2662 566 2759 618 τοῦ
2790 564 2925 618 Θεοῦ
2981 564 3263 633 ἀλλοτριοί
3311 567 3441 626 τοὺς
3493 565 3618 618 κατ’

2029 659 2202 729 αὐτὴν
2253 658 2676 727 ἀλλοιουμένους
2707 673 2722 687 ·
2770 655 2914 708 ὥστε
2973 655 3094 709 οὺδέ
3155 655 3310 708 ἐστιν
3360 655 3616 709 ἐπίθετον

2029 749 2373 812 ἀλλοιώσεως
2403 751 2663 815 τοιαύτης
2683 751 2717 816 η
2747 749 2934 800 ὀθνεία
2963 749 3135 818 ἤγουν
3173 748 3304 817 ξένη
3340 749 3418 810 ὡς
3449 749 3617 801 ἁλλο-

2028 842 2199 911 τρίαο
2255 845 2355 895 καὶ
2394 840 2542 894 οὕτω
2605 841 2705 909 μὲν
2747 840 3105 894 ὑποδίσςκολον
3157 841 3218 894 τὸ
3272 841 3617 911 ἑρμηνεῦσαι

2031 935 2318 1006 ἀλλοτρίαν
2347 935 2446 1006 τὴν
2485 934 2727 988 ὀθνείαν.

2105 1113 2240 1184 σνβ’.
2280 1114 2343 1166 ΕΞ
2369 1113 2427 1165 δέ
2459 1130 2544 1174 τις
2567 1113 2716 1166 εῐποι
2735 1113 2861 1176 τοὺς
2888 1114 3014 1166 τότε
3069 1113 3262 1181 ἁγίους
3296 1111 3616 1183 ἠλλοιωμέ-

2034 1223 2160 1269 νους
2210 1203 2602 1274 πνευματικῶς
2647 1201 2810 1274 ξένην
2867 1203 3181 1265 ἀλλοίωσιν,
3239 1205 3338 1256 καὶ
3393 1203 3616 1256 ὀθνείαν

2034 1301 2155 1370 ἦτοι
2203 1299 2498 1369 ἀλλοτρίαν
2533 1299 2700 1369 μέχρι
2759 1297 2860 1352 καὶ
2905 1297 3028 1350 τότε
3069 1295 3278 1362 αὐτῶν,
3329 1298 3506 1366 ἤγουν
3543 1291 3616 1364 ἧς

2035 1392 2167 1463 πρὶν
2197 1392 2358 1444 αὐτοὶ
2407 1389 2752 1454 ἀπεξένωντο
2775 1389 2872 1442 καὶ
2906 1389 3295 1460 ὴλλοτρίωντο,
3349 1389 3469 1442 ἔστι
3509 1390 3610 1458 μὲν

2038 1484 2262 1552 βιαστόν
2315 1503 2368 1538 τι
2423 1485 2576 1539 τουτὶ
2621 1483 2684 1537 τὺ
2740 1483 2949 1554 ὄνομαο
3003 1483 3486 1553 προσθεχθήσεται
3553 1481 3612 1534 δὲ

2036 1579 2335 1648 ἀκροαταῖς
2367 1575 2745 1646 εὐγνώμοσιν·
2800 1578 2830 1628 ὁ
2861 1575 3069 1637 ὀθνεῖος
3103 1574 3162 1628 δὲ
3209 1574 3505 1642 ἀρσενικὸν
3547 1573 3612 1637 ἐξ

2030 1662 2100 1721 ὀὗ
2125 1670 2157 1738 ἡ
2201 1667 2387 1720 ὀθνεία
2427 1669 2491 1720 ἐκ
2519 1666 2616 1720 τοῦ
2642 1665 2797 1730 νόθος
2826 1665 3114 1736 παρῆκται
3138 1681 3152 1694 ·
3180 1665 3272 1733 ἀφ’
3306 1665 3368 1718 οὗ
3424 1664 3616 1735 ὥσπερ

357 1783 389 1823 a
425 1782 533 1838 qua
559 1768 704 1822 sicut
727 1743 948 1838 Κάδμος
976 1757 1259 1838 καδμεῖος,
1293 1769 1374 1822 sic
1423 1769 1578 1831 νόθος
1609 1769 1841 1832 νοθείος.
1883 1779 1940 1824 et
1973 1743 2014 1798 Β
2043 1760 2268 1828 Κάδμος
2301 1760 2587 1829 καδμεῖος,
2636 1758 2782 1812 οὕτω
2828 1760 2984 1822 νόθος
3029 1758 3256 1822 νοθείος,
3293 1758 3392 1811 καὶ
3449 1775 3618 1828 pna-

359 1858 556 1914 litterae
581 1859 1008 1928 transpositione
1031 1860 1271 1926 ὀθνείος;
1303 1870 1357 1914 et
1381 1861 1522 1916 forte
1545 1862 1648 1916 hoc
1674 1871 1758 1916 est
1789 1861 1938 1930 quod

359 1951 527 2004 etiam
570 1950 644 2004 ibi
676 1948 803 2004 fecit
835 1949 903 2005 de
926 1948 1115 2020 ὀθνείᾳ
1165 1951 1472 2006 mutatione
1501 1951 1940 2022 ambiguitatem.

359 2043 498 2098 Cum
533 2041 678 2097 enim
707 2041 862 2104 νόθος
898 2043 1122 2112 proprie
1155 2043 1374 2112 quidem
1403 2051 1488 2098 est
1518 2042 1664 2099 [ilius
1692 2045 1786 2114 qui
1829 2060 1939 2100 non

357 2143 442 2190 est
473 2149 766 2205 germanus
792 2143 847 2188 et
872 2133 1148 2204 legitimus
1172 2135 1503 2204 generatori,
1546 2137 1813 2206 praevenit
1840 2152 1940 2192 au-

361 2235 472 2282 tem
506 2228 597 2281 illa
628 2226 796 2281 dictio
830 2225 962 2296 poni
995 2226 1062 2282 de
1096 2227 1263 2282 rebus
1301 2227 1628 2299 simpliciter
1658 2229 1941 2287 extraneis

360 2329 416 2374 et
433 2320 513 2374 sic
540 2319 768 2386 alienis;
802 2318 998 2375 deinde
1023 2333 1154 2374 vero
1169 2319 1405 2376 deducta
1426 2328 1559 2376 sunt
1577 2321 1742 2376 etiam
1777 2322 1940 2376 verba

362 2413 392 2464 ὸ
442 2412 654 2476 ὀθνεῖος
703 2422 757 2466 et
810 2420 1010 2467 caetera
1063 2412 1332 2479 derivata,
1372 2413 1612 2483 propriae
1672 2414 1938 2468 dictionis

361 2503 508 2558 illius
560 2503 872 2558 immutatio
923 2503 1292 2558 commutavit
1344 2504 1508 2558 etiam
1551 2515 1816 2574 concepta
1878 2507 1930 2560 in

361 2596 563 2666 quibus
613 2595 718 2649 illa:
764 2609 929 2650 voces
986 2595 1407 2664 spargebaulur,
1440 2603 1496 2651 et
1527 2596 1836 2665 praesertim
1888 2597 1942 2650 in

363 2686 727 2756 dispositione
758 2687 996 2756 poetica.

429 2776 558 2832 235.
607 2776 936 2836 Laudandus
983 2791 1146 2846 porro
1178 2786 1335 2848 poeta
1389 2785 1473 2834 est
1521 2779 1691 2848 quod,
1747 2793 1944 2834 neces-

362 2871 578 2926 sitatem
610 2871 819 2925 habens
854 2869 909 2924 in
945 2871 1113 2924 tertio
1135 2885 1300 2926 versu
1328 2868 1440 2939 jam
1472 2871 1688 2924 tractati
1723 2871 1944 2924 initium

362 2962 432 3016 ab
457 2979 485 3016 ο
517 2962 665 3016 hrevi
695 2961 955 3032 ponendi,
986 2961 1145 3016 talem
1192 2961 1248 3014 in
1311 2961 1474 3015 metri
1504 2963 1834 3017 necessitate
1865 2962 1946 3016 di-

365 3057 601 3108 ctionem
636 3053 865 3109 invenit.
888 3053 1356 3109 Considerandum
1390 3063 1475 3108 est
1505 3065 1684 3109 autem
1715 3043 1782 3109 an
1808 3054 1946 3110 forte
1967 3088 2014 3153 α

366 3162 474 3199 non
532 3145 604 3200 sit
655 3145 848 3199 melius
906 3145 1148 3203 scribere
1182 3145 1539 3201 mutationem
1601 3145 1812 3199 ὀθνεῖον
1869 3147 1939 3201 ab

364 3239 532 3294 attice
585 3237 923 3291 nominatim
958 3237 992 3306 ὴ
1058 3236 1294 3301 ὀθνεῖος.
1351 3236 1543 3293 Dicere
1599 3254 1791 3308 nempe
1843 3241 1940 3311 τὴν

363 3329 580 3383 ὀθνείαν
617 3331 671 3382 in
711 3328 1106 3384 communibus
1147 3329 1344 3384 iambis
1396 3343 1507 3384 non
1564 3340 1652 3386 est
1704 3345 1941 3389 consue-

364 3430 521 3486 tum;
574 3431 833 3490 tanquam
869 3417 1157 3488 spondaeo,
1195 3433 1262 3473 ex
1311 3419 1501 3490 regula
1559 3424 1940 3491 grammatica,

353 3512 627 3566 evadentc
659 3510 900 3566 secundo
933 3509 1089 3579 pede,
1128 3519 1350 3580 propter
1378 3512 1594 3583 longam
1622 3516 1774 3573 vocis
1802 3515 1942 3570 lina-

366 3603 467 3657 lem
498 3601 759 3674 ήδθνεία.
795 3600 953 3656 Sicut
997 3601 1146 3656 enim
1203 3616 1273 3658 ex
1302 3603 1400 3659 τοῦ
1447 3605 1592 3658 θείου
1633 3607 1733 3677 τὴν
1787 3608 1941 3662 θείαν

364 3695 729 3750 communiter
753 3694 1128 3759 extendimus,
1163 3694 1248 3750 sic
1281 3697 1447 3752 etiam
1484 3713 1548 3753 ex
1583 3699 1678 3753 τοῦ
1724 3701 1938 3755 ὁθνείου

363 3788 460 3858 τὴν
533 3786 770 3841 ὀθνείαν.
844 3785 902 3840 Si
988 3801 1120 3842 vero
1198 3787 1339 3842 forte
1393 3801 1553 3858 poeta
1614 3792 1940 3850 recordatus

369 3880 508 3944 istud
538 3897 551 3933 :
583 3883 650 3949 τῇ
678 3880 866 3951 μακρᾷ⁴
899 3880 1130 3952 πέμπτῃ
1159 3881 1372 3951 μακρὸν
1413 3881 1582 3949 ὕμνον
1611 3882 1807 3955 ἐξᾴδω,
1843 3901 1936 3944 se-

365 3972 784 4068 cundumd‘tunc
839 3972 1085 4026 iambum
1133 3987 1360 4028 mensus
1394 3983 1480 4029 est
1525 3991 1744 4046 quoque
1803 3993 1942 4048 pra:-

368 4061 751 4130 sentetn,'iion
787 4064 1061 4120 inutiliter
1115 4066 1203 4119 hic
1232 4069 1692 4136 contradicitnus,
1741 4073 1836 4126 sed
1889 4073 1944 4127 in

369 4157 690 4211 memoriam
726 4170 1052 4211 revocamus
1080 4157 1228 4226 quod
1269 4158 1528 4214 similiter
1557 4161 1690 4218 fecit
1717 4175 1942 4220 sanctus
1973 4205 1976 4207 λ

373 4251 459 4332 ille
485 4246 724 4303 Ioannes
760 4249 907 4302 etin
969 4249 1074 4304 hoc
1125 4264 1143 4305 :
1202 4250 1628 4322 ὲπισφραγίζων
1685 4258 1752 4326 τῇ
1796 4257 1946 4319 ζέσει

367 4340 462 4392 τοῦ
505 4338 848 4410 Πνεύματος.
883 4339 1016 4395 Nam
1046 4341 1197 4396 verbi
1245 4344 1568 4414 σφραγίζειν
1611 4347 1836 4403 initialis
1864 4359 1945 4404 est

2046 1851 2195 1905 θέσει
2225 1853 2494 1921 στοιχείου
2519 1853 2723 1912 ὀθνεῖος
2753 1868 2767 1883 ο
2799 1849 2897 1904 καὶ
2929 1850 3070 1920 τάχα
3092 1850 3255 1904 τοῦτό
3282 1852 3406 1903 ἐστι
3429 1851 3491 1902 τὸ
3521 1853 3621 1904 καὶ

2044 1946 2280 2002 ἐνταῦθα
2326 1945 2637 2013 πεποιηκὸς
2687 1943 2786 2014 τὴν
2833 1946 2926 1999 ἐπὶ
2969 1947 3036 2015 τῇ
3081 1944 3268 2015 ὀθνείᾳ
3329 1944 3621 1997 ἀλλοιώσει

2045 2038 2488 2110 στρεϐλολογίαν.
2530 2039 2686 2091 Ἐπεὶ
2725 2039 2832 2106 γὰρ
2867 2037 3020 2100 νόθος
3063 2037 3164 2106 μὲν
3190 2036 3402 2106 κυρίως
3431 2036 3621 2101 υίὸς-ὀ

2047 2132 2123 2202 μὴ
2149 2133 2372 2201 γνήσιος
2403 2131 2494 2183 καὶ
2522 2129 2747 2199 ἐννομος
2783 2130 2862 2198 τῷ
2887 2129 3283 2200 γεννησαμένῳ
3319 2144 3333 2160 ο
3368 2128 3512 2200 ἔφθη
3562 2130 3623 2183 δὲ

2044 2227 2080 2295 ἡ
2113 2226 2260 2288 λέξις
2288 2226 2519 2295 τεθῆναι
2549 2223 2646 2276 καὶ
2679 2223 2772 2276 ἐπὶ
2802 2223 2912 2276 τῶν
2965 2223 3152 2285 ἁπλῶς
3184 2222 3353 2286 ξένων
3388 2223 3485 2276 καὶ
3531 2222 3622 2274 οὔ·

2044 2338 2150 2383 τως
2180 2321 2483 2390 ἀλλοτρίων
2509 2335 2524 2351 ο
2556 2317 2767 2371 ἐκεῖθεν
2802 2317 2859 2369 δὲ
2892 2317 3181 2387 κεκίνηται
3217 2318 3312 2369 καὶ
3339 2317 3369 2369 ὁ
3412 2316 3624 2378 ὀθνεῐος

2045 2412 2141 2463 κα)⁸
2163 2413 2230 2464 τὰ
2255 2411 2312 2475 ἐξ
2328 2411 2514 2475 αὑτοῦ,
2539 2412 2572 2480 ἡ
2602 2411 2704 2478 τῆς
2729 2409 3076 2479 κυριολεξίας
3125 2409 3340 2478 ἐκείνης
3373 2408 3623 2477 ἐκτροπή

2047 2504 2464 2572 συνεξέστρεψε,
2491 2501 2674 2556 καὶτὰ
2700 2504 2952 2574 νοήματα
2975 2504 3033 2555 ἐν
3060 2496 3144 2565 οἷς
3165 2501 3418 2555 τοιαῦται
3443 2501 3624 2567 λέξεις

2045 2597 2505 2666 κατεσπάρησαν,
2531 2595 2636 2648 καὸ
2669 2595 2934 2648 κάλλιστα
2978 2595 3037 2649 ἐν
3069 2595 3310 2649 διαθέσει
3335 2597 3623 2666 ποιητικῇ.

2116 2771 2254 2838 σνγ’.
2296 2770 2641 2838 Ἐπαινετέον
2677 2772 2742 2842 δὴ
2795 2774 2892 2826 τὸν
2951 2771 3193 2842 μελιιδδν
3236 2775 3321 2826 ὅτι
3373 2774 3630 2844 ἀνάγκην

2047 2865 2186 2935 ἔχων
2218 2867 2277 2916 ἐν
2297 2865 2378 2935 τῷ
2402 2866 2573 2934 τρίτῳ
2603 2865 2774 2936 στίχῳ
2818 2866 2914 2918 τοῦ
2947 2867 3482 2937 προκεχειρισμένον
3517 2870 3632 2922 ἀπὸ

2046 2958 2141 3010 τοῦ
2173 2956 2214 3010 o'
2247 2956 2447 3027 μικροῦ
2478 2956 2670 3010 θέσθαι
2707 2959 2904 3027 ἀρχὴν,
2945 2957 3137 3028 ἐξεῦρε
3161 2960 3424 3029 τοιαύτην
3473 2961 3630 3028 λέξιν

2051 3053 2108 3103 ἐν
2143 3052 2360 3121 ἀνάγκῃ
2394 3067 2494 3121 μετ
2507 3053 2662 3120 ρικῇ.
2703 3052 3017 3119 Σκοπητέον
3051 3051 3108 3104 δὲ
3158 3053 3369 3122 μήποτε
3401 3053 3631 3108 κάλλιόν

2051 3146 2166 3197 ἐστι
2197 3144 2409 3214 γράψαι
2431 3142 2644 3197 ὀθνεῖον
2671 3143 2985 3208 ἀλλοίωσιν,
3035 3146 3144 3199 ἀπὸ
3187 3146 3410 3211 εὐθείας
3450 3151 3634 3203 ’Δττι-

2051 3236 2157 3304 κῆς
2187 3236 2290 3304 τῆς
2323 3238 2355 3305 ὴ
2396 3236 2605 3298 ὀθνείος
2626 3251 2640 3266 ·
2667 3236 2770 3304 τὴν
2826 3236 3044 3292 ὀθνείαν
3087 3238 3196 3312 γὰρ
3226 3241 3405 3293 εἰπεῖν
3438 3243 3500 3294 οὐ
3531 3242 3630 3295 σῦ-

2050 3330 2212 3400 νηθες
2263 3330 2319 3381 ἐν
2353 3328 2628 3399 ίαμὸείοις
2689 3331 2928 3390 κοινοῖςο
2973 3323 3064 3382 οἷα
3109 3333 3396 3387 σπονδείου
3439 3335 3631 3388 κανόνι

2050 3422 2430 3493 γραμματικῷ
2456 3421 2888 3485 ἀπεκσαίνοντος
2919 3423 3013 3477 τοῦ
3032 3423 3291 3496 δευτέρου
3324 3426 3510 3492 ποδὸς,
3537 3427 3630 3482 διὰ

2050 3513 2151 3581 τὴν
2175 3511 2453 3580 λήγουσαν
2493 3510 2590 3564 τοῦ
2617 3513 2648 3580 ή
2677 3511 2885 3566 ὁθνεία.
2934 3514 3022 3578 Ὧς
3070 3517 3178 3586 γὰρ
3209 3519 3273 3570 ἐκ
3319 3517 3417 3570 τοῦ
3475 3519 3628 3574 θείου

2049 3608 2149 3673 τὴν
2187 3603 2339 3656 θείαν
2365 3603 2683 3672 ἐκτείναμεν
2714 3605 3044 3675 κοινόνερον,
3073 3606 3248 3671 οὕτως
3277 3612 3376 3664 καὶ
3419 3613 3486 3664 ἐκ
3523 3611 3620 3666 τοῦ

2049 3695 2256 3748 ὀθνείου
2290 3693 2388 3764 τὴν
2413 3692 2644 3748 ὀθνείαν.
2666 3695 2738 3776 Ἐί
2779 3695 2837 3748 δὲ
2875 3697 3006 3759 ἴσως
3031 3699 3058 3749 ὀ
3088 3697 3326 3768 μελῳδὸς
3388 3701 3630 3771 ἐνθυμη-

2052 3787 2165 3850 θεὶς
2187 3787 2249 3839 τδ
2277 3790 2345 3858 τῇ
2375 3787 2562 3858 μακρᾷ
2583 3788 2812 3860 πέμπτῃ
2835 3794 3044 3860 μακρὸν
3067 3789 3237 3860 ὕμνον
3257 3790 3450 3865 ἐξᾲδω,
3489 3796 3630 3865 πρὸς

2050 3881 2229 3934 ἐκεῖνο
2257 3880 2319 3933 τὸ
2348 3880 2600 3950 ἰαμϐεῖον
2635 3881 2852 3933 ἐπόδισε
2887 3884 3058 3936 καὶτὸ
3090 3887 3288 3954 παρὸν,
3336 3887 3438 3939 οὐκ
3471 3890 3628 3941 ἀντι-

2052 3971 2325 4041 πίπτομεν
2377 3972 2457 4036 είς
2505 3971 2660 4026 οὐδὲν
2689 3974 2830 4038 δέον,
2887 3975 3390 4047 ὑπομιμνήσκομεν
3443 3979 3501 4033 δὲ
3549 3981 3628 4044 ὼς

2050 4068 2236 4136 ὅμοιον
2263 4063 2570 4134 πεποίηκεν
2599 4063 2626 4116 ὁ
2653 4065 2799 4136 ίερδς
2848 4065 3107 4135 Ἰωάννης
3135 4067 3315 4134 οὗτος,
3343 4070 3443 4123 καὶ
3466 4073 3527 4124 ἐν
3551 4073 3626 4142 τῷ

2053 4155 2469 4227 ἐπισφραγίξων
2519 4159 2586 4227 τῇ
2638 4157 2784 4222 ζέσει
2812 4157 2906 4210 τοῦ
2959 4159 3304 4227 Πνεῦματος.
3352 4162 3464 4216 Τοῦ
3519 4171 3630 4237 γὰρ

2053 4239 2380 4318 σφραγίζεις)
2430 4249 2721 4302 ἐκτέταται
2753 4252 2787 4318 ἡ
2821 4250 3092 4320 ἄρχουσα,
3121 4254 3268 4308 καθά
3317 4259 3415 4310 καί
3464 4258 3500 4329 ἠ
3528 4259 3631 4326 τῆς

2054 4343 2374 4410 σφραγῖδος,
2407 4341 2482 4404 ὡς
2513 4344 2614 4394 οὐκ
2661 4341 2812 4394 ἐστιν
2849 4344 3185 4412 ἀμφιϐαλεῖν
3227 4346 3399 4418 ἄνδρα
3449 4368 3631 4422 γραμ-

367 4441 617 4493 extettsa.
652 4432 798 4486 sicut
833 4433 983 4487 vocis
1035 4434 1355 4504 σφραγῖδος,
1391 4445 1448 4490 ιιι
1495 4451 1605 4491 non
1640 4449 1727 4493 est
1764 4439 1940 4494 ambi-

2053 4435 2300 4504 ματικόν.
2333 4437 2530 4490 Ὀτιδὲ
2560 4435 2896 4507 ήρωΐζοντες
2930 4439 3101 4494 πολλὰ
3131 4442 3226 4495 καὶ
3266 4446 3500 4502 τοιαῦτα
3531 4450 3631 4518 θη-

377 4525 612 4596 gcndum
669 4524 878 4580 homini
912 4527 1296 4595 grammatico.
1330 4526 1490 4594 Quod
1520 4539 1702 4587 autem
1738 4531 1946 4586 heroici

372 4615 541 4673 multa
572 4616 953 4688 quoquetalia
993 4617 1217 4671 nomina
1253 4617 1522 4676 feminina
1572 4621 1626 4674 in
1663 4601 1823 4690 alpha
1853 4620 1948 4676 de-

370 4706 611 4760 sinentia
649 4721 717 4760 ex
772 4696 1030 4777 génitivis
1063 4721 1160 4777 per
1195 4707 1411 4783 longam
1471 4711 1782 4772 terminatis
1813 4725 1949 4766 con-

376 4797 625 4865 trahunt,
659 4812 767 4851 non
828 4809 914 4854 est
958 4799 1448 4857 contradicendum
1515 4812 1858 4870 constanter,
1900 4804 1949 4858 si

369 4892 492 4959 quis
515 4899 777 4960 expertus
809 4894 904 4948 sit.
936 4891 1143 4949 Vocem
1183 4907 1318 4947 vero
1350 4894 1810 4967 εὐπρεπεστάτην
1847 4910 1948 4965 pro

374 4981 546 5051 καλὴν
579 4986 866 5053 usurpavit
894 4985 1164 5052 melodus,
1197 4990 1334 5040 bene
1351 5000 1568 5057 quoque
1591 4988 1664 5042 ibi
1693 4989 1947 5044 locutus:

372 5075 422 5126 si
454 5075 604 5128 enim
655 5075 816 5144 juxta
887 5079 1180 5146 quemdam
1234 5077 1530 5142 dicentem,
1584 5079 1815 5149 pulchra
1867 5089 1952 5134 est

373 5167 604 5219 mutatio
633 5167 876 5223 dexterae
928 5169 1172 5234 Excelsi,
1209 5173 1375 5227 etiam
1423 5173 1948 5230 convenientissima

371 5267 537 5315 th>CL
571 5257 683 5314 Hoc
711 5269 891 5315 autem
933 5259 1281 5318 demonstrat
1329 5263 1428 5335 τὴν
1477 5263 1695 5319 ὀθνείαν
1741 5265 1950 5318 intelli-

371 5352 604 5418 gendum
641 5369 765 5408 esse
793 5369 904 5410 non
961 5355 1215 5420 alienam,
1273 5356 1372 5412 sed
1401 5357 1892 5412 extraordinariam
1931 5373 1946 5411 :

373 5447 494 5498 t.tl.s
525 5448 669 5500 enim
728 5458 813 5502 est
847 5447 963 5505 haec
996 5449 1248 5514 mutatio,
1294 5450 1504 5504 diceret
1550 5448 1774 5518 aliquis,
1827 5465 1948 5502 am-

375 5538 852 5603 plitudincmbic
908 5542 1080 5594 etiam
1138 5541 1463 5597 ostendente
1531 5541 1944 5610 praepositione.

372 5624 734 5682 Cummunius
793 5638 977 5682 tamen
1018 5629 1208 5700 sicque
1263 5630 1444 5685 notius
1471 5640 1554 5684 est
1607 5631 1949 5702 ἡεύπρεπε·

375 5713 569 5784 στάτη.
618 5718 736 5772 Non
794 5721 1042 5790 ignotum
1083 5731 1168 5778 est
1224 5731 1405 5779 autem
1447 5725 1592 5794 (μιοά
1643 5724 1949 5796 pulchritu-

2051 4527 2194 4581 λυκὰ
2221 4528 2468 4599 ὀνόματα
2497 4531 2578 4593 είς
2607 4530 2753 4598 ἄλφα
2801 4532 3040 4604 λήγοντα
3081 4538 3145 4589 ἐκ
3193 4543 3632 4614 μακροκαταλή-

2052 4637 2197 4674 κτων
2246 4622 2488 4690 γενικῶν
2547 4623 2954 4693 συστέλλουσιν,
2999 4629 3100 4680 οὐκ
3145 4629 3299 4684 ἐστιν
3345 4633 3632 4691 ἀντειπεῖν

2053 4713 2354 4784 σταθερῶς,
2393 4715 2446 4766 εί
2469 4729 2552 4777 τις
2587 4716 2949 4780 πεπείραται.
2984 4720 3057 4772 Τὸ
3080 4719 3136 4774 δὲ
3169 4723 3634 4803 εὐπρεπεστάτην

2049 4807 2172 4860 ἀντὶ
2197 4805 2294 4859 τοῦ
2333 4808 2508 4876 καλὴν
2540 4807 2737 4862 ἐλαϐεν
2780 4809 2809 4862 ὁ
2855 4811 3118 4882 μελῳδὸς.
3157 4815 3218 4870 εὖ
3261 4820 3356 4871 καὶ
3387 4822 3634 4879 ἐνταῦθα

2052 4898 2229 4951 λαλῶν
2250 4916 2263 4932 ο
2302 4901 2351 4951 εί
2386 4901 2496 4970 γὰρ
2525 4906 2671 4954 κατᾶ
2696 4918 2787 4954 τον
2824 4906 3059 4959 εἰπόντα
3097 4908 3240 4979 καλὴ
3268 4911 3567 4980 ἀλλοίωσις
3593 4920 3628 4988 ἡ

2050 4989 2156 5057 τῆς
2194 4989 2378 5056 δεξιᾶς
2397 4991 2792 5062 τοῦὝψίστου,
2823 4997 2918 5049 καὶ
2947 4999 3369 5074 εὐπρεπεστάτη
3399 5005 3466 5059 ἂν
3502 5010 3590 5078 είη
3614 5024 3631 5040 ο
3675 5032 3690 5044 ·

2051 5079 2210 5133 τοῦτο
2237 5079 2295 5132 δὲ
2320 5079 2724 5152 διασαφητικόν
2753 5087 2869 5140 ἐστι
2895 5089 2990 5142 τοῦ
3011 5091 3111 5154 τὴν
3140 5091 3364 5148 ὀθνείαν
3399 5101 3476 5168 μὴ
3529 5100 3629 5152 άλ-

2051 5171 2272 5241 λοτρίαν
2305 5176 2506 5243 χρῆναι
2537 5175 2582 5229 δ’
2608 5177 2984 5246 ὑπονοεῖσθαι,
3033 5181 3173 5236 ἀλλὰ
3203 5185 3530 5251 ξενίζουσαν
3554 5207 3565 5220 ’
3595 5192 3630 5261 η

2051 5263 2275 5333 τοιαύτη
2299 5268 2410 5336 γὰρ
2441 5267 2733 5332 ἀλλοίωσις
2762 5269 2914 5338 λέγοι
2949 5289 3034 5336 τις
3071 5276 3161 5342 ἂν,
3210 5277 3466 5332 ἐπίτασιν
3500 5285 3635 5336 κάν-

2051 5356 2220 5409 ταῦθα
2253 5358 2522 5430 δηλούσης
2546 5363 2646 5430 τῆς
2682 5362 2996 5430 προθέσεως
3023 5381 3038 5397 ο
3072 5368 3383 5439 κοινότερον
3424 5374 3528 5443 μέν
3553 5391 3634 5428 τοι

2051 5446 2145 5498 καὶ
2193 5446 2339 5500 οὕτω
2390 5448 2820 5521 γνωριμώτερον
2872 5454 3020 5507 ἐστιν
3071 5458 3105 5526 ἡ
3157 5459 3584 5533 εὐπρεπεστάτη
3619 5480 3633 5494 ο

2051 5541 2150 5593 οὐκ
2183 5541 2377 5611 ἄδηλον
2425 5543 2485 5596 δὲ
2528 5544 2610 5597 ὃτι
2652 5545 2922 5619 καλλονήν
2952 5567 3076 5604 τινα
3129 5557 3392 5624 σημαίνει
3434 5560 3535 5611 καὶ
3569 5561 3632 5615 τδ

2051 5633 2281 5703 πρέπον,
2313 5637 2408 5690 καί
2441 5639 2468 5690 ὁ
2502 5639 2813 5711 εὐπρεπὴς,
2845 5644 2941 5696 καὶ
2997 5646 3026 5697 ὁ
3059 5648 3368 5720 ἐκπρεπὴς,
3425 5652 3525 5702 καὶ
3571 5653 3634 5704 τὸ

2052 5726 2418 5798 ἐπιπρέπειν,
2443 5729 2538 5785 καὶ
2571 5733 2604 5802 ἡ
2639 5732 2948 5803 εὐπρέπεια
2971 5752 2986 5769 ο
3032 5737 3247 5805 γίνεται
3286 5739 3343 5793 δέ
3386 5739 3500 5796 ἀπὸ
3532 5739 3631 5795 τοῦ
