3950 6204
283 271 394 336 ’757
1275 280 1665 344 LAUDATIO
1707 283 1860 344 FUN

1962 283 2099 342 .lilS
2140 285 2579 353 EUSTATHII.
3427 288 3533 353 758

212 412 216 415 -
297 383 463 437 Ἀλλὰ
487 383 540 437 τί
572 382 770 452 πάθω;
804 384 1065 440 Ἐπόθουν
1112 387 1242 442 ἰδεῖν
1273 389 1363 442 τὸν
1412 390 1512 460 ἐμὲ
1566 391 1858 455 ποθοῦντα,

1968 391 2071 446 tior
2092 393 2114 444 τ
2137 392 2519 450 Desiderabam
2543 397 2727 453 videre
2752 412 2838 454 me
2861 385 3290 461 desiderantem,
3312 406 3365 452 et
3395 413 3532 467 quo-

285 476 380 528 καὶ
408 478 530 539 ταῖς
553 475 948 548 καθημεριναῖς
977 480 1186 536 ἐλπίσιν
1217 483 1675 553 ἑϐουκολούμεθα.
1700 485 1728 537 6
1762 483 1860 554 μὲν

1965 483 2164 538 tidiana
2199 500 2296 554 spe
2324 486 2717 544 deludebamur
2746 506 2760 542 :
2797 491 2884 546 ille
2919 491 3136 562 quidem
3190 490 3442 557 sperabat
3476 506 3535 545 se

283 568 377 620 τὸν
414 569 644 638 ἀδελφὺν
686 571 1051 637 ὑποδέξασθαι
1101 575 1194 627 καὶ
1250 577 1690 645 φιλενδεικτῆσαι
1732 577 1860 647 περὶ

1964 574 2182 629 fratrem
2243 588 2624 647 suscepturum
2693 582 2854 651 eique
2927 582 3267 653 splendidum
3339 581 3535 635 otferre

282 659 374 711 τὸν
399 659 591 728 ξένιον,
612 661 724 729 ἐγὼ
751 663 807 716 δὲ
861 664 938 734 τῷ
985 668 1292 738 φιλουμένῳ
1349 670 1708 740 περιχυθῆναι
1768 670 1860 722 καὶ

1962 667 2286 734 hospitium;
2317 687 2416 740 ego
2448 681 2625 725 autem
2661 689 2748 727 me
2774 673 3010 740 sodalem
3044 683 3282 728 amatum
3315 675 3533 726 suavia-

282 749 695 816 ἀφοσιώσασθαι
717 754 768 805 οί
802 754 893 806 τὸν
922 755 1116 823 φίλιον.
1165 759 1303 811 Ἀλλ’
1332 761 1477 828 οἶμοι
1506 762 1518 812 l
1572 759 1765 825 φθάνει
1800 760 1860 813 τὸ

282 841 374 893 τοῦ
411 842 642 896 θανάτου
673 846 977 914 ταχυπετὲς
1017 847 1112 900 καὶ
1157 849 1473 921 όξύδρομον.
1519 851 1629 904 Καὶ
1682 853 1859 904 κεῖται

285 933 386 1000 μὲν
415 935 442 984 6
477 935 857 1006 πεποθημένος
896 938 1152 1006 ἄφαντος,
1178 940 1403 1004 ἄναυδος
1436 957 1449 971 ·
1507 943 1616 1010 ἐγὼ
1659 941 1716 995 δὲ
1763 943 1860 995 τά·

283 1040 384 1089 φον
420 1024 786 1094 περιίσταμαι
816 1026 1027 1094 τοῦτον,
1062 1028 1121 1082 ὃν
1154 1031 1253 1085 ούκ
1279 1028 1376 1085 οἶδ’
1399 1033 1544 1094 ὅπως
1575 1033 1667 1086 καὶ
1694 1050 1858 1102 προσ-

282 1112 413 1166 ιδεῖν
475 1115 842 1188 ὲκαρτέρησα.
889 1120 1023 1173 Οὐδὲ
1088 1122 1197 1190 γὰρ
1244 1121 1335 1176 ἐπὶ
1371 1124 1542 1192 τάφον
1587 1125 1858 1195 ἠρχόμην,

280 1207 392 1258 οὐδ’
417 1209 508 1260 ἐπὶ
543 1211 768 1274 πένθους
801 1213 1079 1278 ὑπόθεσιν,
1115 1215 1231 1267 ἀλλ’
1255 1217 1349 1269 ἐπὶ
1399 1216 1641 1286 λειμῶνα
1691 1217 1858 1287 Χαρί-

280 1316 412 1360 των,
446 1302 540 1361 ἐπὶ
565 1305 804 1372 τερπνὴν
826 1306 1172 1377 ἀγαλλίασιν.
1232 1309 1342 1362 Καὶ
1375 1307 1504 1374 γοῦν
1534 1326 1623 1379 μοι
1652 1309 1721 1362 τὰ
1759 1309 1858 1379 μὲν

280 1391 381 1456 τῆς
414 1387 595 1461 ζώσης
623 1395 956 1463 προσλαλιᾶς
986 1400 1014 1450 ό
1065 1399 1271 1468 χάρτης
1319 1398 1474 1461 οῦτος
1526 1401 1854 1471 ἀναπληροῖ,

282 1480 341 1542 ὃς
372 1482 467 1536 καὶ
492 1484 598 1537 ἀπὸ
628 1487 727 1555 τῆς
759 1489 850 1541 τοῦ
883 1490 1089 1554 πάθους
1136 1492 1366 1560 αἰθάλης
1421 1493 1620 1562 μᾶλλον
1671 1495 1704 1563 ἢ
1762 1495 1858 1548 τοῦ

286 1576 553 1644 συνήθους
595 1577 880 1648 βάμματος
925 1584 1327 1652 μεμελάνωται.
1389 1586 1498 1639 Καὶ
1549 1585 1855 1655 φθέγγομαι

287 1666 408 1732 μὲν,
444 1666 560 1718 ἀλλ’
602 1670 698 1740 οὐχ
731 1666 816 1723 οἷα
847 1674 940 1724 καὶ
979 1673 1069 1726 τὸν
1122 1675 1349 1742 ἀδελφὶν
1407 1675 1714 1729 ὑπακοῦσαι
1762 1679 1856 1730 καὶ

1962 767 2167 822 turum,
2195 769 2249 815 et
2276 776 2400 830 erga
2453 761 2603 815 illum
2634 764 2886 818 amicitia:
2945 765 3261 820 functurum
3315 763 3530 818 olliciis.

1960 850 2062 905 Sed
2096 853 2232 907 hcul
2261 853 2467 908 interiit
2492 865 2663 908 morte
2683 856 2960 922 repentina
2983 857 3266 926 velocique
3291 865 3532 925 ereptus.

1959 939 2114 995 Nunc
2158 943 2374 1012 quidem
2424 945 2568 1012 jacet
2603 941 2962 1009 desideratus,
3015 944 3133 999 sine
3173 943 3368 1006 forma,
3409 945 3531 997 sine

1959 1047 2131 1099 voce;
2169 1049 2266 1103 ego
2308 1049 2437 1089 vero
2482 1036 2568 1090 isti
2617 1034 2828 1089 tumulo
2883 1035 3041 1089 adsto
3090 1049 3191 1088 nec
3235 1033 3370 1088 satis
3423 1035 3537 1086 seio

1959 1139 2068 1193 quo
2123 1134 2282 1194 pacto
2335 1141 2456 1181 eum
2507 1126 2755 1194 aspicere
2806 1125 3065 1180 sustinui.
3129 1124 3208 1178 Ad
3269 1123 3534 1178 tumulum

1959 1215 2102 1268 enim
2144 1232 2485 1287 nequaquam
2529 1219 2670 1283 veni,
2707 1233 2807 1272 nec
2835 1219 2900 1270 ad
2932 1218 3184 1272 mteroris
3223 1215 3534 1275 materiam,

1959 1305 2051 1359 sed
2081 1307 2145 1359 ad
2180 1307 2394 1362 hortum
2425 1306 2759 1370 Gratiarum,
2801 1305 2868 1360 ad
2903 1306 3124 1361 hilarem
3160 1305 3525 1361 festivitatem.

1958 1397 2090 1451 Mihi
2122 1411 2249 1467 ergo
2280 1398 2395 1453 haec
2452 1399 2639 1452 charta
2692 1399 2868 1452 vivam
2907 1399 3151 1467 suppleat
3199 1414 3322 1465 quae
3371 1397 3538 1467 magis

1958 1489 2163 1544 doloris
2198 1487 2420 1556 fuligine
2453 1506 2611 1558 quam
2640 1490 2800 1544 solito
2827 1489 3034 1546 fuscata
3069 1489 3167 1544 fuit
3201 1497 3528 1544 atramento.

1959 1577 2176 1648 Loquar
2201 1579 2440 1647 quidem,
2475 1580 2566 1634 sed
2618 1596 2725 1633 non
2762 1580 2997 1650 qualiter
3025 1579 3180 1646 juvat
3210 1592 3328 1631 cum
3363 1575 3533 1631 fratre

1960 1670 2293 1734 conversari,
2350 1682 2408 1723 ut
2463 1669 2530 1723 ab
2581 1685 2647 1724 eo
2694 1684 3018 1738 responsum
3066 1667 3382 1736 accipiatur.
3421 1662 3537 1718 Vox

287 1757 597 1812 ἀντιδοῦναι
650 1735 871 1831 φθέγμα
903 1735 1273 1836 προσήγορον,
1302 1766 1420 1819 ἀλλ’
1447 1761 1536 1822 οἷα
1565 1768 1738 1837 τάφον
1767 1769 1859 1837 μό-

1963 1769 2142 1815 autem
2160 1776 2277 1814 mea
2301 1761 2474 1815 solum
2500 1761 2814 1830 personabit
2840 1759 3197 1830 sepulchrum
3222 1765 3275 1810 ct
3298 1757 3537 1811 circum.

287 1865 378 1898 νον
437 1849 818 1919 περιλαλῆσαι,
877 1856 1120 1918 καὶτοῖς
1174 1858 1522 1928 παρεστῶσιν
1579 1861 1858 1928 ἀνεγεῖραι

286 1940 586 2010 κλαυθμόν.
644 1944 707 1995 Ei
765 1944 819 1998 δὲ
848 1947 940 1999 κα)⁸
996 1945 1095 2018 τὴν
1145 1948 1438 2019 ἀδελφικὴν
1472 1951 1654 2004 ἑστίαν
1705 1952 1861 2017 ἕδοξά

291 2045 407 2092 πως
431 2031 776 2099 καταλαϐεῖν,
812 2035 928 2088 ἀλλ’
958 2033 1082 2090 οὔτε
1117 2054 1205 2107 μοι
1233 2041 1696 2108 προσυπαντῶντα
1738 2042 1857 2112 βλέ-

286 2119 374 2188 ψω
402 2122 492 2174 τὸν
513 2123 758 2191 ἀδελφὸν,
792 2124 914 2178 οὔτε
962 2129 1068 2196 μὴν
1102 2130 1196 2181 τὸν
1246 2129 1491 2201 θυρωρδν
1541 2132 1859 2201 ύπανοίγον-

287 2228 354 2263 τα
385 2229 399 2242 ο
422 2211 627 2282 ἕστηκα
661 2214 720 2267 δὲ
754 2217 965 2284 μακρὸν
998 2217 1311 2288 κεκραγὼς,
1363 2225 1460 2274 καὶ
1501 2221 1714 2290 κρούων
1759 2223 1860 2292 τὴν

292 2303 483 2370 θύραν,
509 2305 600 2359 καὶ
625 2306 722 2376 οὐχ
753 2306 1046 2361 ὑπακούων
1073 2309 1270 2373 οὐδείς.

363 2394 430 2464 β’.
460 2394 627 2462 Ἀλλ’,
659 2390 703 2450 ὧ
732 2398 1036 2468 ἀρχιερέων
1066 2401 1306 2454 θειότατε
1335 2402 1427 2454 καὶ
1463 2402 1759 2471 σοφώτατε,
1785 2408 1858 2475 μή

290 2486 339 2537 τί
369 2502 459 2539 σου
489 2489 584 2541 καὶ
622 2489 717 2542 νῦν
764 2490 973 2560 βιϐλίον
1026 2495 1083 2545 ὲν
1130 2495 1194 2564 τῇ
1246 2495 1409 2565 χειρὶ,
1464 2497 1557 2547 καὶ
1596 2498 1686 2550 τὸν
1735 2497 1861 2550 νοῦν

293 2578 464 2629 ἐκεῖσε
489 2579 694 2648 τρέψας
729 2583 866 2651 πρὸς
891 2583 982 2638 τὸν
1017 2584 1254 2654 φθόγγον
1290 2587 1665 2656 ἁνηκουστεῖς,
1723 2592 1858 2660 μηδὲ

295 2670 380 2721 καὶ
411 2671 658 2740 γράφων,
695 2673 795 2726 ὅσα
827 2675 962 2745 πρὸς
990 2679 1363 2748 καταρτισμὸν
1395 2679 1488 2732 τοῦ
1521 2683 1795 2751 ποιμνίου,
1825 2684 1858 2754 ἢ

294 2761 436 2826 βίους
463 2766 772 2828 σκοτεινοὺς
796 2768 1126 2837 ἐρεϐοδιφῶν
1147 2773 1243 2823 καὶ
1267 2772 1650 2840 ἀναπτύσσων,
1687 2776 1860 2828 ὁπόσα

293 2853 514 2922 κρύφια,
544 2855 578 2925 ἢ
622 2856 905 2926 βασιλεῦσι
939 2860 1151 2915 πλέκων
1180 2863 1458 2933 ἐγκώμια,
1491 2866 1523 2936 ἦ
1557 2865 1731 2935 φίλοις
1766 2869 1860 2936 ἐγω

291 2948 570 3012 χαράττων
594 2949 883 3013 ἐπιστολὰς
914 2951 1108 3021 (ταῦτα
1158 2954 1221 3022 δή
1277 2971 1360 3007 σοι
1423 2955 1492 3008 τὰ
1552 2958 1862 3027 προσευχῆς

1962 1852 2231 1907 stantibus
2263 1852 2520 1906 excitabit
2573 1852 2825 1922 gemitus,
2869 1851 2941 1904 Si
2996 1864 3217 1904 rursum
3267 1847 3539 1901 fraternas

1959 1943 2104 1998 ardes
2134 1943 2284 1998 adire
2315 1930 2600 2013 placuerit.
2634 1941 2764 1997 mihi
2797 1949 3175 1998 occurrentem
3209 1955 3314 1994 non
3346 1939 3536 1993 videbo

1960 2033 2179 2087 fratrem
2209 2049 2311 2088 nec
2362 2035 2494 2088 mihi
2546 2034 2694 2088 fores
2739 2033 3106 2104 pandentem;
3138 2031 3231 2087 sed
3268 2030 3390 2085 steti
3443 2028 3535 2082 diu

1961 2124 2202 2180 clamans
2234 2133 2287 2179 ct
2316 2135 2525 2194 portam
2563 2125 2809 2196 pulsans,
2841 2139 2942 2180 nec
2974 2122 3179 2178 audivit
3209 2121 3379 2177 ullus.

2028 2392 2084 2448 2.
2121 2392 2249 2458 Sed,
2285 2407 2318 2448 ο
2351 2392 2668 2463 pontificum
2728 2391 3069 2447 divinissime
3129 2397 3182 2446 et
3237 2387 3538 2459 sapientis-

1961 2486 2116 2553 sime,
2181 2485 2447 2555 numquid
2499 2484 2628 2555 quia
2691 2500 2852 2539 manu
2909 2493 3100 2539 tenens
3150 2483 3352 2538 librum
3415 2479 3538 2534 inde

1960 2587 2195 2632 mentem
2225 2577 2523 2641 nutriebas,
2550 2579 2615 2630 ad
2651 2590 2846 2631 sonum
2875 2591 2978 2630 non
3010 2574 3284 2630 attendisti
3317 2589 3329 2638 ;
3373 2585 3535 2624 nurn-

1961 2670 2088 2739 quid
2119 2671 2244 2739 quia
2278 2669 2557 2725 scribebas
2602 2683 2666 2722 ea
2721 2682 2843 2736 quae
2873 2670 2926 2720 in
2961 2682 3121 2737 grege
3156 2679 3340 2734 pacem
3379 2663 3538 2716 resti-

1961 2769 2138 2823 tuant,
2175 2762 2256 2814 vel
2297 2761 2425 2830 quia
2458 2760 2596 2814 vitas
2619 2759 2885 2814 obscuras
2915 2767 3190 2815 scrutatus
3222 2756 3536 2824 explicabas

1962 2853 2109 2907 velut
2138 2853 2530 2919 secretissima,
2573 2854 2657 2908 vel
2699 2852 3125 2922 imperatoribus
3181 2850 3408 2906 texebas
3435 2865 3537 2904 en-

1963 2946 2135 2999 comia
2165 2955 2260 2999 aut
2299 2945 2492 3000 amicis
2522 2945 2787 3001 exarabas
2813 2944 3071 3015 epistolas
3109 2944 3217 3016 (his
3243 2942 3391 2996 enim
3429 2951 3534 2995 tuae

291 3041 378 3132 καὶ
408 3040 680 3110 μερίμνης
715 3041 850 3112 ἀεὶ),
889 3044 1216 3109 ἀπέκλεισάς
1249 3064 1344 3099 σου
1396 3050 1495 3115 τὴν
1536 3048 1730 3118 θύραν,
1779 3049 1853 3111 ὡς

1964 3052 2130 3102 curae,
2162 3046 2250 3090 tua
2282 3037 2589 3091 sollicitudo
2623 3037 2921 3104 continua)
2954 3047 3101 3090 tuam
3150 3035 3416 3090 obserasti
3445 3034 3532 3102 ja-

295 3129 364 3196 μὴ
392 3145 472 3180 σοι
505 3131 849 3201 ὲπιταραχθῇ
881 3132 940 3185 τὸ
995 3134 1289 3204 ἐμπόνημα
1324 3153 1341 3203 ;
1387 3137 1529 3189 Ἀλλ’
1579 3139 1672 3191 ἐπὶ
1729 3139 1852 3192 τού-

1962 3139 2120 3180 nuam
2161 3139 2228 3180 ne
2260 3126 2337 3179 tui
2379 3126 2670 3180 turbentur
2721 3124 2983 3180 labores?
3016 3123 3083 3178 Et
3140 3122 3266 3177 inde
3317 3136 3416 3176 nec
3445 3136 3532 3175 me

294 3236 402 3282 τοις
426 3222 634 3283 ἀδικεῖς
674 3223 774 3290 μὲν
797 3225 918 3293 ἐμὲ,
955 3226 1132 3295 μάτην
1167 3227 1258 3279 ἐπὶ
1291 3228 1352 3280 σὲ
1383 3227 1458 3298 τῷ
1506 3229 1689 3300 δρόμῳ
1719 3247 1854 3302 χρη-

294 3312 545 3380 σάμενον,
576 3306 636 3367 οὗ
668 3315 763 3368 καὶ
787 3316 884 3386 τὴν
907 3315 1036 3369 θέαν
1085 3319 1459 3390 ἑκαραδόκεις,
1491 3315 1536 3391 ᾧ
1584 3325 1678 3376 καὶ
1724 3324 1856 3394 τρά-

294 3407 464 3470 πεζαν
498 3407 594 3460 καί⁵
623 3408 813 3472 κλίνην
841 3409 1194 3478 ηύτρέπιζες,
1227 3415 1321 3467 καὶ
1351 3416 1474 3486 οὐχὶ
1509 3416 1636 3480 τοὺς
1666 3416 1858 3471 ὑποδε-

301 3495 554 3562 ξομένους
585 3497 1005 3564 ἀνεπετάνννες,
1038 3500 1171 3554 ἀλλὰ
1200 3503 1294 3555 καὶ
1343 3503 1522 3575 ψυχῆς
1563 3505 1733 3576 αὐτῆς
1758 3507 1858 3560 ὑπ·

297 3590 507 3657 ήνοιγες
539 3591 602 3643 τὸ
643 3589 879 3660 θυρίὸιον
913 3608 927 3623 ο
955 3593 1166 3656 ἀδικεῖς
1197 3595 1254 3648 δὲ
1284 3599 1380 3652 καὶ
1401 3600 1499 3668 τὴν
1525 3598 1624 3669 σὴν
1652 3598 1858 3670 ταύτην

297 3683 462 3746 πόλιν,
490 3684 565 3753 μὴ
599 3684 812 3753 θρήνων
832 3686 1040 3739 ἐπαΐων
1061 3686 1170 3740 τῶν
1205 3689 1552 3759 πανοδύρτων
1606 3690 1698 3753 οὓς
1734 3693 1859 3744 ἑπι-

296 3772 459 3826 mea
493 3791 588 3826 σου
614 3776 680 3844 τῇ
715 3773 857 3844 σορῷ
889 3774 1178 3843 παννύχιός
1207 3795 1268 3830 τε
1329 3780 1426 3831 καὶ
1477 3783 1818 3851 πανημέριος
1842 3797 1856 3813 ⁸

297 3862 368 3925 ὡς
390 3865 565 3930 ἔγωγε
597 3863 805 3932 ταύτην
842 3865 932 3918 καὶ
965 3865 1120 3930 ἐλεῶ,
1155 3866 1411 3921 τοσοῦτον
1459 3869 1669 3939 κόσμον
1720 3871 1860 3924 ἀπο-

299 3956 548 4023 θεμένην,
580 3955 676 4006 καὶ
703 3953 924 4023 τηλίκον
955 3954 1269 4008 ύποστᾶσαν
1308 3957 1652 4028 δυστύχημα.
1701 3961 1863 4015 Οὕτω

303 4047 386 4099 καὶ
411 4048 540 4100 ναῦν
567 4048 825 4108 πολλάκις
849 4047 1057 4117 ἠλέησα
1079 4049 1171 4102 τὸν
1192 4049 1532 4121 κυϐερνήτην
1556 4053 1863 4107 ἀποόαλοῦ-

303 4155 411 4202 σαν,
439 4139 584 4192 οὕτω
613 4140 706 4194 καὶ
737 4141 995 4210 στρατιὰν
1019 4141 1112 4194 τὸν
1147 4143 1452 4211 στρατηγὸν
1477 4142 1822 4198 ἀπολέσασαν
1844 4162 1856 4176 ·

303 4230 386 4282 ἐπὶ
411 4231 465 4284 δὲ
493 4231 708 4300 σώματι
736 4230 886 4299 καλῷ
919 4232 1012 4284 καὶ
1061 4232 1275 4303 κοσμίῳ
1303 4232 1401 4302 τὴν
1441 4233 1682 4304 κεφαλὴν
1731 4235 1868 4289 ἁπο-

301 4323 547 4391 τμηθέντι
572 4324 666 4377 καὶ
695 4323 1062 4393 ὲπεδάκρυσα.

1955 3217 2200 3288 dignaris
2235 3217 2515 3285 suscipere
2543 3218 2636 3288 qui
2664 3216 2730 3271 ad
2763 3225 2813 3276 te
2861 3216 3118 3271 velociter
3167 3211 3407 3279 cucurri,
3439 3227 3533 3266 cu-

1951 3307 2042 3378 jus
2066 3317 2343 3374 aspectum
2395 3306 2650 3361 ardenter
2702 3306 2949 3376 optabas,
2978 3307 3064 3360 cui
3111 3318 3350 3358 mensam
3375 3311 3429 3358 et
3459 3301 3537 3356 le-

1957 3399 2164 3452 ctulum
2207 3413 2516 3467 paraveras,
2551 3399 2634 3452 cui
2674 3413 2779 3452 non
2816 3406 3025 3452 tantum
3061 3395 3350 3464 (lc-tegebas
3401 3393 3539 3447 reci-

1957 3491 2204 3560 piendos,
2232 3489 2324 3545 sed
2359 3490 2531 3559 ipsius
2557 3489 2717 3544 etiam
2741 3490 2934 3543 annuae
2968 3495 3178 3558 portam
3212 3483 3536 3554 aperiebas;

1959 3598 2059 3638 nec
2084 3583 2331 3652 accipere
2377 3581 2624 3649 dignaris
2653 3581 2824 3650 ipsam
2873 3589 3020 3633 tuam
3056 3578 3353 3639 civitatem,
3386 3573 3540 3628 llcbi-

1959 3673 2099 3727 libus
2133 3673 2249 3742 ejus
2281 3687 2385 3725 non
2456 3671 2654 3725 auditis
2701 3669 2996 3740 gemitibus
3026 3682 3165 3738 quos
3219 3676 3334 3720 tota
3371 3673 3531 3718 nocte

1960 3773 2180 3832 totaque
2230 3763 2317 3818 die
2366 3763 2479 3817 edit
2537 3764 2590 3814 in
2627 3770 2719 3815 tuo
2778 3759 3048 3827 sepulcro.
3107 3759 3382 3822 Quantum
3437 3771 3537 3825 ego

1960 3856 2076 3924 ipse
2105 3869 2222 3909 eam
2259 3853 2403 3908 dolui
2440 3869 2561 3924 quae
2605 3859 2754 3906 tanto
2800 3849 3026 3918 spoliata
3085 3857 3283 3902 ornatu
3327 3856 3534 3900 tantam

1963 3945 2182 4001 sustulit
2215 3958 2534 3998 aerumnam.
2565 3943 2718 3998 Sicut
2756 3941 2907 3995 navis
2947 3953 3089 4009 saepe
3125 3939 3380 3994 misertus
3408 3952 3527 3992 sum

1964 4037 2330 4106 gubernatore
2351 4033 2644 4101 destitutae,
2681 4034 2824 4089 sicut
2851 4031 3122 4086 exercitus
3164 4029 3301 4084 duce
3337 4030 3537 4095 orbati,

1964 4129 2037 4183 ita
2073 4129 2122 4180 in
2161 4141 2393 4198 corpore
2420 4127 2648 4196 pulchro
2679 4137 2732 4181 et
2754 4124 3002 4194 specioso
3028 4132 3190 4192 caput
3215 4119 3532 4190 ademptum

1964 4220 2173 4277 deﬂevi

364 4420 431 4482 γ’.
472 4414 562 4484 Τῷ
591 4414 706 4468 ὄντι
732 4413 788 4467 δὲ
825 4413 942 4479 νῦν,
976 4417 1137 4485 είπερ
1175 4416 1364 4471 ἄλλοτέ
1395 4434 1552 4481 ποτε,
1579 4417 1804 4486 γέγονεν
1826 4420 1860 4490 ή

2031 4411 2086 4464 5.
2122 4408 2328 4479 Utique
2359 4407 2610 4479 praesenti
2651 4414 2914 4475 tempore,
2949 4406 2995 4462 si
3037 4421 3297 4476 unquam,
3329 4406 3540 4475 captiva

301 4501 736 4557 Θεσσαλονικέων
766 4504 919 4566 πόλις
960 4505 1328 4574 αίχμάλωτος,
1367 4509 1462 4560 καὶ
1501 4507 1743 4577 πολέμου
1777 4509 1857 4560 δί-

300 4610 364 4660 χι
391 4596 484 4647 καὶ
521 4594 826 4663 Βαρϐάρων
848 4594 1151 4666 ἐπιδρομῆς
1174 4596 1445 4668 ὲσκυλήθη
1492 4599 1602 4652 τῶν
1664 4599 1862 4667 ἑαυτῆς

299 4685 611 4755 κειμηλίων,
641 4686 669 4738 6
704 4702 867 4756 τιπερ
891 4688 1202 4756 κράτιστον.
1266 4689 1426 4740 Δοκεῖ
1481 4705 1572 4759 μοι
1625 4690 1720 4742 καὶ⁸
1755 4693 1784 4743 6
1807 4694 1864 4742 ὲν

304 4778 537 4846 μάρτυσι
566 4778 932 4848 μυροὸλύτης,
962 4777 1062 4850 τὴν
1105 4779 1202 4831 τοῦ
1255 4779 1478 4849 ῥείθρου
1521 4779 1864 4851 πλημμύραν

303 4868 573 4938 ἀνακόψας
598 4871 692 4922 ἐπὶ
726 4869 944 4940 μικρὸν,
992 4869 1093 4938 τῆς
1137 4869 1347 4932 οἰκείας
1401 4868 1610 4932 πόλεως
1669 4871 1864 4938 ἐπιση-

305 4961 464 5027 μῆναι
498 4962 598 5032 τὴν
625 4960 938 5032 συμφοράν.
982 4961 1042 5014 '0
1071 4960 1128 5017 δὲ
1168 4961 1268 5031 τὴν
1311 4959 1466 5014 πόλιν
1517 4945 1867 5030 ’περικλύζων

301 5053 548 5124 δεύτερος
576 5054 842 5124 ποταμὸς,
864 5053 924 5107 οῦ
956 5055 1017 5108 τὸ
1046 5053 1228 5124 ῥεῦμα
1257 5052 1366 5106 τῶν
1409 5053 1582 5119 λόγων
1627 5051 1721 5106 καὶ
1770 5052 1865 5104 τοῦ

303 5146 494 5199 Νείλου
525 5146 879 5215 καταράκτας
905 5147 1248 5218 ἀπέκρυψεν,
1280 5143 1560 5199 ἐπαύσατο
1587 5143 1748 5214 ῥέων,
1772 5145 1866 5199 καὶ

298 5239 325 5289 6
354 5239 518 5301 πολὺς
545 5241 752 5303 ἐκεῖνος
788 5239 964 5307 ῥοῖζος
997 5240 1274 5310 ἐσίγησεν.
1320 5237 1431 5292 Καὶ
1480 5236 1574 5291 νῦν
1632 5237 1681 5290 oi
1739 5237 1868 5307 χθὲς

299 5332 485 5397 χανδὸν
510 5331 890 5403 ἑκροφοῦντες,
917 5331 1014 5386 καὶ
1055 5333 1134 5402 τῷ
1192 5330 1432 5402 μελιχρῷ
1473 5329 1566 5385 τοῦ
1625 5331 1866 5398 νάματος

303 5421 971 5492 γλυκαζόμενοι,αύαλέοι
1017 5425 1258 5495 σήμερον
1308 5424 1404 5476 καὶ
1445 5424 1729 5492 περικαεῖς
1789 5421 1868 5491 τῷ

301 5517 430 5584 πυρὶ
459 5517 558 5584 τῆς
583 5514 741 5586 δίψης
772 5513 1180 5586 καμινεύονται.
1203 5515 1499 5585 Διψήσουσι
1527 5514 1570 5566 δ’
1597 5509 1750 5583 οἶμαι
1772 5513 1867 5566 καὶ

299 5604 431 5658 πολύ
471 5622 524 5657 τι
561 5606 721 5674 μέρος
745 5606 843 5676 τῆς
874 5608 1220 5677 οἰκουμένης,
1249 5608 1364 5659 ὅσοι
1399 5607 1508 5659 τῶν
1534 5605 1628 5658 τοῦ
1682 5605 1859 5674 μάκα-

305 5711 398 5762 ρος
438 5696 697 5766 ναμάτων
726 5698 1020 5764 ἐγεύσαντο
1055 5713 1071 5729 θ
1101 5699 1150 5751 oi
1184 5698 1283 5767 μὲν
1313 5701 1376 5750 ὲκ
1411 5696 1504 5752 τοῦ
1554 5696 1738 5767 σχεδὸν
1766 5697 1864 5766 τῆς

1962 4501 2102 4558 facta
2151 4513 2236 4558 est
2293 4501 2857 4556 Thessalonicensium
2921 4501 3156 4567 civitas,
3237 4509 3292 4554 et
3349 4509 3541 4570 praeter

1962 4595 2203 4657 bellum,
2281 4594 2563 4647 incursum
2650 4590 3011 4647 Barbarorum
3103 4606 3324 4647 suarum
3419 4606 3541 4660 prc-

1966 4686 2259 4740 tiosissima
2336 4697 2674 4754 gemmarum
2723 4682 2824 4738 fuit
2876 4692 3064 4739 exuta.
3115 4681 3338 4737 Videtur
3403 4683 3538 4737 mihi

1962 4777 2052 4832 ille
2091 4777 2230 4830 inter
2260 4785 2528 4846 martyres
2556 4774 2918 4845 Myrostillans
2949 4773 3228 4842 paululum
3276 4787 3540 4842 suspenso

1964 4869 2109 4923 ﬂuxu
2145 4883 2366 4937 prorsus
2392 4867 2685 4933 odorifero,
2719 4866 2868 4921 urbis
2905 4865 3250 4936 significasse
3282 4864 3536 4920 exitium.

1964 4959 2242 5013 Posterior
2288 4959 2482 5012 urbem
2515 4958 2746 5028 irrigans
2779 4957 2996 5020 ﬂuvius,
3026 4956 3184 5025 cujus
3212 4970 3533 5011 sermonum

1963 5049 2166 5104 ﬂuento
2197 5047 2300 5102 Nili
2343 5049 2512 5118 ipsius
2545 5048 2748 5104 cedunt
2770 5057 3090 5115 cataractae;
3129 5047 3300 5102 ﬂuere
3352 5046 3533 5109 desiit,

1965 5149 2017 5193 et
2048 5154 2274 5208 magnus
2309 5139 2398 5193 ille
2427 5138 2608 5210 frag-or
2637 5139 2812 5192 siluit.
2848 5136 2915 5191 Et
2947 5152 3090 5192 nunc
3120 5138 3210 5207 qui
3238 5136 3350 5190 heri
3376 5135 3535 5204 pleno

1964 5246 2060 5286 ore
2120 5230 2369 5286 bibentes
2421 5244 2584 5285 amne
2636 5229 2893 5284 mellilluo
2934 5230 3366 5289 deleatabantur,
3402 5223 3531 5279 sicci

1966 5325 2125 5379 hodie
2153 5332 2206 5378 et
2240 5323 2430 5378 torridi
2489 5324 2610 5378 sitis
2656 5323 2781 5394 igne
2810 5330 3066 5376 uruntur.
3095 5319 3293 5374 Sitient
3345 5317 3531 5383 etiam,
3609 5323 3616 5330 '

1966 5432 2052 5472 me
2105 5415 2307 5485 judice,
2365 5416 2518 5472 multi
2569 5415 2774 5471 telluris
2824 5414 3012 5468 incola:
3068 5417 3334 5480 quotquot
3387 5408 3544 5469 Beati.

1970 5511 2139 5566 nostri
2174 5508 2369 5564 ﬂuenta
2407 5515 2799 5578 gustaverunt;
2861 5515 2969 5558 turn
3011 5502 3100 5572 qui
3160 5501 3341 5570 lingua
3370 5515 3534 5556 aurea

1976 5603 2200 5673 propius
2251 5602 2590 5667 gaudebant,
2648 5609 2760 5651 tum
2826 5597 2918 5665 qui
2960 5593 3151 5664 procul
3197 5597 3333 5649 echo
3359 5594 3537 5666 perci-

1971 5695 2208 5766 piebant.
2229 5692 2344 5749 Non
2367 5695 2508 5747 enim
2535 5692 2738 5746 tonitru
2763 5687 3035 5757 indignior
3049 5701 3360 5744 sermonum
3390 5687 3538 5743 illius
