3950 6204
321 199 430 268 .759

1155 198 1554 260 EUTllYMU
1592 196 2170 257 NEOPATRARUM
2212 193 2777 257 METROPOLITIE

3485 188 3600 252 760

319 312 457 365 echo
485 311 559 366 ita
601 319 660 366 ut
690 327 720 366 a
758 309 958 368 finibus
999 318 1158 365 terra:
1190 311 1256 364 ad
1302 311 1436 374 fines
1480 313 1857 382 percrebraret
1884 355 1898 378 ,
1927 328 1944 376 Λ

2034 311 2222 380 ῐρυσῆς
2256 309 2693 371 ἀπολελαυκότες
2720 307 2995 376 γλώττης.
3028 306 3078 360 oi
3111 305 3168 361 δὲ
3218 304 3313 358 καὶ
3377 300 3597 372 πόρρω-

321 414 371 457 et
408 402 785 459 contradicere
837 402 1096 456 audentes
1136 401 1354 456 timidos
1392 402 1647 468 elliceret,
1699 419 1906 458 necnon

329 496 574 562 trepidos
605 494 832 548 auribus
849 508 1046 548 manus
1080 493 1380 549 inserentes
1422 506 1478 550 et
1505 497 1660 566 quasi
1690 507 1910 567 stupore

331 595 633 650 torpentes.
669 581 780 648 Nec
810 599 979 638 sonus
1015 585 1224 654 fulgure
1251 586 1533 641 obscurior
1580 588 1653 641 ita
1708 597 1764 642 ut
1794 589 1908 642 ubi—

328 692 434 743 que
475 675 638 730 simul
679 685 966 745 appareret
1013 686 1067 730 et
1103 688 1182 731 tot
1236 678 1547 734 fulminaret
1600 681 1730 750 qtiot
1765 681 1910 735 circa

325 764 507 817 atu'lita
565 780 673 817 non
728 775 1017 834 saperent;
1059 765 1194 820 adeo
1254 769 1482 836 utquod
1536 768 1600 822 de
1651 768 1912 837 apostolis

330 855 598 923 prolatum
651 865 733 911 est
773 875 786 909 :
853 857 904 910 in
949 872 1163 911 omnem
1198 867 1398 912 terram
1450 858 1685 914 exivisse
1716 875 1908 914 sonum

327 960 517 1003 eorum
540 956 594 999 et
618 945 671 999 in
697 946 830 1001 fines
863 948 1011 1003 orbis
1044 960 1194 1002 terra:
1235 949 1395 1002 verba
1444 964 1656 1016 eorum,
1689 967 1787 1018 ego
1815 967 1911 1006 au-

324 1032 514 1101 derem
573 1034 790 1103 egregio
843 1034 928 1087 isti
963 1037 1232 1104 applicare
1268 1037 1457 1091 lumini
1487 1050 1539 1094 et
1559 1055 1686 1094 vero
1711 1042 1912 1096 Christi

333 1124 628 1192 discipulo.
661 1124 886 1178 Terram
917 1127 1132 1196 quidem
1164 1145 1266 1182 non
1303 1139 1421 1185 erat
1465 1146 1788 1200 percurrens
1813 1149 1915 1189 nec

336 1216 623 1283 perlegens
651 1217 920 1280 civitates,
950 1233 1050 1272 nec
1078 1218 1147 1273 ab
1173 1220 1274 1272 alia
1308 1221 1361 1273 in
1393 1222 1617 1276 alteram
1643 1226 1915 1279 transiens

337 1317 501 1376 prout
533 1309 886 1370 mandaverat
929 1309 1210 1372 Dominus,
1248 1327 1348 1366 nec
1392 1313 1530 1366 fama
1565 1315 1760 1385 aligera
1790 1331 1913 1369 eum

337 1401 537 1468 ubique
591 1400 1054 1466 circumferebat;
1099 1402 1488 1456 habuitautent
1527 1403 1915 1459 Thessalonica

337 1490 693 1556 scribentem,
726 1490 888 1545 urbes
921 1505 1049 1544 vero
1086 1502 1316 1556 caeteras,
1356 1493 1406 1545 in
1442 1493 1642 1562 quibus
1673 1494 1916 1547 nonnulli

337 1581 643 1636 litterarum
684 1582 888 1636 alumni
923 1591 977 1637 et
1031 1585 1367 1649 humanitate
1420 1585 1594 1654 politi,
1637 1601 1917 1640 sermones

338 1673 409 1732 ad
433 1688 492 1730 se
524 1675 923 1742 convocabant,
957 1676 1048 1746 qui
1089 1686 1245 1730 erant
1271 1692 1395 1731 vere
1420 1677 1640 1745 pennati
1665 1679 1919 1732 velociter
1951 1655 1992 1712 Β

340 1768 408 1819 ad
439 1777 698 1820 vocantes
729 1768 1199 1836 transmigrautes.
1236 1767 1406 1836 Igitur
1437 1769 1552 1824 haec
1582 1771 1796 1838 quidem
1841 1772 1918 1825 ci-

339 1855 481 1909 vitas
514 1857 804 1911 doctorum
861 1857 1009 1912 Beati
1068 1859 1239 1913 nostri
1273 1861 1600 1930 scriptorum
1636 1863 1792 1930 copia
1830 1877 1919 1918 τον

344 1950 481 2010 ferta
515 1957 618 2013 est,
651 1948 848 2004 referta
881 1952 1043 2005 etiam
1087 1952 1364 2007 civitatum
1415 1954 1598 2021 regina
1653 1969 1772 2020 quae
1800 1955 1919 2023 ejus

344 2055 631 2110 sermones
666 2041 904 2110 collegit.
939 2041 993 2096 Si
1031 2060 1157 2098 vero
1189 2045 1254 2098 ad
1296 2045 1434 2099 alias
1463 2045 1765 2110 transieris,
1799 2048 1922 2102 nul-

345 2134 454 2203 lum
486 2134 789 2199 litterarum
828 2135 1143 2204 participem
1173 2138 1416 2191 invenies
1451 2136 1715 2194 Eustathii
1757 2141 1922 2196 Musae

345 2225 620 2294 ignarum.
658 2226 813 2296 Apud
850 2242 934 2287 me
965 2227 1144 2281 adhuc
1171 2229 1324 2282 multi
1361 2230 1713 2298 epistularum
1748 2232 1923 2288 fasces

344 2318 515 2373 multa
541 2318 731 2388 repleti
765 2320 1032 2390 sapientia
1059 2329 1112 2374 et
1145 2335 1362 2377 omnem
1392 2323 1651 2377 malitiam
1694 2325 1923 2396 ignomi-

343 2410 436 2481 nia
474 2407 789 2482 aﬂtcieutes,
838 2411 1035 2480 quibus
1074 2426 1172 2482 ego
1207 2427 1299 2466 cor
1341 2413 1534 2483 saepius
1570 2414 1686 2470 scio
1716 2417 1924 2472 exstin-

352 2506 500 2576 xisse
527 2515 768 2562 aestuans
798 2513 851 2558 et
881 2503 1224 2566 immodicam
1263 2505 1536 2560 tristitiam
1578 2506 1824 2575 ejccisse.
1862 2506 1925 2560 Et

347 2595 573 2650 omnino
608 2595 855 2665 magiStri
893 2596 1023 2650 mihi
1051 2597 1342 2667 apparebat
1374 2595 1788 2652 litterula.Nam
1813 2615 1919 2652 non

313 2693 558 2738 -ιαιιιιιιη
611 2684 662 2739 in
729 2686 1098 2747 testimonium
1157 2686 1362 2740 amoris
1419 2688 1766 2752 cxarabatur,
1827 2689 1920 2742 sed

345 2777 509 2831 etiam
545 2778 702 2832 malis
727 2778 1004 2832 infamiam
1031 2779 1281 2834 inurebat
1311 2789 1363 2834 et
1394 2779 1568 2833 bonos
1601 2781 1918 2836 mirabatur.

345 2867 498 2923 Alios
529 2867 746 2936 quidem
796 2869 1168 2926 vehementius
1205 2870 1597 2935 inseetabatur,
1634 2871 1725 2940 qui
1759 2873 1922 2926 urbes

349 2961 589 3014 lacerant
619 2972 672 3015 et
694 2960 958 3016 ecclesias
989 2962 1280 3028 scindunt;
1310 2963 1570 3016 mundum
1604 2978 1730 3016 vero
1761 2961 1922 3018 defle-

350 3051 443 3116 bat
505 3053 559 3118 in
615 3053 854 3122 maligno
905 3055 1137 3124 positum
1200 3064 1469 3121 quatenus
1542 3053 1922 3125 iniquitatibus

351 3145 558 3200 nostris
585 3147 853 3214 perditum
886 3155 938 3203 et
973 3147 1338 3216 inquinatum.

353 3239 418 3297 τό
449 3257 540 3310 μοι
574 3240 635 3294 τὸ
655 3242 983 3295 ἐπιστόλιον.
1019 3241 1151 3296 Οὐδὲ
1183 3241 1291 3309 γάρ
1329 3241 1410 3305 είς
1456 3239 1679 3311 ἀγάπης
1721 3241 1918 3312 δεῖγμα
1956 3243 2116 3314 μόνον
2144 3246 2497 3317 ἐχαράττετο,
2529 3247 2665 3300 ἀλλὰ
2700 3247 2794 3300 καὶ
2889 3249 3093 3309 κακοὺς
3148 3247 3432 3316 ἐλοιδόρει,

2013 402 2103 455 οεν
2158 403 2283 460 τοὺς
2338 401 2504 471 ἡχους
2566 400 2864 470 δεχόμενοι.
2934 397 3072 452 Οὐδὲ
3127 397 3237 466 γάρ
3289 396 3595 462 ἀτιμοτέρα

1997 493 2243 562 βροντῆς
2289 495 2320 562 ἠ
2370 492 2479 544 τῶν
2513 493 2725 546 ἐκείνου
2778 491 2953 559 λόγων
2996 489 3134 560 ἠχὼ,
3185 487 3260 550 ὡς
3305 486 3380 556 μὴ
3413 487 3596 536 mihi:

2013 586 2272 651 περάτων
2314 584 2545 636 διαθέειν
2581 585 2660 646 εἰς
2690 585 2926 650 πέρατα,
2975 583 3069 636 καὶ
3103 581 3230 641 τοὺς
3289 577 3597 642 ἀντιλέγειν

2013 676 2330 745 τολμῶντας
2371 675 2580 736 δειλοὺς
2613 673 2970 744 ἐργάζεσθαι,
3013 673 3109 724 καὶ
3157 669 3432 738 περιδεεῖς
3483 668 3595 726 τοῖς

2011 768 2116 820 ὠσὶ
2143 767 2238 830 τὰς
2291 769 2478 836 χεῖρας
2529 765 2898 831 ἐπιτιθέντας,
2956 764 3052 819 καὶ
3105 763 3164 816 τὸ
3227 760 3598 830 ἑμὸρόντητον

2014 859 2444 922 ῦποπτεύοντας.
2473 860 2609 914 Οὐδὲ
2640 859 2667 912 6
2698 858 2938 926 φθόγγος
2991 854 3280 926 ἀστραπῆς
3349 852 3600 920 ἀμαυρό-

2013 968 2190 1019 τερος,
2223 951 2297 1013 ὼς
2332 951 2408 1020 μὴ
2443 950 2770 1020 προφαίνειν
2805 946 3147 1017 ἁπανταχοῦ,
3178 945 3352 1005 ἐνίους
3399 942 3459 993 δὲ
3505 945 3597 993 καὶ

2014 1046 2294 1115 πιμπρᾷν,
2349 1045 2463 1096 ὅσοι
2518 1043 2647 1112 περὶ
2689 1043 2787 1110 τὴν
2835 1041 3004 1110 ἀκοὴν
3048 1042 3149 1094 οὐκ
3207 1035 3549 1105 εὐγνώμονες
3583 1049 3595 1063 ·

2014 1137 2154 1187 ὥστε
2193 1135 2307 1198 καὶ,
2335 1136 2472 1204 ὅπερ
2518 1130 2586 1205 ἦν
2627 1135 2738 1196 τοῖς
2791 1133 3112 1192 ἀποστόλοις
3162 1129 3462 1194 ἐξαίρετον,
3511 1127 3598 1188 εὶς

2019 1226 2228 1283 πᾶσαν
2250 1227 2362 1294 τὴν
2390 1224 2508 1296 γῆν
2525 1227 2799 1289 ἐξελθεῖν
2823 1225 2931 1279 τὸν
2955 1223 3220 1292 φθόγγον
3241 1216 3464 1278 αὐτῶν,
3497 1216 3595 1268 καί

2015 1321 2102 1383 είς
2133 1319 2205 1370 τὰ
2230 1317 2455 1389 πέρατα
2490 1317 2600 1381 τῆς
2644 1314 3004 1382 οἰκουμένης
3044 1313 3116 1366 τὰ
3175 1310 3441 1379 ῥήματα,
3498 1309 3599 1358 οὐκ

2017 1409 2082 1461 ἂν
2146 1407 2258 1476 ἐγὼ
2309 1407 2727 1476 φοϐηθησοίμην
2768 1406 2863 1457 καὶ
2916 1405 2993 1473 τῷ
3040 1403 3193 1470 καλῴ
3255 1399 3599 1469 συναρμόσαι

2021 1500 2197 1570 τούτῳ
2234 1501 2488 1568 φωστῆρι
2522 1499 2617 1551 καὶ
2669 1497 2887 1568 ἀληθῶς
2934 1496 3027 1549 τοῦ
3077 1493 3314 1565 Χριστοῦ
3355 1489 3598 1559 μαθητῇ.

2021 1593 2130 1661 Γῆν
2156 1591 2258 1658 μὲν
2287 1591 2395 1660 γὰρ
2423 1591 2523 1642 οὐκ
2564 1588 2631 1659 ἦν
2673 1588 3044 1657 περιτρέχων,
3083 1585 3206 1639 οὐδὲ
3255 1585 3354 1644 τὰς
3413 1581 3598 1642 πόλεις

2022 1681 2368 1754 ἀναμετρῶν,
2403 1683 2500 1735 καὶ
2533 1681 2642 1734 ἀπὸ
2680 1679 2883 1750 ταύτης
2927 1677 3062 1746 πρὸς
3095 1677 3291 1747 ἑτέραν
3348 1689 3600 1740 μεταχω-

2023 1777 2131 1845 ρῶν
2159 1775 2305 1827 κατά
2348 1774 2410 1827 τὸ
2444 1773 2538 1826 τοῦ
2580 1773 2786 1842 Κυρίου
2837 1769 3206 1839 παράγγελμα
3239 1783 3256 1799 ’
3310 1765 3436 1818 οὔτε
3494 1764 3600 1830 μὴν

2023 1868 2183 1938 φήμη
2220 1865 2636 1938 πτερυσσομένη
2662 1862 2940 1933 πανταχοῦ
2982 1862 3177 1914 τοῦτον
3231 1857 3590 1926 παρέπεμπε.

2022 1960 2132 2012 Καὶ
2158 1954 2271 2028 εἷχε
2309 1959 2409 2030 μὲν
2431 1955 2874 2010 Θεσσαλονικέων
2905 1954 2988 2006 τὸν
3038 1949 3512 2019 λογογραφοῦντα,
3547 1947 3600 1998 αἱ

2023 2051 2079 2105 δὲ
2107 2050 2297 2104 λοιπαὶ
2342 2049 2451 2103 τῶν
2489 2049 2717 2114 πόλεων,
2753 2051 2810 2100 ὲν
2860 2042 2943 2110 αἷς
2967 2051 3063 2099 καὶ
3112 2046 3290 2113 λόγων
3343 2042 3601 2112 τρόφιμοί

2025 2159 2170 2206 τινες
2197 2143 2292 2195 καὶ
2317 2141 2618 2210 φιλόκαλοι,
2654 2139 3054 2208 μετεκαλοῦντο
3086 2137 3211 2198 τοὺς
3243 2135 3438 2200 λόγους
3462 2148 3478 2164 ο
3508 2131 3601 2185 καὶ

2023 2228 2163 2302 ἦσαν
2191 2233 2360 2296 ὅντως
2396 2233 2746 2302 πτερόεντες,
2790 2230 2997 2301 ταχέως
3031 2229 3168 2300 πρὸς
3203 2227 3329 2288 τοὺς
3377 2224 3601 2276 καλοῦν-

2025 2341 2124 2387 τας
2156 2325 2613 2394 μεταφερόμενοι.
2649 2323 2859 2376 Οὐκοῦν
2893 2323 3057 2392 γέμει
3087 2321 3186 2390 μὲν
3215 2321 3245 2388 ἡ
3282 2319 3436 2377 πόλις
3461 2315 3603 2384 αὕτη

2026 2416 2136 2468 τῶν
2166 2416 2346 2483 σοφῶν
2375 2414 2469 2467 τοῦ
2519 2417 2768 2484 μάκαρος
2817 2412 3290 2482 συγγραμμάτων,
3351 2408 3514 2476 γέμει
3548 2405 3606 2458 δὲ

2026 2511 2114 2561 καὶ
2183 2510 2217 2578 ἡ
2285 2509 2393 2561 τῶν
2455 2507 2662 2560 πόλεων
2739 2505 2949 2576 βασιλὶς
2981 2547 2994 2566 ,
3065 2503 3187 2556 ὅθεν
3240 2502 3363 2564 τοὺς
3412 2499 3608 2566 λόγους

2025 2600 2310 2669 captam.
2341 2601 2402 2653 Εί
2435 2601 2488 2654 δὲ
2534 2601 2628 2653 καὶ
2660 2598 2793 2671 πρὸς
2821 2599 3014 2666 ἐτέρας
3068 2595 3363 2666 βαδίσειας,
3396 2594 3500 2646 οῦκ
3535 2592 3600 2644 ἂν

2027 2693 2285 2763 εῦρήτοις
2317 2691 2411 2745 τοῦ
2442 2691 2602 2758 λόγου
2643 2691 2870 2760 μέτοχον
2900 2690 2997 2757 τῆς
3027 2688 3330 2743 Εὐσταθίου
3379 2685 3605 2754 Μούσης

2023 2785 2296 2855 ἀμύητον.
2334 2783 2472 2853 Παρ’
2495 2785 2618 2852 ἐμοὶ
2647 2782 2702 2834 δὲ
2736 2781 2843 2850 ἄρα
2870 2781 2965 2832 καὶ
2995 2778 3255 2846 φάκελλοι
3279 2777 3468 2829 πολλοὶ
3491 2775 3603 2828 τῶν

2027 2875 2345 2940 ἐπιστολῶν,
2383 2875 2575 2943 σοφίαν
2608 2891 2668 2926 τε
2707 2873 2906 2942 πολλὴν
2956 2869 3454 2940 ἐμπεφορτισμένοι
3509 2867 3608 2920 καὶ

2027 2971 2229 3025 κακίαν
2263 2971 2480 3024 ἃπασαν
2499 2967 2902 3039 στηλιτεύοντες
2923 2982 2938 2998 ο
2965 2965 3056 3035 ὑφ’
3083 2961 3158 3020 ὢν
3179 2963 3288 3032 ἐγὼ
3307 2965 3401 3018 καὶ
3431 2961 3609 3031 θυμὸν

2023 3062 2285 3125 πολλάκις
2310 3057 2427 3115 οῖδα
2449 3062 2646 3124 σϐέσας
2673 3060 3098 3130 φλεγμαίνοντα,
3131 3059 3226 3112 καί⁵
3254 3058 3434 3126 λύπης
3465 3061 3611 3125 ἀμεο

2022 3153 2183 3221 τρίαν
2213 3153 2674 3223 ἀποσεισάμενος.
2709 3155 2818 3207 Καὶ
2844 3152 2983 3217 ὅλως
3010 3152 3334 3206 διδασκάλου
3384 3149 3608 3216 ἐφαίνε-

3515 3244 3612 3297 καὶ

356 3335 602 3405 ἀγαθοὺς
655 3335 1046 3406 ἀπεθαύμασε.
1105 3337 1216 3390 Καὶ
1275 3336 1479 3407 ἐτέρων
1534 3337 1635 3406 μὲν
1694 3339 1936 3407 ἐπετίμα
1969 3344 2089 3404 ταῖς
2112 3343 2538 3412 ἀπληστίαις,ο’ί
2569 3343 2667 3406 τὰς
2735 3341 2919 3404 πόλεις
3001 3337 3450 3401 καταλωϐὦνται,
3504 3337 3603 3390 καὶ

361 3432 461 3494 τὰς
508 3430 809 3504 ἐκκλησίας
863 3429 998 3483 Θεοῦ
1051 3429 1404 3499 λυμαίνονται
1435 3445 1448 3460 ⁸
1509 3428 1840 3483 ἀπεκλαίετο
1880 3431 1936 3484 δὲ
1969 3436 2063 3486 καὶ
2091 3434 2297 3501 κόσμον
2328 3438 2428 3490 οῦκ
2465 3438 2524 3488 ὲν
2555 3434 2706 3506 καλῷ
2733 3435 3014 3505 κείμενον,
3039 3431 3137 3485 ἀτε
3165 3431 3233 3499 δὴ
3287 3432 3406 3492 ταῖς
3464 3434 3607 3501 ἡμε-

358 3528 546 3592 τέραις
581 3525 838 3596 ἀνομίαις
863 3525 1356 3594 συναχρειούμενον
1407 3524 1501 3578 καὶ
1548 3525 2087 3594 συναμαυρούμενον.

431 3620 486 3675 4.
527 3617 723 3675 Verum
765 3627 977 3685 tantum
1028 3617 1354 3688 eloquentia:
1391 3627 1443 3673 et
1470 3618 1751 3687 sapientiae
1782 3618 1928 3672 dono

360 3714 644 3780 speciosus
695 3713 796 3769 iste
852 3711 1097 3782 pontifex
1155 3713 1458 3771 ornabatur
1488 3722 1544 3766 ut
1595 3711 1716 3780 ejus
1751 3711 1934 3781 lingua

361 3819 556 3871 omnes
590 3812 702 3858 tum
753 3817 1035 3858 musarum
1074 3809 1188 3856 tum
1240 3801 1523 3856 rhetoricae
1578 3801 1737 3855 amici
1777 3815 1937 3868 cape-

362 3904 571 3964 rentur,
633 3909 732 3948 nec
775 3907 955 3952 ceram
995 3891 1220 3945 auribus
1277 3889 1584 3945 insererent
1631 3890 1697 3944 ad
1759 3889 1936 3944 instar

363 3988 732 4060 navigantium
760 3985 914 4051 juxta
956 3983 1199 4048 Sirenas,
1237 3998 1345 4052 quo
1386 3984 1568 4037 minus
1601 3991 1762 4038 cantu
1804 3982 1939 4037 deti-

364 4088 642 4135 nerentur.
695 4074 957 4129 Volabant
1011 4082 1191 4128 autem
1261 4072 1444 4126 statim
1526 4081 1646 4142 post
1693 4073 1936 4126 auditum

365 4171 538 4238 obire,
571 4180 624 4223 et
654 4169 708 4237 in
750 4166 869 4235 ipsa
898 4164 1117 4218 interire
1142 4163 1505 4231 jucunditatc.
1547 4164 1756 4216 litorum
1788 4163 1941 4232 lepor

366 4270 422 4316 et
457 4261 744 4316 urbanitas
801 4257 1078 4328 probaque
1119 4255 1312 4325 agendi
1371 4255 1507 4308 ratio
1558 4255 1645 4307 cui
1695 4254 1941 4309 omnium

365 4353 510 4416 velut
538 4352 653 4414 isti,
706 4364 917 4418 necnon
975 4347 1283 4408 amabilitas
1337 4347 1688 4418 gravitasque
1737 4362 1944 4402 sermo-

372 4445 554 4516 num?
608 4445 742 4500 Aliis
781 4442 996 4514 quidem
1048 4442 1194 4498 aliud
1247 4441 1594 4496 laudatorum
1631 4440 1859 4506 donum,
1889 4448 1944 4495 et

367 4539 458 4609 qui
499 4536 717 4606 duobus
780 4533 978 4604 gaudet
1031 4533 1120 4587 hic
1171 4533 1332 4588 nobis
1381 4533 1620 4602 optimus
1681 4531 1945 4600 valdeque

2105 3623 2168 3674 δ’.
2205 3622 2364 3675 Ἀλλὰ
2397 3623 2558 3691 λόγου
2593 3623 2692 3692 μὲν
2723 3621 2814 3676 καὶ
2846 3621 3037 3689 σοφίας
3069 3617 3243 3681 οὕτως
3280 3613 3427 3686 εἶχεν
3453 3617 3483 3669 6
3510 3633 3606 3668 κα-

2039 3713 2128 3777 λὸς
2160 3709 2311 3777 οὗτος
2335 3717 2645 3786 ἀρχιερεὺς,
2673 3715 2747 3778 ὠς
2777 3715 2878 3782 τῆς
2908 3712 3073 3766 αὑτοῦ
3101 3711 3348 3780 γλώττης
3393 3709 3609 3767 πάντας

2041 3805 2370 3877 ἐξηρτῆσθαι
2401 3807 2765 3877 φιλομούσους
2792 3805 2909 3874 ἅμα
2949 3801 3051 3862 καὶ
3099 3801 3487 3872 φιλορήτορας,
3521 3801 3617 3852 καὶ

2044 3896 2183 3968 μηδὲ
2221 3898 2394 3968 κηροῦ
2421 3899 2630 3951 δεῖσθαι
2658 3901 2777 3961 ταῖς
2831 3897 3024 3957 ἀκοαῖς
3058 3895 3198 3948 κατά
3245 3893 3372 3956 τοὺς
3399 3891 3469 3945 τά
3496 3892 3620 3943 Σει-

2044 3992 2204 4059 ρήνια
2237 3990 2675 4057 παραπλέοντας,
2729 3990 2804 4053 ὡς
2833 3992 2913 4059 μὴ
2956 3990 3074 4052 ταῖς
3108 3985 3396 4058 μελῳδίαις
3423 3988 3621 4038 ἐναπο-

2048 4082 2302 4151 μείνειεν.
2347 4083 2574 4137 Ἤθελον
2612 4083 2669 4135 δὲ
2700 4085 2766 4153 τῇ
2802 4082 3066 4152 ἀκροάσει
3095 4081 3190 4134 καὶ
3222 4078 3615 4141 ἐπαποθανεῖν,

2045 4176 2140 4230 καὶ
2171 4177 2308 4247 αὐτῇ
2366 4176 2760 4230 συναποθανεῖν
2805 4179 2870 4246 τῇ
2925 4173 3247 4243 γλυκύτητι.
3302 4171 3506 4232 Ἦθους
3563 4169 3624 4222 δὲ

2043 4268 2340 4338 κοσμιότης
2401 4271 2495 4321 καὶ
2548 4267 2854 4337 χρηστότης
2892 4267 3098 4337 τρόπου
3149 4263 3245 4318 καὶ
3295 4262 3626 4333 προαίρεσις

2043 4355 2362 4417 ὲθελόκαλος
2389 4356 2494 4409 τίνι
2529 4355 2635 4410 τῶν
2659 4356 2916 4412 ἁπάντων
2961 4355 3038 4417 ὡς
3095 4355 3271 4424 τούτῳ
3306 4354 3401 4405 καὶ
3464 4351 3627 4420 φίλον

2044 4447 2231 4517 κρῆμα
2267 4448 2358 4501 καὶ
2406 4448 2792 4518 σεμνοὶ-όγημα
2825 4465 2842 4517 ;
2873 4447 3051 4515 Ἀλλῳ
3083 4447 3181 4517 μὲν
3235 4447 3347 4516 γὰρ
3407 4445 3540 4499 ἀλλο
3569 4462 3628 4498 τι

2045 4540 2153 4592 τῶν
2185 4541 2598 4608 ἐπαινουμένων
2631 4539 2967 4610 κατόρθωμα
2993 4555 3008 4569 ·
3034 4541 3061 4592 6
3089 4539 3147 4592 δὲ
3179 4541 3278 4593 καὶ
3311 4537 3465 4591 δυσὶν
3495 4537 3631 4605 ἀρε-

369 4628 674 4695 ntirandus.
707 4623 994 4680 Eustathio
1024 4633 1203 4678 autem
1235 4639 1463 4692 prorsus
1505 4623 1691 4678 omnia
1736 4623 1940 4692 optima

2047 4633 2246 4683 ταίνων
2270 4632 2493 4697 ἀριστος
2522 4623 2676 4692 οὗτος
2706 4631 2837 4700 παρ’
2862 4631 2997 4700 ἡμῖν
3019 4629 3112 4683 καὶ
3142 4628 3471 4697 θαυμάσιος.
3526 4628 3631 4680 Εὖ-

367 4723 533 4781 simul
569 4719 948 4778 convenientia
993 4718 1218 4773 ﬂoreum
1255 4716 1599 4786 perfecerunt
1628 4717 1938 4787 paradisum

313 4799 316 4806 l
372 4817 631 4872 oumibus
663 4817 928 4870 virtutum
954 4811 1150 4872 formis
1183 4811 1438 4867 refertum
1461 4811 1942 4878 etconcinnatum,

369 4905 642 4972 fructibus
691 4907 920 4976 maturis
988 4905 1400 4965 luxuriantem,
1455 4903 1712 4958 ferentem
1779 4905 1942 4959 etiam

373 5000 580 5071 lignum
635 4999 901 5065 scientiae,
943 4997 1171 5067 muliere
1211 5006 1569 5066 serpenteque
1609 4999 1869 5065 exceptis.
1905 4995 1949 5050 Ο

373 5108 548 5148 novus
575 5091 661 5146 hic
679 5088 966 5161 paradisus
990 5089 1043 5143 in
1068 5104 1176 5158 quo
1205 5086 1403 5142 invidia
1434 5087 1652 5155 quidem
1681 5102 1788 5141 non
1807 5099 1948 5150 erat,

374 5161 471 5252 scd
531 5197 635 5238 nec
683 5180 905 5251 querela
957 5193 1058 5233 nec
1091 5179 1435 5244 tnemlacium
1477 5192 1652 5246 neque
1687 5177 1946 5232 nuditasl

375 5277 612 5340 Fructus
668 5275 831 5330 etiam
864 5271 1108 5342 scientia:
1142 5284 1484 5339 nequaquam
1537 5269 1953 5338 prohibebatur,

371 5341 565 5422 (erum
603 5366 756 5438 multi
785 5365 852 5419 de
883 5377 948 5419 eo
975 5361 1175 5432 epulati
1209 5370 1338 5416 sunt
1365 5370 1419 5414 et
1447 5361 1702 5423 saturati,
1725 5360 1955 5430 jubente

380 5458 696 5524 hortulano,
729 5471 829 5511 nec
858 5471 888 5511 a
925 5455 1071 5526 ligno
1113 5453 1237 5518 vita:
1262 5453 1485 5508 fuerunt
1511 5453 1808 5508 interdicti.
1839 5452 1955 5509 Ca:-

383 5557 533 5618 teras
554 5559 734 5606 autem
778 5549 925 5618 horti
952 5531 1168 5624 gratias
1188 5547 1461 5618 quomodo
1479 5545 1821 5614 explanarem
1857 5550 1958 5602 do-

382 5640 497 5716 lore
552 5643 880 5719 concissus?
911 5642 957 5698 0
1000 5657 1154 5700 mens
1189 5639 1462 5703 cwlestis!
1512 5654 1546 5694 o
1593 5653 1690 5704 cor
1721 5638 1954 5698 fortissi-

2055 4721 2256 4791 σταθίῳ
2285 4721 2340 4775 δὲ
2371 4721 2450 4790 τῷ
2482 4721 2621 4774 πάνυ
2655 4721 2812 4775 πάνθ’
2837 4722 2976 4792 ὁμοῦ
3007 4721 3076 4774 τά
3116 4721 3382 4775 κάλλιστα
3439 4719 3634 4772 συνελ-

2055 4815 2214 4868 θόντα
2245 4813 2444 4883 εὐθαλῆ
2480 4813 2811 4883 παράδεισον
2851 4813 3210 4878 ἀπετέλεσαν,
3259 4811 3468 4874 πάσαις
3533 4810 3633 4879 μιν

2057 4907 2266 4976 ἀρετῶν
2300 4905 2466 4969 ίδέαις
2510 4905 2800 4977 περιϐριθῆ
2842 4907 2940 4960 καὶ
2993 4907 3330 4976 κατάκομον,
3397 4905 3634 4974 καρποῖς

2056 4996 2276 5065 ὡραίοις
2309 4996 2790 5065 ὲνευθηνούμενον,
2839 4995 3075 5067 φέροντα
3138 4995 3196 5049 δὲ
3236 4995 3375 5049 ἀλλά
3433 4994 3530 5047 καὶ
3575 4993 3636 5046 τὸ

2056 5088 2152 5157 τῆς
2176 5087 2430 5154 γνώσεως
2461 5089 2639 5154 ξύλον,
2669 5087 2932 5156 γυναικὸς
2959 5089 3017 5142 δὲ
3047 5088 3168 5158 δίχα
3195 5088 3288 5142 καὶ
3329 5087 3530 5156 ὄφεως.
3566 5082 3638 5137 Ὠ
3683 5112 3690 5116 ’

2062 5181 2250 5253 καινὸς
2279 5176 2432 5244 οὗτος
2465 5183 2817 5254 παράδεισος,
2838 5181 2901 5234 ὲν
2932 5173 2977 5248 ᾧ
3011 5174 3207 5250 φθόνος
3230 5180 3331 5252 μὲν
3354 5181 3526 5250 ἀπῆν,
3552 5181 3640 5248 ψι-

2063 5273 2323 5344 θυρισμδς
2361 5273 2417 5327 δὲ
2462 5276 2560 5329 οὐκ
2609 5270 2699 5346 ἦν,
2755 5274 2876 5327 οὐδὲ
2925 5273 3111 5343 ἀπάτη
3161 5274 3257 5326 καὶ
3316 5271 3634 5340 γύμνωσιςῖ

2059 5366 2132 5417 Οὐ
2168 5365 2275 5435 μὴν
2300 5366 2413 5418 ἀλλ’
2442 5365 2564 5418 οὑδὲ
2588 5369 2615 5419 ὁ
2632 5369 2732 5436 τῆς
2756 5363 3012 5434 γνώσεως
3033 5367 3246 5437 καρπὸς
3269 5363 3640 5432 ἀπηγόρευτο.

2067 5457 2183 5511 ἀλλ’
2214 5459 2526 5528 ἐτρόγησαν
2563 5459 2661 5527 μὲν
2686 5459 2735 5511 οἱ
2765 5459 2974 5523 πολλοὶ,
3007 5457 3100 5512 καὶ
3121 5459 3202 5520 είς
3258 5459 3425 5525 κόρον
3467 5453 3642 5523 ἔδρω-

2066 5551 2380 5620 ματίσαντο,
2412 5549 2505 5601 τοῦ
2537 5551 2854 5620 φυτηκόμου
2887 5550 3228 5612 κελεύοντος,
3275 5547 3373 5600 καὶ
3393 5545 3519 5599 οὐδὲ
3547 5542 3642 5597 τοῦ

2069 5641 2226 5707 ξύλου
2249 5643 2345 5708 τῆς
2374 5641 2521 5707 ζωῆς
2552 5641 3015 5707 ἀπεκλείσθησαν.
3046 5642 3158 5706 Τὴν
3206 5639 3265 5695 δὲ
3299 5637 3498 5700 λοιπὴν
3551 5632 3645 5688 τοῦ
