3980 6188
213 264 326 331 761

1008 277 1405 343 LAUDATIO
1445 282 1847 346 FUNEBRIS
1872 286 2301 351 EUSTATHII
2337 292 2699 356 THESSAL.

3377 299 3484 362 702

212 389 485 487 λειμῶνος
514 388 675 487 χάριν
717 389 834 456 πῶς
872 391 939 487 ἃ]
966 394 1391 470 ἀφηγησαίμην,
1419 398 1526 455 ὑπὸ
1566 402 1664 456 τοῦ
1693 403 1797 459 πά-

1926 408 2080 462 uuml
2113 423 2146 461 ο
2174 408 2488 469 intellectus
2544 412 2900 487 magnitudo!
2950 427 2984 470 o
3019 412 3284 471 labiorum
3315 432 3481 475 amm-

216 482 346 543 θους
375 483 818 553 ἀνακοπτόμενος
852 500 867 553 ;
897 480 968 539 Ὦ
1005 486 1128 549 νοῦς
1163 488 1439 560 αἱθέριοςί
1496 485 1541 557 ὦ
1600 494 1799 565 φρένες

220 574 532 643 στερέμνιοι
560 575 574 629 !
608 567 653 626 ὦ
685 577 998 647 φρονήσεως
1029 579 1290 648 μέγεθοςι
1323 574 1368 633 ὦ
1394 581 1616 651 χειλέων
1666 584 1800 653 γλυ-

219 665 456 736 κύτητες
489 667 650 736 μέχρι
686 668 779 719 καὶ
818 669 980 737 μόνου
1031 673 1463 741 προσρήματοςί
1515 668 1561 728 ὦ
1621 680 1802 745 χεῖρες

219 759 383 812 καλαὶ
414 760 681 829 μὲηκατά
707 762 805 818 τάς
837 764 975 834 πρὸς
999 764 1132 818 Θεὸν
1161 767 1435 831 ἐκτάσεις,
1471 762 1554 831 οἷς
1579 767 1657 839 τῷ
1683 769 1798 840 λαῷ

219 849 314 903 τδν
339 852 542 921 Κύριον
574 850 955 923 ὲξηυμὲνιζον,
1007 856 1171 911 καλαὶ
1220 857 1277 911 δὲ
1307 858 1406 913 καὶ¹
1452 860 1548 912 τὸν
1580 861 1804 931 κρουνὸν

221 944 319 995 τοῦ
349 943 553 1006 ἐλέους,
589 944 647 997 ὃν
676 946 997 1015 πενομένοις
1024 948 1305 1019 ὲπήγαζον
1334 952 1348 1006 ί
1380 945 1451 1004 Ὅ
1479 950 1622 1004 καλά
1660 953 1803 1005 πάνσ

220 1052 293 1088 τα
327 1037 420 1088 καὶ
456 1036 592 1104 πρὸς
618 1036 785 1091 ἑαυτὰ
815 1039 910 1093 καλ⁵
937 1041 1070 1111 προς
1113 1041 1340 1112 ἄλληλα,
1400 1045 1497 1096 καὶ
1550 1042 1624 1107 ὡς
1666 1041 1805 1112 λύρα

221 1144 311 1190 τις
338 1126 371 1192 ἢ
402 1126 607 1196 κιθάρα
624 1126 804 1192 καλῶς
841 1130 975 1199 πρὸς
1001 1131 1267 1205 ἁρμονίαν
1302 1134 1435 1201 μίαν
1471 1133 1806 1205 ξυναρμοζό-

228 1233 369 1285 μενοι
399 1219 412 1272 l
444 1213 515 1269 '0
540 1217 768 1285 γλυκεῖα
799 1220 1108 1290 προσλαλιά
1136 1222 1233 1276 καὶ
1263 1221 1485 1293 βλέμμα
1534 1224 1807 1294 προσηνὲς

226 1311 328 1362 καὶ
355 1309 649 1379 μειλίχιονί
679 1311 737 1363 ΕΞ
761 1310 808 1364 δ’
834 1311 985 1366 ἔστιν
1034 1312 1095 1366 οῦ
1127 1314 1220 1367 καὶ
1270 1316 1405 1384 πρὸς
1460 1316 1638 1380 ἐνίους
1676 1317 1807 1376 ὓπε-

226 1402 586 1472 δριμύσσετο.
616 1403 754 1457 ἀλλά
788 1403 1023 1459 ἐνταῦθα
1074 1405 1136 1458 τὸ
1193 1407 1422 1478 ἀρχικὸν
1467 1408 1811 1480 ὑπεραπολο·

228 1499 412 1563 γεῖται
474 1495 628 1550 τοῦδε
660 1496 751 1549 τοῦ
786 1496 1113 1568 θαυμασίου,
1147 1498 1241 1553 καὶ
1268 1500 1330 1553 τὸ
1361 1500 1500 1564 τέως
1554 1500 1811 1571 ἔγκλημα

231 1590 350 1650 τοῖς
380 1586 776 1658 κατορθώμασι
801 1588 1233 1660 συνεισέρχεται.
1281 1588 1493 1663 Ῥἀσδφ
1547 1592 1650 1663 μὲν
1701 1593 1808 1662 γὰρ

226 1681 331 1732 οὐκ
360 1675 429 1751 ἦν
449 1680 753 1750 χρήσασθαι
784 1681 876 1734 τὸν
897 1682 976 1745 είς
1028 1680 1338 1753 βακτηρίαν
1382 1684 1589 1756 ταύτην
1632 1685 1814 1755 ἐγχει-

1907 500 2051 555 nitas
2096 501 2260 556 etiam
2302 504 2355 558 in
2409 504 2530 560 solo
2556 505 2763 565 verbo!
2815 520 2852 559 o
2905 521 3100 563 manus
3146 509 3385 578 pulebrte
3415 514 3481 564 ad

1904 587 2073 644 Deum
2103 602 2338 649 extentae
2377 610 2497 664 quae
2535 595 2702 653 Deum
2737 598 2940 668 populo
3003 599 3325 668 placabant;
3362 601 3482 671 pul-

1908 681 2056 736 chrae
2088 683 2250 751 etiam
2281 698 2347 739 ex
2389 683 2540 741 fonte
2574 686 2965 744 misericordia
3001 672 3093 757 qu'i
3128 693 3251 746 inde
3292 701 3485 746 scatu-

1907 772 2082 827 riebat
2110 773 2515 845 indigentibus!
2569 776 2614 831 0
2644 777 2786 833 bona
2813 782 2999 834 omnia
3038 790 3153 835 tum
3193 782 3248 836 in
3283 782 3486 853 seipsis

1908 873 2019 918 tum
2053 880 2177 934 erga
2219 865 2323 920 alia
2347 907 2363 933 ,
2415 876 2469 923 et
2498 869 2653 937 quasi
2704 869 2817 941 lyra
2853 871 2936 926 vel
2975 874 3186 928 cithara
3230 876 3284 928 in
3314 889 3476 929 unam

1908 953 2247 1010 harmoniam
2290 957 2644 1032 coordinatal
2681 958 2727 1016 0
2752 960 2928 1017 dulcis
3007 963 3261 1033 loquela!
3319 979 3353 1020 ο
3398 966 3485 1034 ju-

1907 1043 2085 1099 cunde
2111 1056 2166 1101 et
2192 1048 2380 1103 suavis
2419 1050 2608 1104 ocule!
2659 1049 2764 1117 Qui
2802 1052 2849 1106 si
2881 1067 2910 1105 a
2937 1054 3217 1111 nonnullis
3253 1065 3488 1124 punctus

1914 1134 2121 1204 fuerit,
2155 1137 2209 1194 in
2252 1140 2356 1195 hoc
2394 1142 2701 1210 praesertim
2756 1143 2934 1214 capite
2979 1130 3338 1201 admiFatioue
3371 1161 3488 1200 om-

1912 1228 2043 1284 nino
2075 1229 2277 1301 dignus
2310 1244 2416 1297 est,
2442 1242 2494 1288 et
2521 1234 2798 1290 accusatio
2825 1236 2880 1290 in
2914 1237 3044 1305 eius.
3065 1237 3294 1307 gloriam
3326 1239 3491 1292 verti-

1911 1329 2018 1374 tur.
2059 1318 2195 1377 Nam
2224 1325 2302 1378 uti
2335 1325 2481 1394 virga
2508 1340 2617 1381 non
2652 1341 2877 1382 necesse
2906 1337 3028 1383 erat
3061 1338 3119 1383 ut
3148 1330 3491 1385 adversarios

1913 1419 2202 1479 everteret,
2237 1413 2333 1469 sed
2364 1414 2533 1469 verbo
2582 1424 2637 1469 et
2683 1423 2908 1485 aspectu
2943 1426 3252 1483 protervum
3278 1430 3491 1474 sterne-

1916 1501 2029 1568 bat,
2057 1510 2111 1557 et
2144 1502 2263 1563 sine
2292 1502 2485 1559 labore
2522 1504 2809 1575 frangebat
2842 1507 3333 1576 supplantatorem.
3378 1507 3492 1565 Hoc

1913 1603 1968 1649 et
1991 1593 2246 1653 Christus
2279 1595 2512 1653 faciebat
2566 1597 2710 1653 circa
2763 1598 3143 1668 delinquentes
3170 1600 3222 1654 in
3266 1601 3493 1671 templo.

1914 1688 2130 1744 Nullam
2159 1702 2290 1742 tunc
2325 1686 2633 1759 proferebat
2660 1702 2849 1747 vocem
2872 1692 3101 1746 omnino
3125 1691 3379 1746 acerbam
3410 1694 3493 1746 vel

231 1773 491 1843 ρισθέντα
518 1773 614 1825 καὶ
660 1771 768 1825 τῶν
811 1772 1275 1826 ἐπιϐουλευόντων
1314 1773 1622 1845 ὲλάτειραν,
1666 1776 1808 1845 λόγῳ

1926 1777 2384 1842 :ontumeliosam,
2414 1780 2528 1835 sive
2571 1779 2834 1850 subjectis
2858 1783 3106 1845 noxium,
3136 1784 3254 1837 sive
3274 1783 3449 1851 princi
3468 1812 3490 1823 -

230 1866 293 1919 δὲ
326 1865 422 1917 καὶ
443 1864 718 1934 βλέμματι
748 1863 949 1933 πλῆξαι
971 1864 1062 1919 τὸν
1084 1865 1446 1934 ἀτακτοῦντα,
1466 1867 1568 1941 ,καὶ
1588 1867 1812 1932 ἀπόνως

230 1956 505 2027 ἀρτιῶσαι
557 1956 654 2023 τὸν
698 1956 1099 2027 ὕποσχάζοντα.
1147 1956 1320 2012 Τοῦτο
1369 1959 1425 2012 δὲ
1475 1959 1612 2021 ἀλλά
1661 1962 1756 2019 καὶ
1784 1963 1813 2015 ὁ

230 2047 473 2117 Χριστὸς
501 2046 674 2101 ἐποίει
738 2048 867 2118 περὶ
903 2048 1031 2110 τοὺς
1072 2046 1529 2114 ἀπαιδευτοῦντας
1564 2052 1709 2122 ἀμφὶ
1753 2053 1813 2106 τὸ

235 2140 405 2210 ίερόν.
440 2141 517 2194 Oti
552 2140 625 2210 μὴ
655 2141 716 2193 π)
731 2143 821 2194 έον
840 2137 908 2212 ἦν
929 2140 1047 2195 ἐκεῖ
1070 2140 1132 2195 τὸ
1159 2143 1514 2214 φραγγέλιον,
1545 2143 1620 2207 ὡς
1666 2146 1811 2214 τότε,

233 2229 523 2294 παντελῶς
554 2230 864 2300 ἀνάλγητον
896 2231 991 2283 καὶ
1013 2232 1435 2303 ἀνεπιτίμητον,
1468 2236 1580 2298 τοῖς
1627 2235 1684 2289 δὲ
1708 2237 1811 2306 ἀρ-

231 2321 489 2392 χομένοις
525 2321 741 2384 πάντως
773 2321 1091 2389 meum,
1120 2324 1215 2376 καὶ
1244 2325 1366 2378 οὐδὲ
1395 2328 1507 2387 τοῖς
1553 2326 1814 2396 ἄρχουσιν

236 2414 549 2479 αἱνέσιμον.
579 2414 651 2467 Ἦ
680 2414 790 2484 γὰρ
819 2413 885 2467 ἂν
916 2416 1012 2470 καὶ
1032 2416 1061 2468 ό
1088 2416 1243 2487 παρά
1271 2416 1364 2469 τὸν
1395 2416 1560 2484 νόμον
1585 2417 1815 2481 παλαιὸς

245 2506 442 2576 ἱερέων
470 2506 688 2576 ἔμεινεν
710 2508 1102 2578 ἁκατάκριτος,
1133 2509 1511 2580 παρανομοῦσι
1532 2512 1644 2575 τοῖς
1674 2511 1815 2564 υίέσι

234 2599 376 2669 μηδὲ
410 2598 585 2673 βραχύ
644 2617 774 2653 ποτε
819 2601 1244 2672 δριμυξάμενος.
1297 2597 1367 2654 Ὦ
1431 2601 1817 2666 ταπεινώσεως

235 2690 303 2757 ii;
317 2707 376 2754 ος
399 2690 830 2746 κατάτοσούτου
861 2691 1103 2763 πλήθους
1130 2693 1240 2746 τῶν
1268 2692 1502 2765 ἀρετῶν,
1545 2688 1627 2757 οἷς
1679 2695 1818 2747 ὀπα-

236 2785 322 2837 δεῖ
352 2785 415 2838 τὸ
442 2783 782 2857 μεγάλαυχον
815 2786 828 2839 l
859 2782 1001 2839 Οὓτε
1022 2785 1131 2856 γὰρ
1179 2783 1240 2838 τὸ
1277 2785 1408 2857 περὶ
1453 2786 1549 2854 τῆς
1600 2786 1815 2857 σοφίας,

238 2874 366 2928 οὔτε
396 2873 457 2926 τδ
486 2873 584 2943 τῆς
612 2879 880 2938 συνέσεως
910 2875 1272 2945 ὑπερϐάλλον,
1303 2877 1364 2931 τὸ
1403 2876 1496 2930 τοῦ
1522 2876 1640 2946 βίου
1665 2875 1817 2945 φιλό-

243 2986 435 3037 σοφον,
459 2966 573 3021 οὔτ’
596 2966 723 3023 ἀλλο
756 2983 811 3019 τι
843 2968 952 3021 τῶν
994 2967 1440 3038 κατορθωμάτων
1464 2969 1617 3024 οὐδὲν
1650 2969 1731 3032 είς
1758 2968 1819 3029 τὸ

1913 1871 2071 1941 pibus
2116 1869 2447 1926 irreverens.
2490 1869 2620 1935 Sine
2651 1870 2863 1941 judicio
2903 1873 3305 1929 condemnatus
3353 1874 3496 1927 exiit

1916 1962 1970 2017 in
2022 1963 2138 2033 lege
2176 1960 2362 2019 senior
2414 1962 2506 2019 ille
2560 1965 2908 2020 sacerdotum
2944 1964 3198 2035 (Helias),
3249 1967 3341 2036 qui
3392 1983 3494 2021 nec

1917 2053 2109 2110 leviter
2136 2054 2360 2124 quidem
2426 2052 2569 2111 ﬁlios
2616 2053 2999 2126 delinquentes
3054 2057 3399 2128 vituperavit.
3447 2058 3498 2115 0

1916 2146 2240 2203 humilitatis
2300 2146 2533 2203 altitudo
2579 2146 2635 2202 in
2684 2155 2835 2203 tanta
2868 2149 3129 2206 virtutum
3155 2152 3310 2220 copia
3342 2167 3483 2221 quas

1917 2238 2178 2308 subsequi
2208 2238 2345 2294 solet
2375 2240 2693 2309 arrogantia
2726 2242 2738 2295 ι
2771 2238 2883 2297 Nec
2903 2242 3051 2297 enim
3080 2244 3368 2312 sapientia,
3401 2260 3500 2301 uec

1919 2328 2197 2385 excellens
2227 2329 2567 2395 intellectus,
2601 2345 2704 2386 nec
2734 2331 2841 2387 vita
2872 2333 3194 2403 philosopho
3210 2350 3453 2402 congrua
3481 2377 3497 2399 ,

1919 2436 2017 2476 nec
2043 2420 2339 2491 quicquam
2361 2420 2509 2475 aliud
2539 2423 2953 2479 commodorum
2984 2425 3133 2483 illum
3152 2426 3206 2480 in
3234 2427 3501 2498 superbia:

1928 2511 2246 2568 barathrum
2287 2513 2621 2583 praecipitem
2660 2515 2789 2586 egit.
2822 2514 3011 2584 Neque
3056 2518 3336 2587 dignitatis
3381 2536 3501 2574 Ina-

1927 2605 2177 2674 gaitudo,
2214 2619 2393 2672 neque
2440 2605 2588 2661 sedis
2637 2621 2815 2662 nonor
2876 2623 2977 2663 nec
3019 2624 3358 2680 quaecunque
3390 2612 3498 2665 alia

1920 2694 2177 2765 praeclara
2205 2693 2405 2764 quibus
2438 2693 2616 2748 sortiti
2646 2694 2916 2763 stipantur
2950 2710 3072 2753 eum
3095 2695 3289 2751 inﬂare
3311 2706 3502 2767 potue-

1922 2794 2072 2841 runt.
2106 2784 2210 2841 Sed
2241 2793 2360 2840 erat
2381 2786 2635 2841 excelsus
2655 2786 2934 2856 operibus,
2961 2786 3294 2843 conscientia
3314 2797 3495 2842 autem

1923 2880 2171 2944 humilis,
2220 2878 2452 2935 interius
2515 2877 2734 2949 quidem
2773 2893 3003 2950 magnus
3059 2878 3133 2934 ita
3166 2887 3225 2934 ut
3273 2879 3503 2949 quilibet

1923 2971 2239 3042 intelligens
2281 2970 2591 3040 obstupeat,
2625 2977 2680 3025 et
2716 2984 2841 3027 eum
2879 2968 3067 3025 Libani
3120 2969 3285 3041 lignis
3311 2971 3501 3026 confc-

239 3059 414 3125 τύφου
440 3058 714 3129 βάραθρον
746 3058 912 3112 αὑτὸν
936 3060 1373 3131 ἀπεκρήμνισεν.
1420 3061 1495 3116 Οὐ
1535 3060 1644 3132 μὴν
1693 3058 1816 3114 οὐδὲ

1927 3073 2037 3130 rat;
2062 3063 2303 3120 exterius
2342 3078 2472 3118 vero
2515 3078 2715 3133 parvus
2743 3072 2801 3117 et
2832 3061 3080 3132 abiectus
3107 3062 3179 3117 ita
3216 3070 3277 3117 ut
3308 3076 3504 3118 occur-

233 3156 302 3211 τὺ
331 3153 426 3221 τῆς
451 3153 607 3218 ἀξίας
636 3152 789 3223 ῦψος,
819 3153 928 3208 οὐδ’
964 3154 992 3206 ό
1020 3150 1298 3223 περίδοξος
1339 3152 1555 3221 θρόνος,
1590 3151 1686 3206 καὶ
1723 3150 1825 3205 ὅσα

238 3249 353 3307 τοῖς
385 3246 455 3298 τὰ
497 3246 706 3316 μεγάλα
734 3246 1128 3318 κληρουμένοις
1152 3243 1482 3316 παρέπεται,
1506 3241 1825 3313 κατοφρυῶ-

243 3354 335 3390 σαι
361 3339 550 3388 τοῦτον
580 3334 950 3407 δεδυνάμωτο.
992 3333 1135 3389 Ἀλλ’
1166 3329 1235 3406 ἦν
1279 3333 1483 3406 ὑψηλὸς
1543 3333 1643 3404 μὲν
1713 3334 1824 3396 τοῖς

240 3430 454 3502 ἔργοις,
489 3429 744 3491 ταπεινὸς
765 3428 823 3482 δὶ
852 3427 929 3499 τῷ
963 3428 1298 3498 φρονήματι,
1351 3428 1444 3482 καὶ
1494 3428 1671 3497 μέγας
1725 3427 1827 3497 μὲν

243 3522 394 3584 ἐντὸς
431 3523 526 3573 καὶ
559 3515 674 3575 οἷον
718 3521 784 3575 ἀν
823 3536 906 3581 τις
956 3519 1259 3591 ἐκπλαγείη
1321 3520 1688 3590 κατανοήσας.
1733 3520 1830 3574 καὶ

245 3614 365 3676 τοῖς
396 3611 492 3666 τοῦ
524 3610 762 3667 Λιΰὰνου
800 3610 1039 3679 δένδροις
1102 3609 1556 3681 συγκαταλέξειεν
1581 3626 1596 3641 ·
1630 3608 1830 3674 ἔξωθεν

244 3707 305 3760 δὲ
334 3706 528 3777 μικρός
557 3721 618 3758 τε
663 3704 759 3757 καὶ
789 3701 1130 3774 περιπέζιος,
1162 3703 1258 3757 καὶ
1299 3697 1412 3766 οἷος
1460 3702 1825 3771 ἐξαπατῆσαι,

244 3799 345 3854 καὶ
374 3798 456 3863 είς
503 3795 899 3867 περιφρόνησιν
959 3794 1340 3866 παρακινῆσαι
1380 3793 1507 3857 τοὺς
1559 3791 1828 3862 ἐντυγχά-

247 3905 464 3954 νοντας.
489 3890 799 3959 Δορυφορία
826 3902 885 3941 τε
908 3886 1016 3957 γὰρ
1050 3886 1223 3958 ἀπῆν,
1254 3885 1350 3938 καί
1380 3883 1573 3940 ὀπαδοὶ
1596 3883 1690 3937 καὶ
1738 3881 1833 3936 κό-

247 3981 416 4045 λακες
437 3982 497 4033 οὐ
526 3982 879 4050 παρείποντο.
913 3978 1093 4032 Μόνον
1136 3976 1198 4030 τὸ
1227 3973 1477 4042 συνήθως
1524 3989 1831 4045 προπορευ-

248 4074 449 4132 όμενον
485 4072 601 4140 φῶς
627 4072 722 4126 καὶ
744 4072 779 4143 ή
814 4070 1040 4138 λαμπὰς
1065 4070 1099 4137 ἡ
1129 4069 1453 4138 προάγουσα
1480 4065 1573 4119 τδν
1622 4065 1682 4119 ἐν
1734 4065 1832 4135 ἀρ-

249 4164 502 4239 χιερεῦσι
548 4165 720 4235 μέγαν
755 4163 1039 4232 ἐσέμνυνε,
1061 4159 1380 4224 διδάσκαλος
1428 4161 1528 4230 της
1577 4156 1726 4211 ἔνδον
1752 4157 1832 4210 ol-

252 4276 354 4312 κου
365 4256 564 4328 ρούσης
590 4255 996 4326 λαμπρότητος,
1022 4254 1118 4307 καὶ
1150 4252 1246 4307 τοῦ
1270 4250 1446 4318 φωτὸς
1500 4249 1611 4303 τῶν
1653 4249 1832 4321 ἔργων

251 4351 622 4421 προάγγελος.
648 4351 711 4403 El
754 4349 812 4402 δὲ
851 4348 945 4403 καὶ
974 4349 1227 4402 πλουτεῖν
1274 4345 1489 4418 ήγάπα,
1541 4346 1589 4398 si
1635 4343 1693 4413 δὲ
1736 4345 1832 4397 καὶ

1929 3166 2109 3212 rentes
2187 3154 2469 3212 deluderet
2517 3163 2575 3211 et
2643 3154 2712 3209 ad
2774 3155 3145 3225 coutemplum
3227 3155 3498 3209 incitaret.

1928 3246 2141 3317 Quippe
2180 3247 2443 3305 satellites
2466 3247 2710 3311 aberant,
2741 3259 2952 3301 necnon
2988 3245 3212 3302 comites
3233 3254 3288 3300 et
3314 3243 3505 3299 adula-

1931 3349 2076 3398 tores
2109 3355 2392 3411 nunquam
2426 3340 2825 3408 sequebantur.
2858 3336 3093 3394 Solitum
3121 3346 3302 3393 autem
3324 3336 3502 3392 solum

1931 3436 2165 3504 prmiens
2209 3433 2393 3488 lumen
2430 3441 2484 3489 et
2532 3432 2741 3503 lampas
2771 3431 3100 3488 antecedens
3150 3430 3301 3485 illum
3365 3430 3508 3484 inter

1930 3522 2218 3593 pontiﬁces
2255 3536 2512 3593 magnum
2575 3521 2908 3584 illustrabat,
2959 3520 3218 3593 magistra
3277 3520 3508 3574 internae

1931 3612 2224 3678 claritatis,
2257 3621 2311 3666 et
2363 3612 2504 3671 lueis
2525 3626 2751 3681 operum
2798 3610 3127 3682 praenuntia.
3156 3609 3309 3676 Quod
3343 3610 3391 3665 si
3422 3609 3510 3665 di-

1932 3713 2141 3759 tescere
2190 3704 2451 3772 amabat,
2520 3703 2566 3759 si
2597 3718 2763 3774 opum
2822 3717 3051 3766 acervos
3102 3703 3508 3774 congregabat,

1935 3804 2179 3852 vestrum
2236 3795 2417 3865 poscit
2465 3795 2834 3851 testimonium
2885 3792 3029 3848 inter
3085 3807 3229 3864 quos
3293 3808 3512 3862 semper

1933 3889 2087 3954 vixit,
2117 3902 2332 3958 semper
2359 3894 2721 3942 conversatus
2761 3893 2865 3940 est.
2897 3884 3038 3951 Quid
3068 3884 3239 3954 ergo?
3271 3884 3512 3941 muneris

1934 3981 2038 4036 bus
2075 3993 2273 4034 manus
2300 3977 2548 4048 implevit
2576 3977 2600 4031 ἲ
2627 3976 2768 4043 Quid
2791 3989 2922 4046 ergo
2950 3977 2978 4030 i-
3002 3971 3212 4030 Oblatis
3244 3972 3512 4042 donisque

1935 4070 2316 4127 delectabatur
2378 4071 2453 4123 ita
2510 4076 2570 4123 ut
2636 4066 2940 4136 spiritualia
2980 4065 3291 4120 volentibus
3337 4064 3515 4133 pretio

1936 4163 2223 4221 tradiderit
2274 4169 2330 4218 et
2383 4160 2590 4218 illicitis
2614 4160 2784 4220 lucris
2812 4174 3010 4214 manus
3039 4156 3332 4229 polluerit?
3371 4157 3514 4211 Sane

1937 4257 2064 4327 quis
2093 4255 2229 4310 adeo
2247 4253 2477 4309 mendax
2499 4263 2551 4308 et
2570 4251 2811 4308 insolens
2842 4259 2900 4306 ut
2925 4250 3100 4306 taliter
3123 4249 3270 4320 loqui
3295 4250 3515 4314 audeat,

1938 4359 1994 4406 et
2046 4347 2266 4405 sordem
2319 4345 2606 4402 munditia:
2644 4343 2941 4409 itmuitlat,
2969 4354 3024 4398 et
3068 4343 3244 4399 lucem
3282 4342 3518 4419 appellet

255 4444 471 4513 σωροὺς
491 4443 793 4513 χρημάτων
815 4440 1262 4507 ὲπεστοισάσατο,
1289 4437 1444 4510 ξητεί
1468 4436 1565 4509 τὴν
1589 4436 1650 4503 ἐξ
1677 4435 1821 4507 ὑμῶν

1943 4441 2214 4506 tenebras,
2243 4449 2299 4495 et
2345 4440 2516 4494 facem
2567 4445 2722 4491 vocet
2777 4436 3065 4505 caliginem
3090 4437 3114 4491 ?
3144 4435 3337 4491 Manus
3367 4433 3516 4489 enim

257 4535 591 4607 μαρτυρίαν,
619 4527 700 4598 οἷς
746 4529 814 4605 ἦν
835 4533 921 4587 ἀεὶ
960 4532 1056 4587 καὶ
1095 4531 1340 4594 σύνοικος
1396 4529 1493 4584 καὶ¹
1522 4530 1830 4602 συνόμιλος.

253 4628 321 4681 Τί
342 4628 400 4680 δέ
434 4644 449 4695 ;
501 4626 809 4696 λημμάτων
867 4623 1175 4695 ἐπληροῦτο
1228 4624 1330 4685 τάς
1360 4626 1550 4694 χεῖρας
1574 4638 1591 4691 ;
1645 4620 1711 4676 Τί
1739 4621 1834 4689 δές

253 4720 451 4787 ξενίοις
482 4720 576 4773 καὶ
614 4717 807 4788 δώροις
828 4716 1070 4787 ἔχαιρεν,
1114 4714 1189 4781 ὡς
1242 4716 1335 4768 καὶ
1371 4716 1439 4768 τὰ
1483 4714 1837 4784 πνευματικά

252 4813 367 4875 τοῖς
432 4809 779 4882 βουλομένοις
838 4807 989 4862 ἐστιν
1034 4807 1124 4862 ὅτε
1168 4806 1679 4878 καταχαρίζεσθαι.
1740 4808 1837 4860 καὶ

256 4899 511 4974 μολύνειν
539 4903 727 4972 χεῖρας
768 4899 1030 4969 ἀθέσμοις
1059 4899 1311 4970 λήμμασι
1339 4914 1355 4966 ;
1415 4898 1525 4953 Kal.
1549 4897 1632 4962 τίς
1684 4898 1835 4953 οὕτω

252 4994 565 5069 ψευδοεπὴς
638 4995 736 5049 καὶ
819 4993 1242 5067 θρασύστομος,
1317 4992 1393 5056 ὡς
1476 4991 1841 5064 ὲπιθαρῤῆσαι

253 5085 486 5157 τοιούτῳ
514 5087 743 5157 ῥήματι,
783 5085 879 5139 καὶ
910 5086 1003 5138 τὸν
1034 5087 1221 5139 σπῖλον
1244 5082 1528 5159 ἐπιτρίψαι
1552 5082 1628 5153 τῷ
1660 5082 1831 5137 καθα-

260 5179 368 5251 ρῷ,
390 5179 570 5232 καὶτὸ
601 5180 718 5247 φῶς
748 5177 1019 5247 ὀνομάσαι
1050 5178 1264 5241 σκότος,
1292 5178 1388 5230 καὶ
1446 5176 1539 5229 τὸν
1582 5176 1840 5246 λυχνίτην

255 5252 493 5326 καλέσέιι
523 5270 805 5342 κάχληκα;
837 5270 1038 5336 Χετρες
1092 5269 1203 5340 γὰρ
1243 5264 1385 5340 ἦσαν
1438 5268 1650 5322 ἐκείνου
1698 5266 1839 5320 λεῖαι

259 5364 367 5435 μὲν
402 5363 489 5416 ἀεὶ
521 5364 617 5417 καὶ
650 5360 891 5431 καθαραὶ
927 5357 1066 5430 μετά
1103 5360 1203 5431 τῆς
1242 5358 1438 5414 Ἰακὼό
1486 5358 1794 5428 ἀπληστίας
1823 5372 1841 5389 ⁸

261 5454 613 5525 μεταπλάσαι
656 5452 713 5505 δὲ
762 5451 965 5513 ταύτας
1006 5453 1087 5514 είς
1146 5453 1208 5506 τὸ
1246 5450 1566 5522 ἀμφιλαφὲς
1603 5448 1710 5503 ού»
1749 5451 1842 5520 ἡν-

258 5549 474 5617 ἐσχετο,
507 5543 580 5608 ὡς
609 5544 676 5599 ἂν
700 5544 758 5598 τὸ
780 5543 976 5614 ἀληθὲς
995 5543 1403 5615 ὲπικρύπτοιτο.
1426 5541 1591 5596 Φύσει
1613 5540 1722 5611 γὰρ
1750 5542 1843 5596 καὶ

257 5642 322 5692 τὸ
369 5637 669 5692 ἐπίκλοπον
728 5637 933 5708 ἐμίσει,
997 5638 1090 5691 καὶ
1137 5636 1202 5690 τὸ
1247 5634 1420 5690 δόλιον
1443 5634 1840 5706 ἀπεστρέφετο.

1941 4534 2089 4589 illius
2121 4539 2281 4588 erant
2320 4532 2481 4586 latves
2528 4538 2583 4585 et
2628 4544 2779 4600 purae
2825 4542 2951 4584 cum
2985 4529 3281 4599 cupiditate
3324 4526 3516 4583 Jacoh.

1943 4625 2049 4680 Eas
2076 4624 2130 4679 in
2163 4623 2389 4695 ancipiti
2416 4621 2710 4679 extendere
2744 4637 2853 4677 non
2880 4622 3188 4692 patiebatur
3228 4630 3287 4677 ut
3317 4620 3520 4675 veritas

1942 4717 2250 4774 eaelaretur.
2298 4714 2432 4769 Nam
2472 4723 2666 4769 natura
2722 4713 2969 4769 fraudem
3022 4712 3209 4767 oderat
3250 4722 3303 4763 et
3334 4711 3516 4763 dolum

1942 4809 2326 4867 aversabatur.
2364 4806 2430 4861 Et
2470 4806 2517 4863 si
2553 4806 2679 4876 quis
2721 4819 2961 4875 unquam
3011 4802 3113 4873 ipsi
3148 4801 3348 4856 talibus
3383 4816 3518 4870 gau-

1942 4900 2077 4962 dens
2103 4899 2510 4963 ostenderetur,
2562 4897 2689 4952 huic
2713 4898 2767 4952 in
2796 4896 3075 4951 inimicum
3105 4894 3434 4958 vertebatur,
3465 4901 3523 4948 et

1942 4990 2186 5062 perfecto
2226 4991 2355 5047 odio
2376 4991 2567 5047 oderat
2592 5005 2741 5045 eum.
2776 4989 2896 5059 Ipse
2923 4987 3068 5043 enim
3117 4987 3172 5042 in
3206 4988 3517 5042 innocentia

1944 5085 2127 5140 cordis
2154 5084 2210 5140 in
2237 5084 2416 5140 medio
2450 5084 2650 5139 domus
2672 5081 3012 5146 ambulabat,
3054 5095 3156 5136 nec
3177 5094 3206 5134 a
3241 5078 3523 5149 iuventute

1948 5174 2271 5246 ambagibus
2305 5184 2359 5229 et
2392 5173 2714 5230 circuitibus
2745 5172 2849 5228 fuit
2874 5172 3194 5238 delectatus,
3215 5169 3522 5238 necjanuas

1947 5270 2175 5325 divitum
2209 5268 2380 5339 magis
2422 5283 2583 5338 quam
2623 5267 2908 5322 doctorum
2942 5264 3196 5336 pulsavit.
3231 5262 3335 5315 Sed
3363 5258 3518 5329 quissi

1950 5378 2137 5420 senem
2168 5362 2445 5418 bonorans
2478 5360 2760 5416 veritatem
2783 5373 2948 5428 quam
2971 5371 3096 5412 cum
3128 5355 3239 5409 Deo
3270 5349 3523 5405 confere-

1949 5456 2063 5522 bat,
2091 5454 2352 5510 facientes
2379 5452 2719 5508 mendacium
2754 5451 2946 5506 oderat
2982 5456 3059 5509 .et
3102 5452 3296 5500 contra
3341 5441 3523 5512 proxi-

1954 5558 2103 5601 mum
2157 5552 2370 5601 secreto
2413 5542 2798 5599 maledicentes
2847 5551 2901 5597 et
2928 5541 3337 5595 murmurantes
3377 5534 3525 5590 inse-

1957 5636 2228 5694 ctabatur.
2310 5692 2323 5697 ,

262 5731 376 5789 Καὶ
400 5730 457 5785 ετ
479 5729 614 5785 ποτε
640 5748 721 5795 τις
756 5730 911 5802 αὐτῷ
938 5733 1054 5793 τοῖς
1083 5729 1345 5792 τοιούτοις
1378 5727 1585 5798 χαίρων
1611 5727 1960 5797 ἐπεφώρατο,
2015 5730 2097 5791 είς
2155 5727 2353 5800 ἐχθρὸν
2401 5727 2617 5797 ᾇγένετό
2677 5726 2748 5791 οἱ,
2804 5724 2898 5778 καὶ
2949 5723 3105 5792 μῖσος
3159 5716 3349 5773 τοῦτον
3398 5717 3520 5789 ἑμί-
