3980 6188
475 279 587 344 τ63
1226 279 1622 342 EUTHYMII
1665 277 2060 340 LAUDATIO
2112 279 2507 341 FUNEBBIS
2547 281 2974 343 EUSTATHII

3672 283 3779 347 76L

482 407 567 442 σει
600 387 831 442 τέλειον.
861 387 1033 454 Ᾱύτδς
1067 388 1168 456 μὶν
1205 390 1318 460 γὰρ
1373 389 1431 442 ἐν
1484 389 1692 457 ἀκακία
1748 386 1977 457 καῷέας
2009 385 2067 435 ἐν
2097 385 2248 453 μέσῳ
2276 387 2373 456 τῆς
2398 387 2573 451 οἰκίας
2640 389 3018 460 διεπορεύετο,
3081 389 3195 460 ὅσῳ
3237 390 3493 461 προόδοις
3543 409 3610 445 τε
3682 397 3778 447 καὶ

481 481 753 552 περιόδοις
800 484 902 536 οὐκ
935 482 1284 550 ἐνησμένιζεν
1334 485 1399 536 ἐκ
1447 485 1718 552 vadem“,
1775 481 1898 535 οῦδὲ
1949 478 2124 547 θύρας
2191 479 2460 536 πλουσίων
2516 483 2718 552 μᾶλλον
2767 487 2802 552 ἦ
2867 483 2978 536 τῶν
3032 483 3234 550 λογίων
3294 485 3568 556 ἐξὲτριϐε.
3638 488 3781 554 Πρε-

485 573 698 628 σεεύων
734 574 791 627 de
821 576 958 628 ἀλλά
1004 577 1100 628 καὶ
1128 575 1228 645 τὴν
1256 575 1538 645 ἀλήθειαν,
1573 576 1668 629 καὶ
1689 576 1837 641 ἄγων
1861 574 1948 624 ῐσα
1981 567 2121 634 Θεῷ,
2151 570 2275 634 τοὺς
2309 573 2596 640 ποιοῦντας
2625 575 2968 646 παραεὸισεις
3021 576 3225 646 ἐμίσει,
3274 579 3368 632 καὶ
3406 581 3539 640 τοὺς
3596 579 3783 650 λάθρα

483 668 576 718 τοῦ
613 667 844 733 πλησίον
890 667 1328 728 καταλαλοῦντας
1394 668 1490 722 καὶ
1532 666 1915 736 ψιθυρίζοντας
1973 657 2275 724 ἐξεδίωκεν.

555 755 612 808 5.
640 756 685 808 0
712 756 842 825 quid
883 757 958 810 tui
1013 758 1164 827 prius
1213 757 1452 822 deﬂebo,
1496 757 1662 812 frater
1689 751 2059 810 divinissime?

2233 752 2371 809 ε’.Ὧ
2396 758 2448 809 τί
2474 774 2568 810 σου
2597 757 2811 826 πρῶτον
2838 758 3284 828 ἁποκλαύσομαι,
3319 762 3572 816 θειότατε
3621 765 3784 818 ibe):

484 845 624 911 Quid
657 847 733 902 tui
768 848 1089 920 lacrymabo
1141 849 1461 919 posterius?
1493 848 1823 904 Gravitatem
1861 855 1914 898 et
1942 844 2059 913 phi-

2168 849 2233 915 φέ
2256 849 2354 913 ;Τί
2383 849 2439 899 δέ
2461 867 2552 901 σου
2576 849 2831 919 δακρύσω
2851 850 3140 921 δεύτερον;
3170 853 3244 904 To
3267 853 3536 922 ἐμϐριθὲς
3565 856 3677 908 καὶ
3706 875 3790 925 φι-

485 933 817 1005 losopliiam,
841 939 927 992 vel
958 939 1272 992 societatem
1293 948 1453 1008 atque
1476 934 1838 991 charitatem?
1865 935 2061 1002 lingua:

2192 940 2413 1007 ὀσοφον,
2439 939 2470 1009 ἦ
2494 940 2554 992 τὸ
2582 941 2900 993 κοινωνικδν
2920 943 3014 994 καὶ
3041 944 3368 1012 φιλάλληλον
3403 963 3418 1011 ;
3451 948 3528 999 Τὸ
3555 948 3790 1019 σῶφρον

486 1025 854 1095 prudentiam,
891 1041 985 1082 aut
1016 1030 1337 1083 suavitatem
1378 1037 1432 1082 et
1459 1029 1686 1098 gratiam
1710 1027 1735 1081 ?
1759 1025 2063 1095 pontiiicia-

487 1119 595 1174 lem
627 1122 1050 1184 honorem,aut
1083 1121 1358 1189 politicam
1392 1119 1861 1174 conversationem
1891 1117 1911 1168 τ
1938 1115 2065 1169 (lm-

489 1211 580 1266 nia
617 1213 763 1267 enim
809 1212 972 1267 simul
1020 1211 1243 1266 collecta
1295 1226 1418 1282 quae
1461 1210 1734 1266 hominem
1787 1211 2066 1263 adornant

490 1303 636 1357 inter
669 1318 728 1358 se
750 1303 954 1371 Optime
985 1303 1303 1357 eoordinata
1343 1302 1656 1372 temperasti
1687 1313 1739 1355 et
1767 1302 1820 1356 in
1851 1313 2070 1369 compo-

370 1420 392 1431 α
490 1396 745 1449 sitionem
808 1392 1086 1463 perlecisti
1147 1409 1311 1462 quam
1363 1403 1483 1448 arte
1538 1393 1824 1447 eﬂormant
1888 1392 2069 1446 omnis

492 1485 713 1555 generis
760 1485 921 1539 liores
974 1494 1140 1554 atque
1175 1485 1414 1541 colores.
1451 1484 1497 1542 0
1535 1495 1754 1554 quanta:
1780 1487 1968 1554 gratia:
1994 1484 2008 1537 l
2037 1500 2070 1538 ο

492 1589 732 1643 quantus
785 1577 975 1642 decor,
1035 1587 1363 1648 quantaeque
1418 1578 1692 1634 virtutes!
1728 1593 1763 1633 ο
1791 1579 1874 1631 vir
1906 1578 2070 1632 etiam

494 1677 622 1723 ante
665 1669 828 1722 linem
864 1669 1224 1734 beatilieatus,
1265 1678 1319 1726 et
1362 1680 1487 1741 post
1536 1672 1696 1726 ﬁnem
1737 1679 1954 1742 propter
1991 1671 2073 1740 ja-

495 1771 708 1814 cturam
743 1761 966 1830 quidem
1017 1762 1270 1829 deﬂetus,
1308 1765 1400 1818 sed
1433 1775 1658 1833 propter
1686 1763 1912 1817 virtutes
1937 1763 2074 1818 cele-

499 1850 720 1906 bratus!
747 1850 792 1906 0
819 1852 1073 1922 juventus
1094 1855 1335 1925 gloriosa
1356 1857 1370 1910 l
1392 1872 1424 1910 0
1446 1865 1696 1912 senectus
1716 1856 2071 1910 concinendal

505 1940 639 1995 Nam
662 1947 920 2010 juvenem
960 1945 1151 2000 habuit
1177 1961 1300 2000 eum
1345 1947 1647 2000 litterarum
1679 1947 1896 2010 civitas,
1928 1945 2076 2000 Con-

502 2034 926 2104 stantinnpolis,
990 2045 1043 2090 et
1098 2038 1277 2092 omnis
1337 2037 1594 2105 juventus
1643 2039 1836 2092 litteris
1898 2037 2076 2092 dedita

501 2125 645 2180 circa
691 2127 872 2192 illum;
937 2126 1215 2184 Musarum
1270 2133 1418 2186 velut
1475 2130 1733 2200 templum
1768 2137 1924 2196 erat;
1974 2130 2079 2184 alia

505 2219 752 2286 quaedam
782 2217 1096 2282 Academia,
1128 2221 1443 2277 Porticusve
1493 2231 1547 2276 et
1591 2221 2068 2290 Peripateticorum

508 2311 1032 2367 deambulatorium.
1085 2313 1239 2369 Alios
1293 2314 1510 2383 quidem
1596 2313 1972 2368 introducebat
2026 2313 2077 2366 in

505 2403 923 2468 grammaticam
954 2443 970 2468 ,
1035 2404 1089 2459 in
1127 2413 1301 2459 metra
1364 2413 1522 2474 atque
1563 2405 1792 2474 poesim,
1833 2413 1979 2459 tanta
2013 2405 2080 2458 de

508 2491 618 2544 illis
656 2492 885 2546 scientia
941 2494 1202 2562 praeditus
1258 2501 1318 2548 ut
1368 2495 1518 2549 nullo
1571 2495 1730 2549 modo
1785 2495 1853 2548 ab
1890 2509 2078 2548 earum

507 2583 970 2653 excogitatoribus
1023 2595 1310 2656 superatus
1350 2586 1579 2654 fuisset;
1630 2588 1767 2643 alios
1805 2602 1933 2641 vero
1978 2587 2082 2640 lin-

507 2688 670 2742 guam
702 2675 950 2743 docebat,
983 2679 1048 2732 ad
1099 2678 1425 2733 rhetoricam
1465 2680 1679 2746 ductos,
1707 2689 1758 2734 et
1793 2681 1926 2734 alios
1960 2679 2082 2733 aliis

508 2766 801 2822 exercebat
848 2776 961 2822 tum
1000 2769 1440 2826 institutionibus
1490 2780 1599 2826 tum
1653 2773 1941 2828 doctrinis.
1975 2770 2080 2826 Sed

509 2870 578 2912 eo
601 2857 886 2927 juventam
920 2871 1279 2929 transgresso,
1318 2871 1372 2918 et
1396 2865 1448 2917 in
1478 2865 1770 2934 pontiﬁciaa
1805 2864 2084 2934 dignitatis

515 2950 862 3006 altitudinem
896 2955 1247 3021 ascendente,
1282 2956 1410 3025 quid
1440 2972 1664 3013 necesse
1687 2959 1841 3026 plura
1859 2958 2082 3014 dicere?

515 3043 670 3100 Unus
723 3047 777 3102 in
810 3049 1188 3117 pontiﬁcibus,
1230 3068 1374 3108 unus
1405 3052 1456 3106 in
1488 3053 1825 3123 sapientibus
1853 3052 2086 3109 Thessa-

515 3136 808 3194 lonicensis
836 3141 1127 3211 episcOpus
1169 3143 1236 3198 ab
1259 3144 1514 3199 omnibus
1562 3145 1982 3214 praedicabatur.
2021 3146 2086 3200 Et

518 3242 663 3282 nunc
690 3229 797 3282 vita
821 3229 1136 3288 defunctum
1171 3233 1347 3304 plorat
1377 3243 1522 3291 totus
1547 3235 1831 3291 doctorum
1863 3237 2086 3303 chorus,

514 3326 568 3371 et
603 3318 836 3388 amplius
889 3321 1011 3376 istis
1059 3323 1332 3393 sapientes
1387 3325 1506 3396 ejus
1569 3325 1863 3396 discipuli;
1915 3325 2090 3394 plcrat

2168 1030 2270 1098 τῆς
2297 1031 2562 1099 γλώττης,
2593 1032 2625 1102 ἧ
2651 1033 2708 1083 τὸ
2733 1032 2905 1099 γλυκύ
2931 1051 2988 1085 τε
3015 1035 3109 1088 καὶ
3132 1037 3478 1107 χάριενζΤὴν
3511 1041 3792 1112 ἀρχιερα.

2169 1121 2328 1192 τικὴν
2359 1122 2731 1192 εύκοσμίαν,ἧ
2759 1124 2857 1192 τὴν
2882 1125 3164 1194 πολιτικὴν
3188 1129 3519 1196 ἐπιφάνειαν
3547 1149 3562 1193 ;
3586 1133 3700 1186 Hi
3725 1152 3790 1186 τα

2172 1214 2280 1279 γὰρ
2311 1213 2446 1282 ὁμοῦ
2479 1214 2780 1279 συλλαϐὼν,
2819 1217 2920 1268 ὅσα
2944 1234 3000 1268 τε
3028 1219 3198 1280 ὅντως
3218 1220 3521 1288 κοσμοῦσιν
3556 1223 3790 1291 ἄνθρω-

2172 1319 2294 1368 πον,
2329 1303 2581 1372 ἀλλήλοις
2606 1306 2782 1358 ταῦτα
2801 1307 2982 1370 καλῶς
3019 1309 3368 1380 συνήρμοσὰς
3391 1329 3451 1364 τε
3477 1316 3580 1367 καὶ
3621 1332 3790 1368 συνε-

2174 1394 2434 1463 κέρασας,
2463 1397 2559 1450 καὶ
2588 1399 2669 1459 εἰς
2694 1398 3017 1468 οἰκονομίαν
3069 1401 3447 1473 ἐξετελέσθης,
3487 1405 3560 1475 ῆν
3594 1424 3790 1477 τεχνι-

2176 1487 2289 1548 κῶς
2324 1487 2721 1557 ὲμορφὼσαντο
2743 1477 3069 1543 παντοδαπὰ
3104 1494 3201 1545 καὶ
3233 1493 3370 1563 ἄνθη
3398 1498 3496 1548 καὶ
3547 1500 3790 1568 χρώμα-

2176 1593 2266 1630 τα.
2294 1570 2365 1629 Ὠ
2407 1577 2745 1646 τηλικούτων
2792 1580 3078 1651 χαρίτωνε
3133 1577 3178 1638 ὧ
3223 1584 3496 1638 τοσούτου
3563 1589 3790 1659 κόσμου

2179 1668 2274 1721 καὶ
2307 1667 2516 1739 ἀρετῶν
2572 1670 2585 1722 l
2622 1664 2668 1722 ὧ
2698 1670 2986 1740 ἄνθρωπος
3026 1674 3120 1726 καὶ
3149 1675 3256 1745 πρὸ
3290 1677 3554 1748 τελευτῆς
3610 1681 3793 1745 ὅντως

2186 1760 2649 1830 μακαριζόμενος,
2687 1763 2783 1815 καὶ
2815 1764 2955 1831 μετὰ
2975 1764 3239 1835 τελευτὴν
3267 1765 3353 1818 διὰ
3387 1766 3489 1835 μὲν
3515 1771 3627 1839 τὴν
3691 1773 3791 1840 ζηο

2187 1851 2322 1921 μίαν
2361 1852 2754 1922 θρηνούμενος,
2782 1853 2871 1908 διὰ
2896 1855 2953 1907 δὲ
2979 1857 3080 1919 τὰς
3107 1858 3306 1927 ἀρετὰς
3330 1859 3789 1930 ἑξυμνοῦμενοςί

2181 1937 2253 1997 Ὦ
2289 1943 2481 2012 νεότης
2532 1943 2847 2013 περίδοξοςί
2891 1940 2936 2000 ὦ
2987 1947 3167 2018 γῆρας
3222 1950 3506 2018 ἀοίδιμονι
3568 1955 3794 2023 ’Λκμάο

2185 2031 2348 2096 ζοντα
2382 2034 2480 2104 μὲν
2518 2035 2626 2103 γὰρ
2651 2030 2765 2106 εἶχέ
2792 2053 2851 2089 τε
2879 2038 2912 2106 ἡ
2953 2038 3065 2091 τῶν
3094 2038 3268 2106 λόγων
3309 2039 3487 2104 πόλις,
3527 2044 3560 2111 ἡ
3630 2046 3794 2098 Κων-

2188 2124 2493 2185 σταντίνου.
2532 2125 2685 2196 καὶὴ
2719 2126 3005 2194 φιλολόγος
3033 2129 3251 2182 νεολαία
3292 2131 3442 2183 πᾶσα
3508 2136 3647 2203 περὶ
3695 2139 3792 2190 αύ-

2183 2213 2412 2279 τδν,κα“ι
2443 2209 2511 2283 ἦν
2553 2217 2802 2282 μουσεῖον
2835 2214 3102 2284 ἄντικρυς
3164 2217 3225 2268 τὸ
3276 2217 3578 2286 δωμάτιον,
3652 2222 3789 2290 ἄλλη

2182 2323 2264 2368 τις
2303 2305 2609 2375 Ἀκαδημία
2635 2306 2731 2358 καὶ
2759 2305 2900 2360 Στοὰ
2929 2307 3026 2359 καὶ
3053 2307 3388 2377 Περίπατος.
3420 2311 3535 2362 Καὶ
3561 2306 3653 2376 οἷς
3690 2313 3790 2380 μὲν

2185 2399 2442 2468 ἐχορήγει
2477 2399 2879 2470 γραμματικὴν
2903 2401 2999 2453 καὶ
3030 2401 3206 2471 μέτρα
3251 2401 3349 2455 καὶ
3395 2403 3651 2471 ποίησιν,
3708 2424 3790 2458 τοι

2187 2491 2394 2561 σαύτην
2419 2492 2556 2561 ἔχων
2590 2492 2799 2546 τούτων
2825 2493 2924 2564 τὴν
2954 2493 3292 2563 ἐπιστήμην,
3319 2494 3396 2556 ὡς
3447 2497 3628 2566 μηδὲν
3676 2499 3788 2552 τῶν

2185 2580 2512 2650 ἀρξαμένων
2545 2581 2696 2649 σφῶν
2745 2582 3018 2653 εὑρέσεως
3071 2583 3471 2636 ἀπολείπεσθαι
3503 2601 3518 2614 '
3584 2580 3672 2649 οἷς
3732 2587 3789 2640 δὲ

2183 2673 2557 2743 τῆν’·γλῶτταν
2606 2676 2814 2741 ἠκόνει,
2881 2676 3194 2746 ῥητορικῶς
3235 2675 3640 2746 ἐξηγούμενος,
3694 2679 3792 2732 καὶ

2184 2763 2378 2828 ἄλλους
2401 2765 2580 2829 ἄλλοις
2610 2766 2830 2835 ὲνήσκει
2862 2767 2959 2819 καὶ
2995 2767 3332 2836 παιδεύμασι
3384 2769 3482 2822 καὶ
3517 2770 3791 2840 μαθήμα-

2187 2874 2293 2910 σιν.
2323 2855 2486 2908 Ὅθεν
2514 2857 2610 2908 καὶ
2641 2855 2797 2918 κλέος
2815 2855 2973 2926 ἔσχεν
3002 2857 3162 2926 εὐρὺ,
3192 2859 3306 2917 τοῖς
3334 2856 3606 2911 ἁπάντων
3665 2860 3786 2911 κεί-

2189 2969 2348 3021 μενος
2379 2951 2636 3022 στόμασι.
2685 2951 3050 3021 Παραμείψας
3083 2951 3142 3005 δὲ
3171 2952 3264 3006 τδν
3290 2952 3438 3019 νέον,
3475 2953 3574 3006 καὶ
3605 2955 3691 3017 είς
3720 2955 3786 3007 τ’)

2186 3044 2284 3113 τῆς
2351 3043 2762 3113 ἀρχιερωσύνης
2813 3042 2941 3112 ὕψος
3005 3043 3368 3114 ἀναδραμὼν,
3402 3046 3459 3098 τί
3502 3048 3585 3099 δεῖ
3615 3044 3790 3099 πολλὰ

2187 3136 2371 3205 λέγειν
2400 3154 2416 3204 ;
2454 3132 2548 3201 Εἷς
2577 3139 2632 3189 ὲν
2653 3135 3027 3208 ἀρχιερεῦσιν,
3068 3133 3150 3201 εἷς
3178 3139 3237 3191 ὲν
3272 3139 3460 3207 σοφοῖς
3508 3142 3536 3192 ὁ
3576 3140 3792 3194 Θεσσα-

2187 3229 2406 3301 λονίκης
2435 3228 2585 3300 παρὰ
2614 3230 2780 3283 πᾶσιν
2800 3228 3225 3300 ἀνεκηρύττετο.
3264 3229 3377 3282 Καὶ
3398 3229 3498 3286 νῦν
3523 3234 3628 3300 μὲν
3653 3233 3788 3286 ἁπο-

2189 3321 2418 3376 λιπόντα
2444 3321 2533 3375 τὸν
2563 3321 2680 3390 βίον
2708 3321 2896 3392 θρηνεῖ
2923 3321 3021 3392 μὲν
3052 3323 3080 3375 ὁ
3107 3321 3326 3390 λογικὸς
3378 3325 3546 3394 χορὸς
3612 3327 3785 3392 ἄπας,

513 3407 674 3462 etiam
713 3410 850 3466 ordo
882 3411 1194 3479 pontificum
1230 3429 1331 3470 suo
1367 3425 1705 3480 ornamento,
1759 3432 1860 3471 suo
1890 3416 2082 3472 decore

2196 3415 2290 3466 καὶ
2329 3411 2738 3468 τούτωνἿιλέον
2772 3413 2822 3465 οἱ
2857 3413 3013 3481 σοφοὶ
3051 3413 3297 3484 μαθηταί
3331 3431 3345 3446 ·
3367 3415 3564 3486 θρηνεῖ
3593 3417 3654 3472 δὲ
3691 3422 3786 3472 καὶ

513 3509 735 3569 exutus,
769 3511 826 3556 et
870 3503 1104 3573 amplius
1135 3505 1251 3560 istis
1279 3521 1376 3578 ego
1415 3507 1536 3577 ejus
1571 3508 1730 3564 annis
1772 3509 1997 3578 aequalis
2030 3515 2084 3563 et

516 3592 856 3650 educationis
886 3597 1066 3651 socius
1095 3613 1302 3653 necnon
1330 3601 1635 3655 studiorum
1659 3601 2084 3670 condiscipulus,

516 3684 607 3752 qui
640 3691 800 3740 omne
847 3687 1154 3758 juventutis
1209 3701 1423 3762 tempus
1473 3709 1594 3748 cum
1641 3693 1762 3763 ipso
1791 3693 1845 3749 in
1897 3695 2086 3750 eadem

525 3776 688 3830 domo
743 3789 1104 3837 conversatus
1139 3785 1417 3854 transegi;
1480 3793 1532 3838 et
1577 3796 1635 3840 ut
1673 3786 1852 3841 omnia
1890 3786 1942 3841 in
1979 3802 2088 3841 uno

517 3867 790 3936 colligam,
829 3870 882 3924 in
911 3889 1072 3927 unam
1100 3877 1262 3933 ambo
1290 3877 1529 3932 animam
1563 3878 1868 3934 conﬁrmati
1899 3892 2090 3934 sumus

517 3969 572 4014 et
607 3965 988 4032 conglutinati.

591 4139 646 4196 6.
678 4141 802 4196 lizrc
833 4145 1084 4200 manibus
1120 4146 1227 4202 tuis
1256 4147 1512 4216 libamus,
1560 4165 1593 4206 ο
1642 4151 1827 4206 divum
1867 4160 1920 4206 et
1955 4151 2088 4206 mihi

519 4231 910 4286 amicissimum
976 4245 1160 4304 caput.
1219 4234 1344 4292 Hazc
1397 4249 1523 4294 sunt
1581 4255 1703 4311 qua:
1759 4239 1853 4294 tibi
1909 4239 2092 4310 lingua

524 4322 727 4376 sodalis
753 4324 950 4379 dilecta
997 4326 1174 4392 oliert,
1208 4344 1369 4398 quam
1415 4330 1544 4385 olim
1601 4333 1908 4402 loquentem
1945 4347 2094 4388 ama.

521 4415 643 4478 has,
675 4431 816 4472 nunc
850 4433 978 4474 vero
1016 4419 1202 4476 dolore
1236 4423 1472 4478 ardentis
1502 4424 1621 4494 ejus
1647 4440 1752 4479 non
1785 4425 2084 4493 misereris,

523 4523 625 4564 nec
659 4524 726 4563 ex
780 4511 904 4566 sinu
953 4515 1274 4583 patriarcha:
1317 4517 1369 4572 in
1421 4533 1529 4587 quo
1555 4518 1790 4588 portaris
1824 4519 2092 4575 roscidam

521 4603 786 4670 guuulam
827 4605 983 4661 nobis
1009 4607 1212 4662 emittis
1247 4609 1479 4665 tristitiae
1525 4611 1646 4682 igne
1701 4611 2086 4667 aestuantibus.

2193 3507 2220 3559 ὁ
2243 3505 2351 3561 τῶν
2381 3505 2687 3578 ἀρχιερέων
2719 3506 3047 3575 κατάλογος.
3098 3507 3158 3560 δν
3189 3503 3304 3576 εἷχε
3359 3508 3636 3580 καύχημα
3691 3511 3784 3566 καὶ

2195 3599 2398 3668 κόσμον
2421 3597 2734 3661 ἀποϐαλὼν,
2770 3598 2866 3650 καὶ
2895 3597 3103 3652 τούτων
3137 3597 3300 3651 πλέον
3342 3597 3453 3666 ἐγὼ
3485 3601 3515 3653 ὁ
3565 3601 3783 3673 συνηλι-

2194 3691 2404 3762 κιὼτης
2431 3692 2525 3744 καὶ
2560 3691 2886 3761 σύντροφος,
2923 3690 2982 3754 ὃς
3019 3692 3116 3745 καὶ
3166 3691 3516 3762 μαθημάτων
3565 3713 3785 3768 συμμεο

2195 3787 2388 3855 τέσχον
2411 3783 2583 3854 αὐτῷ,
2627 3785 2722 3838 καὶΔ
2751 3785 2842 3836 τὸν
2888 3785 3070 3837 πάντα
3128 3783 3230 3854 τῆς
3280 3786 3539 3857 νεότητος
3589 3792 3781 3860 χρόνον

2198 3875 2560 3946 συνηυλίσθην
2587 3893 2644 3928 τε
2687 3878 2782 3928 καὶ
2825 3875 3126 3944 συνέςησα,
3165 3878 3260 3928 καὶ
3307 3877 3394 3932 ἵνα
3430 3879 3673 3935 συνελὼν
3711 3881 3781 3933 εί-

2197 3985 2304 4034 πω,
2352 3971 2429 4031 εἰς
2491 3968 2623 4038 μίαν
2678 3968 2848 4038 ἄμφω
2887 3966 3066 4039 ψυχὴν
3113 3969 3532 4042 συνεκράθημέν
3584 3989 3649 4025 τε
3691 3975 3780 4029 καὶ

2201 4060 2589 4130 συνεδέθημεν.

2273 4160 2349 4218 ς’.
2383 4151 2555 4206 Αῦταί
2587 4169 2668 4205 σοι
2707 4151 2948 4222 κειμένῳ
2998 4152 3128 4224 παρ’
3160 4153 3317 4223 ἡμῶν
3347 4155 3404 4209 αἱ
3455 4156 3602 4227 χοαὶ,
3659 4155 3780 4210 θεία

2199 4246 2294 4299 καὶ
2343 4243 2576 4314 φιλτάτη
2609 4261 2700 4313 μοι
2725 4244 2964 4316 κεφαλή.
2995 4244 3185 4300 Ταῦτὰ
3213 4263 3298 4299 σοι
3325 4247 3393 4300 τὰ
3452 4250 3550 4318 τῆς
3587 4247 3776 4318 φιλον-

2203 4340 2371 4410 μένης
2402 4337 2650 4406 γλώττης
2696 4338 2794 4391 καὶ
2829 4337 3020 4408 ἥλικος
3069 4338 3439 4408 ἐναγίσματα,
3485 4341 3553 4411 ἢν
3618 4341 3779 4395 πάλαι

2205 4430 2302 4500 μὲν
2333 4429 2606 4483 λαλοῦσαν
2629 4428 2875 4498 ἠγάπας,
2904 4427 3001 4482 νῦν
3033 4425 3092 4480 δὲ
3119 4427 3197 4498 τῷ
3239 4429 3405 4483 πάθει
3437 4431 3776 4503 φλεγομένην

2201 4523 2304 4577 οὐκ
2335 4521 2507 4585 ἐλεεῖς
2537 4536 2551 4550 ο
2592 4520 2715 4573 οὐδὲ
2745 4520 2855 4573 ἀπὸ
2882 4519 2975 4574 τοῦ
3023 4520 3284 4592 φέροντός
3333 4538 3392 4574 σε
3452 4523 3658 4576 κόλπου
3685 4523 3773 4576 τοῦ

2203 4610 2606 4684 πατριαρχικοῦ
2645 4612 2740 4664 καὶ
2811 4610 3144 4681 δροσόεσσαν
3208 4611 3398 4681 ῥανίδα
3442 4614 3773 4682 ὲπιπὲμπεις

2204 4702 2334 4771 ἡμῖν
2370 4699 2784 4770 φλογιζομένοις
2818 4699 2897 4769 τῷ
2921 4699 3024 4771 τῆς
3056 4699 3235 4772 λύπης
3271 4703 3429 4772 πυρί.

593 4782 790 4852 Accipe
832 4797 960 4854 ergo
989 4783 1105 4840 haec
1145 4799 1174 4839 a
1209 4785 1387 4850 nobis,
1435 4801 1604 4856 pauca
1641 4787 1862 4858 quidem
1896 4803 1958 4842 ac
1992 4787 2082 4858 spi-

2273 4791 2363 4844 Σοὶ
2395 4790 2495 4861 μὲν
2523 4788 2616 4844 οὖν
2653 4790 2827 4843 ταῦτα
2863 4790 2995 4862 παρ’
3035 4793 3190 4862 ἡμῖν,
3225 4791 3381 4860 ὀλίγα
3432 4793 3534 4861 μὲν
3565 4793 3661 4847 καὶ
3699 4793 3768 4863 τῷ

522 4875 633 4928 ritu
691 4876 983 4931 anhelante
1036 4879 1362 4946 composita.
1416 4881 1704 4944 Quomodo
1760 4879 1906 4934 enim
1959 4895 2102 4950 equo

522 4968 644 5035 quis
678 4969 919 5026 insidens
971 4971 1172 5041 stylum
1225 4970 1628 5040 exerceat?qui
1682 4972 1856 5040 capite
1915 4971 2104 5025 dolens

522 5073 577 5118 et
604 5064 763 5119 annis
787 5066 968 5135 gravis
998 5068 1234 5121 anticum
1261 5075 1434 5122 morte
1455 5077 1695 5136 ereptum
1719 5066 1881 5134 digne
1902 5065 2059 5120 ﬂeam
2082 5066 2105 5120 ?

523 5156 634 5211 Nos
665 5171 882 5226 quoque
904 5158 1194 5228 aliquando
1225 5166 1383 5213 terra:
1410 5157 1644 5215 creditos
1683 5159 1841 5212 amici
1869 5158 2106 5212 circum-

523 5246 749 5302 stabunt
791 5247 970 5314 multi,
1004 5248 1098 5304 sed
1137 5249 1279 5304 nulla
1319 5265 1424 5304 vox
1471 5249 1649 5319 qualis
1691 5261 1779 5304 tua
1828 5251 1952 5313 fuit,
2002 5263 2104 5303 nos

524 5339 861 5396 celebrabit:
898 5350 952 5396 ct
990 5342 1093 5396 hoc
1121 5341 1341 5411 quidem
1369 5340 1540 5412 priori
1583 5341 1876 5397 calamitati
1909 5356 2104 5397 secun-

525 5431 655 5485 dum
686 5431 900 5486 additur
930 5431 1310 5487 infortunium.

2204 4882 2300 4937 τοῦ
2337 4881 2543 4952 δρόμου
2600 4880 2842 4950 ἄσθματι
2904 4882 3104 4952 μικροῦ
3152 4884 3606 4954 συμπνιγόμενα.
3667 4883 3769 4944 πῶς

2211 4975 2320 5045 γὰρ
2352 4973 2445 5026 καὶ
2476 4974 2563 5043 ἐφ’
2592 4973 2763 5026 ἵππου
2797 4973 2999 5045 βαίνων
3037 4991 3124 5036 τις
3155 4976 3248 5027 καὶ
3279 4975 3765 5046 λογογραφήσειεν;

2209 5068 2328 5129 πῶς
2357 5067 2413 5120 δὲ
2444 5067 2536 5121 καὶ
2578 5065 2765 5137 δρόμῳ
2813 5066 3057 5134 κεφαλὴν
3103 5067 3435 5136 τεινόμενος,
3496 5069 3590 5122 καὶ
3637 5073 3766 5138 γήρα

2211 5160 2628 5228 καμπτόμενος,
2667 5157 2802 5228 πρὸς
2836 5159 2992 5224 ἀξίαν
3041 5157 3304 5230 θρηνήσει
3337 5160 3430 5213 τὸν
3475 5161 3626 5230 φίλον
3668 5163 3765 5213 κεί·

2213 5266 2415 5321 μενον;
2443 5251 2590 5320 ἡμᾶς
2628 5250 2683 5302 δὲ
2716 5249 2854 5320 μετὰ
2890 5251 2949 5303 σὲ
2979 5251 3265 5319 κειμένους
3292 5250 3436 5320 φίλοι
3489 5254 3588 5322 μὲν
3651 5253 3766 5314 toto;

2213 5341 2398 5394 πολλοὶ
2427 5342 2874 5412 περιστήσονται,
2904 5340 3131 5404 γλῶσσα
3160 5341 3217 5393 δὲ
3259 5341 3478 5404 πάντως
3531 5343 3591 5395 ού
3632 5359 3767 5411 περιρ

2209 5433 2431 5502 λαλήσει
2500 5431 2592 5484 τὸν
2634 5431 2864 5502 τύμϐον,
2916 5432 3036 5485 οἵαν
3081 5433 3183 5500 τὴν
3235 5433 3335 5503 σὴν
3381 5434 3766 5504 ἐγνωρίσαμεν.

2214 5526 2324 5578 Καὶ
2354 5523 2506 5577 ἔσται
2555 5541 2644 5593 μοι
2675 5525 2770 5578 καὶ
2813 5523 2972 5578 τοῦτο
3015 5525 3153 5593 μετὰ
3209 5524 3307 5596 τὴν
3358 5525 3453 5580 νῦν
3501 5525 3768 5595 συμφορὰν

2211 5610 2533 5683 δυστύχημα
2559 5611 2831 5682 δεύτερον,
