3960 6196
465 296 574 362 767
1710 292 1958 356 ΑΝΤΟΝ
1978 293 2033 354 ΙΙ
2073 293 2423 356 ΜΕΙᾸΞΞᾸΕ
3637 290 3750 354 763

463 408 526 462 lit
583 416 640 462 et
693 404 808 475 ipse
856 403 924 459 de
983 401 1361 473 primogenitis
1399 400 1581 454 ovium
1613 416 1838 456 suarum
1862 413 1913 456 et
1972 404 2040 456 de

2202 411 2248 462 1i.
2277 411 2461 478 αὐτὸς,
2496 410 2604 464 ἀπὸ
2635 411 2744 465 τῶν
2779 411 3143 482 πρωτοτόκων
3182 397 3292 472 τῶν
3321 411 3611 482 προϐάτων
3641 413 3712 465 αὐ
3737 449 3742 452 -

467 503 716 573 adipibus
766 514 979 555 earum.
1022 497 1086 549 Et
1121 496 1358 566 respexit
1399 495 1541 551 Deus
1583 495 1649 550 ad
1705 496 1836 550 Abel
1890 505 1943 551 et
1989 497 2055 550 ad

2202 502 2275 569 οὗ,
2305 504 2397 556 xal.
2423 503 2533 556 ἀπὸ
2557 503 2667 556 τῶν
2699 505 2941 558 στεάτων
2963 503 3169 557 αὐτῶνο
3198 507 3293 558 καὶ
3316 504 3528 558 ἐπεῖδεν
3551 506 3579 556 6
3601 503 3743 562 Θεὸς

474 610 700 649 munera
754 592 895 661 ejus.
943 589 1024 644 Ad
1053 587 1182 644 Cain
1215 597 1394 643 autem
1444 596 1497 644 et
1549 587 1614 641 ad
1644 588 1912 642 sacrilicia
1941 589 2055 659 ejus

2202 596 2252 648 iri
2288 595 2472 659 Ἀϐελ,
2502 595 2596 646 καὶ
2630 594 2724 646 ἐπὶ
2769 597 2881 659 τοῖς
2921 595 3113 666 δώροις
3143 595 3332 658 αὐτοῦ,
3383 597 3476 648 ἐπὶ
3505 596 3561 648 δὲ
3594 597 3741 648 Κάῖν

470 704 576 741 non
598 684 854 740 attendit.

538 779 736 834 Gcn.v.
754 777 819 831 Et
835 777 1030 846 placuit
1059 774 1470 843 EnocliDco,et
1505 789 1612 830 non
1657 771 2055 844 inveniebatur,

468 874 594 943 quia
622 870 897 924 transtulit
921 869 1072 922 illum
1110 868 1273 922 Deus.

540 965 669 1020 Gen.
693 980 766 1017 vr.
825 960 936 1016 Noe
970 958 1420 1030 invenitgratiam
1445 971 1629 1012 coram
1661 957 1889 1011 Domino
1921 957 2049 1011 Deo.

541 1049 1262 1117 lbid.EtfecitNoeomnia,
1325 1063 1666 1120 quacunque
1705 1049 1962 1118 praecepit
2003 1048 2052 1104 ei

473 1149 634 1209 Deus,
657 1151 734 1200 sic
786 1145 936 1199 fecit.

539 1237 682 1292 Ibid.
702 1234 812 1288 Noe
828 1235 988 1286 homo
1005 1232 1212 1300 justus,
1232 1228 1504 1298 perfectus
1518 1229 1793 1284 exsistens
1818 1228 1871 1282 in
1890 1241 2051 1298 geno-

474 1331 681 1385 ratione
698 1342 818 1381 sua.
851 1325 958 1378 Deo
982 1323 1181 1390 placuit
1206 1321 1338 1375 Noe.

545 1421 672 1477 Gen.
708 1433 835 1471 xvn.
867 1415 1010 1468 Dixit
1044 1413 1304 1468 Dominus
1339 1413 1478 1468 Dens
1505 1413 1572 1468 ad
1597 1413 1866 1467 Abraham
1897 1433 1910 1468 :
1939 1412 2050 1482 Ego

472 1531 589 1569 Slllll
617 1511 874 1565 Dominus
901 1507 1041 1562 Deus
1060 1515 1207 1570 tuus,
1229 1507 1508 1576 complace
1530 1522 1712 1561 coram
1735 1521 1840 1570 me,
1864 1515 1914 1560 et
1931 1514 2049 1559 esto

471 1600 982 1668 irrcpreliensibilis.

542 1699 670 1753 Gen.
693 1711 779 1752 xv.
803 1691 1048 1748 Credidit
1074 1691 1344 1746 Abraham
1369 1689 1497 1758 Deo,
1525 1700 1578 1744 ct
1629 1699 1934 1760 rcputatum
1963 1699 2047 1746 est

475 1791 547 1845 illi
573 1789 638 1844 ad
687 1786 976 1856 justitiam.

546 1880 718 1932 Exod.
745 1893 837 1931 xx.
867 1875 975 1944 Ego
999 1889 1117 1928 sum
1151 1872 1407 1927 Dominus
1434 1872 1577 1926 Deus
1609 1882 1758 1936 tuus,
1777 1873 1866 1940 qui
1897 1871 2058 1926 eduxi

478 1982 528 2025 te
575 1976 638 2023 de
668 1980 808 2022 terra
863 1966 1103 2035 Egypti,
1139 1963 1204 2018 de
1233 1965 1393 2017 domo
1429 1963 1727 2017 servitutis.
1753 1962 1866 2016 Non
1899 1972 2060 2016 erunt

477 2063 576 2118 tibi
609 2061 680 2115 dii
711 2059 804 2113 alii
833 2066 1024 2127 praeter
1061 2070 1170 2109 me.
1199 2055 1315 2109 Non
1348 2054 1513 2109 facies
1545 2054 1639 2109 tibi
1684 2054 1912 2117 idolum,
1961 2071 2059 2109 ne-

479 2170 586 2224 que
605 2152 769 2207 ullius
790 2148 1165 2210 simulacrum,
1188 2161 1526 2217 quaecunque
1559 2146 1612 2200 in
1647 2147 1786 2200 cmlo
1818 2162 2058 2212 sursum,

475 2254 531 2298 et
559 2255 901 2312 quaicunque
931 2238 983 2292 in
1022 2245 1164 2293 terra
1199 2237 1479 2302 deorsum,
1517 2245 1570 2292 et
1601 2251 1938 2307 quiscunque
1998 2239 2054 2292 in

479 2334 636 2405 aquis
665 2332 765 2389 sub
801 2342 966 2387 terra.
989 2328 1104 2385 Non
1135 2330 1387 2384 adorabis
1410 2345 1496 2395 ea,
1521 2345 1697 2399 neque
1722 2329 1928 2386 servies
1959 2330 2060 2384 eis.

549 2519 764 2574 Denter.
801 2533 855 2572 ι.
898 2515 1185 2570 Dominum
1221 2513 1388 2568 Deum
1430 2522 1584 2568 tuum
1619 2511 1856 2578 timebis,
1883 2522 1936 2567 et
1984 2513 2056 2568 illi

479 2614 580 2670 soli
599 2613 823 2675 servies,
849 2620 902 2664 ct
925 2611 1002 2666 illi
1025 2608 1349 2671 adita-rebis.
1375 2618 1428 2662 et
1445 2609 1504 2661 ‘in
1531 2607 1751 2662 nomine
1775 2606 2062 2676 cjusjura-

481 2705 585 2760 bis.
611 2702 727 2774 lpsc
751 2701 1006 2773 gloriatio
1030 2710 1144 2764 tua,
1174 2701 1289 2768 ipse
1309 2700 1450 2754 Deus
1471 2707 1617 2754 tuus.

548 2889 691 2944 Ibid.
725 2887 791 2940 Et
825 2902 989 2948 nunc.
1027 2884 1216 2949 Israel,
1254 2883 1382 2953 quid
1447 2881 1709 2937 Dominus
1753 2881 1900 2936 Deus
1935 2891 2061 2934 tuus

478 2984 610 3050 pctit
646 2996 674 3034 a
712 2989 761 3034 to
791 2979 892 3034 nisi
937 2989 994 3032 ut
1022 2977 1215 3031 timeas
1256 2992 1402 3039 eum,
1441 2985 1496 3028 nt
1524 2975 1771 3029 ambules
1801 2975 1855 3027 in
1884 2974 2062 3028 omni-

2157 688 2252 740 xa‘t
2277 687 2368 738 ἐπὶ
2403 688 2521 749 ταῖς
2555 686 2766 748 θυσίαις
2799 688 2967 740 αὐτοῦ
2998 689 3058 740 οὐ
3090 689 3416 758 προσέσχεν.

2241 779 2409 850 Ἑνὼχ
2435 779 2778 851 εὐηρὲστησε
2810 781 2888 850 τῷ
2941 780 3083 851 Θεῷ,
3133 783 3230 835 καὶ
3273 781 3371 851 οὐχ
3425 781 3743 849 εὑρίσκετο,

2154 873 2294 927 διότι
2331 873 2634 942 μετέθηκεν
2656 873 2818 928 αὐτὸν
2856 875 2884 927 ὁ
2917 875 3073 938 Θεὸς.

2227 965 2350 1019 Νῶε
2387 960 2513 1034 εὗρε
2543 966 2703 1035 χάριν
2731 967 2962 1020 ἐνώπιον
2992 969 3200 1040 Κυρίου
3229 969 3323 1023 τοῦ
3363 970 3520 1026 Θεοῦ.

2223 1062 2332 1114 Kal
2354 1060 2580 1130 ἐποίησε
2606 1060 2730 1114 Νῶε
2757 1062 2936 1116 πάντα
2965 1063 3066 1117 ὅσα
3098 1061 3256 1117 εἶπεν
3287 1063 3436 1136 αὐτῷ
3471 1066 3683 1136 Κύριος
3714 1070 3742 1120 6

2153 1153 2308 1216 Θεὸς,
2334 1153 2504 1216 οὓτως
2537 1153 2779 1222 ἐποίησε.

2221 1244 2346 1298 Νῶε
2395 1245 2677 1312 ἄνθρωπος
2709 1244 2914 1307 δίκαιος
2966 1244 3065 1308 ῶν,
3114 1246 3318 1309 τέλειος
3363 1249 3421 1301 ὲν
3455 1250 3520 1318 τῇ
3566 1251 3739 1319 γενεᾷ

2152 1335 2336 1391 αὐτοῦ.
2371 1336 2461 1405 Τῷ
2493 1328 2612 1403 Θεῷ
2642 1335 2978 1406 εὐηρέστησε
3015 1334 3167 1390 Νῶε.

2219 1423 2388 1480 Εἶπεν
2435 1427 2640 1496 Κύριος
2667 1427 2696 1476 6
2726 1425 2860 1488 Θεὸς
2905 1425 2982 1494 τῷ
3021 1426 3294 1494 Ἀϐραὰμ,
3347 1440 3367 1477 ι
3422 1425 3564 1495 Ἐγώ
3613 1428 3744 1496 ειμι

2162 1520 2368 1590 Κύριος
2419 1520 2447 1572 6
2495 1518 2626 1581 Θεός
2675 1534 2792 1584 σου,
2849 1517 3137 1587 εὐαρέστει
3171 1518 3411 1571 ἐναντίον
3461 1536 3582 1589 μου,
3639 1518 3740 1573 καὶ

2156 1616 2309 1682 γίνου
2345 1613 2659 1682 ἄμεμπτος.
2701 1631 2719 1662 ι

2241 1705 2596 1757 Ἐπίστευσεν
2633 1701 2888 1774 Ἀϐραὰμ
2911 1710 2989 1774 τῷ
3017 1703 3156 1775 Θεῷ,
3183 1703 3277 1756 καὶ
3299 1702 3556 1773 ἐλογίσθη
3585 1703 3742 1771 αὐτῷ

2162 1801 2247 1862 είς
2272 1797 2637 1865 δικαιοσύνην.

2235 1911 2253 1943 ι
2303 1890 2442 1958 Ἐγώ
2477 1892 2591 1960 situ.
2614 1889 2819 1959 Κύριος
2846 1890 2871 1942 6
2899 1887 3031 1952 Θεός
3063 1905 3180 1953 σου,
3205 1889 3234 1941 6
3262 1887 3548 1956 ἐξαγαγών
3577 1906 3642 1941 σε
3676 1891 3745 1942 ὲκ

2163 1984 2264 2053 τῆς
2299 1963 2606 2050 Δίγύπξου,
2650 1979 2709 2045 ἐξ
2739 1980 2889 2033 οἴκου
2919 1974 3182 2041 δούλεῐας.
3230 1980 3344 2032 Οὐκ
3384 1979 3595 2033 ἔσονταί
3655 1997 3744 2034 σοι

2167 2073 2280 2128 θεοὶ
2316 2072 2493 2140 ἕτεροι
2523 2070 2663 2142 πλὴν
2697 2069 2854 2140 ἐμοῦ.
2883 2069 2956 2122 Οὐ
2983 2071 3228 2138 ποιήσεις
3255 2068 3461 2138 σεαυτῷ
3490 2068 3738 2132 εἴδωλον,

2164 2164 2287 2217 οὐδὲ
2319 2164 2518 2226 παντὸς
2549 2162 2800 2231 ὁμοίωμα
2844 2162 2943 2215 ὅσα
2991 2162 3054 2214 ὲν
3082 2161 3159 2229 τῷ
3191 2159 3408 2230 οὐρανῷ
3455 2162 3591 2225 ἀνω,
3641 2169 3742 2214 καὶ

2163 2257 2263 2310 ὅσα
2293 2259 2350 2309 ὲν
2385 2259 2450 2326 τῇ
2483 2257 2554 2327 γῇ
2584 2255 2754 2320 κάτω,
2783 2254 2878 2307 καὶ
2905 2255 3005 2306 ὅσα
3029 2254 3088 2307 ἐν
3109 2254 3221 2314 τοῖς
3262 2251 3450 2305 ὕδασιν
3473 2253 3740 2306 ὑποκάτω

2162 2349 2261 2417 τῆς
2298 2347 2420 2416 γῆς.
2455 2347 2529 2400 Οὐ
2565 2346 2965 2416 προσκυνήσεις
2998 2344 3202 2408 αὐτοῖς,
3239 2342 3358 2395 οὐδὲ
3392 2343 3468 2414 μὴ
3504 2343 3743 2412 λατρεύ-

2167 2455 2280 2501 σεις
2311 2439 2512 2500 αὐτοῖς.
2557 2457 2577 2490 ι

2233 2529 2438 2600 Κύριον
2465 2531 2556 2585 τὸν
2586 2529 2718 2585 Θεόν
2742 2549 2834 2585 σου
2865 2523 3290 2604 φοϐηθήσῃζκαὶ
3319 2533 3479 2586 αὐτὸν
3503 2531 3740 2604 λατρεύ·

2168 2639 2304 2687 σεις,
2339 2623 2435 2676 καὶ
2464 2623 2599 2692 πρὸς
2628 2625 2790 2678 αὐτὸν
2815 2623 3146 2696 κολληθήσῃ,
3181 2625 3274 2679 καὶ
3301 2626 3395 2678 ἐπὶ
3427 2623 3502 2692 τῷ
3537 2625 3741 2690 ὀνόμα-

2164 2730 2218 2767 τι
2251 2714 2412 2768 αὐτοῦ
2441 2716 2575 2789 ὁμῇ.
2601 2717 2774 2782 Αὐτὸς
2813 2717 3076 2787 καύχημά
3107 2729 3221 2785 σου,
3271 2718 3364 2770 καὶ
3398 2716 3561 2780 αὐτὸς
3599 2715 3738 2779 Θεὸς

2167 2827 2283 2865 σου.

2240 2904 2350 2957 Καὶ
2374 2904 2491 2974 νῦν,
2542 2903 2780 2974 Ἰσραὴλ,
2815 2905 2869 2957 τί
2899 2904 3100 2974 Κύριος
3145 2907 3173 2959 6
3202 2906 3332 2968 Θεὸς
3373 2921 3466 2956 σου
3514 2906 3744 2957 ἀπαιτεῖ

2169 2999 2314 3068 παρὰ
2347 2997 2464 3063 σοῦ,
2499 2996 2614 3051 ἀλλ’
2645 2999 2677 3068 ἢ
2721 2997 3003 3066 φοϐεῖσθαι
3047 2998 3234 3060 αὐτὸν,
3273 2997 3368 3049 καὶ
3404 2997 3740 3065 πορεύεσθαι

479 3070 578 3122 bus
611 3068 714 3121 viis
741 3065 877 3136 ejus,
923 3076 978 3120 et
1037 3066 1227 3132 diligas
1271 3081 1419 3132 eum,
1475 3074 1530 3119 et
1575 3065 1780 3119 servias
1827 3063 2055 3118 Domino

2202 3109 2222 3144 ν
2249 3091 2448 3154 πάσαις
2479 3093 2596 3152 ταῖς
2631 3089 2770 3153 ὁδοῖς
2805 3088 2992 3148 αὐτοῦ,
3029 3089 3123 3143 καὶ
3160 3090 3378 3161 ἀγαπᾷν
3409 3090 3596 3152 αὐτὸν,
3637 3091 3736 3143 καὶ

480 3157 590 3211 Deo
616 3166 812 3223 Iuo,ex
839 3165 950 3211 toto
971 3158 1134 3210 corde
1158 3165 1272 3219 tua,
1301 3163 1351 3211 et
1375 3173 1439 3212 ex
1463 3166 1573 3212 tota
1607 3155 1786 3212 anima
1810 3165 1897 3209 tua
1930 3155 1953 3208 ?

557 3340 672 3396 Job.
692 3353 883 3398 xxvtu.
908 3340 1048 3396 Ecce
1069 3342 1239 3411 pietas
1257 3351 1340 3398 est
1365 3343 1650 3410 sapientia.

563 3433 704 3489 l’sal.
730 3432 1164 3503 xxxnﬁgllectum
1182 3447 1264 3489 est
1282 3435 1501 3490 verbum
1524 3434 1761 3500 Domini,
1784 3442 1838 3489 et
1875 3432 2053 3488 omnia

480 3541 642 3596 onera
659 3525 847 3595 ejusin
883 3525 1008 3578 (ide.
1567 3541 1570 3544 ’

552 3618 698 3673 Psal.
732 3631 782 3672 c.
809 3610 1088 3673 Orulimci
1107 3616 1173 3672 ad
1197 3616 1383 3673 tidelcs
1418 3627 1594 3680 terrae,
1625 3616 1929 3672 utscdcant
1950 3615 2054 3686 ipsi

479 3726 713 3766 mecum.

551 3804 818 3860 Salomon.
854 3802 1159 3858 Exhibitam
1209 3809 1265 3857 et
1306 3808 1510 3856 certam
1567 3800 1725 3856 tidem
1769 3800 2058 3856 annuntiat

476 3900 682 3970 justus.

557 3994 712 4046 Prov.
752 4008 791 4046 ι.
821 3991 998 4045 Pietas
1030 3989 1084 4043 in
1121 3987 1291 4042 Deum
1330 3989 1541 4042 initium
1579 4005 1777 4044 sensus

483 4084 722 4154 pientia‘.
775 4079 783 4088 ’

559 4171 714 4224 Prov.
739 4186 827 4224 xv.
855 4167 1129 4222 Desideria
1165 4169 1377 4236 piorum
1409 4169 1680 4225 delectant
1711 4174 1942 4228 animas.

551 4263 697 4324 Osee,
740 4276 813 4312 vr.
848 4257 1276 4310 Misericordiam
1315 4259 1431 4311 volo
1465 4271 1517 4313 et
1550 4275 1656 4314 non
1705 4265 2056 4332 sacriﬁcium,

482 4357 534 4424 2
556 4365 608 4408 ct
652 4352 892 4406 notitiam
923 4351 1016 4406 Dei
1058 4352 1227 4421 magis
1255 4367 1418 4418 quam
1444 4351 1780 4410 holocausta.

549 4444 665 4499 [δα.
704 4458 852 4497 mm.
879 4442 971 4497 Via
1000 4442 1212 4511 piorum
1249 4450 1395 4496 recta
1433 4450 1492 4497 et
1520 4453 1701 4512 parata
1727 4454 1831 4500 est.

1837 3988 1917 4045 vel
1971 4004 2057 4044 sa-

549 4629 629 4685 Pii
653 4625 942 4698 prudenter
961 4623 1452 4690 consuluerunt,et
1472 4627 1757 4684 consilium
1784 4630 1916 4687 illud
1943 4649 2059 4688 ma-

481 4733 597 4778 net.

547 4813 745 4869 larem.
770 4829 821 4868 ν.
857 4811 912 4870 Si
947 4822 1029 4868 est
1053 4815 1142 4883 qui
1177 4816 1627 4888 faciatjudicium
1663 4828 1718 4875 ct
1753 4820 1954 4885 quatrit
1995 4820 2059 4875 ti-

481 4903 628 4969 dem,
656 4904 923 4973 pronitius
957 4905 1033 4958 illi
1059 4921 1172 4970 ero,
1193 4909 1323 4964 dicit
1353 4910 1636 4966 Dominus.

552 4993 682 5063 Sop.
713 5011 750 5050 ι.
787 4996 1019 5065 ῡὶιίείιοξ
1049 4999 1337 5067 justitiam,
1367 5005 1456 5072 qui
1517 5003 1775 5073 iudicatis
1811 5013 2006 5058 terram
2039 5021 2054 5071 ;

479 5089 674 5141 si‘ntite
700 5087 766 5140 de
785 5085 1012 5144 Domino
1041 5092 1094 5146 in
1115 5092 1372 5160 bonitate,
1401 5095 1528 5148 etin
1561 5097 1908 5164 simplicitate
1937 5110 2058 5150 cor-

475 5181 562 5232 dis
588 5179 815 5248 qumritc
842 5180 990 5236 illum
1018 5201 1032 5238 :
1063 5193 1286 5253 apparet
1309 5187 1453 5240 cnim
1480 5187 1566 5252 iis,
1591 5189 1679 5257 qui
1698 5188 1772 5241 illi
1791 5205 1898 5242 non
1919 5187 2056 5243 ditii-

477 5272 634 5324 dunt.

448 5396 460 5407 ο
549 5362 713 5416 Eccli.
739 5378 880 5418 xuv.
905 5351 1158 5419 Omnium
1200 5367 1572 5435 potentissima
1606 5379 1687 5423 est
1714 5370 1906 5439 pietas.

551 5453 711 5508 Καί-(ἱ.
747 5469 904 5508 xxm.
927 5453 1240 5512 Thesaurus
1257 5471 1531 5525 nunquam
1562 5459 1835 5526 periturus
1887 5461 2056 5515 timor

476 5543 714 5602 Domini.

544 5635 716 5691 Crede
747 5637 878 5704 Deo,
903 5650 956 5694 et
979 5654 1326 5709 recuperauit
1354 5659 1424 5695 te.

548 5725 722 5784 Ecclc.
740 5729 1032 5787 tI.Donum
1056 5732 1267 5790 Domini
1289 5740 1567 5804 permanet
1612 5745 1733 5786 cum
1788 5733 1913 5802 piis.

2077 4469 2130 4525 1)

2157 3183 2437 3255 λατρεύειν
2467 3185 2657 3255 Κυρίῳ
2684 3184 2762 3254 τῷ
2803 3183 2925 3254 Θεῷ
2965 3184 3026 3250 ἐξ
3054 3184 3185 3257 δλης
3215 3185 3312 3255 τῆς
3349 3184 3575 3255 καρδίας
3606 3201 3732 3251 σου,

2159 3279 2250 3330 καὶ
2275 3277 2330 3343 ἐξ
2361 3277 2488 3346 ὅλης
2515 3277 2614 3344 τῆς
2651 3277 2827 3347 ψυχῆς
2851 3295 2940 3332 σου
2969 3294 2984 3344 ;

2237 3369 2364 3422 Ἰδοὺ
2393 3369 2721 3438 ήθεοσέϐειὰ
2754 3371 2869 3422 ἐστι
2904 3370 3086 3439 σοφία.

2230 3459 2402 3521 Εὐθὺς
2439 3459 2648 3527 ὀλόγος
2702 3460 2791 3514 τοῦ
2842 3461 3070 3531 Κυρίου,
3115 3459 3210 3514 καὶ
3254 3461 3434 3516 πάντα
3477 3462 3547 3515 τὰ
3592 3463 3737 3534 ἔργα

2158 3548 2323 3602 αὐτοῦ
2356 3549 2413 3600 ὲν
2446 3549 2651 3608 πίστει.

2229 3642 2289 3694 Οἱ
2320 3641 2587 3709 ὀφθαλμοί
2635 3659 2734 3710 μου
2770 3645 2868 3697 ἐπὶ
2897 3644 3022 3707 τοὺς
3066 3645 3299 3710 πιστοὺς
3327 3649 3432 3718 τῆς
3462 3649 3590 3718 γῆς,
3636 3651 3736 3705 τοῦ

2161 3733 2539 3802 συγκαθῆσθαι
2559 3735 2758 3798 αὐτοὺς
2783 3735 2900 3801 μετ’
2929 3735 3087 3805 ἐμοῦ.

2244 3826 2726 3899 Ἐπιδεικνυμένην
2757 3829 2940 3882 πίστιν
2977 3829 3282 3899 ἀπαγγελεί
3313 3831 3549 3897 δίκαιος.

2232 4002 2495 4057 Εὐσέϐεια
2525 4007 2602 4070 είς
2641 4005 2773 4061 θεὸν
2802 4007 2945 4080 ἁρχὴ
2977 4009 3299 4082 αἰσθήσεως.

2245 4187 2562 4255 Ἐπιθυμίαι
2587 4188 2826 4242 εὐσεϐῶν
2855 4191 3107 4262 ἡδύνουσι
3137 4192 3334 4261 ψυχάς.

2241 4275 2429 4328 Ἕλεον
2461 4277 2620 4342 θέλω,
2654 4280 2746 4332 καὶ
2776 4280 2836 4332 οὐ
2863 4279 3074 4345 θυσίαν,
3108 4283 3203 4335 καὶ
3237 4283 3538 4352 ἐπίγνωσιν
3571 4285 3736 4350 Θεοῦ,

2161 4365 2195 4433 ἢ
2217 4365 2662 4437 ὁλοκαυτώματα.

2241 4458 2383 4522 Ὀδὸς
2429 4459 2668 4513 εὐσεϐῶν
2720 4461 2905 4516 εὐθεῖα
2955 4461 3170 4529 ἐγένετο
3223 4464 3318 4517 καὶ
3376 4483 3733 4536 παρεσκευα-

2161 4551 2355 4619 σμένη.

2233 4643 2295 4694 ΟΞ
2349 4642 2592 4706 εὐσεϐεῖς
2645 4645 2838 4698 συνετὰ
2887 4646 3296 4713 ἐϐουλεύσαντο,
3355 4651 3452 4703 καὶ
3496 4651 3640 4726 αὕτη
3700 4658 3730 4722 ἡ

2162 4731 2329 4803 βουλὴ
2358 4736 2530 4802 μενεῖ.

2237 4843 2257 4876 ι
2298 4827 2358 4878 El
2420 4828 2532 4880 ἐστι
2581 4828 2752 4881 ποιῶν
2798 4830 3004 4898 πίστιν,
3043 4831 3200 4898 ίλεως
3253 4829 3451 4906 ἔσομαι
3486 4839 3661 4909 αὐτῷ,
3711 4857 3728 4890 ι

2159 4917 2308 4985 λέγει
2345 4919 2572 4988 Κύριος.

2246 5011 2594 5080 Ἀγαπήσατε
2657 5013 3025 5084 δικαιοσύνην,
3057 5019 3104 5068 οἱ
3152 5018 3432 5087 κρίνοντες
3467 5023 3572 5090 τὴν
3609 5026 3732 5091 γῆν,

2161 5105 2469 5170 φρυνήσατε,
2512 5105 2640 5171 περὶ
2674 5104 2767 5158 τοῦ
2806 5105 3009 5176 Κυρίου
3043 5109 3101 5160 ὲν
3140 5109 3438 5178 ἀγαθότητι
3478 5117 3729 5184 καρδίας.

2160 5195 2252 5244 καὶ
2301 5194 2637 5263 ἐκζητήσατε
2679 5198 2862 5252 αὐτόν.
2907 5198 3298 5268 Ἐμφανίζεται
3346 5204 3457 5275 γὰρ
3506 5209 3622 5270 τοῖς
3656 5207 3730 5277 μή

2161 5281 2482 5335 ἀπιστοῦσιν
2511 5285 2691 5340 αὐτόν.

2233 5374 2434 5436 linito;
2461 5375 2808 5448 δυνατωτέρα
2839 5381 2987 5457 ἐστιν
3013 5382 3046 5450 ὴ
3079 5382 3351 5438 εὐσέϐεια.

2230 5466 2516 5536 Θησαυρὸς
2546 5468 2883 5535 ἀδιάπτωτος
2915 5473 2948 5543 ή
2977 5472 3275 5531 θεοσέϐεια.

2229 5642 2526 5695 Πίστευσον
2553 5643 2629 5714 τῷ
2665 5644 2803 5714 Θεῷ,
2841 5648 2937 5700 xal.
2963 5649 3313 5720 ἀντιλήψεταί
3344 5669 3461 5709 σου.

2230 5739 2384 5798 Δὸσις
2419 5737 2624 5804 Κυρίου
2661 5739 2960 5804 παραμένει
2997 5741 3297 5797 εὐσεϐέσιν.
