3980 6188
253 257 287 319 7
293 256 367 318 69

326 369 590 439 Διήγησις
621 369 884 432 εὐσεϐοῦς
904 369 994 422 διὰ
1029 371 1229 431 παντὸς
1261 371 1442 438 σοφία.

341 455 432 506 Ἐν
462 455 691 524 στόματι
716 457 958 510 εὐσεϐῶν
986 458 1426 529 πληθυνοήσεται
1453 458 1765 529 ἄνθρωπος.

326 547 650 617 Ἀνθρωπος
681 549 912 616 εὐσεϐὴς
937 550 993 600 ἐν
1020 549 1186 620 σοφίᾳ
1229 550 1401 620 μένει,
1441 551 1519 612 ὡς
1546 552 1574 602 6
1599 553 1774 622 ἥλιος.

328 728 520 791 Πίστις
553 729 633 792 είς
655 728 752 782 τὸν
777 729 949 784 αίῶνα
981 732 1332 801 σταθήσεται.

339 820 512 890 Ἀμὴν
547 823 692 892 ἀμὴν
723 821 866 890 λέγω
891 825 1040 892 ὑμῖν,
1067 826 1160 878 ἐὰν
1182 826 1340 896 ἔχητε
1365 828 1552 880 πίστιν
1587 829 1661 889 ὡς
1693 829 1828 882 κόκ-

255 929 354 964 κον
389 913 675 976 σινάπεως,
718 913 896 980 ἐρεῖτε
932 914 1010 984 τῷ
1043 914 1159 986 ὄρει
1187 916 1364 987 τούτῳ
1387 935 1400 949 '
1425 916 1712 988 Μετάϐηθι
1745 923 1832 973 ὲν-

252 1005 448 1056 τεῦθεν
471 1005 604 1068 ἐκεῖ,
631 1005 723 1057 καὶ
751 1006 1149 1075 μεταϐήσεται.

342 1095 686 1164 ’Δποκριθεὶς
736 1097 795 1148 δὲ
844 1098 1056 1168 Πέτρος
1107 1094 1233 1152 εἷπε
1283 1101 1359 1170 τῷ
1415 1102 1629 1171 Ἰησοῖν
1697 1104 1829 1158 Ἰδοὺ

253 1190 420 1258 ἡμεῖς
450 1189 743 1258 ἀφήκαμεν
776 1191 977 1253 πάντα,
1011 1193 1106 1245 καὶ
1138 1192 1584 1264 ἠκολουθήσαμέν
1615 1212 1736 1249 σοι’
1775 1197 1831 1251 τί

254 1280 370 1348 ἄρα
420 1280 572 1332 ἔσται
641 1281 809 1350 ἡμῖνς
873 1281 934 1336 '0
989 1283 1046 1336 δὲ
1124 1284 1333 1353 Ἰησοῦς
1393 1283 1546 1342 εἶπεν
1605 1288 1826 1351 αὐτοῖς·

264 1389 284 1422 ε
331 1371 507 1440 ’Δμὴν
536 1371 682 1442 ἀμὴν
706 1372 850 1441 λέγω
879 1374 1030 1444 ὑμῖν,
1058 1376 1142 1430 ὅτι
1172 1377 1331 1447 ὑμεῖς
1353 1381 1402 1433 οί
1428 1381 1829 1452 ἀκολουθήσαν-

253 1462 349 1524 τές
381 1479 490 1531 μοι,
526 1463 584 1514 ὲν
608 1466 672 1533 τῇ
702 1463 1113 1538 παλιγγενεσία,
1138 1468 1267 1547 ὅταν
1296 1471 1494 1545 καθίσῃ
1525 1473 1554 1525 6
1582 1474 1710 1536 Υίὸς
1733 1472 1826 1526 τοῦ

257 1555 555 1625 ἀνθρώπου
608 1557 701 1610 ἐπὶ
754 1557 848 1610 τοῦ
893 1558 1084 1629 θρόνου
1127 1561 1285 1632 δόξης
1323 1561 1510 1630 αὑτοῦ,
1562 1567 1681 1620 τότε
1736 1567 1828 1620 καὶ

257 1647 422 1717 ὑμεῖς
473 1647 766 1702 καθίσεσθε
813 1650 907 1704 ἐπὶ
961 1651 1170 1707 δώδεκα
1226 1655 1450 1725 θρόνους
1477 1697 1492 1720 ,
1551 1658 1828 1728 κρίνοντες

1121 259 1287 318 LOCI
1329 259 1864 323 COMMUNES.“
1906 261 2102 320 PARS
2145 261 2196 322 Ι.
2240 261 2499 321 ΒΕΒΜΟ
2537 264 2588 324 Ι.

3400 271 3505 336 770

1856 387 1898 438 Α
2007 369 2170 425 Ereti.
2197 384 2368 425 xxvn.
2405 370 2488 428 Pii
2513 373 2687 429 oratio
2716 389 2864 429 mera
2894 387 2977 431 est
2998 377 3286 446 sapientia.

2006 459 2060 514 in
2091 475 2188 514 ore
2210 463 2420 527 piorum
2453 464 2904 532 multiplicabitur
2929 469 3076 524 laus.
3128 531 3140 540 λ

2007 553 2175 607 Eccli.
2201 570 2364 609 xxvu.
2393 553 2566 610 Homo
2589 557 2710 625 pius
2739 558 2792 612 in
2821 561 3090 630 sapientia
3112 575 3416 632 permanet
3447 575 3507 622 ttt

1933 645 2037 701 sol.
2097 675 2104 679 «

2003 734 2173 790 Eccli.
2195 750 2282 790 ιι..
2307 735 2466 793 Fides
2486 738 2539 792 in
2565 741 2824 795 saeculum
2857 746 3044 801 stabit.

2008 825 2197 880 Matth.
2231 843 2364 883 xvn.
2392 831 2560 886 Amen
2601 831 2725 886 dico
2753 835 2928 901 vobis,
2959 839 3004 891 si
3029 840 3320 895 habueritis
3343 841 3502 896 fidem

1934 923 1993 969 ut
2014 932 2238 986 granum
2257 919 2492 989 sinapis,
2523 921 2714 978 dicetis
2748 926 2922 979 monti
2947 929 3320 986 ltuictTransi
3354 933 3502 998 hinc,

1931 1016 1985 1062 et
2015 1008 2290 1063 transibit.

2003 1097 2197 1154 Matth.
2261 1117 2376 1158 xix.
2404 1101 2576 1168 ι’Ῑίιιιιι
2610 1108 2943 1174 respondens
2970 1110 3183 1179 Petrus,
3249 1115 3388 1170 dixit
3440 1119 3508 1172 ad

1928 1187 2112 1245 Jesum
2149 1210 2162 1246 :
2198 1193 2336 1248 Ecce
2368 1210 2468 1250 nos
2497 1197 2822 1264 reliquimus
2850 1202 3054 1264 omnia,
3087 1213 3141 1259 et
3187 1208 3357 1261 secuti
3416 1223 3509 1262 su-

1932 1296 2055 1336 mus
2085 1289 2137 1337 te
2167 1301 2180 1337 :
2213 1283 2344 1352 quid
2373 1302 2503 1356 ergo
2541 1287 2646 1340 erit
2680 1290 2834 1344 nobis
2859 1290 2884 1343 ?
2907 1289 3069 1348 Jesus
3121 1304 3302 1349 autem
3365 1297 3506 1351 dixit

1929 1371 2274 1428 illiszAmen
2299 1374 2424 1428 dico
2453 1377 2802 1446 vobis,-quod
2839 1395 2956 1446 vos,
2998 1383 3090 1451 qui
3136 1386 3308 1439 secuti
3371 1387 3507 1442 estis

1929 1477 2037 1524 me,
2073 1463 2125 1516 in
2162 1467 2587 1533 regeneratione,
2619 1484 2742 1524 cum
2801 1472 3003 1527 sederit
3049 1474 3223 1530 Filius
3273 1478 3508 1534 hominis

1930 1553 1984 1606 in
2011 1554 2138 1608 sede
2169 1553 2468 1624 majestatis
2499 1573 2630 1623 snaz,
2657 1559 2918 1618 sedebitis
2941 1575 2993 1618 et
3024 1579 3122 1618 vos
3147 1580 3315 1633 super
3345 1568 3503 1622 s'edrs

1928 1643 2239 1710 duodecim,
2273 1647 2579 1715 iudicantes
2640 1651 2926 1708 duodecim
2991 1655 3168 1711 tribus
3227 1657 3410 1712 Israel.
3445 1661 3509 1714 Et

255 1738 359 1800 τὰς
381 1737 585 1791 δώδεκα
609 1739 779 1804 φυλὰς
797 1739 891 1793 τοῦ
932 1742 1168 1812 Ἰσραήλ.
1193 1720 1302 1799 κει
1321 1748 1426 1809 πᾶς
1444 1720 1601 1813 ὅστις.
1618 1720 1828 1818 ἀφῆκεν

1959 1737 2104 1792 νιιιιιίε
2132 1738 2223 1807 qui
2248 1741 2528 1810 reliquerit
2555 1742 2772 1808 domos,
2792 1753 2886 1799 aut
2911 1747 3126 1811 fratres,
3148 1756 3240 1803 aut
3263 1765 3505 1812 sorores,

252 1829 475 1893 οἰκίαν,
505 1829 536 1898 ἡ
568 1830 873 1898 ἀδελφοὺς,
923 1832 956 1901 ἢ
1002 1833 1253 1903 ἀδελφὰς,
1289 1835 1321 1906 ἢ
1361 1838 1593 1908 πατέρα,
1644 1839 1678 1910 ἢ
1719 1857 1828 1910 μη-

253 1921 417 1990 τέρα,
465 1919 500 1990 ἦ
533 1922 788 1989 γυναῖκα,
846 1923 879 1992 ἢ
924 1924 1180 1994 τέκνα,ἢ
1236 1928 1440 1998 ἀγροὺς
1487 1931 1676 1983 ἕνεκεν
1732 1930 1827 1984 τοῦ

253 2012 529 2082 ὀνόματός
563 2030 689 2084 μου,
723 2015 1256 2073 ἑκατονταπλασίονα
1284 2020 1534 2090 λήψεται,
1564 2023 1658 2076 καὶ
1683 2022 1828 2092 ζωὴν

253 2102 477 2157 αίώνιον
507 2104 606 2172 κλη
616 2107 755 2176 ρομή
765 2122 867 2161 σει.
910 2125 930 2160 ι

329 2195 520 2260 Οῦτως
541 2198 829 2268 ἠγάπησεν
855 2202 882 2254 ὁ
902 2199 1032 2266 Θεὸς
1049 2201 1143 2255 τὸν
1165 2203 1388 2272 κόσμον,
1411 2205 1550 2258 ὥστε
1580 2207 1672 2261 τὸν
1701 2208 1828 2261 Υίὸν

253 2286 427 2340 αὐτοῦ
464 2287 556 2350 τὸν
585 2288 851 2360 μονογενῆ
874 2290 1098 2358 ἔδωκεν,
1133 2293 1219 2348 ἵνα
1248 2296 1356 2358 πᾶς
1388 2299 1416 2350 6
1455 2297 1726 2352 πιστεύων
1748 2301 1827 2362 εἰς

256 2379 428 2432 αὐτὸν
459 2380 535 2451 μὴ
563 2381 854 2452 ἀπόληται.

332 2490 354 2525 ε
397 2472 461 2527 Ὀ
489 2474 762 2530 πιστεύων
791 2477 871 2540 είς
904 2477 1029 2546 ἐμὲ,
1069 2479 1138 2532 τὰ
1163 2480 1300 2548 ἔργα
1323 2480 1368 2534 ἃ.
1388 2482 1499 2548 ἐγὼ
1531 2482 1689 2547 ποιῶ,
1732 2484 1832 2536 κὰ-

256 2565 436 2626 κεῖνος
464 2565 703 2635 ποιήσει,
737 2567 832 2621 καὶ
871 2569 1098 2636 μείζονα
1122 2570 1330 2623 τούτων
1363 2573 1606 2642 ποιήσει.
1636 2593 1656 2625 ι

338 2673 358 2706 ι
395 2655 674 2732 Μακάριοι
698 2658 747 2710 oi
782 2658 855 2728 μὴ
885 2659 1085 2722 ἰδόντες
1109 2661 1202 2714 καὶ
1232 2664 1643 2728 πιστεύσαντες.
1696 2683 1716 2717 ι

343 2747 473 2801 Ἐὰν
495 2749 843 2822 ὁμολογήσῃς
871 2753 932 2806 ἐν
972 2753 1052 2822 τῷ
1087 2756 1314 2826 στόματί
1359 2775 1476 2824 σου,
1515 2759 1597 2812 ὅτι
1629 2759 1826 2829 Κύριος

269 2837 480 2907 Ἰησοῦς
511 2840 770 2910 Χριστὸς,
800 2844 896 2898 καὶ
929 2846 1230 2919 πιστεύσῃς
1271 2850 1330 2904 ὲν
1363 2853 1426 2921 τῇ
1463 2851 1663 2922 καρδίᾳ
1709 2869 1826 2918 σου,

253 2931 344 2984 δτι
374 2932 402 2984 6
430 2931 562 2996 Θεὸς
589 2933 811 3005 ἤγειρεν
839 2935 1002 2990 αὑτὸν
1035 2939 1097 2992 ἐκ
1126 2941 1358 3010 νεκρῶν,
1391 2942 1631 3016 σωθήσῃ.
1681 2945 1828 3016 Καρο

255 3021 350 3093 δίᾳ
379 3025 489 3093 γὰρ
534 3025 852 3082 πιστεύεται
900 3030 984 3092 είς
1046 3030 1429 3104 δικαιοσύνην,
1488 3037 1716 3106 στόματι
1770 3038 1826 3090 δὲ
1855 3072 1896 3128 C

253 3114 606 3182 ὁμολογεῖται
634 3118 714 3180 είς
741 3120 1039 3190 σωτηρίαν.
1471 3171 1475 3174 .

346 3208 434 3261 Ἐν
465 3209 687 3280 Χριστῷ
731 3211 906 3281 Ἰησοῦ
939 3213 1066 3268 οὔτε
1104 3219 1372 3288 περιτομή
1405 3217 1460 3271 τί
1493 3220 1660 3284 ἐστιν,
1703 3220 1827 3274 οὔτε

254 3299 618 3369 ἀκροϐυστία,
652 3303 787 3356 ἀλλὰ
819 3304 1000 3369 πίστις
1025 3307 1094 3361 δι’
1126 3309 1345 3376 ἀγάπης
1373 3312 1762 3383 ἐνεργουμένη.

333 3395 492 3447 Ἐστι
535 3394 594 3447 δὲ
626 3395 808 3460 πίστις
853 3399 1222 3469 ἐλπιζομένων
1249 3403 1544 3468 ὑπόστασις
1571 3407 1830 3477 πραγμά-

253 3503 392 3550 των,
423 3486 644 3557 ἐλεγχος
667 3488 726 3542 οὐ
759 3488 1131 3560 βλεπομένων.

335 3663 518 3730 Χωρὶς
545 3664 783 3729 πίστεως
811 3665 1073 3721 ἀδύνατον
1104 3671 1499 3740 εὐαρεστῆσαι.
1535 3673 1830 3729 Πιστεῦσαι

257 3759 371 3825 γὰρ
399 3756 483 3842 δεζ
512 3757 603 3810 τὸν
632 3760 1070 3829 προσερχόμενον
1105 3762 1182 3832 τῷ
1250 3755 1389 3835 Θεῷ,
1425 3766 1506 3819 ὅτι
1551 3765 1690 3835 ἐστι,
1738 3767 1831 3822 καὶ

257 3851 373 3912 τοῖς
407 3850 731 3920 ἐκζητοῦσιν
761 3853 926 3907 αὐτὸν
955 3854 1356 3927 μισθαποδότης
1383 3859 1619 3928 γίνεται.

334 4026 534 4096 Χάριτί
557 4029 677 4080 ἐστε
710 4032 1064 4099 σεσωσμένοι.

337 4120 586 4192 Γύμναζε
617 4123 843 4174 σεαυτὸν
892 4123 1029 4192 πρὸς
1059 4122 1362 4178 εὐσέϐειαν.
1410 4122 1476 4176 Ἥ
1508 4123 1614 4192 γὰρ
1643 4139 1832 4193 σωμα-

260 4215 391 4284 τικὴ
439 4214 716 4285 γυμνασία
751 4213 891 4285 πρὸς
924 4214 1106 4281 ὀλίγον
1150 4213 1298 4266 ἐστὶν
1334 4211 1645 4283 ἀιφέλιμοςο
1698 4215 1731 4282 ἡ
1775 4212 1832 4265 δὲ

262 4305 522 4360 εὐσέῦεια
567 4305 704 4374 πρὸς
748 4307 924 4359 πάντα
970 4306 1247 4376 ὠφέλιμός
1289 4309 1458 4370 ἐστιν,
1503 4306 1833 4374 ἐπαγγελίαν

263 4398 462 4467 ἔχουσα
487 4397 633 4468 ζωῆς
659 4397 757 4466 τῆς
781 4397 876 4451 νῦν
905 4399 997 4450 καὶ
1033 4398 1133 4465 τῆς
1164 4398 1487 4468 μελλούσης·

345 4488 412 4542 Ἦ
442 4487 624 4551 πίστις
653 4490 747 4542 ἐὰν
777 4489 854 4558 μὴ
885 4488 984 4562 ἔχῃ
1009 4488 1166 4559 ἔργα,
1194 4491 1365 4561 νεκρά
1397 4492 1516 4544 ἐστι
1549 4489 1673 4544 καθ’
1704 4491 1835 4610 6:0-

262 4576 388 4643 τήν.

342 4668 688 4722 Σπουδάσατε
741 4669 831 4722 διὰ
859 4670 974 4728 τῶν
996 4671 1179 4726 καλῶν
1207 4671 1386 4744 ἔργων
1429 4657 1656 4745 βεϐαίαν
1679 4676 1834 4745 ὑμῶν

263 4761 362 4830 τὴν
395 4758 592 4828 κλῆσιν
650 4762 746 4814 καὶ
796 4761 1026 4833 ἐκλογὴν
1073 4765 1428 4834 ποιήσασθαι.
1486 4765 1673 4830 Οὕτως
1725 4768 1836 4839 γὰρ

266 4855 400 4922 ἡμῖν
435 4853 707 4917 πλουσίως
763 4856 1302 4928 ἐπιχορηγηθήσεται.
1331 4860 1365 4928 ἡ
1397 4859 1600 4924 εἴσοδος
1630 4863 1711 4922 είς
1735 4863 1836 4932 τὴν

265 4944 488 4996 αἰώνιον
539 4944 822 5013 βασιλείαν
875 4947 973 5002 τοῦ
1009 4949 1214 5019 Κυρίου
1267 4951 1427 5021 ἡμῶν
1489 4952 1666 5022 Ἰησοῦ
1695 4956 1836 5025 Χρι-

266 5051 418 5088 στου.

339 5125 553 5196 Ὥσπερ
583 5129 631 5180 oi
667 5127 960 5196 βλέποντες
978 5129 1040 5183 τὺ
1069 5131 1183 5199 φῶς
1211 5132 1360 5196 ὲντός
1381 5135 1485 5187 είσι
1514 5135 1610 5188 τοῦ
1633 5138 1833 5204 φωτὸς,

263 5219 361 5270 καὶ
395 5220 495 5288 τῆς
525 5220 913 5291 λαμπρότητος
964 5222 1130 5276 αὑτοῦ
1181 5225 1536 5295 μετέχουσιν·
1585 5227 1754 5291 οὕτως
1785 5229 1835 5281 oi

264 5309 562 5375 βλέποντες
605 5312 700 5366 τὸν,
721 5312 855 5368 Θεὸν
890 5316 1042 5378 ἐντὸς
1072 5319 1311 5384 γίνονται
1341 5317 1438 5370 τοῦ
1471 5319 1630 5380 Θεοῦ,
1674 5321 1835 5387 μετέ-

263 5417 456 5470 χοντες
483 5403 648 5456 αὑτοῦ
679 5405 771 5474 τῆς
811 5406 1218 5479 λαμπρότητος.
1267 5411 1420 5478 Ζωῆς
1448 5410 1543 5464 οὖν
1580 5411 1836 5481 μεθέξον-

263 5509 355 5544 σιν
387 5493 436 5543 οί
463 5493 700 5561 ὁρῶντες
733 5497 887 5550 Θεόν.

339 5583 530 5646 Πίστις
561 5588 798 5654 ἡγείσθω
831 5588 938 5642 τῶν
967 5591 1095 5662 περὶ
1122 5591 1258 5646 Θεοῦ
1285 5591 1487 5658 πὸγων⁸
1520 5593 1724 5657 πίστις,
1745 5597 1839 5648 καὶ

265 5674 349 5746 μὴ
382 5675 688 5744 ἀπόδειξις*
725 5680 908 5747 πίστις
933 5685 967 5754 tl)
1001 5683 1142 5755 ὑπὲρ
1169 5686 1266 5750 τὰς
1297 5685 1518 5755 λογικὰς
1557 5688 1835 5757 μεθόδους,

1926 1838 2019 1884 aut
2042 1840 2274 1900 patrem,
2309 1843 2404 1886 aut
2427 1842 2674 1898 matrem,
2704 1845 2801 1890 aut
2824 1835 2984 1903 ﬁlios,
3018 1850 3110 1891 aut
3146 1856 3306 1907 agros
3376 1857 3504 1909 pro-

1929 1933 2047 1993 pter
2090 1938 2286 1979 nomen
2351 1940 2556 1992 meum,
2603 1929 2914 1998 centuplum
2979 1931 3228 2001 accipiet,
3277 1941 3329 1988 et
3387 1935 3508 1988 vita:

1925 2027 2139 2069 aeternae
2169 2016 2428 2071 sortietur
2458 2017 2858 2078 hatreditatem.

1993 2191 2151 2246 Joan.
2189 2209 2272 2250 ιιι.
2307 2193 2399 2250 Sic
2438 2194 2582 2254 Deus
2633 2199 2824 2256 dilexit
2873 2202 3162 2268 mundum,
3219 2214 3278 2259 ut
3308 2203 3502 2260 Filium

1925 2296 2082 2336 suum
2104 2287 2438 2354 unigenitum
2464 2288 2636 2356 daret,
2655 2300 2715 2348 ut
2738 2295 2920 2350 omnis
2948 2297 3043 2366 qui
3065 2297 3238 2353 credit
3262 2299 3313 2352 in
3349 2315 3498 2364 cum,

1926 2374 1980 2427 in
2017 2378 2253 2432 tenebris
2272 2392 2376 2433 non
2395 2392 2633 2438 maneat.

1993 2467 2154 2523 ⁸ίοαιι.
2185 2486 2300 2526 xiv.
2331 2473 2430 2539 Qui
2457 2476 2633 2530 credit
2655 2476 2709 2532 in
2730 2492 2839 2544 me,
2863 2495 3034 2550 opera
3061 2499 3184 2552 qua:
3207 2500 3308 2556 ego
3337 2487 3502 2555 facio,

1927 2571 1980 2614 et
2006 2561 2119 2629 ipse
2149 2561 2334 2627 faciet,
2365 2573 2418 2618 et
2443 2567 2646 2637 majora
2674 2570 2759 2627 his
2784 2571 2972 2628 faciet.

1998 2651 2158 2709 Jurm.
2190 2671 2278 2710 xx.
2305 2657 2452 2712 Beati
2480 2659 2570 2728 qui
2593 2676 2702 2716 non
2721 2663 2994 2731 viderunt,
3023 2675 3081 2723 et
3132 2671 3505 2729 crediderunt.

2001 2744 2158 2800 Rom.
2196 2762 2250 2802 ι.
2287 2747 2344 2802 Si
2377 2751 2664 2814 confessus
2708 2753 2878 2812 fueris
2923 2773 3018 2815 ore
3079 2771 3175 2817 tuo
3218 2764 3503 2818 Dominum

1927 2835 2114 2892 Jesum
2143 2839 2448 2907 Christum,
2478 2853 2532 2898 et
2558 2847 2860 2904 credideris
2885 2850 2944 2906 in
2967 2854 3131 2910 corde
3185 2867 3302 2921 tuo,
3357 2860 3504 2926 quod

1931 2929 2070 2984 Deus
2110 2931 2262 2985 illum
2294 2935 2553 2990 excitavit
2577 2955 2605 2990 ιι
2645 2941 2895 3007 mortuis,
2950 2944 3273 3003 salvaberis.
3329 2948 3508 3006 Corde

1929 3021 2074 3074 enim
2103 3022 2344 3076 creditur
2366 3024 2432 3078 ad
2443 3024 2736 3094 justitiam,
2762 3044 2858 3084 ore
2886 3043 3067 3088 autem
3122 3036 3182 3091 fit
3234 3039 3509 3096 confessio

1931 3111 1998 3165 ad
2033 3112 2286 3168 salutem.

2004 3201 2184 3257 Galat.
2213 3220 2265 3259 ν.
2299 3205 2356 3261 In
2393 3207 2612 3266 Christo
2642 3211 2770 3269 Jesu
2805 3231 2905 3272 nec
2933 3216 3279 3276 circumcisio
3307 3233 3510 3281 estnec

1933 3297 2280 3363 praeputium,
2307 3299 2401 3353 sed
2425 3301 2558 3358 fides
2598 3319 2693 3372 per
2724 3307 3048 3365 charitatem
3081 3327 3339 3382 operans.

2006 3387 2174 3446 Hebr.
2204 3407 2279 3446 ιι.
2337 3391 2433 3448 Est
2479 3406 2657 3453 autem
2711 3400 2842 3458 fides
2894 3418 3075 3459 rerum
3120 3412 3506 3476 spe-randarum

1933 3481 2332 3551 substantia,et
2353 3499 2729 3558 argumentum
2760 3507 2974 3562 eorum,
2995 3512 3116 3565 qua:
3162 3515 3266 3555 non
3320 3504 3508 3558 viden-

1934 3585 2044 3632 tur.

2001 3666 2140 3722 Ibid.
2172 3667 2298 3723 Sine
2332 3671 2433 3724 fide
2462 3674 2573 3728 fieri
2602 3690 2706 3731 non
2731 3687 2998 3746 putest,ut
3019 3682 3139 3747 quis
3169 3684 3239 3737 illi
3275 3686 3504 3752 pluerat.

1932 3755 2066 3811 Nam
2093 3760 2196 3827 qui.
2226 3763 2517 3817 acceditad
2551 3765 2738 3831 Deum,
2802 3768 2945 3823 hunc
2995 3775 3215 3827 credere
3271 3791 3506 3847 oportet,

1936 3851 2078 3920 quod
2102 3852 2246 3907 Deus
2263 3856 2358 3920 sit,
2381 3865 2438 3910 et
2459 3858 2605 3924 quod
2638 3870 3014 3916 remutterator
3040 3864 3108 3918 sit
3135 3873 3506 3937 qua-rentibus

1933 3946 1986 4016 3
2023 3946 2220 4013 ipsum.

2009 4038 2202 4106 Ephes.
2232 4055 2293 4094 tt.
2312 4040 2497 4096 Gratia
2526 4045 2658 4100 estis
2682 4047 2902 4103 servati.

2007 4129 2037 4184 Ι
2065 4131 2200 4187 Tim.
2228 4148 2301 4187 tv.
2329 4134 2530 4190 Exerce
2553 4139 2893 4209 temetipsum
2929 4142 2995 4195 ad
3043 4144 3316 4213 pietatem.
3371 4149 3504 4210 Nam

1936 4228 2236 4296 corporalis
2266 4232 2587 4286 exercitatio
2623 4235 2903 4303 paululum
2937 4237 3094 4294 habet
3127 4244 3380 4301 utilitatis
3411 4265 3426 4301 :
3452 4259 3508 4304 at

1937 4319 2108 4388 pietas
2148 4322 2213 4373 ad
2244 4322 2426 4377 omnia
2456 4325 2602 4380 utilis
2636 4336 2738 4389 est,
2767 4336 2824 4380 ut
2849 4344 2974 4400 quae
2998 4335 3387 4402 promissiones
3411 4343 3504 4396 ha-

1864 4421 1908 4475 n
1938 4411 2064 4466 beat
2095 4413 2216 4467 vitae
2240 4419 2520 4482 praesentis
2549 4426 2606 4472 et
2628 4418 2843 4474 futurae.

2003 4505 2188 4562 Jacob.
2217 4507 2472 4578 u.Fides,
2499 4511 2545 4565 si
2576 4512 2716 4567 facta
2743 4528 2846 4567 non
2877 4516 3150 4589 habuerit,
3193 4533 3405 4580 mortua
3428 4541 3510 4583 est

1938 4611 2033 4666 per
2065 4613 2142 4652 se.

2008 4687 2068 4742 ΙΙ
2097 4689 2240 4745 Petr.
2275 4708 2311 4746 ι.
2361 4691 2588 4762 Operam
2619 4696 2764 4760 date,
2796 4710 2852 4752 ut
2881 4705 3221 4760 vocationem
3291 4720 3342 4763 ct
3397 4713 3507 4767 cle-

1937 4780 2170 4834 ctionem
2195 4793 2427 4836 veStram
2450 4783 2661 4839 ﬁrmam
2683 4787 2944 4846 eiliciatis.
2969 4795 3245 4863 Siquidem
3271 4800 3334 4854 ad
3363 4800 3508 4858 hunc

1940 4871 2158 4926 modum
2189 4873 2400 4926 abunde
2432 4877 2936 4936 sulnninistrabitur
2957 4885 3110 4938 vnbis
3140 4887 3394 4947 introitus
3457 4895 3508 4948 in

1946 4973 2210 5019 attentum
2245 4969 2695 5036 reguumDomini
2734 4975 2907 5028 nostri
2933 4974 3060 5031 Jesu
3085 4977 3309 5036 Christi.

2010 5140 2221 5198 Irenwi.
2248 5142 2711 5209 Quemadmodum
2741 5151 2830 5218 qui
2868 5153 3044 5209 lumen
3077 5157 3374 5224 intuentur,
3431 5164 3508 5215 in-

1941 5244 2022 5288 tra
2055 5235 2234 5288 lumen
2268 5247 2395 5290 sunt
2446 5252 2517 5290 ac
2558 5239 2675 5307 ejus
2725 5243 3015 5310 splendore
3064 5248 3362 5318 fruuntur;
3426 5257 3506 5312 sic

1939 5327 2030 5397 qui
2068 5326 2233 5380 Deum
2264 5327 2469 5392 vident,
2505 5329 2644 5385 intra
2682 5333 2848 5389 Deum
2878 5339 3174 5405 exsistunt,
3211 5343 3509 5409 splendoris

1940 5417 2111 5486 ipsius
2139 5417 2450 5488 participes.
2475 5418 2612 5474 Vita:
2657 5439 2788 5494 ergo
2842 5428 3133 5496 participes
3179 5440 3358 5494 erunt,
3415 5435 3507 5501 qui

1941 5508 2106 5561 Deum
2129 5509 2351 5561 vident;

2007 5597 2222 5653 Basilii.
2251 5599 2409 5654 Fides
2443 5617 2653 5669 eorum,
2690 5620 2808 5673 qua:
2841 5606 2907 5660 de
2939 5605 3350 5674 Deodicuntur,
3401 5612 3508 5676 dux

1939 5691 2010 5747 sit
2036 5707 2054 5761 ς
2089 5690 2240 5760 fides,
2278 5703 2331 5747 et
2363 5706 2470 5748 non
2503 5695 2931 5768 demonstratio;
2963 5699 3115 5768 tldes,
3145 5716 3265 5772 qua:
3291 5716 3509 5767 omnem
