3980 6188
467 259 573 323 771
1729 254 2052 318 ΔΝἸὈΝΙΙ
2082 254 2428 315 ΜΕΙΛΞΒᾹΞ
3629 257 3739 320 772

467 372 697 428 rationis
724 369 1042 426 methodum
1057 384 1326 439 superans
1362 375 1596 425 mentem
1627 370 1693 424 ad
1719 383 2039 425 consensum

2167 371 2254 440 τὴν
2289 371 2470 441 ψυχὴν
2515 371 2595 435 είς
2639 371 3042 439 συγκατάθεσιν
3087 371 3358 425 ἕλκουσα·
3398 372 3583 435 πίστις
3617 367 3739 442 οὐχὶ

466 481 522 527 et
555 468 997 540 approbationem
1032 465 1216 520 trahit.
1252 463 1436 529 Fides,
1466 466 1714 528 inquam,
1769 479 1878 517 non
1921 478 2038 532 geo-

2171 464 2561 531 γεωμετρικαῖς
2609 463 2904 530 ἀνάγκαις,
2934 463 3071 517 ἀλλά
3099 465 3222 527 ταῖς
3267 463 3366 516 τοῦ
3418 464 3743 535 Πνεῦματος

470 564 694 618 metiica
720 561 903 630 aliqua
929 557 1272 622 necessitate,
1324 558 1418 611 sed
1468 555 1705 626 Spiritus
1751 554 1943 610 eﬁ‘ectu
1999 563 2042 609 et

1324 558 1418 611 sed
1468 555 1705 626 Spiritus
1751 554 1943 610 eﬁ‘ectu
1999 563 2053 609 et
2157 554 2461 624 ἐνεργείαις
2492 556 2849 626 ἐγγινομένη.

470 655 788 727 operatione
843 652 1043 707 animis
1095 650 1412 703 innascens.

543 743 853 814 Theologia:
894 740 1212 812 mysterium
1243 739 1365 794 ﬁdei
1399 738 1536 792 nihil
1580 738 1812 793 sollicite
1870 736 2054 806 inqui-

2230 731 2304 784 Τδ
2328 733 2425 801 τῆς
2453 731 2732 801 θεολογίας
2769 735 3069 805 μυστήριον
3093 734 3192 805 τὴν
3221 737 3286 789 ἐκ
3318 736 3420 804 τῆς
3478 738 3748 791 ἀϐασανί-

476 837 646 893 reutis
712 833 1089 890 assensionem
1151 830 1401 900 requirit.
1468 831 1635 883 Deum
1701 830 1848 884 enim
1909 845 2032 884 esse

2173 840 2288 877 ςτου
2345 827 2584 888 πίστεως
2641 827 2892 896 ἐπιζητεῖ
2951 829 3380 895 συγκατάθεσιν.
3443 832 3745 885 Πιστεῦσαι

475 931 700 984 omnino
731 926 1062 981 credendum
1095 934 1217 988 est;
1250 923 1381 992 quid
1415 918 1544 976 vero
1573 922 1664 976 ille
1699 925 1790 987 sit,
1852 938 2047 992 neqna~

2159 915 2270 985 γάρ
2297 916 2378 968 δεῖ
2402 917 2484 968 ὄτι
2513 917 2629 969 ἔστι
2669 917 2824 984 Θεὸς,
2857 919 2978 990 οὐχὶ
3010 920 3248 990 ζητῆσαι
3284 921 3379 975 καὶ
3407 921 3731 993 λογομαχῆ·

473 1035 638 1089 quam
673 1017 949 1088 inquirere
977 1026 1070 1068 aut
1101 1014 1381 1083 disputare
1406 1013 1684 1067 convenit.
1732 1011 1976 1082 Denique
2008 1013 2045 1066 si

2169 1022 2254 1058 σαι
2277 1007 2360 1073 τὸ,
2397 1007 2448 1059 τί
2490 1009 2627 1061 ἐστι.
2656 1009 2767 1061 Καὶ
2797 1009 2933 1071 ὅλως
2966 1012 3015 1063 εί
3045 1013 3078 1082 ή
3114 1013 3304 1076 πίστις
3334 1015 3486 1067 ἐστὶν
3519 1016 3741 1079 ἐλπιζο-

478 1113 611 1167 ﬁdes
633 1127 821 1165 earum
858 1125 1069 1172 rerum,
1103 1122 1227 1176 qua:
1247 1113 1555 1175 sperantur,
1589 1105 1892 1160 substantia
1950 1115 2050 1171 est,

2169 1097 2345 1167 μένων
2369 1099 2672 1163 ὑπόστασις
2700 1103 3068 1171 πραγμάτων,
3110 1104 3335 1175 ἔλεγχος
3364 1107 3426 1160 οὑ
3462 1095 3741 1178 βλῗεπομὲ-

476 1216 527 1262 et
555 1211 936 1276 argumentum
971 1215 1160 1256 eorum
1203 1214 1322 1269 qua:
1348 1213 1457 1252 non
1483 1207 1770 1269 apparent,
1807 1211 1873 1251 ne
1920 1213 2048 1251 con-

2170 1205 2288 1250 νων,
2311 1188 2385 1256 μὴ
2415 1189 2710 1254 φιλονείκει
2742 1191 2871 1245 ἰδεῖν
2893 1193 2996 1264 ἠδη
3020 1197 3090 1248 τά
3109 1199 3331 1266 μακρὰν
3347 1199 3742 1268 ἀπῳκισμένα,

482 1300 722 1354 tenderis
753 1311 816 1351 ea
848 1309 995 1349 nunc
1016 1293 1221 1355 videre,
1264 1305 1382 1358 qua:
1412 1289 1603 1359 procul
1664 1288 1874 1342 dissita'
1905 1297 2054 1351 sunt,

2171 1279 2307 1349 μήτε
2337 1280 2405 1331 τὰ
2433 1279 2768 1351 ἐλπιζόμενα
2798 1284 3084 1353 ἀμφίϐολα
3129 1290 3509 1363 καταστήσῃς,
3559 1292 3653 1344 διά
3688 1293 3743 1344 τὸ

479 1403 653 1458 neque
677 1388 728 1440 in
758 1385 982 1440 dubium
1014 1381 1226 1436 vocaris
1241 1395 1302 1435 ea
1331 1395 1453 1449 quae
1481 1386 1788 1448 sperantur,
1823 1392 1888 1432 eo
1913 1375 2051 1446 quod

2172 1373 2336 1440 μήπω
2382 1373 2565 1427 αὑτῶν
2616 1373 2880 1429 δύνασθαι
2913 1379 3058 1433 κατὰ
3103 1379 3202 1450 τὴν
3243 1381 3451 1450 γνῶσιν
3500 1385 3744 1452 ἐφάπτε-

478 1481 595 1548 ipsa
628 1475 938 1547 cognitione
968 1472 1209 1526 nondum
1242 1470 1458 1539 assequi
1490 1483 1682 1536 queas.
2168 1465 2317 1517 σθαι.

549 1570 711 1644 Fides
744 1579 830 1624 est
857 1579 1120 1622 assensus
1149 1564 1215 1618 de
1265 1563 1332 1616 iis
1391 1575 1512 1629 quae
1559 1559 1744 1613 auditu
1793 1557 2058 1628 percepit,

2238 1556 2425 1619 Πίστις
2470 1559 2587 1611 ἐστὶ
2637 1559 3037 1626 συγκατάθεσις
3069 1561 3386 1634 ἀδιάκριτος
3417 1566 3529 1618 τῶν
3575 1567 3742 1622 ἀκου-

479 1666 614 1720 nihil
644 1664 946 1731 ambigens,
976 1674 1098 1714 cum
1125 1665 1274 1711 certe
1296 1651 1658 1724 persuasione
1686 1649 1930 1704 veritatis
1967 1665 2051 1702 ca-

2173 1647 2406 1701 σθέντων
2430 1651 2487 1702 ὲν
2517 1651 2859 1723 πληροφορίᾳ
2882 1654 2982 1722 τῆς
3003 1654 3280 1723 ἀληθείας,
3302 1657 3412 1709 τῶν
3434 1659 3745 1729 κηρυχθέν-

481 1775 598 1813 rum
630 1725 834 1820 reruni,
865 1767 996 1822 qua;
1017 1750 1108 1804 Dei
1142 1748 1314 1818 gratia
1341 1745 1646 1815 praedicata:
1678 1753 1825 1798 sunt.
1891 1740 2053 1810 Hujus

2171 1757 2274 1791 των
2326 1741 2460 1794 Θεοῦ
2537 1745 2743 1813 χάριτι,
2795 1745 2992 1828 ᾕντινα
3060 1748 3374 1812 ἐπεδείξατο
3448 1725 3743 1822 ’Ᾰόρ-αάμ,

481 1849 790 1918 exemplum
823 1855 919 1899 aut
974 1842 1252 1912 specimen
1307 1836 1554 1891 exhibuit
1612 1835 1909 1898 Abraham,
1971 1840 2053 1900 qui

2171 1833 2578 1903 μαρτυρηθεὶς,
2628 1837 2711 1888 ὅτι
2771 1838 2832 1889 οὑ
2885 1837 3129 1908 διεκρίθη
3180 1843 3245 1911 τῇ
3297 1843 3567 1912 ἀπιστίᾳ,
3623 1845 3739 1898 ἀλλ’

479 1944 632 2011 juxta
661 1939 956 2006 Scriptura“:
995 1930 1363 1986 testimonium
1388 1943 1494 1980 non
1525 1926 1791 1980 dubitavit
1837 1939 1933 1994 per
1989 1924 2051 1977 in-

2176 1923 2547 1996 ἐνεδυναμώθη
2599 1929 2666 1998 τῇ
2717 1926 2934 1993 πίστει,
2987 1930 3112 1992 δοὺς
3160 1929 3318 1996 δόξαν
3362 1932 3443 2002 τῷ
3476 1933 3620 2004 Θεῷ,
3651 1938 3748 1991 καὶ

483 2031 882 2092 credulitatem,
912 2024 1006 2080 sed
1054 2023 1157 2076 ﬁde
1185 2019 1541 2074 conﬁrmatus
1571 2025 1675 2082 est,
1705 2015 1813 2069 Deo
1839 2014 2055 2086 gloriam

2173 2014 2610 2087 πληροφορηθεὶς
2639 2019 2720 2072 ὅτι
2749 2019 2779 2072 ὃ
2811 2021 3149 2091 ἐπήγγελται
3179 2023 3329 2088 Θεὸς,
3365 2024 3591 2090 δυνατός
3627 2029 3745 2082 ἐστι

487 2123 757 2185 tribuens,
787 2129 840 2174 et
867 2129 1014 2172 certa
1064 2113 1233 2168 animi
1287 2109 1487 2165 ﬁducia
1549 2123 1862 2178 persuasus,
1920 2104 2059 2176 quod

963 2129 1014 2170 ta
1064 2113 1233 2168 animi
1287 2109 1487 2165 ﬁducia
1549 2123 1862 2178 persuasus,
1920 2104 2067 2176 quod
2170 2113 2264 2165 καὶ
2294 2113 2535 2181 ποιῆσαι.

485 2230 607 2285 quae
633 2209 884 2283 promisit
913 2208 1078 2272 Deus,
1107 2204 1296 2259 eadem
1328 2210 1381 2258 et
1411 2209 1668 2271 praestare
1700 2200 1892 2268 possit.

556 2305 714 2375 Greg.
737 2299 1142 2367 Thaumaturgi.
1168 2296 1500 2366 Praecipuum
1525 2292 1742 2361 pietatis
1770 2304 1957 2344 curam
1977 2289 2067 2343 ha-

2243 2289 2543 2355 Εὑσεόείας
2570 2291 2664 2344 ἐπὶ
2695 2293 2832 2347 πᾶσι
2863 2297 3234 2365 φροντιστέον,
3270 2301 3336 2370 ἢν
3365 2301 3586 2373 μητέρα
3617 2307 3749 2373 φασὶ

488 2399 614 2453 bere
646 2391 922 2455 convenit,
957 2401 1122 2458 quam
1153 2400 1262 2439 non
1309 2383 1584 2438 immerito
1642 2382 1899 2434 virtutum
1965 2394 2060 2448 pa-

2178 2383 2282 2437 τῶν
2315 2383 2547 2454 ἀρετῶν,
2577 2385 2752 2454 ὀρθῶς
2777 2385 3048 2454 λέγοντες.
3083 2389 3234 2462 Αὕτη
3267 2391 3375 2463 γάρ
3421 2395 3577 2449 ἐστιν
3606 2397 3750 2468 ἀρχὴ

488 2498 697 2544 rentem
734 2482 1042 2540 nominant.
1103 2477 1227 2533 Haec
1281 2475 1428 2532 enim
1479 2473 1726 2530 omnium
1793 2473 2059 2526 virtutum

1581 2473 1726 2528 nium
1793 2473 2059 2526 virtutum
2177 2475 2270 2527 καὶ
2299 2476 2524 2547 τελευτὴ
2554 2477 2742 2532 πασῶν
2773 2477 2882 2533 τῶν
2919 2481 3153 2551 ἀρετῶν.

487 2578 818 2652 principium
851 2586 904 2630 et
937 2573 1060 2627 linis
1087 2579 1193 2627 est.

567 2669 640 2726 Ut
686 2669 854 2723 Deum
898 2675 953 2720 et
976 2678 1196 2720 causam
1246 2659 1428 2714 omnia
1449 2657 1811 2713 continentem
1843 2654 2078 2710 efﬁcien-

2247 2653 2322 2708 Τὸ
2377 2654 2574 2708 εἰδέναι
2615 2654 2750 2709 Θεὸν
2778 2655 2870 2709 καὶ
2899 2654 2998 2726 τὴν
3045 2658 3268 2712 πάντων
3314 2666 3654 2736 συνεκτικὴν
3689 2687 3749 2721 τε

489 2770 713 2831 temque
756 2769 1178 2828 cognoscamus,
1221 2763 1332 2807 tum
1381 2752 1504 2806 visu
1550 2759 1664 2804 tum
1710 2757 1918 2802 natura
1959 2746 2061 2816 legi

2177 2748 2274 2799 καὶ
2306 2747 2600 2817 ποιητικὴν
2634 2750 2836 2815 αἰτίαν,
2895 2751 2992 2803 καὶ
3038 2750 3160 2820 ὄψις
3198 2753 3543 2820 διδάσκαλος,
3594 2761 3690 2811 καὶ
3721 2763 3749 2812 ό

486 2857 749 2913 docemur
779 2869 794 2907 :
826 2851 920 2905 illo
953 2847 1233 2910 nimirum,
1259 2846 1387 2900 dum
1416 2856 1506 2897 res
1532 2840 1774 2896 visibiles
1789 2846 1844 2893 et
1869 2837 2058 2892 solida:

2179 2840 2405 2908 φυσικὸς
2427 2840 2625 2910 νόμοςσ
2658 2843 2692 2911 η
2718 2841 2815 2911 μὲν
2847 2844 2958 2906 τοῖς
2984 2844 3287 2912 ὁρωμένοις
3318 2849 3750 2917 προσϐάλλουσα

487 2957 694 3019 spectat
729 2962 745 3014 ;
782 2947 883 3000 hac
906 2957 1058 3008 vero,
1085 2941 1214 2996 dum
1247 2954 1316 2995 ex
1349 2939 1468 3019 visu
1528 2934 1756 3004 cognitis
1785 2942 1839 2987 et
1884 2930 2059 2986 ordini

2183 2932 2274 2984 καὶ
2317 2933 2645 3003 πεπηγόσιν,
2695 2936 2724 2987 ὁ
2765 2934 2824 2987 δὲ
2853 2934 2922 2988 δι’
2966 2935 3146 2989 αὑτῶν
3177 2938 3287 2992 τῶν
3315 2941 3621 3010 ὁρωμένων
3654 2948 3755 2999 καὶ

486 3014 768 3112 dispositis
792 3049 1066 3093 summum
1095 3033 1289 3087 ducem
1336 3014 1394 3085 et
1437 3027 1685 3097 opiﬁcem
1748 3023 2056 3079 considerat

2113 3063 2149 3120 Β
2177 3026 2526 3120 τεταγμένων
2559 3025 2650 3120 τὸν
2679 3026 2934 3120 *ἀρχηγὸν
2973 3027 3164 3120 τοῦτον
3202 3030 3685 3104 συλλογιζόμενος.

560 3135 727 3189 Tecto
763 3131 915 3201 pulsa
948 3135 1001 3182 et
1027 3125 1130 3180 sub
1147 3123 1239 3177 dio
1271 3136 1438 3191 agens
1467 3119 1617 3182 ﬁdes,
1659 3116 1714 3188 4
1759 3125 2076 3184 sumptuosa
2111 3112 2132 3120 “

2252 3117 2524 3186 Κρείσσον
2557 3117 2843 3188 ὑπαίθριος
2879 3112 3063 3182 πίστις
3095 3121 3424 3186 πολυτελοῦς
3467 3127 3755 3196 ἀσεϐείας,

491 3226 765 3295 impietate
794 3218 1140 3291 przestantior
1169 3223 1274 3276 est,
1295 3221 1351 3268 et
1382 3221 1491 3266 tres
1518 3210 1573 3263 in
1603 3209 1823 3263 nomine
1857 3207 2063 3260 Domini

2188 3209 2276 3260 καὶ
2332 3209 2485 3277 τρεῖς
2541 3210 2874 3278 συνηγμένοι
2913 3209 2974 3263 ὲν
3002 3211 3229 3281 ὀνόματι
3279 3212 3484 3287 Κυρίου
3535 3221 3760 3277 πολλῶν

491 3313 821 3387 congregati,
858 3308 1044 3366 multis
1065 3305 1405 3362 divinitatem
1451 3299 1778 3371 negantibus
1839 3297 2063 3352 antecel-

1242 3313 1405 3360 tatem
1451 3299 1778 3371 negantibus
1839 3297 2080 3352 antecel-
2181 3300 2533 3371 ἀρνουμένων
2563 3299 2814 3371 Θεότητα.

490 3411 634 3465 lunt.

560 3500 705 3558 Nihil
735 3511 921 3554 coram
968 3493 1082 3550 Deo
1130 3505 1286 3562 aeque
1329 3487 1679 3558 magniﬁcum
1731 3495 1833 3548 est,
1907 3493 2075 3553 atque

2253 3475 2417 3530 Οὐδὲν
2446 3474 2590 3528 οὕτω
2613 3473 2692 3545 τῷ
2715 3472 2834 3544 Θεῷ
2864 3475 3307 3546 μεγαλοπρεπὲς,
3349 3479 3427 3543 ὡς
3461 3480 3622 3551 λόγος
3660 3503 3760 3540 χε-

493 3608 673 3650 sermo
698 3603 888 3660 purus,
903 3597 958 3644 et
983 3584 1228 3640 veritatis
1247 3579 1590 3653 dOgmatibus
1613 3575 1849 3646 perfecta
1876 3577 2065 3631 anima

2184 3567 2550 3637 καθαρμένος,
2605 3563 2883 3636 καὶψυχὴ
2938 3566 3124 3620 τελεία
3165 3570 3280 3632 τοῖς
3332 3573 3433 3641 τῆς
3487 3573 3756 3648 ἀληθείας

2184 3657 2460 3713 δόγμασιν.

2241 3672 2460 3727 γμασιν.

565 3778 690 3833 Sola
725 3774 895 3845 pietas
925 3768 1121 3826 stabile
1144 3775 1200 3822 et
1228 3767 1445 3820 ﬁrmum
1477 3763 1682 3818 bonum
1746 3770 1852 3816 est.
1920 3758 2080 3824 Quod

2186 3777 2230 3845 μ,
2254 3753 2430 3808 Μόνον
2480 3756 2875 3825 ἀμετάπτωτον
2933 3760 3146 3829 ἀγαθὸν
3200 3767 3299 3819 καὶ
3352 3769 3679 3838 παραμένον
3723 3769 3758 3838 ἠ

491 3872 643 3928 enim
675 3844 947 3936 acquisitu
983 3858 1326 3932 impossibile
1359 3864 1465 3920 est,
1499 3854 1642 3909 idem
1675 3863 1897 3924 propter
1935 3851 2063 3905 invi-

2189 3844 2454 3900 εὑσέόεια.
2496 3847 2569 3900 Τὸ
2595 3852 2699 3920 γὰρ
2723 3851 2824 3904 οὑκ
2846 3852 3064 3921 ἐφικτὸν
3087 3855 3214 3909 οῦδὲ
3263 3863 3477 3926 πιστὸν,
3509 3861 3636 3921 πῶς
3667 3859 3761 3912 διὰ

493 3964 634 4018 diam
674 3955 990 4014 incredibile
1039 3953 1204 4008 etiam
1262 3948 1560 4019 iudicatur.
1612 3943 1778 4015 Atqui
1833 3941 2065 4013 profana:

2189 3941 2271 3995 τὸν
2316 3942 2542 4010 φθόνονς
2575 3942 2771 4015 ψυχαῖς
2801 3945 2910 4015 γὰρ
2967 3944 3228 4019 βεϐήλαις
3252 3949 3407 4004 οὐδὲν
3435 3951 3544 4006 τῶν
3566 3953 3761 4006 καλῶν

494 4063 701 4109 mentes
725 4050 929 4102 nullam
953 4059 1090 4110 rem,
1121 4057 1241 4113 qua:
1272 4043 1413 4096 bona
1439 4047 1495 4094 et
1527 4038 1758 4093 honesta
1809 4041 1914 4100 est,
1967 4033 2074 4089 ﬁde
2180 4031 2526 4100 detortum-av.
3362 4049 3368 4054 -

498 4146 722 4214 dignam
748 4137 1084 4193 existimant.

569 4208 843 4300 blzrysost.
873 4226 988 4280 Hoc
1008 4222 1128 4276 ﬁdei
1156 4219 1389 4274 maxime
1405 4214 1682 4287 proprium
1707 4219 1811 4275 est,
1837 4211 2076 4268 rationes
2137 4208 2140 4212 ί

2250 4221 2421 4274 Τοῦτο
2454 4221 2687 4292 μάλιστα
2724 4223 2979 4286 πίστεως,
3013 4223 3088 4293 μὴ
3122 4222 3306 4294 ζητεῖν
3355 4224 3591 4291 εὐθύνας
3642 4227 3758 4280 τῶν

495 4337 685 4382 eorum
710 4333 832 4388 quae
859 4316 1129 4369 ﬁuntuou
1174 4309 1471 4378 inquirere,
1546 4302 1642 4358 sed
1696 4302 2067 4372 obtemperare

2181 4315 2590 4388 πραττομένων,
2615 4313 2749 4368 ἀλλά
2779 4314 3056 4369 πείθεσθαι
3086 4318 3200 4380 τοῖς
3236 4318 3711 4388 ἐπιταττομένοις.

499 4413 849 4487 praescriptis.
2106 4421 2152 4476 ι)

571 4509 724 4563 Pium
765 4516 820 4562 et
846 4505 1054 4560 ﬁdelem
1089 4502 1265 4559 virum
1299 4508 1408 4554 tam
1476 4497 1634 4552 ﬁrmo
1694 4506 1749 4553 et
1803 4492 2074 4550 constanti

2246 4493 2352 4546 Τὸν
2383 4489 2584 4558 εὐσεϐῆ
2624 4489 2720 4542 καὶ
2767 4489 2958 4543 πιστὸν
2993 4489 3164 4559 ἄνδρα
3195 4491 3338 4545 οὕτω
3371 4493 3614 4562 βεϐαίως
3638 4496 3759 4548 δια-

497 4616 626 4672 erga
664 4597 755 4652 Dei
790 4595 1185 4668 promissiones
1214 4592 1398 4647 animo
1434 4589 1718 4659 praeditum
1747 4603 1866 4643 esse
1912 4598 2069 4653 opor-

2185 4583 2391 4638 κεῖσθαι
2424 4581 2531 4657 χρὴ
2586 4581 2723 4656 πρὸς
2752 4582 2851 4644 τὰς
2907 4584 3240 4650 ἐπαγγελίας
3271 4585 3366 4637 τοῦ
3417 4586 3575 4650 Θεοῦ,
3612 4588 3757 4640 ὥστε

500 4698 593 4756 ιει,
624 4699 680 4742 ιιι
708 4689 833 4743 licet
861 4685 963 4740 sibi
995 4686 1127 4754 ipsis
1156 4682 1431 4739 contraria
1459 4695 1580 4736 esse
1615 4679 1902 4734 videantur
1953 4687 2072 4743 quae

2184 4675 2284 4729 κᾶν
2314 4674 2534 4728 ἐναντία
2566 4673 2749 4736 αὐτοῖς
2778 4673 3036 4743 φαίνηται
3061 4675 3130 4728 τὰ
3173 4677 3454 4746 γινόμενα,
3500 4680 3636 4749 μηδὲ
3662 4679 3756 4732 οὔ-

499 4782 652 4845 ﬁunt,
687 4795 754 4835 ne
782 4779 864 4834 sic
895 4788 1076 4831 tamen
1103 4776 1186 4829 vel
1210 4776 1393 4828 animo
1450 4771 1658 4826 turbari
1727 4770 1924 4839 possit,
1988 4767 2071 4820 vel

2181 4784 2284 4831 τως
2315 4766 2699 4837 ταράττεσθαι,
2757 4765 2890 4835 μηδὲ
2933 4766 3338 4834 ἀπογινώσκειν
3372 4770 3473 4840 τὴν
3507 4771 3753 4825 ἑκϐασιν.

497 4875 564 4928 de
595 4884 790 4928 eventu
818 4872 1086 4938 desperet.
1119 4866 1354 4922 Fidelem
1393 4865 1664 4919 Abraham
1696 4865 1881 4932 itaque
1908 4861 2069 4930 inspi-

2183 4857 2322 4923 Ὅρα
2378 4853 2532 4922 γοῦν,
2573 4855 2600 4906 ό
2629 4853 2819 4915 πιστὸς
2861 4851 3112 4922 Ἀδραὰμ
3159 4853 3279 4906 τινα
3323 4855 3426 4921 μὲν
3465 4856 3755 4924 ὑπόσχεσιν

501 4969 629 5027 cito,
662 4965 876 5033 qualem
908 4962 1162 5016 nimirum
1200 4950 1614 5028 promissionem
1643 4957 1757 5024 ipse
1778 4955 2069 5024 acceperit,

1778 4955 2069 5024 acceperit,
2180 4945 2419 5008 ἐδέξατο,
2449 4943 2572 4996 τίνα
2610 4943 2666 4995 δὲ
2695 4947 2957 5012 πράττειν
2987 4943 3347 5014 ἠναγκάζετο.

499 5065 554 5111 et
584 5070 831 5124 quasnam
865 5053 979 5122 ipse
1000 5052 1180 5106 facere
1210 5059 1428 5104 coactus
1455 5041 1544 5104 sit.

572 5121 732 5201 Fides
771 5121 1028 5199 virtutum
1055 5152 1247 5205 mater,
1277 5154 1475 5195 corona
1504 5147 1556 5192 et
1613 5135 1874 5207 perfectio
1904 5143 2004 5189 est.

2256 5127 2444 5189 Πίστις
2469 5128 2654 5196 μήτηρ
2687 5125 2780 5178 καὶ
2818 5123 3060 5193 στεφάνη
3086 5125 3186 5182 καὶ
3211 5124 3630 5194 συμπεραίωσις
3643 5121 3748 5175 τῶν

2179 5219 2390 5288 ἀρετῶν
2420 5219 2677 5289 ὑπάρχει.

569 5322 874 5376 Athanasii.
908 5319 1097 5376 Melius
1129 5329 1214 5375 est
1249 5319 1647 5374 dubitationem
1699 5317 1946 5372 obortam
2003 5316 2076 5369 si-

2259 5311 2477 5364 Βέλτιον
2535 5309 2878 5377 ἀποροῦντας
2932 5311 3148 5382 σιωπᾷν
3201 5311 3300 5366 καὶ
3353 5311 3660 5377 πιστεύειν,
3713 5308 3745 5375 ἢ

499 5415 666 5469 lentio
699 5414 992 5484 reprimere
1024 5421 1077 5467 et
1103 5413 1349 5476 credere,
1377 5425 1542 5480 quam
1596 5420 1813 5480 propter
1864 5410 2071 5464 dubita-

1348 5455 1349 5464 η
1377 5425 1542 5480 quam
1596 5420 1813 5480 propter
1864 5410 2080 5464 dubita-
2179 5400 2434 5453 ἀπιστεῖν
2461 5399 2550 5452 διὰ
2583 5400 2644 5451 τὸ
2672 5401 2920 5470 ἀπορεῖν.

502 5506 703 5560 tionem
735 5506 994 5561 diﬂidere.
2097 5567 2111 5578 .

570 5594 724 5667 Greg.
764 5595 935 5652 Omne
963 5595 1107 5664 quod
1136 5603 1377 5650 creatum
1410 5602 1512 5659 est,
1538 5602 1689 5649 extra
1715 5593 1952 5648 divinam
1985 5609 2081 5648 na-

2258 5597 2372 5648 Πᾶν
2395 5596 2456 5647 τὸ
2481 5595 2700 5648 κτιστὸν
2729 5593 2835 5660 ἔξω
2858 5594 2962 5663 τῆς
3004 5594 3156 5658 θείας
3193 5595 3407 5664 φύσεως
3442 5591 3582 5648 εἶναι
3611 5594 3751 5646 νοεῖν

501 5698 678 5744 turam
709 5700 803 5744 aut
821 5689 1118 5746 essentiam
1147 5702 1266 5746 esse
1294 5686 1542 5757 judicare
1598 5687 1774 5743 edocti
1835 5702 2025 5743 sumus
2060 5705 2073 5742 :

2184 5687 2623 5758 ἐπαιδεύθημεν
2680 5687 2851 5758 μόνην
2899 5686 2958 5740 δὲ
3005 5685 3107 5756 τὴν
3155 5686 3412 5742 ἀκτιστον
3460 5685 3616 5754 φύσιν
3651 5683 3751 5736 λα·
