3950 6204
278 191 390 254 773

1175 213 1345 273 LOCI
1387 215 1928 284 COMMUNES.—
1969 220 2187 286 PARS.
2235 227 2283 288 ἶ.
2327 229 2584 291 SEBMO
2618 233 2697 292 II.

3445 245 3550 310 774

273 307 493 379 τρεύειν
532 312 629 363 καὶ
671 312 944 376 σέϐεσθαι,
990 313 1057 388 ἧς
1095 325 1386 403 χαρακτήρ
1426 327 1545 380 ἐστι
1577 327 1672 381 καὶ
1713 328 1882 396 γνῶ.-⁴

1979 345 2072 384 ιειιιι
2117 347 2247 387 vero
2302 337 2649 393 solummodo
2682 349 2956 406 naturam,
2987 358 3108 411 quae
3143 345 3384 402 increata
3439 363 3548 412 est,

275 415 450 542 ρὲσμα
479 401 540 452 τὸ
577 403 715 475 μήτε
743 405 1002 477 ἄρχεσθαι
1035 410 1127 463 τοῦ
1153 396 1293 465 εἷναί
1330 433 1480 482 ποτε,
1519 420 1655 490 μήτε
1682 420 1852 475 παύε-

276 507 304 542 σ
346 509 424 542 αι.

276 507 424 543 συαι.

354 582 548 644 Πίστις
596 584 735 656 μόνη
766 592 960 658 κρατεῖ
995 591 1089 646 τὸν
1114 595 1462 668 ἀκρᾲτητονο
1503 601 1684 664 πίστις
1718 603 1851 674 μόνη

281 679 540 727 κατανοεῖ
585 677 677 730 τὸν
733 681 993 736 ἀθέατον·
1043 686 1230 752 πίστις
1299 690 1434 761 μόνη
1484 695 1854 760 προσπελάζει

275 768 357 836 τῷ
391 769 846 845 ἀπροσπελάστῳ,
872 775 995 829 ὅσον
1018 778 1255 850 ἐγχωρεῖ
1272 783 1368 835 καὶ
1394 785 1516 837 ὅσον
1547 785 1848 855 ἐνδέχεται.

363 861 583 931 Ἐπειδὴ
631 867 962 931 ἀνεπίϐατός
1008 871 1122 924 ἐστι
1154 873 1440 945 λογισμοῖς
1481 877 1854 946 ἀνθρωπίνοις

275 955 382 1021 τῆς
437 955 847 1029 ὑπερκειμένης
899 963 1114 1030 φύσεως
1167 967 1200 1037 ἡ
1256 969 1599 1039 κατάληψις,
1655 972 1849 1025 τούτου

276 1045 439 1113 χάριν
489 1048 739 1116 ἠπίστις
787 1053 909 1105 ἀντὶ
949 1055 1227 1126 λογισμῶν
1274 1060 1506 1126 γίνεται,
1555 1065 1668 1125 τοῖς
1711 1063 1854 1135 ὑπὲρ

273 1135 442 1202 λόγον
477 1140 570 1191 καὶ
599 1143 907 1213 κατάληψιν
945 1148 1143 1219 ἑαυτὴν
1173 1151 1590 1221 ὑπερτείνουσα.

348 1226 423 1278 Τὸ
461 1228 646 1281 πίστει
695 1235 1072 1302 παραδεκτὸν,
1115 1240 1682 1314 ἀπολυπραγμόνητον
1715 1243 1854 1301 εῖναι

277 1321 404 1386 χρή.
442 1320 516 1372 re
548 1322 656 1393 γάρ
689 1342 772 1378 τοι
827 1327 1254 1400 βασανιζόμενον
1287 1336 1406 1399 πῶς
1449 1336 1528 1390 ἔτι
1565 1340 1857 1395 πεπίστευ-

275 1427 361 1462 ται
386 1429 401 1476 ;

359 1597 425 1648 Ἢ
467 1598 567 1666 μὲν
609 1602 794 1666 πίστις
843 1605 1108 1677 σύντομός
1152 1612 1322 1677 ἐστιν,
1369 1614 1446 1677 ὡς
1496 1618 1694 1682 εἰπεῖν,
1742 1621 1852 1675 τῶν

1959 423 2137 478 colere
2161 433 2217 480 et
2252 431 2498 483 venerari
2530 432 2840 498 didicimus,
2870 435 3028 504 cujus
3051 448 3174 492 nota
3209 449 3264 493 et
3288 441 3547 498 indicium

1959 525 2062 579 est,
2096 533 2194 570 nec
2229 534 2469 586 unquam
2502 527 2757 591 coepisse,
2789 542 2888 581 nec
2920 545 3159 598 unquam
3218 534 3471 589 deﬁcere.

2031 608 2152 663 Sola
2180 611 2312 666 ﬁdes
2335 616 2742 682 comprehcndit
2762 619 3386 688 incomprehensibilem.
3417 626 3544 684 Sola

1958 698 2089 755 ﬁdes
2117 701 2443 757 invisibilem
2478 709 2723 776 percipit.
2757 710 2879 765 Sola
2929 712 3060 768 ﬁdes
3089 715 3422 772 inaccessum
3455 735 3549 773 ac-

1954 793 2117 856 cedit,
2161 797 2340 864 quoad
2372 798 2494 864 ejus
2522 801 2632 852 ﬁeri
2668 809 2843 868 potest
2877 815 2929 857 et
2958 805 3102 859 licet.

2030 885 2483 956 Quandoquidem
2538 906 2786 959 supernae
2859 905 3064 950 natura:
3131 899 3544 967 comprehensio

1959 975 2213 1032 humanis
2239 981 2542 1036 rationibus
2570 983 2725 1052 longe
2749 992 2833 1038 est
2867 987 3138 1054 superior,
3176 989 3377 1042 idcirco
3413 990 3545 1044 ﬁdes

1958 1069 2232 1123 rationum
2269 1071 2446 1125 locum
2471 1075 2672 1143 explet,
2697 1091 2858 1145 super
2904 1093 2966 1130 ea
3027 1095 3146 1145 quae
3185 1080 3448 1134 rationem
3489 1092 3544 1135 et

1957 1161 2294 1216 intellectum
2331 1175 2610 1232 superant,
2662 1169 3008 1236 semetipsain
3045 1172 3366 1226 extendens.

2031 1252 2332 1309 Clementis.
2377 1255 2530 1320 Quod
2563 1257 2666 1312 ﬁde
2702 1271 3012 1329 perceptum
3075 1272 3180 1327 est,
3237 1277 3267 1316 a
3330 1263 3544 1318 curiosa

1957 1347 2315 1414 inquisitione
2351 1351 2589 1402 alienum
2649 1351 2720 1403 sit
2779 1361 3011 1419 oportet.
3073 1352 3227 1415 Quod
3272 1355 3416 1409 enim
3477 1357 3541 1408 ad

1956 1440 2215 1492 amussim
2245 1440 2836 1509 studioseexploratnm
2865 1452 2968 1508 est,
2993 1445 3264 1513 quomodo
3296 1445 3401 1501 ﬁde
3420 1463 3544 1516 per-

1955 1539 2168 1595 ceptum
2205 1539 2299 1583 aut
2325 1531 2591 1584 creditum
2629 1547 2751 1586 esse
2781 1532 3043 1586 dicetur?

2031 1620 2187 1675 Fides
2228 1623 2405 1677 brevis
2428 1636 2480 1677 et
2506 1627 2912 1690 compendiosa,
2932 1637 2988 1679 ut
3017 1628 3088 1680 ita
3123 1628 3320 1694 dicam,
3351 1643 3536 1683 rerum

277 1694 722 1786 κατεπειγόντων
752 1699 972 1764 γνῶσις.
1019 1703 1082 1754 Ἥ
1115 1704 1314 1771 γνῶσις
1343 1706 1417 1769 δὲ,
1447 1710 1718 1778 ἀπόδειξις
1743 1714 1850 1767 τῶν
1879 1689 1882 1745 ἶ

1979 1713 2387 1768 necessariarum
2416 1726 2498 1768 est
2533 1717 2791 1783 cognitio.
2821 1719 2888 1770 At
2924 1719 3161 1786 cognitio
3190 1729 3449 1775 constans
3479 1733 3533 1773 et

275 1781 362 1834 διὰ
397 1785 636 1852 πίστεως
663 1795 1126 1864 παρειλημμένων
1155 1799 1351 1868 ισχυρὰ
1382 1801 1476 1854 καὶ
1509 1801 1722 1873 βεϐαία.

351 1967 467 2036 Οὐχ
501 1971 528 2024 ὁ
559 1974 720 2025 παντὶ
753 1975 1022 2031 πιστεύων
1055 1979 1244 2043 πιστὸς
1265 1980 1485 2049 λέγεται
1505 2001 1518 2016 ο
1545 1983 1712 2038 ἁλλ’ὁ
1732 1984 1851 2054 Θεῷ

279 2064 582 2128 πιστεύων,
619 2065 783 2128 αὐτὸς
816 2069 976 2136 μόνος
999 2072 1188 2134 πιστὸς
1218 2075 1312 2127 καὶ
1348 2075 1463 2129 ἔστι
1491 2079 1581 2129 καὶ⁵
1610 2077 1848 2144 λέγεται.

365 2155 437 2206 Ἦ
470 2155 672 2224 ἀληθὴς
709 2159 962 2229 ίεραρχία
992 2165 1075 2225 τίς
1116 2161 1184 2217 ἂν
1215 2164 1322 2235 εἴη,
1359 2168 1499 2236 πλὴν
1525 2169 1702 2238 ψυχῆς
1736 2170 1854 2222 θεο-

279 2245 476 2314 φιλοῦς
525 2248 816 2318 εὐσέϐεια;
870 2247 936 2322 ἧς
987 2254 1048 2306 τὸ
1101 2257 1425 2327 εὐχάριστον
1467 2261 1853 2325 ἁθανατίζεται

277 2341 439 2409 παρὰ
473 2342 550 2410 τῷ
575 2342 714 2410 Θεῷ,
749 2345 1153 2425 συνδιαιωνίιζον
1188 2349 1348 2420 ἡλίῳ,
1381 2353 1476 2404 καὶ
1507 2352 1726 2426 σελήνῃ,
1760 2356 1854 2408 καὶ

275 2432 355 2500 τῷ
385 2433 548 2484 παντὶ
579 2434 788 2503 κόσμῳ.

360 2523 533 2594 Ἀρχὴ
566 2525 762 2597 ἀρίστη
807 2527 1028 2583 πάντων
1075 2530 1176 2602 μὲν
1204 2533 1231 2585 ὁ
1262 2532 1414 2599 Θεὸς,
1439 2534 1649 2605 ἀρετῶν
1677 2535 1732 2588 δὲ
1765 2537 1853 2588 εὑ-

280 2617 494 2673 σέϐεια.

358 2712 575 2780 Ὠσπερ
610 2714 775 2782 φασὶν
822 2714 882 2768 ὲν
938 2715 1180 2788 ἰατρικῇ,
1230 2717 1300 2771 τὰ
1355 2719 1431 2790 μὴ
1478 2721 1695 2792 καθαρὰ
1745 2721 1854 2776 τῶν

286 2806 560 2875 σωμάτων
596 2808 781 2878 ὁπόσῳ
828 2807 894 2860 ἂν
942 2808 1167 2881 θρέψῃς,
1206 2811 1404 2881 μᾶλλον
1432 2812 1679 2882 βλάψεις,
1720 2814 1855 2883 ὓλην

284 2896 576 2951 ὑποϐαλὼν
607 2901 673 2968 τῇ
715 2901 1061 2972 κακοχυμία·
1113 2902 1285 2967 οὕτως
1322 2906 1416 2958 καὶ
1444 2905 1620 2975 ψυχὴν
1661 2908 1858 2978 μοχθηο

286 2991 405 3059 ροῖς
433 2988 666 3057 δόγμασι
694 2993 1263 3065 προκατειλημμένην,
1295 2997 1475 3065 ὁπόσῳ
1519 3000 1590 3052 ἂν
1615 3000 1853 3072 διδάξῃς,
1884 3024 1926 3081 ο

288 3082 497 3150 μᾶλλον
530 3082 776 3152 βλάψεις,
809 3085 1063 3156 μείζονας
1085 3090 1256 3159 ἀρχὰς
1295 3091 1430 3162 αὐτῇ
1472 3093 1574 3162 τῆς
1607 3092 1859 3162 ψευδοδο-

286 3174 406 3239 ξίας
435 3177 717 3247 παρέχων.
1112 3172 1113 3175 “

906 3382 1126 3435 ΛΟΓΟΣ
1179 3381 1256 3439 B'.

285 3471 434 3541 Περὶ
492 3473 612 3526 τῶν
668 3475 1166 3542 παραϐεϐηκότων
1215 3475 1330 3542 τὴν
1397 3477 1715 3532 εὐσέϐειαν
1763 3478 1864 3532 καί

542 3545 772 3608 πίστιν,
801 3543 897 3597 καὶ
920 3547 1006 3610 είς
1029 3545 1176 3598 Θεὸν
1208 3546 1608 3600 ἀσεϐούντων.

370 3635 522 3690 Ἰδὼν
556 3636 585 3689 ὁ
608 3635 735 3699 λαδς
767 3637 846 3689 ὅτι
869 3636 1153 3706 κεχρόνικε
1178 3639 1420 3706 Μωῦσῆς
1464 3639 1770 3707 καταϐῆναι
1801 3639 1865 3694 ὲκ

286 3729 385 3784 τοῦ
417 3729 603 3799 ὅρους,
629 3727 860 3797 συνέστη
919 3729 1015 3780 ἐπὶ
1055 3727 1289 3797 Ἀαρὼν,
1324 3731 1420 3782 καὶ
1465 3730 1615 3798 λέγει
1665 3730 1812 3799 αὐτῷ
1847 3747 1862 3760 υ

301 3821 598 3889 Ἀνάστηθι
624 3821 717 3872 καὶ
744 3819 968 3888 ποίησον
1033 3823 1166 3890 ἡμῖν
1223 3820 1401 3886 θεοὺς,
1453 3821 1502 3873 οἳ
1561 3819 1866 3890 προπορεύ-

293 3929 480 3967 σονται
503 3913 683 3981 ἡμῶν.
719 3912 780 3965 '0
812 3912 920 3982 γὰρ
963 3914 1204 3984 Μωῦσῆς
1237 3907 1391 3976 οὗτος
1420 3913 1448 3964 ὁ
1473 3912 1756 3980 ἄνθρωπος
1809 3911 1868 3976 ὃς

290 4004 564 4071 ἐξήγαγεν
585 4003 730 4071 ἡμᾶς
761 4001 820 4066 ἐξ
849 4001 1150 4067 Αἰγύπτου,
1183 4001 1283 4056 οὐκ
1312 4001 1533 4072 οἴδαμεν
1562 4001 1614 4054 τί
1642 4001 1868 4069 γέγονεν

291 4095 463 4164 αὐτῷ.
499 4095 606 4147 Καὶ
627 4094 774 4161 λέγει
804 4094 989 4156 αὐτοῖς
1035 4091 1250 4165 Ἀαρών
1281 4109 1296 4124 ’
1324 4093 1647 4162 Περιέλεσθε
1696 4093 1763 4145 τὰ
1786 4093 1870 4144 ὲν-

291 4187 435 4240 ὡτια
461 4187 531 4241 τὰ
562 4187 741 4255 χρυσᾶ
768 4186 836 4237 τὰ
869 4185 926 4237 ὲν
949 4185 1063 4248 τοῖς
1101 4183 1204 4236 ὠσὶ
1232 4183 1342 4235 τῶν
1386 4182 1660 4250 γυναικῶν
1694 4180 1867 4251 ὑμῶν,

291 4280 390 4332 καὶ
417 4278 735 4347 θυγατέρων
767 4275 944 4346 ὑμῶν,
1002 4276 1096 4329 καὶ
1139 4273 1404 4341 ἐνέγκατε
1460 4272 1597 4344 πρὸς
1630 4273 1720 4340 μέ.
1762 4273 1871 4325 Καὶ

1954 1805 2104 1858 ﬁrma
2125 1815 2207 1860 est
2225 1821 2436 1872 eorum,
2454 1823 2573 1877 qua:
2602 1823 2695 1878 per
2715 1808 2870 1862 ﬁdem
2890 1818 3106 1876 accepta
3133 1802 3285 1875 sunt,
3307 1811 3536 1865 demon-

1951 1894 2164 1948 stratio.

2022 1983 2278 2040 Severini.
2313 1985 2430 2040 Non
2461 1988 2552 2055 qui
2589 1988 2764 2043 cuivis
2784 1991 2954 2045 credit
2975 1991 3150 2049 ﬁdelis
3179 1992 3400 2054 dicitur,
3437 1993 3531 2048 sed

1952 2078 2043 2144 qui
2080 2075 2190 2130 Deo
2217 2078 2406 2143 credit,
2444 2080 2530 2133 hic
2560 2081 2710 2135 solus
2754 2082 2927 2137 ﬁdelis
2956 2095 3039 2137 est
3088 2093 3141 2137 et
3207 2084 3428 2140 dicitur.

2028 2167 2288 2222 Philonis.
2313 2169 2448 2225 Vera
2483 2171 2783 2226 hierarchia
2816 2189 3058 2241 quaenam
3083 2176 3204 2235 alia.
3231 2191 3390 2244 quam
3409 2174 3534 2228 ani-

1955 2273 2054 2313 ma:
2078 2258 2187 2313 Deo
2210 2260 2418 2315 dilecta}
2441 2263 2631 2329 pietas,
2668 2263 2876 2318 fuerit?
2905 2266 3062 2335 cujus
3094 2267 3366 2336 gratitudo
3390 2267 3533 2336 apud

1955 2352 2123 2407 Deum
2151 2355 2473 2410 immortalis
2506 2366 2611 2421 est,
2667 2375 2904 2427 perenne
2961 2376 3134 2416 tevum
3200 2376 3324 2417 cum
3394 2362 3530 2424 sole,

1955 2443 2005 2514 5
2046 2445 2177 2500 luna
2217 2456 2269 2500 et
2319 2454 2428 2500 toto
2463 2448 2664 2503 mundo
2692 2450 3009 2505 extendens.

2023 2537 2346 2593 Aristotelis.
2403 2538 2658 2595 Omnium
2720 2543 2938 2610 quidem
2993 2542 3319 2612 principium
3373 2543 3519 2612 opti-

1954 2645 2101 2684 mum
2141 2630 2281 2684 Deus
2313 2638 2417 2697 est,
2449 2632 2711 2685 virtutum
2749 2647 2873 2687 vero
2909 2633 3098 2700 pietas.

2026 2725 2490 2790 Quemadmodum
2525 2726 2578 2778 in
2612 2725 2880 2778 medicina
2911 2726 3025 2778 ﬁeri
3057 2725 3271 2789 dicunt,
3306 2733 3365 2778 ut
3394 2738 3518 2777 cor-

1957 2830 2090 2883 pora
2121 2829 2223 2869 non
2264 2830 2401 2880 pura
2457 2831 2566 2884 quo
2627 2815 2800 2885 magis
2855 2816 3170 2882 nntriveris,
3245 2831 3310 2870 eo
3357 2814 3528 2883 magis

1961 2909 2144 2972 lzedas,
2207 2907 2491 2961 materiam
2554 2907 2814 2961 nimirum
2876 2909 3150 2976 corruptis
3208 2906 3531 2960 humoribus

1961 3015 2256 3071 suggerens
2291 3016 2306 3058 :
2349 2999 2427 3054 sic
2455 3001 2635 3068 pravis
2675 3000 3028 3069 opinionibus
3087 3010 3518 3069 praeoccupatam

1962 3095 2219 3158 animam,
2262 3108 2373 3162 quo
2401 3094 2520 3162 plus
2553 3093 2823 3160 docueris,
2857 3108 2922 3147 eo
2975 3093 3144 3161 magis
3176 3092 3354 3153 laedes,
3412 3102 3532 3141 ma-

1959 3188 2105 3258 jores
2141 3187 2372 3241 subinde
2411 3186 2552 3240 male
2602 3197 2658 3239 et
2693 3198 2977 3255 perperam
3038 3183 3311 3239 sentiendi
3363 3198 3531 3240 occa-

1965 3279 2146 3334 siones
2179 3278 2556 3348 suppeditans.

2393 3383 2626 3440 SERMO
2651 3385 2694 3439 11
2727 3383 2826 3456 [αι.
2882 3383 3067 3458 CLXI]
3088 3423 3104 3440 .

1966 3477 2044 3531 De
2070 3476 2176 3530 illis
2213 3478 2300 3546 qui
2328 3478 2576 3546 pietatem
2607 3495 2668 3530 ac
2705 3477 2862 3542 ﬁdem
2899 3479 3340 3545 pra'varirantur,
3377 3485 3427 3531 et
3479 3477 3535 3531 in

2490 3545 2654 3600 Deum
2689 3558 2810 3600 sunt
2851 3548 3022 3616 impii.

2038 3637 2210 3692 Exod.
2274 3653 2448 3691 xxxii.
2502 3635 2704 3692 Videns
2767 3640 3024 3706 populus,
3095 3640 3239 3707 quod
3301 3638 3535 3692 tardavit

1969 3727 2181 3799 Moyses
2211 3727 2546 3782 descendere
2585 3727 2653 3782 de
2700 3738 2904 3789 monte,
2932 3737 3295 3798 congregatus
3340 3737 3424 3781 est
3464 3729 3530 3781 ad

1967 3819 2256 3882 Aaronem,
2283 3829 2338 3871 et
2383 3817 2517 3872 dicit
2564 3818 2612 3871 ei
2647 3834 2663 3872 :
2702 3818 2896 3887 Surge,
2948 3827 2999 3870 et
3028 3817 3112 3872 iac
3156 3819 3312 3872 nobis
3378 3817 3532 3882 deos,

1969 3911 2062 3980 qui
2093 3911 2396 3978 praecedant
2441 3922 2563 3964 nos.
2594 3907 2729 3961 Nam
2788 3909 2999 3973 Moyses
3051 3909 3140 3963 hic
3200 3909 3383 3971 homo,
3433 3907 3534 3976 qui

1969 4002 2155 4057 eduxit
2193 4015 2292 4056 nos
2351 4003 2417 4056 de
2476 4010 2622 4055 terra
2678 4000 2924 4070 IEgypti,
2975 4016 3082 4055 non
3138 4001 3341 4054 scimus
3402 4000 3531 4067 quid

1970 4093 2172 4149 factum
2207 4103 2291 4148 est
2323 4093 2420 4147 illi.
2459 4093 2522 4148 Et
2553 4093 2687 4148 dicit
2722 4094 2828 4147 illis
2863 4095 3040 4147 Aaron
3078 4111 3093 4149 :
3126 4091 3322 4146 Tollite
3381 4093 3535 4143 inan—

1972 4201 2060 4241 res
2093 4199 2306 4248 aureas,
2353 4199 2471 4253 qua:
2520 4184 2573 4238 in
2605 4184 2830 4238 auribus
2887 4183 3172 4237 mulierum
3229 4193 3533 4236 vestrnrum

1974 4289 2028 4333 et
2063 4277 2290 4331 ﬁliarum
2308 4285 2633 4341 vestrarum,
2661 4285 2711 4328 et
2750 4273 2936 4328 all‘erte
2975 4276 3038 4328 ad
3069 4289 3172 4328 me.
3201 4273 3266 4328 Et
3299 4275 3540 4328 abstule-

294 4370 636 4442 περιείλοντο
664 4369 768 4430 πᾶς
788 4369 816 4420 ὁ
839 4367 964 4429 λαὸς
988 4365 1057 4420 τὰ
1092 4366 1290 4418 ἐνώτια
1317 4363 1384 4417 τὰ
1414 4366 1612 4433 χρυσᾶ,
1681 4365 1774 4416 καὶ
1801 4364 1866 4434 ἧ-

1979 4379 2096 4425 runt
2128 4368 2307 4423 omnis
2364 4367 2592 4436 populus
2625 4367 2846 4420 inaures
2878 4379 3092 4429 aureas,
3137 4374 3190 4418 et
3239 4367 3540 4420 attulerunt

292 4481 468 4532 εγκαν
498 4463 637 4531 πρὸς
670 4461 882 4531 ’Δαρών
901 4477 916 4492 ο
950 4460 1046 4512 καὶ
1075 4459 1331 4528 εποίησεν
1358 4457 1496 4510 αὐτὰ
1528 4457 1727 4526 μόσχον
1757 4473 1866 4525 χω-

292 4556 505 4622 νευτὸν,
530 4557 624 4607 καὶ
654 4550 808 4606 εἶπεν
835 4569 850 4583 ο
891 4551 1058 4605 Οὗτοι
1101 4551 1150 4603 οἱ
1182 4550 1292 4604 θεοί
1323 4569 1438 4619 σου,
1480 4549 1872 4621 ’1σραὴλ,οἴτι-

295 4665 386 4712 ve;
417 4645 752 4700 ἁνεῦίϐασάν
783 4661 841 4698 σε
873 4645 936 4697 ὲκ
965 4644 1067 4712 γῆς
1098 4641 1394 4710 Αἰγύπτου.

378 4738 481 4789 Διὰ
512 4738 611 4804 τὴν
647 4734 909 4788 ἀσέϐειαν
937 4733 1045 4786 τῶν
1067 4731 1236 4786 ἐθνῶν
1283 4731 1487 4785 τούτων
1525 4731 1730 4800 Κύριος
1782 4727 1872 4794 ἐξ·

296 4829 616 4898 ολοθρεύσει
640 4828 838 4889 αὐτοὺς
865 4827 968 4896 πρδ
1005 4823 1302 4895 προσώπου
1326 4840 1422 4876 σου
1456 4837 1470 4851 ·
1517 4822 1576 4875 οὐ
1630 4822 1718 4874 διὰ
1774 4822 1874 4889 τὴν

298 4925 560 4991 ὁσιότητα
593 4919 694 4986 τῆς
720 4919 947 4988 καρδίας
982 4933 1076 4970 σου
1126 4916 1427 4987 είσπορεύῃ
1464 4914 1872 4984 κληρονομῆσαι

297 5016 401 5086 τὴν
455 5015 560 5082 γῆν
607 5011 812 5077 αὐτῶν,
868 5009 1009 5063 ἀλλὰ
1047 5008 1136 5062 διὰ
1158 5008 1253 5078 τὴν
1284 5006 1516 5076 ἀνομίαν
1550 5006 1659 5058 τῶν
1704 5004 1876 5057 ἐθνῶν

302 5110 534 5169 τούτων,
571 5103 776 5175 Κύριος
827 5099 1197 5172 ἑξολοθρεύσει
1251 5098 1448 5161 αὐτοὺς
1497 5097 1603 5165 πρὸ
1656 5095 1876 5165 προσώ-

307 5217 413 5252 που
447 5215 565 5251 σου.

381 5285 550 5343 Εἶπεν
575 5286 777 5358 Κύριος
806 5287 919 5350 τοῖς
951 5285 1088 5347 υἱοῖς
1117 5283 1352 5353 Ἰσραὴλ,
1397 5301 1414 5334 ι
1437 5283 1622 5350 Ὑμεῖς
1674 5283 1878 5348 ἐγκατ-

311 5380 533 5433 ελίπατέ
595 5396 700 5447 με,
758 5381 856 5432 καὶ
907 5375 1258 5429 ἐδουλεύσατε
1345 5373 1483 5433 θεοῖς
1538 5373 1748 5439 ἑτέροις
1794 5369 1880 5422 διὰ

308 5473 472 5526 τοῦτο
499 5469 561 5523 οὐ
596 5467 890 5540 προσθήσω
917 5467 1013 5520 τοῦ
1046 5468 1218 5520 σῶσαι
1255 5466 1422 5534 ὑμᾶς.
1483 5463 1740 5527 Βαδίζετε
1788 5463 1880 5514 καὶ

313 5564 477 5635 βοᾶτε
510 5560 647 5631 πρὸς
679 5561 803 5624 τοὺς
837 5559 992 5622 θεοὺς
1023 5558 1120 5622 οὒς
1149 5555 1467 5624 ἐξελέξασθε
1503 5556 1756 5621 έαυτοῖς,’
1786 5555 1881 5608 καὶ

311 5655 470 5710 αὐτοὶ
502 5653 833 5709 σωσάτωσαν
859 5652 1002 5723 ὑμᾶς
1029 5650 1088 5705 ἐν
1118 5647 1294 5719 καιρῷ
1320 5644 1570 5714 θλίψεως.
1614 5661 1632 5695 ι

1971 4465 2037 4516 ad
2089 4464 2268 4517 Aaron
2313 4477 2328 4525 ;
2377 4469 2432 4515 et
2487 4458 2610 4511 fecit
2644 4473 2736 4511 eas
2793 4458 3021 4510 vitulum
3065 4456 3412 4512 conﬂatilem.
3475 4460 3540 4513 Et

1969 4554 2226 4608 dixerunt
2275 4567 2289 4607 :
2319 4554 2322 4556 ⁷
2349 4550 2441 4604 Isti
2490 4548 2564 4602 dii
2601 4548 2700 4614 tui,
2727 4547 2912 4613 lsrael,
2945 4547 3357 4617 quieduxerunt
3387 4557 3440 4602 te
3475 4551 3542 4602 de

1973 4629 2124 4698 terra.
2164 4639 2399 4711 Egypti.

2084 4733 2236 4788 Deut.
2272 4748 2346 4787 ιιι.
2384 4731 2608 4800 PrOpter
2672 4729 3003 4799 impietatem
3041 4729 3278 4799 gentium
3347 4727 3539 4780 harmn

1973 4826 2259 4882 exscindet
2291 4838 2384 4878 eos
2448 4825 2706 4877 Dominus
2770 4832 2894 4875 ante
2943 4821 3134 4874 faciem
3187 4827 3356 4874 tuam.
3425 4818 3540 4872 Non

1976 4924 2197 4986 propter
2255 4913 2675 4968 sanctimoniam
2729 4913 2910 4966 cordis
2962 4912 3036 4964 tui
3096 4920 3153 4964 tu
3186 4911 3533 4981 ingredieris,

1976 5015 2034 5059 ut
2071 5003 2355 5073 possideas
2383 5012 2582 5056 terram
2630 5016 2842 5066 earum,
2877 5000 2972 5056 sed
3019 5012 3236 5071 propter
3282 5001 3542 5071 iniquita-

1979 5106 2084 5151 tem
2123 5096 2360 5166 gentium
2415 5094 2609 5148 harum
2663 5094 2924 5150 Dominus
2968 5095 3250 5149 cxscindet
3275 5109 3370 5148 eos
3421 5101 3545 5146 ante

1979 5187 2174 5242 faciem
2229 5194 2402 5243 tuam.
2633 5193 2644 5200 ’

2081 5275 2263 5330 Judic.
2298 5292 2351 5330 ιι.
2382 5275 2448 5329 Et
2499 5275 2637 5330 dixit
2697 5273 2961 5330 Dominus
3012 5273 3078 5328 ad
3129 5273 3276 5326 ﬁlios
3325 5269 3536 5324 Israel:

1981 5368 2091 5425 Vos
2129 5368 2423 5436 reliquistis
2456 5382 2540 5422 me
2568 5378 2620 5420 et
2651 5366 2896 5422 coluistis
2924 5368 3055 5420 deos
3080 5363 3309 5417 alienos.
3370 5359 3540 5412 Idcir-

1980 5477 2046 5516 co
2076 5475 2179 5514 non
2203 5459 2420 5523 addam,
2453 5467 2514 5512 ut
2548 5458 2772 5513 liberem
2824 5472 2946 5512 vos.
2995 5455 3072 5508 lte
3099 5463 3154 5508 et
3202 5451 3434 5506 clamate
3477 5450 3545 5504 δτι

1981 5553 2111 5607 deos
2140 5565 2280 5620 quos
2309 5549 2548 5620 elegistis
2576 5549 2753 5615 vobis,
2781 5557 2833 5602 et
2877 5547 2979 5616 ipsi
3029 5545 3262 5599 liberent
3324 5555 3420 5597 vos
3484 5541 3540 5594 in

1988 5651 2230 5712 tempore
2255 5638 2591 5695 aiﬂictionis.
