3960 6196
469 288 574 357 779

1737 285 2058 346 ANTONII
2103 285 2459 347 MELISSE

3618 280 3725 343 730

470 401 600 455 etsi
643 401 1033 466 nascimiui,in
1090 400 1523 456 maledictionem
1580 401 1633 455 id
1701 400 1832 455 fiet:
1899 400 2018 456 etsi
2071 454 2074 462 ,

2199 402 2242 454 ιὶ
2267 403 2362 457 ὲάν
2389 401 2710 473 γεννηθῆτε,
2739 402 2820 466 εἰς
2846 403 3096 469 κατάραν
3150 393 3577 466 γεννηθήσεσθε,
3635 396 3727 448 καὶ

470 491 738 557 οιιίνινῑιῐε,
771 492 826 546 in
854 490 1285 549 maledittionem
1326 491 1485 548 divisi
1520 493 1693 549 eritis.

544 582 711 636 Eccli.
748 598 877 636 χχιι.
926 580 1129 635 Luctus
1186 584 1381 637 mortui
1434 594 1639 653 septem
1704 586 1843 651 dies,
1892 589 2043 644 stulti

474 686 656 727 autem
694 682 745 726 et
773 673 922 742 impii
953 689 1144 726 omnes
1188 675 1304 730 dies
1339 675 1459 728 vitae
1501 675 1669 729 illius.

552 767 717 820 Κιτιᾶ.
755 765 1277 822 xxxiv.0blationes
1337 767 1631 836 impiorum
1682 784 1789 824 non
1850 772 2047 839 probat

474 860 813 912 Altissimus.

551 951 746 1005 Matth.
780 968 830 1004 χ.
873 949 1204 1017 Quicunque
1250 949 1525 1020 negaverit
1582 964 1670 1003 me
1716 962 1901 1004 coram
1941 950 2043 1003 ho-

477 1044 739 1108 minibus,
774 1041 977 1111 negabo
1019 1049 1073 1094 et
1116 1057 1217 1110 ego
1266 1040 1414 1094 illum
1473 1055 1657 1095 coram
1704 1039 1861 1095 Patre
1906 1056 2052 1106 meo,

477 1136 567 1205 qui
594 1138 645 1186 in
676 1136 827 1190 caelis
859 1145 960 1188 est.

555 1226 721 1279 Hebr.
759 1244 831 1281 vt.
877 1225 1017 1280 Fieri
1072 1242 1177 1278 non
1224 1234 1421 1293 potest,
1452 1233 1511 1279 ut
1566 1224 1653 1294 qui
1713 1226 1880 1280 semel
1942 1224 2060 1279 fueo

484 1318 594 1371 rint
624 1316 934 1381 illum-inati,
986 1318 1433 1384 gu~taverintque
1486 1318 1693 1371 donum
1729 1317 1970 1379 cwleste,
2004 1324 2059 1370 et

485 1408 775 1475 participes
808 1408 935 1461 facti
971 1406 1171 1460 fuerint
1202 1406 1437 1476 Spiritus
1479 1409 1671 1469 sancti,
1701 1408 2062 1477 gustaveriut-

483 1514 587 1565 que
615 1499 814 1551 bonum
845 1498 938 1551 Dei
972 1501 1194 1552 verbum
1228 1513 1289 1553 ac
1316 1499 1545 1554 virtutes
1587 1498 1757 1553 futuri
1785 1499 1995 1563 smeuli,
2017 1499 2062 1553 si

484 1589 861 1658 prolabantur,
896 1590 1075 1643 denuo
1107 1601 1437 1644 renoventur
1463 1589 1521 1661 8
1552 1606 1645 1657 per
1671 1591 2062 1657 paenitentiam,

486 1682 552 1730 at»
584 1680 795 1749 inte‘gro
832 1680 1214 1750 cruciﬁgentes
1244 1680 1601 1750 srbimctipsis
1624 1679 1823 1734 Filium
1860 1680 1975 1743 Dei,
2011 1690 2061 1733 et

490 1768 727 1825 ludibrio
750 1782 1108 1841 exponentes.
1148 1772 1427 1841 Siquidem
1477 1782 1789 1841 terra,qu:e
1836 1772 2062 1827 imbrem

490 1862 686 1928 smpius
714 1862 765 1914 in
802 1878 860 1917 se
901 1866 1204 1918 venientem
1252 1864 1598 1930 combiberit,
1623 1873 1675 1917 et
1711 1864 2063 1935 progenuerit

493 1951 714 2003 herbam
752 1954 1159 2005 accommodam
1180 1953 1279 2019 eis,
1308 1969 1473 2023 opera
1504 1969 1737 2024 quorum
1767 1960 1820 2006 et
1843 1954 2059 2016 colitur,

493 2042 688 2108 recipit
714 2041 1154 2096 benedictionem
1211 2059 1239 2097 a
1281 2044 1408 2098 Deo.
1455 2043 1524 2098 At
1572 2060 1692 2115 qua:
1742 2042 2063 2113 produxerit

492 2134 681 2200 spinas
728 2143 783 2188 et
837 2134 1085 2198 tribulos,
1153 2135 1381 2204 reproba
1446 2145 1529 2190 est
1575 2145 1629 2192 et
1696 2136 2061 2191 maledictioni

492 2226 747 2291 confinis,
786 2227 945 2294 cujus
985 2230 1159 2282 exitus
1209 2229 1311 2282 huc
1340 2229 1613 2290 tendit.ut
1639 2240 1919 2283 exuratur.

566 2317 773 2372 Basilii.
804 2318 1059 2386 Impietas
1098 2321 1315 2388 proprie
1349 2319 1573 2387 dicitur,
1598 2319 1823 2390 quodin
1890 2320 2062 2376 Deum

496 2413 855 2465 rommissum
896 2422 980 2467 est
1019 2423 1327 2480 peccatum.

570 2498 709 2552 Fieri
747 2515 853 2553 non
876 2508 1068 2568 potest,
1102 2509 1159 2553 ut
1188 2518 1214 2553 a
1252 2502 1399 2571 justa
1420 2502 1503 2557 via
1553 2504 1882 2569 exorbitent,
1930 2519 2069 2573 quo;

497 2605 615 2642 rum
645 2590 808 2644 animi
841 2590 930 2645 Dei
954 2591 1225 2646 oblivione
1266 2610 1373 2648 non
1400 2595 1783 2649 laboraverint.

565 2682 757 2737 Nullus
775 2699 963 2738 eorum
986 2686 1076 2755 qui
1102 2686 1267 2741 falsas
1293 2697 1346 2741 et
1367 2702 1561 2756 pravas
1592 2703 1621 2741 a
1683 2688 1792 2742 Deo
1847 2688 2063 2758 opinio-

498 2789 594 2831 nes
626 2786 1018 2845 coueeperunt,
1054 2792 1181 2833 suas
1231 2778 1287 2832 in
1349 2778 1667 2848 psalmodiis
1724 2778 1910 2834 laudes
1957 2778 2067 2833 Deo

497 2879 747 2938 acceptas
780 2868 893 2923 fore
919 2869 1213 2924 existimet.

571 2959 661 3011 Dei
698 2958 1025 3027 ignorantia,
1063 2959 1257 3012 anima:
1286 2973 1433 3014 mors
1462 2965 1566 3013 est.

573 3051 838 3122 Theologi.
885 3051 943 3106 Si
995 3066 1230 3120 namque
1280 3050 1419 3106 Deus
1484 3052 1696 3107 medius
1746 3062 2066 3123 assumptus

503 3145 587 3199 vel
633 3145 1010 3214 interpositus,
1035 3159 1100 3198 ea
1129 3158 1251 3213 quae
1298 3144 1608 3199 hominibus
1632 3144 1733 3199 sibi
1763 3154 1954 3199 mutuo
1981 3146 2069 3199 in-
2097 3115 2142 3174 θ’

505 3236 811 3303 tercedunt,
857 3247 1122 3291 conventa
1157 3235 1466 3301 confirmat,
1499 3252 1662 3307 quam
1701 3237 2068 3308 periculosum

503 3330 608 3384 erit
634 3373 650 3397 ,
682 3330 726 3384 si
756 3345 817 3383 ea
846 3330 1173 3397 transgressi
1210 3329 1380 3386 fuisse
1408 3330 1899 3399 deprchendemur,
1944 3347 2067 3401 quae

504 3438 629 3477 cum
680 3423 798 3491 ipso
831 3424 986 3475 nobis
1029 3423 1161 3474 inita
1202 3432 1348 3485 sunt,
1402 3422 1705 3491 praesertim
1764 3437 1890 3476 cum
1931 3422 2077 3477 nulla

506 3514 577 3568 sit
605 3513 942 3583 regeneratio
980 3513 1061 3565 vel
1089 3510 1431 3574 reformatio,
1462 3524 1563 3565 nec
1613 3511 1793 3581 aliqua
1842 3511 2079 3582 antiqua:

509 3603 842 3658 conditionis
876 3601 1171 3655 restitutio.

580 3693 684 3761 Qui
720 3696 993 3748 diversum
1037 3707 1201 3761 quam
1244 3706 1343 3745 nos
1370 3691 1635 3758 sentiunt,
1672 3705 1766 3746 eos
1797 3705 1894 3746 ceu
1944 3692 2083 3746 veri-

508 3787 637 3842 tatis
673 3787 815 3840 luem
848 3798 1217 3847 assumamus,
1264 3794 1318 3837 et
1367 3798 1627 3840 curemus
1678 3783 1855 3854 quoad
1905 3790 2083 3853 potest

511 3881 671 3946 fieri;
717 3895 812 3935 eos
870 3893 1020 3945 vero,
1055 3876 1148 3947 qui
1208 3874 1536 3933 incurabiles
1583 3886 1711 3931 sunt
1748 3891 2080 3942 aversemur,

510 3990 576 4028 ne
615 3973 764 4042 prius
793 3973 1035 4042 ipsorum
1090 3971 1344 4040 contagio
1381 3970 1483 4039 ipsi
1538 3969 1869 4034 inliciamur,
1921 3983 2081 4038 quam

512 4077 711 4121 nostrae
747 4065 821 4119 illi
852 4065 1101 4119 sanitatis
1134 4077 1232 4131 per
1261 4078 1359 4118 nos
1382 4061 1679 4131 participes
1712 4062 1863 4115 fiant.

588 4157 853 4209 Malorum
915 4154 1186 4207 inventrix
1239 4162 1322 4207 est
1375 4153 1647 4223 impietas,
1679 4160 1735 4206 et
1784 4152 1852 4206 ad
1895 4166 2084 4222 δείδιθι

513 4250 771 4305 diendum
805 4248 960 4316 longe
990 4244 1373 4299 audacissima.

586 4342 743 4411 Greg.
799 4338 1028 4410 Nysam.
1062 4337 1297 4390 Primam
1335 4334 1443 4390 Deo
1486 4336 1871 4406 pwnamdebet
1903 4338 2085 4401 homo,

2150 496 2242 549 ἐὰν
2275 495 2605 565 ἀποθάνητε,
2647 497 2728 561 εἰς
2757 495 3001 564 κατάραν
3030 487 3457 563 μερισθήσεσθε.
3806 554 3813 561 ἢ

2218 589 2420 651 Πένθος
2454 587 2650 660 νεκροῦ
2682 588 2824 641 ἑπτὰ
2856 586 3087 655 ἡμέραι,
3141 582 3237 637 τοῦ
3289 582 3347 636 δὲ
3396 578 3585 650 μωροῦ
3632 577 3725 633 καὶ

2150 682 2380 743 ἀσεϐοῦς
2412 685 2581 734 πᾶσαι
2617 683 2674 734 αἱ
2717 680 2921 749 ἡμέραι
2947 679 3045 747 τῆς
3075 679 3226 747 ζωῆς
3252 679 3446 730 αὑτοῦ.

2219 774 2333 828 Ούκ
2364 773 2574 826 εὐδοκεῖ
2596 774 2623 826 δ
2657 772 2922 843 ’Υψιστος
2951 774 3010 825 ὲν
3042 770 3384 842 προσφοραῖς
3417 766 3653 823 ἀσεϐῶν.

2231 954 2419 1017 Ὅστις
2448 953 2747 1023 ἀρνήσεταί
2797 969 2865 1023 με
2898 951 3210 1022 ἔμπροσθεν
3247 951 3358 1004 τῶν
3395 948 3729 1018 ἀνθρώπων,

2154 1049 2468 1118 ἀρνήσομαι
2503 1046 2657 1113 κάγὼ
2687 1048 2847 1101 αὐτὸν
2870 1047 3185 1117 ἔμπροσθεν
3226 1043 3322 1099 τοῦ
3372 1043 3589 1112 Πατρός
3631 1057 3734 1110 μου

2156 1139 2250 1191 τοῦ
2287 1140 2341 1190 ὲν
2366 1138 2633 1208 ούρανοῖς.

2235 1231 2524 1284 Ἀδύνατον
2565 1230 2693 1290 τοὺς
2720 1230 2866 1296 ἀπαξ
2897 1227 3290 1297 φωτισθέντας,
3362 1224 3740 1294 γευσαμένους

2160 1341 2219 1377 τε
2244 1326 2341 1393 τῆς
2368 1322 2579 1392 δωρεᾶς
2602 1320 2703 1388 τῆς
2742 1320 3094 1390 ἐπουρανίου,
3126 1318 3224 1372 καὶ
3268 1317 3533 1385 μετόχους
3577 1332 3741 1385 γενης

2164 1417 2355 1477 θέντας
2390 1414 2709 1484 Πνεύματος
2741 1414 2924 1481 ἁγίου,
2984 1414 3079 1465 καὶ
3127 1410 3295 1465 καλὸν
3359 1408 3742 1478 γευσαμένους

2164 1507 2301 1561 Θεοῦ
2355 1509 2527 1577 ῥῆμα,
2583 1505 2841 1574 δυνάμεις
2895 1521 2956 1556 τε
3023 1504 3310 1570 μέλλοντος
3370 1503 3594 1566 αἰῶνος,
3638 1500 3744 1554 καὶ

2168 1597 2610 1668 παραπεσόντας,
2647 1594 2810 1647 πάλιν
2870 1593 3242 1656 ἀνακαινίζειν
3291 1594 3372 1656 είς
3424 1592 3742 1661 μετάνοιαν,

2171 1687 2649 1759 ἀνασταυροῦντας
2703 1686 2922 1747 ἑαυτοῖς
2970 1688 3062 1737 τὸν
3088 1684 3216 1736 Υίδν
3274 1682 3372 1735 τοῦ
3424 1681 3581 1745 Θεοῦ,
3642 1685 3750 1735 καὶ

2106 1761 2145 1814 Β
2177 1777 2791 1850 παραδειγματίζοντας.
2826 1777 2901 1844 Γῆ
2924 1776 3031 1842 γὰρ
3059 1776 3091 1845 ἠ
3137 1774 3367 1826 ποιοῦσα
3403 1772 3494 1824 τὸν
3522 1771 3610 1825 ἐπ’
3640 1771 3751 1824 αὖ.

2169 1874 2234 1942 τῇ
2263 1870 2518 1933 πολλάκις
2555 1868 2728 1933 ὑετὸν,
2758 1868 2854 1921 καὶ
2883 1868 3146 1920 τίκτουσα
3207 1865 3439 1935 βοτάνην
3489 1862 3748 1927 εὔθετον,

2170 1965 2404 2023 ἐκείνοις
2427 1961 2494 2017 δι’
2523 1961 2618 2026 οὓς
2645 1962 2741 2014 καὶ
2767 1961 3121 2030 γεωργεῖται,
3154 1957 3558 2028 μεταλαμϐάνει
3587 1958 3751 2011 εύλοο

2170 2059 2292 2125 γίας
2323 2055 2430 2108 ἀπὸ
2459 2054 2596 2107 Θεοῦ
2625 2070 2639 2086 ·
2688 2053 2996 2122 ἐκφέρουσα
3028 2049 3086 2103 δὲ
3120 2048 3364 2112 ἀκάνθας
3405 2049 3499 2101 καὶ
3560 2048 3756 2116 τριεὸο

2170 2149 2317 2211 λου;,
2349 2148 2609 2217 ἀδόκιμος
2633 2145 2724 2201 καὶ
2749 2145 2993 2213 κατάρας
3019 2144 3209 2213 ἐγγὺς,
3241 2137 3308 2215 ἦς
3350 2141 3413 2196 τὸ
3458 2141 3609 2202 τέλος
3662 2140 3753 2201 είς

2170 2257 2395 2294 καυσιν.

2258 2328 2507 2383 Ἀσέὸεια
2543 2327 2751 2399 κυρίως
2779 2324 3004 2397 λέγεται
3032 2329 3066 2399 ἡ
3102 2328 3183 2393 είς
3202 2327 3339 2381 Θεὸν
3365 2328 3631 2399 ἁμαρτία.

2256 2518 2564 2588 Ἀμήχανον
2593 2514 2936 2586 ἐκτραπῆναι
2983 2516 3082 2585 τῆς
3108 2516 3329 2579 δικαίας
3373 2514 3515 2578 ὁδοῦ,
3546 2513 3628 2586 μὴ
3657 2513 3761 2585 λή-

2173 2612 2271 2681 θην
2293 2609 2430 2663 Θεοῦ
2457 2612 2582 2671 ταῖς
2620 2609 2820 2677 ψυχαῖς
2847 2609 3210 2674 νοσήσαντας.

2241 2701 2448 2770 Μηδεὶς
2481 2698 2679 2752 οἰέσθω
2707 2698 2815 2751 τῶν
2847 2697 3195 2766 ὲσφαλμένας
3238 2697 3368 2768 περὶ
3404 2692 3540 2748 Θεοῦ
3598 2694 3765 2765 ἑχόν-

2175 2810 2284 2847 των
2322 2794 2420 2855 τάς
2457 2790 2782 2860 ὑπολήψεις,
2814 2791 2896 2844 ὅτι
2961 2789 3151 2843 δεκταί
3190 2791 3331 2843 εἰσιν
3378 2786 3548 2842 αὐτοῦ
3585 2789 3644 2842 αι
3691 2791 3758 2841 ἀν

2174 2885 2377 2956 ψαλμῷ
2412 2884 2725 2944 διαινέσεις.

2246 2977 2382 3031 Θεοῦ
2413 2975 2608 3044 ἄγνοια
2635 2974 2869 3037 θάνατός
2901 2975 3016 3028 ἐστι
3044 2972 3249 3043 ψυχῆς.

2243 3070 2307 3125 El
2358 3068 2467 3140 γὰρ
2504 3068 2600 3132 τὰς
2640 3060 2777 3136 πρὶς
2823 3066 3144 3136 ἀνθρώπους
3206 3063 3481 3135 συνθήκας
3517 3064 3773 3133 ιμπεδοῐ

2176 3164 2332 3230 Θεὸς,
2386 3162 2552 3233 μέσος
2588 3159 2995 3229 παραληφθεὶς,
3017 3157 3184 3220 πόσος
3218 3157 3464 3219 κίνδυνος
3501 3149 3580 3210 ὧν
3612 3157 3773 3228 πρδς

2175 3256 2341 3310 αὑτὸν
2375 3253 2614 3323 ἐθέμεθα
2661 3251 2966 3320 συνθηκῶν,
3016 3249 3225 3305 τούτων
3276 3249 3607 3320 παμδάτας
3666 3250 3774 3304 εὗ-

2180 3347 2490 3420 ρίσκεσθαι,
2549 3346 2645 3400 καὶ
2677 3345 2853 3398 ταῦτα
2883 3345 2985 3397 ούκ
3004 3342 3171 3414 οὔσης
3200 3343 3462 3414 δευτέρας
3518 3342 3774 3411 ἀναγενο

2178 3442 2408 3508 νήσεως,
2434 3437 2552 3491 οὐδὲ
2581 3436 2959 3501 ἀναπλάσεως,
2997 3435 3117 3490 ούδὶ
3144 3435 3222 3500 είς
3251 3435 3314 3490 τὸ
3339 3434 3567 3505 ἀρχαεον
3613 3434 3765 3490 ἀετο-

2181 3527 2594 3591 καταστάσεως.

2267 3713 2404 3775 Τοὺς
2428 3712 2631 3781 ἑτέρως
2656 3711 2985 3783 φρονοῦντας
3016 3710 3092 3773 ὡς
3114 3710 3294 3779 λύμην
3323 3709 3426 3778 τῆς
3464 3709 3759 3781 ἀληθείας,

2181 3803 2286 3867 ἓως
2319 3805 2418 3871 μὲν
2472 3804 2540 3857 ἂν
2573 3799 2877 3878 ῇδυνατδν,
2916 3799 3471 3871 προσλαμδανώμεθα
3516 3803 3614 3856 καὶ
3668 3803 3761 3855 Oe-

2187 3896 2575 3965 ραπεύσωμεν,
2603 3894 2678 3965 μὴ
2711 3894 2812 3964 τῆς
2860 3893 3016 3947 νόσου
3046 3890 3444 3962 μεταλάϐωμεν
3478 3893 3613 3962 πρὶν
3662 3908 3768 3964 με·

2184 3983 2434 4038 ταδοῦναι
2462 3984 2563 4053 τῆς
2596 3985 2807 4038 ἑαυτῶν
2834 3983 3048 4052 ύγείας.

2258 4159 2483 4227 Εύρὲτις
2526 4158 2709 4215 κακῶν
2732 4159 2977 4226 ἀσέϐεια,
3035 4158 3129 4213 καὶ
3191 4157 3311 4212 λίαν
3360 4156 3638 4229 τολμηρὸν
3688 4162 3775 4223 είς

2187 4251 2527 4322 ἐγχείρησιν.

2267 4345 2498 4413 ιιρώτην
2520 4340 2737 4411 ὥφλησε
2778 4358 3049 4412 τιμωριαν
3080 4342 3107 4395 ὁ
3139 4342 3425 4413 ἄνθρωπος
3476 4342 3555 4412 τῷ
3614 4343 3773 4414 Θεῷ,

513 4436 656 4506 quod
686 4451 716 4487 a
745 4443 993 4488 creatore
1014 4446 1112 4486 suo
1133 4430 1378 4495 descivit,
1402 4430 1534 4483 etad
1556 4429 1926 4483 adversarium
1944 4429 2074 4498 ejus-

2199 4432 2273 4487 ὅτι
2305 4433 2614 4503 ἀπέστησεν
2639 4432 2833 4486 ἑαυτὸν
2871 4432 2967 4487 τοῦ
2994 4434 3340 4502 ποιήσαντος,
3374 4433 3470 4487 καὶ
3512 4434 3655 4504 πρὸς
3678 4437 3775 4488 τδν

513 4532 635 4583 dettl
655 4527 964 4596 transfugit,
988 4524 1244 4593 fugitivus
1262 4536 1317 4577 et
1333 4523 1579 4577 desertor
1592 4520 1806 4575 Domini
1827 4524 2090 4578 naturalis

518 4626 697 4679 factus
729 4640 743 4678 :
777 4622 1005 4674 alteram
1038 4631 1186 4681 vero,
1218 4614 1363 4684 quod
1414 4615 1669 4669 miseram
1704 4624 1760 4668 et
1806 4614 2086 4669 infelicem

516 4711 1056 4783 peccathet-vitntem
1100 4722 1197 4778 pro
1229 4707 1401 4763 libero
1428 4708 1512 4761 sui
1559 4706 1701 4776 juris
1734 4705 1959 4761 arbitrio
1989 4723 2089 4762 ceu

518 4820 835 4875 permutans
867 4801 1102 4872 accepit,
1147 4800 1512 4868 praestabilius
1546 4798 1807 4854 nimirum
1841 4814 1961 4855 esse
1987 4799 2090 4854 du-

518 4914 647 4953 (‘eus
696 4898 1013 4967 perniciosae
1043 4906 1098 4950 et
1148 4893 1385 4949 exitialis
1436 4894 1690 4963 potentia:
1751 4894 2088 4963 tyrannidem

519 4992 625 5059 pati
659 5005 821 5058 quam
868 4989 978 5042 Deo
1011 4989 1240 5041 servire.

595 5079 886 5148 Tliwphili.
924 5080 1089 5149 Atqui
1131 5086 1382 5133 terrenus
1410 5078 1609 5148 aliquis
1644 5095 1738 5134 rex
1762 5094 1883 5135 esse
1907 5078 2087 5134 credi-

521 5183 631 5238 tur,
668 5170 793 5224 lieet
832 5185 939 5222 non
977 5169 1221 5222 omnium
1257 5167 1429 5224 oculis
1464 5170 1791 5237 conspicuus
1842 5168 1933 5223 sit.
1991 5169 2091 5222 Per

520 5266 666 5334 leges
693 5262 836 5318 enim
888 5261 1081 5330 ipsius,
1119 5270 1321 5315 statuta
1369 5261 1623 5331 denique,
1667 5270 1990 5331 potestatem
2037 5269 2091 5316 et

526 5357 784 5409 virtutem
813 5361 976 5420 atque
1007 5353 1269 5421 imagines
1299 5352 1615 5420 percipitur.
1642 5349 1721 5404 Tu
1761 5366 1887 5405 vero
1921 5350 2089 5406 Deum

522 5466 584 5503 ex
628 5451 743 5503 suis
771 5444 1023 5514 operibus
1062 5454 1119 5499 et
1161 5442 1453 5499 virtutibus
1485 5443 1785 5514 intelligere
1832 5460 1939 5498 non
1989 5445 2088 5499 vis.

595 5537 899 5604 Sera/iouis
977 5531 1263 5605 Nunquam
1315 5534 1494 5604 ahqua
1538 5533 1762 5588 lurresis
1793 5533 2091 5591 Ecclesiazu

528 5631 825 5699 superavit,
872 5628 963 5683 sed
1000 5628 1130 5682 furit
1172 5627 1388 5696 quidem
1450 5640 1683 5692 semper,
1735 5626 2091 5699 aliquousque

531 5732 708 5777 autem
739 5738 1024 5794 progressa
1050 5722 1232 5778 statim
1266 5719 1597 5777 dissolvitur.

2192 4526 2437 4580 ἐναντίον
2454 4527 2901 4596 ἀπηυτομόλησε,
2945 4526 3219 4598 δραπέτης
3256 4525 3350 4581 τοῦ
3413 4530 3557 4581 κατά
3597 4527 3775 4595 φύσιν

2189 4617 2452 4671 δεσπότου
2499 4618 2596 4670 καὶ
2646 4618 2961 4688 ἀποστάτης
3002 4618 3292 4689 γενόμενος
3317 4633 3334 4649 ο
3377 4618 3645 4688 δευτέραν
3689 4621 3771 4683 δὲ,

2191 4708 2392 4780 δτιτὴν
2425 4709 2669 4782 πονηρὰν
2694 4712 2788 4778 τῆς
2814 4709 3096 4781 ἁμαρτίας
3151 4708 3414 4775 δουλείαν,
3481 4711 3612 4765 ἀντὶ
3668 4715 3772 4782 τῆς

2192 4802 2538 4868 αύτεξουσίου
2562 4802 2876 4873 ἐλευθερίας
2925 4803 3217 4875 ἠλλάξατο,
3273 4803 3367 4857 καὶ
3424 4803 3771 4874 προετίμησε

2191 4892 2286 4945 τοῦ
2312 4891 2585 4945 δουλεύειν
2608 4892 2728 4962 Θεῷ
2750 4894 2810 4946 τὸ
2867 4895 3254 4964 τυραννεῖσθαι
3293 4891 3407 4948 ἀπὸ
3450 4892 3556 4964 τῆς
3597 4912 3773 4949 κατα-

2192 4984 2524 5057 φθειρούσης
2580 4984 2886 5051 δυνάμεως.

2261 5071 2394 5127 Εἶτα
2422 5073 2673 5145 βασιλεὺς
2708 5075 2806 5145 μὲν
2829 5074 3067 5142 ἐπίγειος
3104 5076 3422 5129 πιστεύεται
3447 5069 3612 5138 εἶναι,
3647 5075 3773 5128 καίς

2194 5183 2300 5237 περ
2328 5166 2402 5238 μὴ
2427 5167 2557 5219 πᾶσι
2585 5165 2948 5236 βλεπόμενοςο
2979 5167 3068 5219 διά
3108 5165 3167 5219 δὲ
3211 5167 3379 5236 νόμου
3435 5168 3531 5222 καὶ
3575 5167 3767 5221 διατά-

2195 5258 2333 5325 ξεων
2360 5257 2549 5325 αὐτοῦ,
2585 5260 2680 5313 καὶ
2706 5257 2991 5325 ἐξουσιῶν,
3020 5259 3114 5311 καὶ
3146 5259 3461 5328 δυνάμεων,
3490 5259 3590 5312 καὶ
3621 5258 3768 5311 eiad.

2194 5367 2321 5416 νων,
2358 5352 2577 5404 νοεῖται.
2604 5350 2709 5403 Τὸν
2729 5349 2785 5401 δὲ
2819 5348 2952 5403 Θεὸν
2974 5350 3035 5402 ού
3063 5348 3229 5422 βούλῃ
3266 5348 3331 5402 σὺ
3358 5348 3552 5420 νοῆσαι
3580 5350 3650 5403 δι’
3680 5351 3767 5422 ιρ-

2195 5462 2308 5514 γων
2334 5446 2428 5498 καί
2453 5443 2759 5511 δυνάμεων.

2260 5536 2529 5591 Οὐδέποτε
2564 5534 2776 5605 αἵρεσις
2820 5534 2918 5606 τὴν
2942 5532 3276 5605 Ἐκκλησίαν
3315 5533 3598 5606 ἐνίκησεν,
3650 5535 3770 5588 ἀλλ’

2194 5629 2279 5681 ἀεὶ
2312 5628 2584 5698 μαίνεται,
2623 5630 2719 5681 καὶ
2758 5626 2878 5681 κατ’
2930 5626 3112 5696 ὀλίγον
3164 5626 3510 5698 προελθοῦσα
3568 5627 3778 5693 εὐθέως

2195 5722 2397 5775 λύεται.
