3980 6188
395 233 504 298 783
1647 224 1961 287 ἈΝῚὈΝΠ
2003 225 2342 286 ΜΕΕΙΞΞΕ
3531 210 3648 276 784

471 348 583 402 Ira.
633 363 778 402 sim.
827 345 1049 414 Propter
1094 343 1340 398 timorem
1393 350 1569 408 tuum,
1613 341 1860 406 Domine.
1915 342 1967 395 in
1998 350 2040 405 Α

2149 342 2248 394 Διά
2284 340 2377 394 τὸν
2409 339 2578 408 φόϐον
2621 353 2740 402 σου,
2791 333 2984 434 Κύξε,
3013 333 3071 385 ἑν
3111 327 3311 400 γαστρὶ
3349 327 3650 399 ἐλάϐομεν.

397 449 550 494 utero
583 439 950 508 enucepimus.

465 531 662 586 Jerem.
694 546 859 584 xuii.
895 530 1064 581 lirunt
1101 527 1231 584 mihi
1257 529 1310 581 in
1347 526 1630 597 populum,
1663 536 1717 580 et
1752 541 1852 592 ego
1874 539 1969 579 cro

2145 519 2404 572 Ἔσονταί
2457 537 2544 588 μοι
2578 518 2659 580 εἰς
2702 517 2853 579 λαὸν,
2899 514 3056 582 κάγὼ
3098 515 3294 582 ἔσομαι
3341 515 3530 576 αὐτοῖς
3560 515 3651 576 si;

397 623 476 674 eis
505 624 554 675 in
593 622 781 685 Deum,
816 633 864 672 et
907 620 1045 676 dabo
1074 622 1154 673 eis
1198 634 1298 672 cor
1331 619 1476 673 aliud
1505 628 1557 672 et
1604 619 1744 671 viam
1783 619 1969 682 aliam,

2085 611 2226 676 θεὸν,
2282 611 2378 664 καὶ
2429 610 2584 664 δώσω
2633 611 2818 672 αὐτοῖς
2864 608 3092 677 καρδίαν
3139 608 3333 674 ἑτέραν
3382 607 3474 659 καὶ
3525 607 3657 659 ὁδὸν

397 722 453 764 ιιι
489 712 713 764 timeant
738 725 822 764 me
871 711 1124 763 omnibus
1154 710 1259 779 ιο
1290 709 1500 772 diebus,
1549 710 1600 762 in
1631 709 1827 762 bonum
1861 717 1967 762 tam

2087 703 2288 772 ἑτέραν.
2324 701 2629 772 φοϐηθῆναί
2657 718 2724 770 με
2757 701 2938 762 πάσας
2960 701 3059 764 τὰς
3087 701 3302 769 ἡμέρας
3328 701 3409 761 είς
3435 699 3659 765 ἀγαθὸν

394 802 528 871 ipsis
564 817 728 870 quam
762 801 884 854 ﬁliis
914 803 1152 870 ipsorum
1189 811 1308 869 post
1348 803 1488 856 illos.

2070 796 2253 856 αὐτοῖς
2281 812 2340 846 τε
2371 798 2466 848 καὶ
2493 798 2606 857 τοῖς
2629 794 2840 856 τέκνοις
2871 793 3052 847 αὐτῶν
3095 793 3213 860 μετ’
3243 791 3463 856 αὐτούς.

469 891 634 944 Ecrli.
663 908 698 944 I.
729 891 946 946 Initium
977 892 1276 960 sapientim,
1305 894 1495 944 timere
1525 889 1839 944 Dominum.

1686 905 1839 943 num.
2155 887 2323 956 Ἀρχὴ
2366 887 2558 956 σοφίας
2591 885 2877 955 φοϐεῖσθαι
2909 887 3001 938 τὸν
3033 885 3258 956 Κύριον.

468 983 608 1037 Ibid.
639 984 854 1038 Corona
885 985 1162 1054 sapientia!
1203 984 1364 1037 timor
1398 984 1629 1047 Domini,
1654 984 1970 1052 germinans

2143 980 2413 1047 Στέφανος
2452 979 2643 1046 σοφίας
2677 979 2842 1047 φόϐος
2881 979 3114 1048 Κυρίου,
3141 977 3458 1032 ἀναθάὶλων
3494 977 3665 1047 είρή-

395 1091 579 1144 pacem
612 1085 666 1130 et
707 1077 990 1130 sanitatem
1025 1076 1232 1128 salutis.

1180 1076 1232 1128 is.
2072 1088 2170 1138 νην
2199 1073 2294 1123 καὶ
2319 1071 2508 1135 ὑγείαν
2537 1070 2752 1132 ἰάσεως.

467 1161 610 1220 Ibid.
660 1164 942 1219 Plenitudo
993 1165 1270 1232 sapientia!
1325 1164 1518 1218 timere
1577 1163 1884 1223 Dominum,
1917 1170 1972 1216 et

2146 1161 2434 1228 Πλησμονὴ
2481 1161 2667 1226 σοφίας
2696 1160 2983 1226 φοϐεῖσθαι
3027 1159 3120 1212 τον
3149 1159 3378 1228 Κύριον,
3410 1159 3511 1212 καὶ
3539 1176 3660 1230 με·

402 1253 642 1311 inebriat
677 1272 772 1311 eos
807 1256 1073 1309 fructibus
1108 1257 1243 1309 suis.

2073 1252 2262 1305 Οὑσκει
2291 1254 2488 1314 αὐτοὺς
2525 1253 2630 1304 ἀπὸ
2663 1253 2770 1304 τῶν
2803 1251 3030 1320 καρπῶν
3067 1251 3258 1320 αὐτῆς.

467 1346 602 1399 Ibid.
623 1362 680 1399 ιι.
704 1345 805 1411 Qui
847 1347 1048 1399 timetis
1081 1347 1394 1409 Dominum,
1419 1355 1632 1414 sperate
1657 1345 1709 1398 in
1735 1345 1892 1411 bona,
1917 1354 1972 1400 et

2143 1344 2206 1396 Oi
2234 1344 2558 1412 φοϐούμενοι
2591 1347 2678 1396 τὸν
2709 1345 2910 1414 Κύριον
2947 1343 3201 1396 ἐλπίσατε
3231 1345 3312 1407 είς
3341 1342 3528 1412 ἀγαθά
3555 1342 3671 1395 καὶ

402 1437 455 1489 in
489 1438 722 1490 laetitiam
755 1437 1140 1506 sempiternam
1177 1453 1238 1489 ac
1260 1436 1711 1492 misericordiam.

1520 1439 1711 1488 rdiam.
2074 1437 2152 1496 εἰς
2183 1434 2523 1504 εὐφροσύνην
2551 1437 2769 1490 αἰώνιον
2797 1437 2888 1489 καὶ
2921 1435 3086 1498 ἔλεος.

469 1527 610 1581 Ibid.
669 1543 827 1581 xxiii.
874 1526 1018 1582 Nihil
1069 1535 1149 1582 cst
1189 1527 1380 1582 melius
1429 1529 1619 1581 timore
1653 1527 1887 1590 Domini,
1921 1536 1972 1580 ct

2144 1529 2307 1580 Οὐδὲν
2339 1529 2584 1592 κρεῖττον
2617 1528 2782 1596 φόϐου
2817 1527 3042 1596 Κυρίου,
3074 1528 3171 1580 καὶ
3200 1526 3354 1580 οὐδὲν
3377 1528 3671 1594 γλυκύτε-

402 1619 535 1671 nihil
573 1619 784 1673 dulcius
815 1634 975 1687 quam
1007 1618 1284 1672 attendere
1315 1618 1599 1686 prmccptis
1632 1619 1824 1686 ipsius.

1576 1634 1599 1672 s
1632 1619 1824 1686 ipsius.
2079 1637 2170 1685 ρον
2203 1619 2295 1671 τοῦ
2327 1620 2613 1688 προσέχειν
2648 1620 2887 1682 ἐντολαῖς
2921 1619 3148 1686 Κυρίου.

477 1709 622 1766 Ibid.
680 1728 716 1765 ι.
780 1710 1007 1764 Dileclio
1047 1710 1138 1764 Dei
1173 1710 1405 1778 gloriosa
1459 1721 1541 1763 est
1592 1711 1875 1779 sapientia,
1920 1718 1974 1763 ct
2010 1701 2048 1756 Β

2160 1710 2459 1778 ’Λγάπησις
2505 1712 2706 1776 Κυρίου
2752 1711 2958 1775 ἔνδοξος
2989 1711 3170 1781 σοφία,
3216 1713 3312 1764 καὶ
3343 1714 3671 1782 χορηγήσει.

408 1802 664 1868 largietur
700 1817 816 1853 eam
854 1802 1200 1867 diligentibus
1233 1801 1434 1868 ipsum.

1365 1818 1434 1854 ιιι.
2078 1802 2250 1870 αὐτὴν
2288 1804 2398 1862 τοῖς
2427 1803 2718 1868 ἀγαπῶσιν
2750 1803 2937 1856 αὐτόν.

481 1891 614 1944 Ibid.
650 1907 770 1944 xm.
815 1890 984 1960 Dilige
1044 1889 1355 1954 Dominum,
1391 1900 1441 1942 et
1479 1891 1667 1943 invoca
1722 1889 1870 1941 ἰΙῖιιιιι
1920 1890 1970 1939 in

2161 1892 2374 1958 ’Λγάπα
2409 1892 2498 1944 τὸν
2553 1891 2778 1964 Κύριον,
2826 1893 2918 1946 καὶ
2946 1893 3210 1947 ἐπικαλοῦ
3241 1895 3322 1957 είς
3371 1898 3670 1966 σωτηρίαν

403 1982 630 2036 salutem
659 1989 826 2035 tuam.

623 1999 630 2033 I
659 1989 826 2035 tuam.
2081 2001 2195 2036 σου.

475 2071 637 2126 Joan.
677 2089 786 2128 xlv.
814 2073 916 2139 Qui
957 2089 1041 2128 me
1067 2074 1262 2151 diligit,
1292 2074 1550 2141 diligetur
1581 2089 1610 2127 a
1643 2072 1800 2125 Patre
1833 2090 1972 2134 meo,

2161 2077 2217 2127 ὐ
2272 2076 2499 2140 ἀγαπῶν
2553 2095 2618 2146 με
2675 2078 3223 2148 ἀγαπηθήσεταιῦπδ
3253 2079 3346 2134 τοῦ
3414 2081 3660 2149 Πατρός

406 2172 461 2219 et
492 2179 593 2234 ego
623 2165 841 2235 diligam
872 2165 1075 2234 ipsum,
1109 2177 1162 2220 ct
1193 2167 1432 2236 aperiam
1465 2166 1515 2219 ei
1555 2166 1836 2234 lllt'lliSlltll.

2101 2183 2208 2231 ιου,
2263 2166 2418 2237 κάγὼ
2467 2169 2738 2237 ἀγαπήσω
2796 2171 2979 2232 αὑτὸν,
3034 2173 3127 2226 καὶ
3172 2173 3460 2242 ἐμφανίσω
3497 2174 3673 2241 αὐτῷ

1133 2247 1144 2254 κ
2079 2264 2100 2312 ὲ
2110 2263 2331 2328 μαυτόν.

481 2349 620 2402 Ibid.
668 2346 722 2402 Si
768 2348 892 2416 quis
921 2348 1104 2420 diliget
1145 2365 1249 2415 me,
1283 2363 1588 2402 sermonem
1640 2365 1820 2402 meum
1863 2367 1978 2403 svr-

2161 2355 2286 2406 Ὲάν
2316 2373 2400 2417 τις
2427 2357 2617 2425 ἀγαπᾷ
2649 2372 2738 2423 με,
2762 2355 2851 2410 τὸν
2880 2354 3038 2422 λόγον
3079 2372 3180 2424 μου
3225 2356 3475 2426 τηρήσει,
3504 2356 3606 2409 καὶ
3635 2359 3674 2408 ὁ

407 2441 571 2504 vabit,
613 2449 666 2492 et
696 2439 849 2492 Pater
880 2455 1032 2493 meus
1057 2441 1243 2509 diliget
1273 2457 1417 2503 eum,
1441 2451 1493 2494 et
1533 2441 1595 2493 ad
1639 2458 1764 2495 cum
1800 2445 1979 2498 venie-

2101 2448 2272 2516 Ῑατήρ
2307 2465 2408 2516 μου
2441 2449 2713 2516 ἀγαπήσει
2744 2447 2928 2510 αὐτὸν,
2954 2448 3046 2500 καὶ
3074 2448 3211 2517 πρὸς
3234 2448 3398 2501 αὐτὸν
3429 2448 3673 2501 ἐλευσό-

413 2548 554 2597 mus,
584 2542 637 2586 et
671 2533 1006 2594 mansionem
1038 2536 1178 2601 apud
1209 2533 1357 2586 illum
1396 2533 1677 2588 facienms.

2081 2538 2244 2608 μεθα,
2275 2539 2367 2591 καὶ
2401 2541 2570 2603 μονὴν
2607 2538 2736 2606 παρ’
2771 2539 2921 2607 αὐτῷ
2949 2541 3263 2608 ποιήσομεν.

476 2623 672 2678 Manli.
702 2640 754 2676 ι.
785 2624 860 2676 Ne
895 2619 1146 2680 nn-tuatis
1183 2627 1336 2680 vobis
1362 2627 1430 2679 ab
1463 2627 1546 2680 his
1586 2627 1678 2696 qui
1719 2627 1976 2681 occidunt

2149 2631 2239 2701 Μὴ
2280 2631 2550 2702 φοϐηθῆτε
2591 2632 2702 2685 ἀπὸ
2745 2631 2852 2684 τῶν
2904 2633 3336 2687 ἀποκτεινόντων
3375 2633 3437 2688 τὸ
3463 2635 3671 2703 σῶμα,

406 2730 626 2785 corpus,
656 2717 895 2771 animam
928 2729 1106 2771 autem
1134 2735 1242 2772 non
1273 2729 1503 2786 possunt
1527 2721 1796 2773 occidere.

1724 2738 1796 2773 re.
2075 2723 2175 2794 τὴν
2208 2724 2263 2776 δὲ
2289 2723 2466 2793 ψυχὴν
2493 2724 2566 2794 μὴ
2595 2724 2910 2793 δυναμένων
2952 2728 3296 2781 ἀποκτεῖναι.

475 2805 626 2862 Rom.
670 2823 782 2862 rm.
821 2809 937 2871 llis.
979 2812 1070 2878 qui
1106 2810 1342 2878 diligunt
1373 2811 1560 2876 Deum,
1591 2812 1772 2867 omnia
1815 2812 1974 2866 simul

2152 2815 2278 2878 Τοῖς
2301 2816 2552 2883 ἀγαπῶσι
2579 2816 2670 2868 τὸν
2695 2816 2830 2868 Θεδν
2852 2817 3028 2870 πάντα
3054 2820 3309 2888 συνεργεί
3321 2819 3399 2882 είς
3423 2818 3673 2887 ἀγαθόν.

409 2896 726 2969 adiumento
755 2911 882 2954 sunt
915 2900 966 2954 in
1002 2902 1228 2955 bonum.

482 2989 511 3044 I
542 2989 664 3046 Cor.
697 3007 814 3046 νιιι.
851 2993 950 3058 Qui
983 2991 1150 3048 Deum
1184 2995 1375 3064 diligit,
1403 2996 1490 3048 hic
1519 2995 1769 3064 cognitus
1799 3005 1882 3050 est
1909 2995 1976 3050 ab
2003 3022 2046 3080 ο

2155 2992 2220 3046 Et
2243 3012 2324 3056 τις
2355 2995 2545 3065 ἀγαπᾷ
2565 2996 2656 3048 τὸν
2681 2996 2834 3058 MV,
2863 2995 3019 3060 οὗτος
3049 2996 3318 3065 ἔγνωσται
3348 2996 3442 3050 ὑπ’
3460 2995 3671 3051 αὐτοῦ.

409 3083 524 3140 illo.

481 3175 509 3228 Ι
541 3176 705 3230 Joan.
740 3193 816 3232 ιν.
863 3176 1002 3234 Deus
1053 3188 1136 3231 est
1183 3178 1447 3242 Charitas,
1483 3187 1540 3232 et
1573 3177 1664 3246 qui
1714 3189 1895 3232 manet
1926 3178 1978 3232 in

2160 3170 2224 3226 '0
2253 3172 2385 3236 Θεὸς
2415 3173 2605 3242 ἀγάπη
2655 3173 2792 3238 ἐστὶ,
2831 3175 2927 3228 καὶ
2965 3175 2993 3226 ὁ
3034 3176 3215 3242 μένων
3253 3175 3312 3226 ὲν
3337 3175 3408 3244 τῇ
3452 3173 3670 3245 ἀγάπῃ

409 3267 703 3333 charitate,
730 3271 780 3321 in
817 3269 925 3322 Deo
954 3283 1158 3333 inanet,
1187 3279 1240 3323 et
1270 3269 1410 3323 Dens
1443 3279 1622 3322 manet
1654 3269 1706 3322 in
1737 3285 1822 3322 eo.

1743 3285 1822 3322 eo.
2081 3265 2139 3316 ὲν
2166 3265 2285 3333 Θεῷ
2317 3266 2491 3334 μένει,
2532 3267 2626 3319 καὶ
2654 3269 2680 3319 ὁ
2711 3268 2842 3329 Θεὸς
2873 3268 2930 3318 ἐν
2963 3266 3112 3335 αὐτῷ
3144 3268 3315 3336 μένει.

485 3358 700 3414 Basilii.
755 3359 942 3414 Timor
1003 3360 1214 3413 Domini
1273 3363 1469 3415 anima:
1526 3361 1829 3430 purilit-atio
1871 3367 1978 3421 est.

2152 3357 2321 3417 Φόϐος
2367 3358 2575 3426 Κυρίου
2629 3357 2926 3426 καθάρσιον
2953 3358 3133 3427 ψυχῆς
3179 3359 3318 3411 κατά
3359 3360 3458 3430 τὴν
3487 3359 3673 3428 εὐχὴν

406 3450 558 3521 juxta
600 3451 876 3522 propheta:
905 3451 1230 3516 orationem,
1256 3453 1348 3520 qui
1393 3451 1523 3507 dicit
1552 3469 1566 3505 :
1613 3471 1631 3503 ι
1663 3451 1848 3505 Timor
1880 3448 1978 3500 Do-

2097 3447 2177 3499 ποῦ
2226 3449 2508 3516 προφήτου
2557 3449 2826 3516 λέγοντος,
2862 3468 2881 3500 ι
2908 3450 3076 3514 Φόϐος
3113 3451 3324 3519 Κυρίου
3373 3453 3669 3506 παντοίων

414 3543 548 3596 mini
580 3543 786 3612 quaeris
813 3542 1010 3596 anima:
1049 3541 1178 3596 vitia
1205 3551 1258 3596 et
1291 3542 1533 3598 defectus
1562 3551 1806 3612 superat.
1845 3559 1865 3592 ι

1722 3551 1806 3597 'at.
1845 3559 1865 3592 ι
2037 3527 2049 3549 ⁸
2083 3540 2485 3608 ἐλαττωμάτων
2516 3541 2616 3610 τῆς
2649 3541 2830 3611 ψυχῆς
2876 3544 3237 3612 περιγίνεται.
3276 3563 3294 3596 ι

482 3631 861 3690 Necessarium
899 3634 1170 3698 debitum,
1215 3647 1370 3688 amor
1404 3632 1523 3700 Dei,
1553 3649 1582 3687 a
1609 3635 1768 3689 nobis
1799 3645 1986 3704 postu.

2168 3633 2494 3700 Ἀναγκαῖον
2544 3633 2766 3703 ὄφλημα
2795 3635 2893 3706 τὴν
2943 3637 3022 3699 είς
3054 3636 3186 3688 Θεὸν
3237 3637 3457 3706 ἀγάπην
3489 3642 3673 3693 ἀπαι-

413 3732 580 3786 latur.
633 3731 746 3784 lloc
785 3731 928 3785 enim
983 3729 1028 3786 si
1075 3739 1258 3785 careat
1285 3744 1489 3793 anima,
1517 3730 1717 3784 malum
1751 3731 1985 3786 sustinet

2099 3725 2341 3794 ιυύμεθα,
2373 3725 2400 3778 ὃ
2420 3728 2484 3796 τῇ
2515 3725 2835 3797 ὲλλειπούσῃ
2863 3727 3010 3798 ψυχῇ
3052 3727 3270 3783 πάντων
3292 3730 3481 3784 κακῶν
3509 3732 3671 3784 ἐστιν

413 3839 526 3893 pra:
554 3824 810 3878 omnibus
843 3825 964 3878 aliis
995 3838 1117 3878 cum
1149 3825 1339 3892 primis
1375 3820 1733 3876 intolerabile.
2087 3819 2380 3888 ἀφόρητον.

487 3916 808 3985 Quicunque
835 3930 1074 3970 amorem
1109 3929 1235 3983 erga
1269 3913 1436 3968 Deum
1483 3924 1722 3974 serunt.
1761 3913 1843 3966 his
1873 3915 1988 3983 ipse

2157 3911 2300 3965 Ὅσα
2347 3911 2447 3981 τὴν
2493 3912 2630 3981 πρὸς
2663 3911 2799 3966 Θεὸν
2840 3914 3004 3984 τηρεῖ
3046 3913 3254 3981 φιλίαν,
3301 3914 3514 3977 τούτοις
3554 3915 3671 3982 τὴν

415 4008 633 4078 quoque
693 4009 776 4063 sui
840 4006 1280 4060 rommunionem
1357 4005 1605 4073 largitur.
1665 4004 1758 4059 Dei
1807 4014 1986 4060 autem

2093 4003 2229 4058 ιδίαν
2260 4005 2490 4073 παρέχει
2524 4005 2836 4058 κοινωνίαν.
2873 4005 3144 4058 Κοινωνία
3164 4004 3223 4058 ει
3253 4003 3389 4057 Θεοῦ
3417 4005 3535 4076 ζωὴ
3561 4009 3665 4058 καὶ

414 4100 734 4155 communio
781 4099 889 4150 vita
919 4106 974 4150 et
1007 4096 1095 4149 lux
1137 4107 1242 4158 est,
1271 4107 1323 4149 ct
1367 4111 1558 4151 eorum
1613 4111 1733 4165 quae
1763 4097 1831 4152 ab
1863 4098 1984 4166 ipso

1887 4110 1984 4166 pso
2088 4093 2229 4162 φῶς,
2263 4097 2360 4150 καὶ
2387 4095 2694 4158 ἀπόλαυσις
2725 4095 2835 4148 τῶν
2866 4095 2996 4166 παρ’
3021 4095 3192 4155 αὑτοῦ
3218 4095 3459 4163 ἀγαθῶν.

415 4192 836 4263 proﬁciscuntur
869 4190 1132 4242 bonorum
1169 4185 1375 4240 fruitio.

492 4284 634 4337 Deus
663 4297 768 4337 non
811 4281 1053 4336 omnium
1094 4280 1234 4335 Deus
1257 4288 1360 4342 est,
1401 4278 1494 4334 sed
1533 4294 1749 4344 eorum,
1775 4280 1865 4349 qui
1894 4294 1990 4348 per

2162 4274 2238 4328 Οὐ
2265 4273 2488 4327 πάντων
2517 4273 2649 4336 Θεὸς
2698 4274 2728 4327 ὁ
2755 4272 2912 4341 Θεὸς,
2947 4275 3085 4331 ἀλλὰ
3127 4274 3237 4329 τῶν
3264 4275 3671 4331 οίκειωθέντων

415 4377 734 4431 eharitatem
764 4376 816 4428 in
855 4373 1022 4442 ipsius
1055 4373 1212 4443 quasi
1266 4371 1530 4427 familiam
1567 4373 1769 4442 recepti
1798 4380 1853 4428 et
1885 4371 1986 4443 ipsi

1180 4373 1212 4426 si
1266 4371 1530 4427 familiam
1567 4373 1769 4442 recepti
1798 4380 1853 4428 et
1885 4371 1986 4443 ipsi
2016 4391 2068 4454 υ
2091 4365 2239 4437 αὐτῷ
2263 4367 2352 4422 διὰ
2379 4369 2479 4438 τῆς
2511 4367 2752 4438 ἀγάπης.

417 4469 696 4538 conjuucri
729 4477 880 4521 sunt.

495 4556 962 4628 Theologi.'l‘imor
988 4555 1200 4610 Domini
1231 4552 1512 4624 sapientia:
1539 4552 1784 4619 initium,
1805 4561 1860 4608 et
1887 4569 1985 4609 ceu

2174 4542 2346 4614 Ἀρχὴ
2372 4545 2563 4612 σοφίας
2590 4543 2752 4614 φόϐος
2786 4544 2992 4616 Κυρίου
3016 4540 3129 4601 οἷόν
3155 4561 3211 4598 τι
3239 4546 3459 4614 πρῶτον
3493 4546 3672 4616 arrip-

420 4653 593 4722 prima
621 4650 758 4705 fetus
789 4649 938 4704 illius
970 4645 1138 4702 fascia
1157 4656 1263 4706 est.
1295 4648 1359 4702 Et
1388 4646 1655 4717 sapientia
1681 4645 1770 4700 ubi
1795 4646 1992 4700 timore

2099 4653 2283 4706 γανον.
2328 4636 2438 4689 Καὶ
2467 4637 2630 4706 σοφία
2661 4637 2754 4692 τὸν
2799 4636 2964 4706 φόϐον
2991 4637 3299 4708 ὐπαρϐᾶοσ..
3327 4639 3426 4691 καὶ
3463 4642 3547 4701 είς
3572 4639 3671 4709 τὴν

418 4744 633 4798 devicto
670 4743 735 4798 ad
764 4730 1110 4796 dilectionem
1147 4755 1431 4810 progressa
1458 4748 1563 4803 est,
1597 4753 1698 4793 nos
1734 4737 1826 4793 Dei
1857 4737 1990 4793 ami-

2097 4730 2320 4800 ἀγάπην
2349 4729 2751 4796 ἀναϐιϐάσασα,
2793 4729 2928 4785 Θεοῦ
2959 4732 3149 4802 φίλους
3179 4733 3330 4802 ἡμᾶς
3372 4733 3469 4785 καὶ
3522 4733 3669 4795 υἱοὺς

421 4851 517 4890 cos
536 4845 591 4890 et
621 4835 759 4890 lilios
791 4849 886 4906 pro
911 4833 1085 4888 servis
1113 4831 1297 4885 eﬂieit.

1221 4832 1297 4885 :it.
2096 4823 2218 4878 ἀντὶ
2249 4823 2451 4878 δούλων
2481 4824 2793 4895 ἐργάζεται.

491 4925 841 4996 Nequaquam
877 4940 978 4980 nos
1009 4941 1038 4978 a
1071 4921 1321 4978 Numinis
1346 4921 1807 4992 contemplatione
1829 4935 1996 4977 exor-

2169 4916 2288 4969 Οὒιι
2321 4916 2431 4971 ἀπὸ
2465 4916 2702 4987 θεωρίας
2741 4917 3082 4988 ἀρξαμένους
3115 4919 3195 4982 είς
3221 4917 3389 4987 φόϐον
3418 4920 3529 4988 χρὴ
3572 4935 3667 4970 ια-

423 5034 514 5075 sos
553 5018 608 5073 in
641 5018 890 5072 timorem
947 5017 1197 5071 desinere
1230 5023 1460 5084 oportet.
1497 5012 1812 5069 Istiusmodi
1849 5013 1995 5068 enim

2097 5010 2356 5081 ταλήγειν
2386 5011 2614 5081 (θεωρία
2640 5013 2749 5081 γὰρ
2775 5013 3112 5082 ἀχαλίνωτος
3138 5012 3279 5083 τάχα
3321 5013 3392 5065 ἂν
3413 5015 3510 5066 καὶ
3533 5011 3668 5065 κατὰ

423 5106 809 5175 contemplatio
861 5105 1080 5162 effrenis
1154 5104 1384 5159 forsitan
1431 5104 1734 5174 praecipites
1782 5119 1995 5173 quoque

2101 5104 2362 5174 κρημνῶν
2395 5101 2633 5171 ὤσειεν),
2677 5102 2811 5159 ἀλλὰ
2864 5103 3017 5175 φόϐῳ
3061 5103 3537 5176 στοιχειουμένους
3582 5105 3668 5156 καὶ

423 5213 528 5256 nos
559 5197 882 5269 impelleret.
917 5198 1020 5253 Sed
1056 5199 1147 5253 ubi
1173 5213 1203 5251 a
1235 5197 1431 5252 timore
1453 5196 1608 5252 initio
1635 5196 1779 5252 facto
1808 5197 1995 5265 primis

2101 5199 2561 5268 καθαιρομένους,
2589 5199 2684 5252 καὶ
2714 5197 2806 5268 (ἵν’
2829 5198 3003 5264 οὕτως
3029 5198 3189 5270 sim)
3214 5197 3665 5270 λεπτυνομὲνως.

424 5292 749 5348 rudimentis
781 5291 1028 5346 instructi
1077 5300 1132 5344 et
1167 5289 1400 5360 purgati,
1433 5288 1543 5342 imo
1575 5287 1657 5358 (ut
1697 5288 1766 5343 ita
1801 5289 1996 5358 dicam]

1077 5300 1132 5344 et
1167 5289 1400 5360 purgati,
1433 5288 1543 5342 imo
1575 5287 1657 5358 (ut
1697 5288 1766 5343 ita
1801 5289 2002 5358 dicam)
2103 5293 2182 5356 εἰς
2213 5289 2346 5360 ὕψος
2369 5287 2642 5360 αἴρεσθαι.

423 5387 689 5443 attenuati
746 5383 1033 5448 fuerimus,
1067 5383 1122 5437 in
1155 5382 1391 5438 sublime
1439 5396 1538 5436 nos
1575 5381 1750 5436 attolli
1804 5396 2008 5437 conre-

431 5497 441 5530 ι
469 5478 531 5531 it.

506 5568 606 5634 ιι
647 5566 852 5622 Colon.
884 5581 966 5634 ιιι,
1001 5565 1086 5622 Ib.
1128 5564 1380 5620 Charitas
1425 5565 1776 5635 perfectionis
1819 5563 2008 5615 vincu-

1819 5563 2008 5615 vincu-
2191 5567 2405 5636 ’Λγάπη
2432 5566 2551 5619 ἐστὶ
2586 5565 2885 5634 σύνδεσμος
2917 5564 3278 5628 τελειώσεως.
3367 5573 3377 5582 ’

442 5657 552 5710 lum
585 5665 687 5711 est.
