3980 6188
351 225 455 287 787

1603 241 1927 306 ΑΝΤΟΝιΙ
1962 247 2303 311 ΜΕΙᾸΒΞΕ

3482 257 3633 321 788'

378 354 383 361 ·
422 337 576 395 Psal.
608 356 759 396 xxxi.
798 340 1119 412 Sperantem
1151 344 1205 399 in
1252 342 1541 402 Dominum
1566 354 1924 411 circumdabit

2096 362 2201 414 Τὸν
2227 363 2512 428 ἐλπίζοντα
2542 365 2637 425 ἐπὶ
2668 366 2875 438 Κύριον
2903 364 3051 440 ἔλεος
3084 366 3378 424 κυκλώσει.

351 430 749 487 misericordia.

430 522 573 580 Ibid.
609 540 794 581 xxxvr.
844 524 1016 597 Spera
1052 526 1108 584 in
1159 528 1411 601 Domino,
1457 544 1510 591 et
1557 534 1644 593 l‘ac
1705 536 1919 592 bonita-

354 624 482 673 tem.

424 707 566 764 Ibid.
604 698 802 766 Revela
833 712 901 766 ad
939 714 1231 771 Dominum
1282 717 1423 773 viam
1474 729 1645 785 tuam,
1669 733 1723 776 et
1761 738 1919 792 spera

355 802 407 853 in
443 816 526 863 eo,
554 812 608 856 et
638 803 752 870 ipse
780 803 963 859 faciet.

427 891 570 948 Ibid.
622 911 811 952 xxxix.
846 898 1045 953 Beatus
1084 899 1187 962 vir,
1234 902 1389 969 cujus
1439 918 1561 972 spes
1590 913 1671 958 est
1722 920 1919 962 nomen

358 983 590 1049 llotnini,
619 996 672 1042 et
703 1001 809 1043 non
843 992 1083 1060 respexit
1104 992 1157 1045 in
1191 994 1458 1050 vanitates
1476 1006 1529 1050 et
1555 995 1793 1052 insanias
1819 997 1922 1051 fal-

352 1092 465 1132 $38.

422 1168 564 1228 Ibid.
616 1186 784 1229 cxvtt.
831 1175 1039 1232 Bonum
1100 1186 1186 1234 est
1220 1180 1495 1237 conlidere
1554 1184 1607 1238 in
1664 1184 1917 1250 Domino.

351 1274 518 1329 quam
563 1266 839 1321 conﬁdere
873 1266 927 1321 in
961 1264 1209 1324 homine.
1266 1270 1476 1327 Bonum
1503 1282 1588 1329 est.
1617 1290 1835 1346 sperare
1865 1278 1917 1331 in

273 1365 282 1374 ·
354 1350 608 1421 Domino,
641 1371 804 1426 quam
842 1373 1061 1427 sperare
1088 1361 1143 1415 in
1185 1362 1539 1434 principibus.

426 1444 578 1502 Ρωι.
630 1461 810 1504 cxxrv.
856 1448 960 1516 Qui
1009 1452 1290 1509 conﬁdunt
1338 1454 1592 1521 Domino,
1645 1468 1708 1512 ut
1763 1474 1921 1515 mons

353 1538 508 1593 Sion.

424 1626 526 1696 Qui
557 1611 789 1688 Domino
820 1632 1068 1702 conlidit,
1094 1649 1193 1691 sua
1223 1636 1396 1705 ipsius
1448 1639 1808 1695 sanctimonia
1832 1640 1921 1711 jn-

356 1727 474 1776 stus
507 1730 613 1776 est.

423 1809 647 1867 Conlide
680 1811 910 1870 Domino
935 1815 988 1869 in
1020 1823 1134 1873 toto
1159 1820 1323 1875 corde
1352 1830 1466 1876 tuo.

425 1898 555 1971 Sep.
585 1916 666 1956 tu.
697 1901 798 1968 Qui
835 1903 1064 1960 Domino
1095 1907 1397 1975 conﬁdunt,
1430 1909 1731 1981 intelligent
1782 1909 1920 1963 veri-

356 1999 544 2056 tatem,
576 2000 632 2048 et
658 1992 842 2048 ﬁdeles
878 1998 930 2048 in
962 1993 1255 2052 dilectione
1283 2000 1637 2054 adlia-rebunt
1675 2001 1771 2054 illi.

424 2083 541 2139 Isa.
577 2100 671 2140 xtt.
710 2084 850 2141 Ecce
887 2086 1029 2143 Deus
1066 2103 1242 2155 meus,
1272 2089 1524 2146 Salvator
1559 2108 1712 2148 meus
1736 2093 1920 2148 Domi-

358 2177 760 2241 uus,conlldam
789 2178 889 2245 illi,
919 2180 1236 2236 etsalvabor
1263 2197 1359 2252 per
1385 2182 1585 2254 ipsum.

427 2265 622 2322 Ierem.
678 2283 806 2324 xvn.
856 2269 1182 2327 Benedictus
1240 2274 1428 2340 homo,
1467 2276 1561 2346 qui
1598 2273 1821 2332 conlidit
1866 2276 1919 2331 in

2095 540 2356 595 Ἐλπισον
2377 543 2470 598 ἐπὶ
2495 543 2721 616 Κύριον,
2755 547 2849 603 καὶ
2877 547 3020 603 ποίει
3045 566 3148 621 χρη
3159 550 3410 620 στότητα.

2103 718 2477 790 ’Δποκάλυψον
2512 723 2648 793 πρὸς
2691 726 2897 793 Κύριον
2927 727 3026 798 τὴν
3052 728 3172 783 όδόν
3213 745 3333 796 σου,
3386 730 3479 783 καὶ
3507 731 3599 783 ἔλ-

2021 828 2180 863 πισον
2211 812 2303 864 ἐπὶ
2336 814 2519 877 αὐτὸν,
2552 818 2649 873 καὶ
2681 818 2845 882 αὐτὸς
2870 821 3113 888 ποιήσει.

2090 907 2380 977 Μακάριος
2409 912 2570 983 ἀνὴρ,
2621 906 2682 968 οὗ
2725 914 2843 967 ἐστι
2879 914 2941 968 τὸ
2972 915 3151 983 ,ὄνομα
3183 916 3389 986 Κυρίου
3432 916 3602 977 nul;

2022 1000 2208 1067 αὐτοῦ,
2242 1004 2337 1055 καὶ
2382 1002 2483 1056 ούκ
2513 1003 2740 1073 έόλεψεν
2768 1007 2845 1069 είς
2872 1006 3215 1076 ματαιότητι
3260 1007 3354 1061 καὶ
3389 1007 3603 1076 μανίας

2020 1090 2257 1161 ψευδεῖς.

2106 1185 2335 1254 Ἀγαθὸν
2361 1186 2678 1241 πεποιθέναι
2704 1189 2797 1242 ἐπὶ
2829 1189 3058 1259 Κύριον,
3090 1192 3123 1261 ἢ
3156 1194 3475 1247 πεποιθέναι
3503 1191 3603 1244 ἐπ’

2022 1275 2328 1345 ἄνθρωπον.
2377 1277 2607 1346 Ἀγαθὸν
2638 1280 2878 1344 ἐλπίζειν
2903 1284 2995 1337 ἐπὶ
3024 1283 3248 1354 Κύριον,
3276 1284 3309 1354 ἢ
3347 1284 3606 1349 ιλπίζειν

2022 1367 2110 1420 ἐπ’
2153 1366 2433 1437 ἄρχουσιν.

2095 1456 2161 1511 0i
2197 1460 2519 1527 πεποιθότες
2547 1464 2639 1516 ἐπὶ
2666 1465 2872 1536 Κύριον
2899 1466 2975 1530 ὡς
3019 1467 3146 1538 ὅρος
3181 1470 3340 1523 Σιών.

2107 1622 2167 1676 Ὀ
2199 1621 2473 1687 πεποιθὼς
2505 1622 2600 1678 ἐπὶ
2632 1624 2839 1699 Κύριον
2888 1630 2955 1699 τῇ
2993 1627 3189 1682 ἑαυτοῦ
3242 1628 3481 1701 ὁσιότητι
3514 1629 3604 1684 δί-

1950 1707 1996 1768 Β
2024 1730 2198 1776 καιος.

2101 1809 2243 1862 Ἰσθι
2271 1811 2550 1877 πεποιθὼς
2578 1812 2674 1866 ἐπὶ
2702 1813 2911 1885 Κύριον
2935 1815 3031 1884 ὅλῃ
3064 1812 3263 1885 καρδίᾳ
3298 1831 3417 1868 σου.

2098 1897 2164 1952 Οἱ
2194 1902 2516 1968 πεποιθότες
2551 1906 2647 1958 ἐπὶ
2691 1907 2902 1976 Κύριον
2933 1906 3258 1975 συνήσουσιν
3310 1906 3602 1978 ἀλήθειαν,

2028 1989 2120 2040 καὶ
2153 1990 2202 2041 οἱ
2235 1990 2418 2044 πιστοὶ
2450 1993 2506 2045 ἐν
2531 1993 2716 2066 ἀγάπῃ
2750 1992 3154 2063 προσμενοῢσιν
3180 1995 3354 2066 αὐτῷ.

2115 2080 2243 2138 Ἰδοὺ
2285 2086 2313 2138 ό
2340 2084 2474 2148 Θεός
2508 2103 2636 2157 μου,
2672 2091 2867 2159 σωτήρ
2898 2106 3026 2160 μου,
3068 2089 3294 2160 Κύριος,
3319 2087 3604 2151 πεποιθὼς

2028 2175 2219 2242 ἔσομαι
2249 2177 2335 2230 ἐπ’
2367 2177 2551 2244 αὐτὸν,
2582 2179 2678 2234 καὶ
2715 2180 3034 2249 σωθήσομαι
3059 2180 3130 2234 δι’
3158 2179 3347 2237 αὐτοῦ.

2104 2267 2479 2337 Εὐλογημένος
2526 2270 2812 2340 ἄνθρωπος
2874 2276 3024 2338 ὅστις
3075 2273 3335 2328 πέποιθεν
3377 2273 3474 2326 επὶ
3522 2272 3607 2333 τῷ

360 2356 608 2422 Domino,
641 2369 697 2415 et
731 2361 836 2415 erit
881 2360 1142 2418 Dominus
1190 2379 1316 2435 spes
1342 2367 1496 2437 ejus:
1546 2378 1601 2421 et
1633 2368 1735 2423 erit
1765 2368 1918 2439 quasi

2085 2359 2242 2429 υρίῳ,
2274 2362 2368 2412 καὶ
2402 2359 2554 2414 ἔσται
2588 2360 2792 2430 Κύριος
2818 2362 2977 2427 ὲλπὶς
3004 2363 3194 2429 αὐτοῦ,
3223 2364 3318 2417 καὶ
3346 2362 3498 2416 ἔσται
3524 2362 3607 2426 ὡς

358 2452 562 2521 lignum
594 2464 802 2507 rectum
847 2455 926 2509 vel
958 2456 1244 2512 abundans
1265 2458 1421 2527 juxta
1450 2475 1638 2530 aquas.

2080 2450 2187 2505 ἱλον
2216 2452 2480 2523 εύθηνοῦν
2509 2456 2640 2524 παρ’
2672 2454 2859 2512 ὕδατα.

429 2542 600 2599 Erclt'.
638 2560 703 2599 ll.
734 2545 986 2616 Inspicite
1049 2547 1101 2602 in
1151 2551 1403 2619 antiquas
1453 2553 1829 2622 generationes
1871 2562 1924 2608 et

2111 2546 2450 2615 Ἐμδλέψατε
2492 2552 2575 2611 εἰς
2620 2548 2719 2613 τὰς
2759 2550 2996 2621 ἀρχαίας
3032 2550 3248 2618 γενεὰς,
3284 2551 3380 2604 καὶ
3430 2550 3605 2603 ἴδετε.

353 2635 580 2691 scitote:
615 2636 749 2704 Quis
778 2638 1017 2709 speravit
1049 2641 1101 2694 in
1132 2641 1418 2698 Dominum
1441 2652 1492 2697 et
1516 2643 1775 2700 confusus
1796 2653 1872 2699 est
1899 2644 1923 2697 ?

2080 2638 2124 2701 ίς
2174 2639 2405 2709 ἤλπισεν
2448 2642 2542 2695 ἐπὶ
2613 2642 2818 2713 Κύριον
2862 2643 2959 2697 καὶ
3006 2643 3393 2716 κατῃσχύνθη;
3422 2643 3457 2712 ἢ
3515 2643 3607 2705 τίς

355 2735 447 2779 urit
498 2727 625 2796 quis
679 2729 979 2798 permansit
1030 2731 1087 2785 in
1130 2735 1324 2789 timore
1371 2734 1544 2803 ipsius
1591 2744 1647 2790 et
1686 2735 1923 2806 neglexit

2080 2731 2302 2800 νέμεινεν
2328 2731 2404 2800 τῷ
2435 2731 2586 2804 φόϐῳ
2619 2732 2811 2799 αὐτοῦ,
2844 2735 2940 2790 καὶ
2972 2734 3255 2805 ὑπερεῖδεν
3277 2735 3442 2788 αὐτόν
3467 2751 3485 2800 ;

353 2832 480 2872 cum
512 2817 539 2871 ἵ

426 2910 859 2969 l’ersuadeamus
918 2914 1020 2971 ltoc
1072 2916 1231 2972 nobis
1290 2916 1446 2986 ipsis,
1481 2916 1695 2982 fratres.
1754 2927 1813 2972 ut
1868 2918 1919 2971 in

2105 2914 2389 2981 Πείσωμεν
2419 2912 2665 2978 ἑαυτοὺς,
2691 2913 2934 2984 ἀδελφοὶ,
2966 2915 3022 2967 ὲν
3051 2915 3231 2984 καιρῷ
3258 2913 3604 2983 πειρασμοῦ,

355 3013 598 3072 tempore
631 3006 950 3063 teutationis
983 3022 1088 3061 non
1141 3008 1207 3062 ad
1255 3007 1522 3065 humanas
1553 3025 1680 3080 spes
1734 3025 1923 3064 recur-

2080 3005 2109 3075 η
2150 3006 2287 3074 πρὸς
2328 3005 2672 3077 ἀνθρωπίνας
2702 3006 2922 3069 ἐλπίδας
2952 3007 3298 3077 ἀποτρέχειν,
3328 3008 3423 3065 καὶ
3464 3008 3608 3062 ἑαυ-

357 3109 545 3150 ramus
562 3105 612 3151 et
640 3097 797 3153 nobis
820 3099 954 3169 ipsis
1018 3113 1279 3155 venemur
1309 3102 1535 3167 auxilia,
1583 3104 1713 3173 quin
1742 3103 1923 3169 potius

2080 3097 2137 3159 ii;
2190 3097 2287 3161 τὰς
2320 3096 2572 3167 βοηθείας
2615 3094 2906 3167 θηρᾶσθαι,
2960 3097 3076 3152 ἀλλ’
3116 3099 3174 3153 ὲν
3224 3099 3459 3169 δάκρυσι
3505 3102 3610 3153 καὶ

358 3192 412 3244 in
458 3189 715 3261 lacrymis
745 3201 799 3247 et
831 3192 1146 3263 gemitibus,
1171 3203 1226 3248 et
1258 3192 1524 3251 laboriosa
1552 3210 1615 3250 ac
1654 3194 1924 3250 indefes~a

2080 3194 2376 3260 ιεναγμοίς,
2409 3191 2505 3243 καὶ
2530 3189 2799 3260 φιλοπόνῳ
2843 3194 3150 3262 προσευχῇ,
3197 3193 3291 3245 καὶ
3316 3194 3612 3264 ἀγρυπνίᾳ

356 3281 604 3336 oratione
630 3292 683 3337 et
720 3281 917 3353 vigiliis
944 3282 1180 3339 assiduis
1222 3282 1389 3339 Deum
1427 3286 1802 3356 deprecemur.
1837 3287 1927 3342 Sic

2080 3285 2250 3355 ιτόνῳ,
2284 3287 2383 3348 τὰς
2437 3284 2659 3354 δεήσαις
2703 3284 2838 3355 πρὸς
2889 3283 3020 3338 Θεὸν
3062 3284 3358 3339 ποιεῖσθαι.
3410 3284 3612 3348 Οὕτως

356 3372 501 3427 enim
531 3372 794 3429 auxilium
823 3389 887 3429 ex
915 3373 1202 3430 afﬂictione
1226 3377 1473 3446 percipit,
1499 3380 1592 3446 qui
1624 3377 1923 3433 humanum

355 3463 616 3520 auxilium
649 3474 707 3520 ut
741 3480 940 3520 vanum
979 3475 1031 3520 et
1070 3466 1226 3520 inane
1255 3468 1574 3522 contemnit.

430 3556 619 3611 Laudo
663 3572 813 3624 eum,
845 3556 939 3627 qui
993 3573 1122 3627 spes
1171 3558 1509 3629 vigilantium
1552 3561 1766 3617 somnia
1809 3575 1930 3616 esse

356 3651 516 3708 dixit.

432 3745 708 3816 Theologi.
761 3744 1099 3816 Voluptatem
1151 3745 1371 3817 quidem
1443 3761 1599 3813 cura,
1650 3746 1926 3802 tristitiam

356 3851 484 3891 vero
512 3851 639 3908 spes
669 3835 860 3892 melior
894 3839 1177 3908 reprimat.

428 3932 721 3987 Maximum
791 3930 1146 3988 inl'ortunatis
1213 3930 1523 3987 subsidium
1579 3942 1664 3987 est
1720 3930 1933 3987 vicissi-

357 4024 561 4080 tvulinis
611 4038 758 4094 spes,
785 4033 841 4079 et
879 4024 1072 4080 melior
1124 4031 1300 4078 status
1351 4022 1419 4077 ob
1480 4022 1669 4077 oculos
1702 4024 1928 4091 positus.

428 4119 669 4171 Tandem
701 4116 984 4171 submersa
1018 4123 1101 4169 est
1130 4113 1305 4180 navis,
1329 4128 1451 4183 qua:
1480 4115 1683 4169 multos
1714 4115 1779 4169 ad
1806 4131 1931 4184 por-

361 4220 448 4263 tus
480 4208 709 4262 feliciter
740 4207 971 4277 appulit.
1029 4203 1179 4260 Multi
1223 4220 1293 4261 ex
1328 4205 1564 4259 maxima
1613 4215 1933 4275 tempestate

361 4299 428 4353 ad
463 4308 680 4369 portum
708 4304 1024 4353 evaserunt.

434 4413 820 4483 Chrysostomi.
848 4410 1191 4483 lmpossibile
1225 4418 1330 4476 est,
1355 4420 1413 4473 ut
1444 4426 1475 4466 a
1502 4413 1607 4466 line
1636 4419 1730 4465 aut
1763 4425 1929 4481 scopo
1959 4388 2014 4449 θ

361 4522 461 4564 suo
493 4509 733 4574 aberret,
766 4507 860 4578 qui
908 4516 1019 4563 tota
1074 4516 1257 4562 mente
1309 4506 1366 4561 in
1419 4504 1588 4560 Deum
1643 4514 1848 4574 sperat,
1877 4518 1931 4561 et

363 4599 544 4654 omnia
573 4612 673 4653 sua
709 4614 807 4670 pro
842 4598 985 4653 virili
1016 4598 1147 4669 agit.

431 4713 568 4767 Cum
619 4713 768 4768 nulla
821 4727 1050 4783 usquam
1104 4712 1328 4767 humani
1363 4713 1552 4768 auxilii
1601 4729 1729 4783 spes
1778 4713 1934 4769 nobis

362 4806 604 4876 aﬂulget,
658 4821 731 4860 ne
786 4806 1142 4875 desperemus
1187 4819 1287 4859 nec
1341 4805 1779 4873 despontleamus
1813 4805 1934 4858 ani-

364 4911 536 4961 mum,
564 4896 659 4951 sed
690 4895 815 4951 lldei
834 4895 1129 4951 anchoram
1148 4896 1497 4966 arripiamus,
1519 4905 1573 4951 et
1601 4898 1935 4950 instrumen-

363 4999 480 5040 tum
511 4986 627 5055 spei
654 4986 945 5055 iaciamus,
977 5002 1087 5042 non
1105 4988 1325 5056 quidem
1360 4987 1415 5041 in
1448 4987 1717 5052 mari,sed
1749 4988 1800 5041 in
1825 5000 1937 5040 eoe-

365 5082 500 5141 lum,
558 5088 613 5133 et
675 5088 1052 5149 tempestatum
1107 5080 1364 5149 procellis
1408 5081 1606 5153 agitata
1648 5081 1747 5150 l3
1784 5081 1939 5134 navis

366 5172 436 5223 ub
462 5169 610 5222 omni
643 5167 889 5237 periculo
928 5168 1267 5225 liberabitur.
1607 5168 1619 5178 ’

439 5278 670 5334 Λθιίοιίο
698 5279 800 5335 ﬂos
820 5288 905 5333 est
934 5279 1200 5333 bonorum
1224 5295 1346 5349 quae
1372 5290 1779 5348 exspectantur.
1810 5280 1940 5335 Pro-

369 5378 488 5435 pter
546 5370 784 5423 fructum
818 5382 948 5435 ergo
1006 5367 1105 5421 llos
1152 5384 1373 5438 quoque
1423 5369 1581 5424 nobis
1634 5370 1940 5438 carpendus

372 5470 473 5514 est.

441 5569 588 5625 Nihil
642 5573 865 5642 perinde
913 5575 1147 5628 animam
1204 5573 1377 5628 nutrit
1419 5581 1473 5628 et
1513 5584 1747 5646 vegetat,
1781 5585 1941 5648 atque

376 5676 500 5730 spes
525 5662 644 5716 laeta
674 5674 726 5717 et
766 5665 1031 5720 bonorum
1059 5666 1411 5736 exspectatio.

2031 3376 2141 3445 γὰρ
2167 3375 2431 3445 λαμϐάνει
2463 3374 2717 3443 βοήθειαν
2760 3375 2825 3428 ὲκ
2861 3373 3096 3445 θλίψεως
3125 3377 3155 3428 ό
3198 3375 3297 3445 τῆς
3327 3374 3614 3446 ἀνθρωπί-

2030 3486 2127 3539 νης
2155 3467 2407 3538 βοηθείας
2433 3468 2507 3531 ὡς
2538 3468 2772 3538 ματαίας
2798 3468 3182 3539 καταφρονῶν.

2112 3558 2351 3612 Ἐπαινῶ
2376 3558 2467 3611 τὸν
2517 3558 2739 3612 εἰπόντα
2796 3558 2894 3622 τὰς
2942 3558 3170 3624 ἐλπίδας
3201 3555 3344 3616 εἴναι
3394 3576 3614 3630 γρηγο-

2036 3649 2274 3719 ρούντων
2300 3650 2549 3704 ἐνύπνια.

2115 3740 2488 3795 Ἐπικοπτέτω
2530 3759 2613 3796 σοι
2647 3744 2885 3814 μέριμνα
2934 3743 3035 3811 μὲν
3073 3742 3285 3814 ἡδονὴν,
3334 3741 3521 3813 λύπην
3552 3743 3611 3797 δὲ

2031 3832 2065 3899 ἡ
2102 3830 2366 3902 κρείττων
2400 3831 2576 3895 ἐλπίς.

2104 3923 2355 3995 Μεγίστη
2387 3927 2498 3986 τοῖς
2530 3925 2823 3994 ἀτυχοῦσιν
2857 3925 3146 3997 ἐπικουρία
3184 3924 3491 3995 μεταϐολῆς
3516 3924 3609 3976 ἑλι-

2037 4013 2152 4079 stic,
2184 4014 2280 4067 xui.
2318 4014 2379 4067 τὸ
2407 4018 2654 4084 κρεῖττον
2681 4019 2738 4067 ἐν
2766 4016 3069 4086 ὀφθαλμοῖς
3109 4016 3389 4082 κείμενον.

2110 4104 2331 4168 Πολλοῖς
2359 4107 2497 4176 πρὸς
2541 4107 2601 4177 ὃς
2612 4124 2731 4175 μοις
2759 4106 2993 4162 εὔπλουν
3035 4108 3124 4162 ἔδυ
3153 4109 3382 4179 σκάφος.
3416 4109 3610 4163 Πολλοὶ

2039 4197 2545 4268 προσωρμίσθησαν
2575 4201 2640 4252 ἐκ
2678 4202 2998 4270 τρικυμίας.

2124 4404 2428 4474 ⁹Δμήχεινον
2472 4404 2568 4458 τοῦ
2620 4403 2806 4471 τέλους
2856 4408 3113 4463 ικπεσεῖν
3143 4408 3237 4463 τον
3262 4409 3359 4481 ὅλῃ
3398 4410 3615 4484 διιινοίιι⁵

2038 4496 2129 4548 ἐπὶ
2161 4497 2249 4548 τὸν
2277 4497 2414 4550 Θεὸν
2455 4495 2763 4566 ἐλπίζοντα,
2800 4501 2894 4553 καὶ
2925 4500 2996 4554 τά
3028 4502 3166 4571 παρ’
3197 4502 3396 4555 ἑαυτοῦ
3427 4505 3616 4560 πάντα

2037 4606 2062 4640 ε
2073 4587 2383 4660 ίσφέροντα.

2112 4705 2287 4761 Ὅταν
2342 4708 2656 4778 μηδαμόθεν
2717 4711 3064 4783 ἀνθρωπίνης
3133 4713 3388 4785 βοηθείας
3456 4715 3617 4779 ἐλπὶς

2041 4799 2174 4868 ἡμῖν
2205 4796 2449 4871 ὑπάρχῃ,
2481 4800 2555 4870 μὴ
2580 4800 2925 4872 ἁπογνῶμεν,
2956 4804 3031 4874 μὴ
3060 4804 3416 4874 ἀτονήσωμεν
3435 4822 3448 4837 ο
3474 4806 3615 4859 ἀλλὰ

2042 4890 2142 4958 τὴν
2173 4889 2424 4960 ἄγκυραν
2453 4891 2556 4961 τῆς
2600 4894 2837 4957 πίστεως
2864 4894 3223 4965 άρπάσωμεν,
3274 4897 3528 4966 ῥίψωμεν
3560 4897 3619 4950 τὸ

2044 4984 2331 5051 ἐργαλεῖον
2379 4983 2479 5048 τῆς
2508 4985 2744 5049 ἐλπίδος,
2784 4985 2858 5056 μὴ
2910 4989 2993 5050 είς
3042 4987 3343 5053 θάλασσαν,
3376 4988 3491 5041 ἀλλ’
3540 4990 3622 5053 είς

2045 5075 2297 5142 οὐρανὸν,
2331 5074 2427 5127 καὶ
2454 5075 2513 5127 τὸ
2547 5074 2947 5145 χειμαζόμενον
2980 5079 3186 5145 σκάφος
3217 5077 3325 5130 τῶν
3355 5077 3624 5133 κινδύνων

2046 5164 2520 5235 ἀπαλλαγήσεται.

2122 5280 2244 5332 Τῶν
2275 5282 2744 5351 προσδοκωμένων
2776 5282 2997 5351 ἀγαθῶν
3027 5283 3256 5355 ἠθλῖψις
3284 5285 3445 5347 ἄνθος
3480 5284 3621 5337 ἐστί.

2049 5380 2147 5430 Διὰ
2179 5376 2272 5431 οὖν
2300 5379 2389 5430 τὸν
2420 5382 2628 5448 καρπὸν
2670 5378 2762 5430 καὶ
2814 5380 2872 5431 τὸ
2902 5380 3060 5442 ἄνθος
3089 5378 3440 5451 δρεψώμεθα.

2124 5578 2288 5630 Οζδὲν
2319 5578 2488 5639 οὕτως
2524 5578 2713 5646 τρέφει
2757 5577 2956 5650 ψυχὴν,
2989 5578 3063 5642 ὡς
3110 5580 3261 5643 ἐλπὶς
3297 5580 3497 5648 ἀγαθὴ,
3536 5580 3631 5632 καὶ

2054 5670 2111 5721 τὺ
2138 5670 2348 5740 χρηστὲ
2376 5672 2696 5740 προσδοκᾷν.
