3980 6188
321 290 431 353 Ἱδθ

1148 288 1320 349 LOCI
1357 287 1803 349 COMMUNES.
1843 311 1910 322 --
1961 287 2154 346 PARS
2179 289 2222 347 l.
2248 289 2505 346 SEliMO
2542 288 2635 348 Vl.

3459 293 3563 353 79⁵)

409 402 592 467 Ἐλπίς
648 403 762 456 ἐστι
815 400 1126 473 προπάθειά
1183 419 1288 464 τις,
1343 400 1487 470 χαρά
1535 401 1642 468 πρὸ
1687 400 1888 470 χαρᾶς,

2070 397 2329 452 Philonis.
2365 399 2495 467 Spes
2531 401 2725 469 praevia
2769 400 3013 470 qumdam
3066 405 3259 456 mentis
3304 411 3388 457 est
3430 403 3564 457 alii-.-

321 496 542 564 ἀγαθῶν
572 490 710 548 οὖσά
747 493 1064 564 προσδοκία.

401 670 622 724 Ἐλπίδα
647 672 674 724 ό
717 671 851 734 Θεὸς
877 669 956 740 τῷ
1002 670 1148 739 γάνει
1179 671 1288 728 τῶν
1330 670 1636 742 ἀνθρώπων
1667 674 1896 741 ἐγκατέη

324 779 569 834 σπειρεν,
603 762 690 814 ἵνα
735 762 948 832 ἔχοντες
982 763 1233 832 συμφυὲς
1288 763 1662 836 παραμύθιον,
1696 764 1894 815 ἐπελα-

321 855 642 926 φρὺνωνται
683 854 782 918 τὰς
810 855 965 920 ἀνίας
999 857 1050 908 οἱ
1089 857 1162 927 μὴ
1191 856 1384 910 ἀνίατα
1415 856 1736 928 δράσαντες.

397 1033 470 1085 Τὸ
500 1032 911 1100 ἀπροσδόκητον
952 1034 1123 1086 κακὸν
1149 1033 1372 1105 θορυϐεῖ
1396 1035 1615 1096 πάντως
1646 1036 1892 1090 ἐπελθόν·

322 1123 386 1175 τὸ
413 1123 470 1175 δὲ
514 1122 913 1192 προσδοκηθὲν,
941 1122 1185 1193 εὐτρεπῆ
1220 1123 1359 1193 πρὸς
1387 1123 1487 1193 τὴν
1523 1127 1718 1194 πεῖραν
1739 1127 1896 1196 εὐρὺν

322 1216 414 1268 τὸν
441 1215 724 1284 λογισμὸν,
753 1215 1086 1287 κουφότερον
1125 1219 1273 1270 ποιεῖ
1295 1217 1359 1270 τὸ
1386 1216 1582 1271 δεινόν.

393 1391 470 1445 Τὸ
513 1389 769 1445 ὲλπισθὲν
820 1390 1026 1460 ἀγαθὸν
1075 1391 1156 1454 είς
1203 1392 1516 1447 τούναντίον
1573 1393 1891 1464 περιπεσδν,

324 1482 762 1553 ἀπαραμύθητον
790 1483 905 1552 ἔχει
933 1485 994 1536 τὸ
1023 1483 1216 1546 πάθος.

397 1663 673 1717 Κινδύνων
728 1663 888 1726 ἐλπὶς
915 1663 1046 1716 ἄνευ
1097 1663 1360 1719 κινδύνων
1387 1667 1569 1735 τίθησι
1609 1669 1702 1718 τὸν
1744 1666 1891 1719 ἐλπί-

2002 488 2128 561 ειίυ,
2164 491 2416 555 gaudium
2462 503 2587 545 ante
2631 493 2910 562 gaudium,
2947 502 3005 548 ut
3041 509 3161 564 qua:
3193 495 3456 548 bonorum
3496 497 3567 548 sit

1999 582 2356 648 exspectatio.

2071 670 2232 741 Spem
2263 673 2416 726 Deus
2452 674 2690 730 humano
2730 676 2925 732 insevit
2969 678 3176 748 generi,
3211 688 3268 732 ut
3309 678 3566 747 congeni-

2003 771 2114 816 tum
2156 765 2257 817 sibi
2305 765 2558 818 solatium
2599 766 2855 821 habentes
2900 767 3180 823 doloribus
3227 769 3562 832 levarentur.

2002 852 2075 904 illi
2104 852 2358 906 nimirum
2393 855 2484 922 qui
2517 854 2660 908 nulla
2689 855 3007 909 incurabilia
3035 858 3401 926 patravissent
3433 857 3566 912 laci-

2000 957 2160 997 nora.

2075 1034 2210 1090 Nili.
2242 1036 2440 1091 Malum
2477 1038 2813 1108 insperatum
2848 1042 3074 1096 omnino
3121 1046 3400 1112 perturbat
3438 1061 3560 1100 cun

1999 1125 2242 1192 ingruit:
2292 1127 2434 1196 quod
2487 1143 2612 1183 vero
2641 1133 3078 1201 exspectabatur,
3127 1140 3482 1206 compositam
3513 1154 3566 1196 et

1998 1228 2354 1284 pra-paratam
2387 1221 2452 1272 ad
2485 1222 2784 1289 periculum
2815 1236 3049 1281 mentem
3083 1230 3383 1300 inveniens,
3414 1236 3562 1291 cala-

1999 1307 2240 1361 mitatem
2276 1310 2529 1364 leniorem
2571 1313 2762 1369 reddit.

2075 1398 2277 1453 Bonum
2331 1414 2606 1470 speratum
2638 1409 2680 1460 si
2716 1423 2873 1462 secus
2905 1419 2956 1463 et
3002 1411 3053 1464 in
3112 1419 3442 1470 cotitrarium
3473 1437 3561 1472 ca-

1997 1493 2130 1546 dens
2161 1510 2257 1547 nos
2290 1495 2458 1559 fallat,
2491 1499 2742 1555 aﬁ‘ectum
2772 1504 2856 1557 vix
2886 1505 2994 1558 ullo
3033 1507 3387 1577 mitigandum
3419 1513 3560 1567 sola-

2001 1583 2074 1635 tio
2109 1586 2303 1652 gignit.

2070 1675 2269 1731 Dionis.
2328 1677 2693 1736 Pericuiorum
2747 1701 2869 1754 spes
2913 1699 3082 1742 tu'um
3120 1708 3146 1744 a
3207 1697 3457 1762 periculis
3500 1712 3560 1751 aa

322 1756 506 1820 ζοντα,
536 1755 616 1823 τῷ
651 1754 1094 1825 προησφαλίσθαι
1125 1756 1234 1809 τῶν
1261 1756 1541 1828 δυσχερῶν
1564 1760 1632 1829 τῇ
1666 1759 1888 1828 δοκήσει

2029 1777 2300 1832 pcrantem
2333 1770 2512 1836 cllicit,
2541 1789 2606 1826 co
2640 1779 2780 1841 quod
2828 1791 3047 1848 propter
3079 1786 3344 1839 malorum
3372 1803 3562 1858 exspe-

319 1851 392 1903 τά
418 1849 741 1918 πράγματα.

394 1941 532 1994 Οὔτε
564 1940 700 2010 γυνὴ
732 1943 900 2011 χωρὶς
922 1941 1143 2009 ἀνδρὸς,
1174 1941 1294 1995 οὔτε
1323 1943 1477 2006 ἐλπὶς
1503 1949 1672 2015 χωρὶς
1699 1945 1887 2009 πόνου,

321 2035 486 2104 γεννᾷ
517 2047 569 2086 τι
596 2033 758 2103 χρήσι
769 2050 888 2102 μον.

393 2126 474 2178 Τά
501 2124 611 2193 γάρ
649 2125 800 2196 ήδέα,
835 2125 936 2180 κᾶν
968 2127 1136 2197 μήπω
1181 2130 1353 2199 παρῇ,
1421 2129 1613 2200 τέρπει
1659 2130 1778 2191 ταῖς
1804 2129 1890 2182 ἑλ-

321 2223 494 2274 πίσιν.

929 2336 1145 2390 ΑοΓοΣ
1179 2335 1272 2404 q'.

319 2455 459 2524 Περι
478 2455 599 2510 τῶν
614 2457 984 2510 πεποιθότων
1006 2453 1104 2524 ἐπὶ
1129 2453 1369 2524 πλούτῳ
1411 2452 1508 2507 καί
1530 2454 1887 2523 ἀνθρώποις,

390 2522 489 2580 παι
538 2525 625 2594 μὴ
673 2529 760 2592 είς
787 2526 934 2579 Θεὸν
977 2523 1092 2593 τὴν
1116 2522 1339 2577 ἐλπίδα
1380 2525 1476 2578 καί
1521 2522 1890 2592 πεποίθησιν

394 2596 680 2663 ἐχόντων.

389 2685 560 2746 Εἷπεν
609 2685 860 2748 Ἀνανίας
907 2687 935 2738 ό
969 2685 1257 2756 προφήτης
1297 2685 1434 2756 πρὸς
1479 2687 1614 2740 ’Λσὰ
1665 2687 1887 2755 βασιλέα

334 2779 542 2832 Ἰούδαο
586 2779 678 2833 Ἐν
703 2778 779 2846 τῷ
811 2777 1130 2831 πεποιθέναι
1165 2795 1223 2830 σε
1271 2780 1364 2831 ἐπὶ
1397 2779 1620 2848 βασιλέα
1665 2779 1885 2850 Συρίας,

319 2871 417 2924 καὶ
445 2871 521 2940 μὴ
551 2869 872 2923 ’πεποιθέναι
908 2886 966 2922 σε
995 2871 1085 2920 ἐπὶ
1121 2869 1325 2939 Κύριον
1355 2869 1445 2922 τὸν
1475 2869 1610 2924 Θεόν
1646 2889 1762 2937 σου,
1796 2872 1888 2925 διά

316 2963 477 3016 τοῦτο
507 2961 684 3033 ἐσώθη
741 2963 775 3032 ἠ
818 2961 1046 3029 δύναμις
1079 2963 1179 3032 τῆς
1221 2962 1421 3033 Συρίας
1453 2965 1517 3018 ὲκ
1562 2965 1660 3035 τῆς
1705 2967 1888 3035 χειρός

320 3071 441 3108 σου.

1994 1861 2285 1914 ctationem
2328 1879 2416 1918 res
2454 1878 2582 1920 suas
2617 1872 3040 1933 przrmuniverit.

2065 1950 2325 2008 Socratis.
2363 1956 2474 2010 Nec
2516 1959 2711 2013 mulier
2756 1962 2961 2031 absque
2991 1967 3125 2034 viro,
3156 1985 3254 2026 nec
3277 1987 3399 2041 spes
3432 1977 3559 2033 οῦδ·

1992 2055 2097 2111 que
2155 2043 2340 2096 labore
2367 2045 2662 2114 quidquam
2703 2050 2843 2117 parit
2873 2053 3025 2106 utile.

2063 2132 2337 2204 Leucippi.
2378 2137 2506 2203 Quae
2529 2141 2674 2192 enim
2703 2142 2941 2210 jucunda
2967 2157 3114 2212 sunt,
3167 2150 3290 2209 licet
3321 2158 3556 2212 nondum

1992 2223 2173 2278 adsint
2205 2227 2516 2294 praesentia,
2548 2244 2642 2296 spe
2676 2237 2855 2286 tamen
2884 2233 3178 2292 delectant.

2414 2341 2645 2397 SEltMO
2679 2344 2738 2400 Vl
2771 2343 2867 2419 [aL
2909 2349 3168 2427 CLXVI].

2060 2451 2137 2506 De
2171 2454 2237 2506 iis
2270 2454 2359 2521 qni
2383 2454 2590 2530 diuitiis
2610 2468 2657 2509 et
2689 2457 2978 2515 hominibus
3008 2463 3204 2530 ﬁdunt,
3234 2483 3324 2520 nec
3368 2470 3420 2522 in
3455 2470 3558 2526 Deo

2188 2537 2328 2589 spem
2357 2535 2406 2577 et
2427 2525 2678 2590 ﬁduciam
2707 2543 2911 2584 omnem
2943 2525 3098 2586 siiam
3131 2525 3346 2592 habent.

2063 2678 2124 2733 ΙΙ
2148 2680 2332 2738 Paral.
2360 2701 2466 2739 xvr.
2496 2685 2560 2739 Et
2588 2687 2723 2744 dixit
2749 2689 2988 2748 Ananias
3016 2697 3277 2764 propheta
3304 2699 3368 2753 ad
3397 2701 3556 2755 Asam

1989 2785 2168 2840 regem
2192 2771 2330 2827 Juda
2357 2792 2370 2828 :
2395 2777 2660 2842 Quoniam
2692 2781 2933 2838 conlisus
2953 2800 3013 2839 es
3036 2795 3091 2838 tu
3126 2787 3178 2840 in
3209 2804 3330 2857 rege
3361 2791 3558 2860 Syriae.

1991 2871 2046 2916 et
2096 2878 2202 2918 non
2261 2867 2506 2923 conﬁsus
2535 2884 2594 2924 es
2635 2871 2864 2926 Domino
2909 2873 3018 2930 Deo
3066 2887 3176 2941 tuo,
3209 2889 3428 2950 propter
3457 2883 3557 2938 hoc

1991 2955 2229 3009 salvatus
2263 2967 2346 3011 est
2375 2961 2652 3018 exercitus
2681 2965 2850 3035 Syria:
2882 2967 2946 3022 de
2973 2983 3135 3023 manu
3164 2981 3276 3026 tua.

386 3145 659 3216 Αίσχὺνην
687 3145 1018 3216 όςρλήσυυσιν
1067 3147 1116 3198 oi
1152 3147 1242 3198 ἐπὶ
1281 3146 1465 3199 πόλεσι
1501 3146 1596 3198 καὶ
1638 3146 1886 3217 χρήμασι

2061 3133 2186 3189 Job.
2219 3137 2572 3206 Ignominiam
2605 3143 2705 3198 sibi
2754 3120 3096 3212 contrahant,
3128 3151 3218 3219 qui
3265 3151 3317 3205 in
3370 3153 3556 3208 civita-

313 3238 663 3300 πεποιθότες.

389 3329 454 3381 Oi
495 3329 815 3392 πεποιθότες
847 3328 939 3382 ἐπὶ
971 3331 1037 3400 τῇ
1069 3329 1294 3398 δυνάμει
1323 3327 1526 3394 αὐτῶν,
1561 3327 1658 3382 καὶ
1689 3329 1781 3382 ἐπὶ
1811 3328 1886 3399 τῷ

313 3418 517 3486 πλήθει
546 3418 640 3470 τοῦ
665 3418 895 3472 πλούτου
922 3419 1101 3471 αὐτῶν
1133 3416 1503 3486 καυχώμενοι.

392 3511 656 3579 Ὄψονται
695 3509 890 3563 δίκαιοι
926 3511 1020 3564 καὶ
1071 3509 1492 3578 φοϐηθήσονται,
1526 3511 1617 3563 καὶ
1665 3509 1754 3562 ἐπ’
1791 3511 1889 3564 αὐο

313 3603 408 3654 τὸν
436 3601 778 3668 γελάσονται,
803 3601 898 3654 καὶ
924 3602 1140 3673 ἐροῦσιν
1159 3617 1176 3632 ο
1221 3603 1350 3654 Ἰδοὺ
1376 3601 1680 3671 ἄνθρωπος,
1709 3601 1764 3664 ὃς
1789 3603 1886 3654 οὐκ

317 3693 474 3745 ἔθετο
504 3691 596 3746 τὸν
645 3691 778 3745 Θεὸν
829 3691 1024 3761 βοηθὸν
1059 3692 1245 3754 αὐτοῦ,
1277 3691 1392 3744 ἀλλ’
1440 3692 1742 3759 ἑπήλπισεν
1792 3693 1886 3743 ἐπὶ

317 3784 394 3850 τῷ
429 3781 622 3852 πλήθει
647 3782 739 3834 τοῦ
773 3782 1004 3837 πλούτου
1036 3783 1224 3845 αὑτοῦ,
1258 3784 1352 3835 καὶ
1387 3782 1769 3852 ἐνεδυναμώθη
1795 3785 1886 3834 ἐπὶ

321 3875 388 3941 τῇ
418 3874 738 3942 ματαιότητι
769 3872 960 3929 αὐτοῦ.

395 3965 484 4034 Μὴ
521 3964 813 4017 πεποίθατε
835 3951 922 4016 ἐπ’
946 3964 1233 4034 ἄρχοντας,
1260 3964 1351 4018 ἐπὶ
1381 3965 1530 4028 υίοϋς
1556 3963 1881 4035 ἀνθρώπων,

320 4053 402 4121 οἷς
429 4060 528 4111 οὐκ
561 4059 676 4112 ἐστι
711 4060 977 4131 σωτηρία.

403 4153 462 4206 '0
501 4151 776 4216 πεποιθὼς
804 4154 896 4207 ἐπὶ
924 4152 1162 4224 πλούτῳ,
1189 4153 1344 4217 οὗτος
1373 4157 1637 4207 πεσεῖται.

393 4325 560 4383 Εἶπεν
619 4329 901 4399 Ἐερραῖμο
962 4328 1342 4398 Πεπλούτηκα,
1398 4321 1556 4399 εὗρον
1604 4330 1886 4399 ἀναψυχὴν

1991 3226 2137 3280 tibus
2171 3230 2447 3284 conﬁdunt
2472 3242 2528 3286 et
2555 3232 2781 3289 divitiis.

2059 3316 2207 3372 Ρδαι.
2243 3335 2430 3378 ςιιίιῑ.
2465 3324 2564 3390 Qui
2598 3326 2878 3379 conﬁdunt
2911 3327 2963 3381 in
3012 3329 3210 3384 virtute
3251 3347 3368 3396 sua,
3405 3343 3458 3386 et
3506 3335 3556 3386 in

1989 3409 2336 3464 multitudine
2365 3411 2671 3466 divitiarum
2697 3431 2919 3471 suarum
2947 3419 3271 3487 gloriantur.

2055 3497 2208 3555 Psal.
2264 3516 2336 3555 LI.
2387 3499 2659 3557 Videbunt
2687 3505 2820 3573 justi
2867 3520 2919 3563 et
2966 3511 3257 3577 timebunt,
3289 3525 3341 3566 et
3392 3530 3556 3582 super

1987 3604 2108 3642 eum
2141 3589 2416 3664 ridebut‘
2446 3605 2500 3647 et
2538 3595 2755 3651 dicent:
2788 3598 2925 3653 Ecce
2972 3601 3156 3662 homo.
3195 3606 3286 3670 qui
3320 3620 3424 3657 non
3457 3620 3552 3674 po-

1987 3682 2097 3735 suit
2141 3681 2305 3738 Deum
2342 3687 2643 3755 adjutorem
2679 3705 2861 3756 suum,
2887 3691 2978 3744 sed
3019 3697 3256 3762 Speravit
3287 3697 3340 3750 in
3372 3699 3558 3752 multi-

1991 3776 2174 3829 tudine
2206 3776 2518 3832 divitiarum
2566 3794 2788 3834 suarum
2821 3790 2873 3836 ct
2906 3784 3242 3840 confortatus
3273 3799 3355 3841 est
3385 3789 3439 3841 in
3471 3802 3559 3844 va-

1990 3866 2159 3921 nitate
2188 3883 2312 3923 sua.

2063 3958 2193 4013 Paal
2243 3973 2400 4014 (ιι-ιν.
2447 3960 2623 4016 Nolite
2669 3961 2944 4018 conlidere
2995 3965 3048 4018 in
3101 3965 3462 4038 principibus,
3502 3970 3556 4024 in

1987 4052 2112 4105 ﬁliis
2155 4052 2464 4116 hominum,
2491 4055 2688 4123 quibus
2724 4071 2829 4109 non
2861 4065 2945 4112 est
2971 4058 3139 4112 salus.

2061 4144 2310 4198 Proverb.
2344 4162 2417 4198 xi.
2449 4147 2555 4210 Qui
2588 4145 2810 4200 conlidit
2834 4149 2886 4200 in
2918 4147 3123 4204 divitiis
3151 4153 3286 4217 suis,
3315 4152 3401 4208 hic
3435 4170 3559 4210 cor-

1989 4248 2134 4291 ruet.

2061 4332 2210 4385 Osca:
2237 4347 2328 4388 xu.
2355 4331 2494 4386 Dixit
2527 4333 2781 4400 prraim
2811 4352 2822 4385 :
2856 4333 3012 4389 Dives
3031 4335 3256 4390 eiTectus
3306 4352 3453 4404 sum,
3478 4340 3559 4392 in-

316 4421 560 4492 ἐμαυτῷ.
596 4423 800 4484 Πάντες
847 4423 896 4476 oi.
956 4422 1106 4474 πόνοι
1149 4420 1315 4474 αὑτοῦ
1362 4421 1459 4490 οὐχ
1499 4421 1886 4492 εὑρεθήσονται

2029 4426 2114 4479 cui
2153 4425 2394 4494 requiem
2441 4425 2594 4478 mibi.
2641 4424 2843 4480 Omnes
2874 4425 3086 4482 labores
3115 4428 3234 4497 ejus
3268 4444 3372 4481 non
3407 4429 3561 4484 inve-

316 4529 489 4582 αυτῳ.

404 4603 914 4676 Ἐξωλοθρεύθησαν
967 4605 1164 4668 πάντες
1214 4603 1265 4656 ot
1325 4604 1732 4674 ἐπερειδόμεναι
1791 4606 1889 4675 ἀρ-

313 4699 512 4767 γυρίῳ.

405 4791 752 4861 Ἐξεδίκησας
797 4791 934 4862 μετὰ
967 4791 1247 4862 δυνάμεώς
1309 4810 1402 4845 σου
1455 4795 1580 4855 τοὺς
1611 4798 1888 4866 ἀρχηγοὺς

232 4952 242 4979 1
312 4887 426 4938 τῶν
472 4886 835 4957 ἁμαρτωλῶν,
859 4889 986 4946 τοὺς
1021 4887 1353 4948 πεποιθότας
1385 4887 1478 4940 ἐπὶ
1509 4888 1574 4958 cf;
1624 4890 1886 4960 αὐθαδείᾳ

230 4978 239 5040 ξ
315 4978 523 5033 αὐτῶν.

229 5053 236 5072 ³
387 5072 526 5124 Οὐαὶ
554 5073 581 5123 ὁ
607 5069 780 5137 λέγων
813 5071 870 5122 ὲν
909 5071 975 5140 τῇ
1007 5069 1205 5140 καρδίᾳ
1233 5071 1398 5122 αὐτοῦ
1427 5086 1440 5102 ⁸
1477 5070 1571 5134 Τίς
1617 5089 1684 5141 με
1717 5075 1887 5127 κατά-

316 5162 398 5227 ξει
431 5161 526 5214 ἐπὶ
548 5163 645 5232 τὴν
670 5169 809 5232 γῆν;

389 5254 607 5306 Ματαία
632 5255 664 5324 ἡ
698 5255 851 5324 ἰσχὺς
878 5253 1036 5324 ἡμῶν
1063 5253 1318 5323 ἐγενήθη.
1346 5256 1438 5307 καὶ
1470 5256 1572 5309 οὐκ
1603 5255 1884 5310 ἐϐούλεσθε

313 5344 558 5409 ἀκούειν,
595 5345 708 5398 ἀλλ’
745 5347 936 5398 εἴπατε
962 5359 974 5372 ⁸
1021 5345 1137 5415 Ἐφ’
1172 5345 1354 5399 ἵππων
1385 5346 1717 5416 φευξόμεθα.

408 5529 533 5580 Ἐπὶ
565 5530 670 5582 τίνι
712 5530 1000 5595 πέποιθας,
1032 5529 1112 5581 ὅτι
1151 5527 1400 5592 ἀπειθεῖς
1433 5546 1520 5596 μοι
1551 5547 1563 5592 ;
1608 5532 1740 5583 Ἰδοὺ
1794 5549 1889 5584 πε-

319 5621 524 5681 ποιθὼς
559 5615 606 5673 et
651 5623 740 5672 ἐπὶ
770 5621 870 5688 τὴν
916 5621 1111 5690 ῥάϐδον
1164 5622 1264 5690 τὴν
1321 5621 1628 5690 καὶαμίνην
1676 5622 1770 5694 τὴν
1805 5641 1888 5677 τε-

324 5714 636 5784 θλασμένην
665 5713 893 5783 ταύτην.

1996 4519 2215 4570 nientur
2240 4516 2310 4569 ci.

2069 4608 2303 4672 Saphon.
2359 4625 2397 4663 l.
2449 4608 2825 4678 Dispericruut
2875 4626 3087 4674 otnncs,
3116 4609 3205 4677 qui
3240 4608 3431 4662 conﬁsi
3469 4623 3562 4664 aut

1996 4701 2199 4754 sullulti
2235 4712 2362 4756 sunt
2391 4714 2634 4774 argento.

2064 4793 2271 4846 llubac.
2303 4794 2564 4848 Punivisti
2607 4810 2728 4850 cum
2759 4795 2998 4865 potentia
3031 4804 3118 4848 tua
3151 4794 3419 4863 principes
3444 4809 3564 4868 pec-

1996 4893 2267 4950 catorum,
2297 4901 2417 4950 eos,
2444 4887 2690 4955 inquam,
2718 4885 2811 4955 qui
2848 4884 2951 4956 14
2971 4884 3249 4938 conﬁdunt
3293 4884 3345 4937 in
3367 4892 3560 4937 contu-

1997 4977 2168 5028 macia
2197 4991 2316 5031 sua.

2065 5069 2206 5123 Ibid.
2248 5069 2334 5124 Vae
2365 5071 2563 5124 dicenti
2594 5071 2646 5124 in
2677 5069 2837 5123 corde
2858 5084 2958 5124 suo
2986 5088 2996 5122 :
3023 5068 3153 5135 Quis
3190 5085 3276 5124 me
3305 5070 3563 5123 detrahet

1999 5166 2050 5214 iu
2093 5163 2336 5215 terram?

2071 5253 2182 5306 Isa.
2240 5268 2364 5307 xu.
2429 5252 2708 5306 Fortitudo
2767 5260 2942 5306 vestra
3001 5267 3134 5305 vana
3170 5251 3310 5305 iacta
3350 5259 3453 5311 est,
3511 5258 3560 5302 et

1999 5364 2102 5400 non
2137 5348 2386 5401 voluistis
2414 5348 2622 5408 audire,
2654 5346 2747 5400 sed
2775 5345 2988 5398 dixistis
3023 5363 3034 5394 τ
3071 5345 3247 5411 Super
3275 5356 3444 5411 equos
3478 5339 3563 5396 lu-

1997 5441 2227 5507 giemus.
2849 5440 2854 5445 ’

2069 5531 2215 5586 Ibid.
2249 5547 2430 5585 xxxvr.
2459 5532 2558 5585 Cui
2590 5533 2847 5595 conlisus,
2887 5547 2945 5584 cs
2976 5532 3102 5597 quia
3137 5529 3266 5580 mihi
3288 5543 3347 5580 es
3382 5528 3565 5580 inobe-

1998 5624 2190 5677 diens?
2250 5623 2383 5678 Ecce
2415 5625 2643 5679 conﬁdis
2698 5625 2862 5692 virga:
2894 5614 3238 5684 arundinem.
3275 5622 3566 5676 confracta:

2003 5717 2146 5770 huic.
