3980 6188
317 226 426 291 795

1593 219 1915 279 ANTONII
1947 219 2292 280 MELISS/E

3455 205 3563 263 796

389 339 746 396 Demonactis.
788 339 1016 394 Virtutis
1052 337 1231 402 potius
1280 335 1544 403 imagines
1603 335 1698 389 tibi
1744 334 1910 399 velis,

2060 332 2251 392 Βούλου
2277 331 2374 394 τὰς
2393 330 2493 398 τῆς
2519 329 2720 398 ἀρετῆς
2747 328 2962 387 six-ivra;
3021 324 3387 392 ὑπομνήματα
3425 320 3565 390 p.51-

320 439 672 486 monumenta
701 427 1034 498 relinquere,
1073 439 1234 494 quam
1273 425 1540 492 corporis.

393 521 625 576 Tantum
663 524 729 575 ad
763 521 1012 574 virtutem
1045 517 1292 588 adjicies,
1334 524 1596 586 quantum
1626 512 1883 582 volupta-

325 613 467 667 tibus
502 610 788 665 ademeris.

391 701 573 772 Turpe
627 712 712 758 est
754 704 805 756 in
862 703 982 760 aliis
1041 703 1271 772 probare
1330 701 1578 764 virtutes,
1629 698 1768 753 intra
1829 711 1891 753 se

323 794 481 846 etiam
521 795 721 848 habere
750 794 899 847 vitia.

397 883 625 938 Biantis.
675 884 849 937 Tarde
869 885 1160 955 aggredere
1208 883 1434 952 agenda,
1465 896 1755 952 aggressus
1784 895 1880 935 au-

327 983 431 1027 tem
462 984 775 1030 constanter
805 990 923 1044 age.

1992 426 2082 478 λον
2109 425 2142 494 ἢ
2173 424 2266 476 τοῦ
2306 421 2559 491 σώματος
2591 419 2930 473 καταλιπεῖν.
3311 479 3314 481 λ

2063 514 2330 568 Τοσοῦτον
2365 513 2446 575 είς
2471 511 2674 584 ἀρετὴν
2718 510 3075 580 προσθήσεις.
3108 508 3233 560 ὅσον
3262 503 3329 559 ἂν
3360 503 3571 574 ὑφέλῃς

1995 607 2100 662 τῶν
2120 606 2343 675 ἡδονῶν.

2068 701 2307 770 Αἰσχρὸν
2341 699 2438 770 μὲν
2465 700 2522 752 ἐν
2565 697 2748 759 ἄλλοις
2777 692 3142 764 ἀποδέχεσθαι
3195 689 3296 754 τὰς
3339 689 3574 760 ἀρετὰς,

2003 793 2059 844 ἐν
2089 793 2298 852 ἑαυτοῖς
2327 791 2382 844 δὲ
2413 788 2560 858 ἔχειν
2590 789 2691 851 τὰς
2717 787 2936 848 κακίας.

2058 882 2314 953 Βραδέως
2349 882 2588 952 ἐγχείρει
2611 884 2722 945 τοῖς
2766 876 3185 952 πραττομένοις,
3237 872 3578 945 ἐγχειρησας

1993 975 2072 1039 δὲ,
2103 975 2309 1042 πρᾶττε
2337 972 2596 1042 βεϐαίως.

394 1109 666 1178 Euripidis
701 1111 802 1182 (l).
839 1111 1079 1182 Tempus
1130 1127 1236 1166 non
1265 1111 1405 1166 delet
1453 1112 1708 1181 reliquias
1741 1111 2003 1166 honorum
2036 1113 2313 1178 virorum;
2345 1117 2436 1169 sed
2470 1115 2640 1170 virtus
2662 1117 2825 1170 etiam
2860 1113 2913 1168 in
2952 1111 3182 1167 mortuis
3216 1106 3462 1176 refulget.

398 1205 730 1274 Theognidtr.
763 1209 912 1263 Multi
959 1208 1155 1262 divites
1201 1216 1330 1262 sunt
1363 1208 1513 1270 mali,
1539 1208 1664 1261 boni
1700 1218 1880 1260 autem
1914 1220 2202 1276 pauperes.
2258 1206 2364 1264 Sed
2406 1223 2506 1263 nos
2541 1225 2663 1264 cum
2702 1208 2806 1262 illis
2840 1221 2947 1261 non
2985 1201 3418 1275 permutabimus
3463 1199 3582 1253 vir-

329 1307 441 1354 tute
465 1300 684 1354 divitias
719 1318 732 1351 :
772 1315 895 1353 nam
935 1299 1028 1354 illa
1061 1315 1274 1366 semper
1297 1300 1505 1352 stabilis
1526 1308 1626 1352 est.

401 1394 668 1450 Pecunias
694 1403 871 1448 auten.
899 1395 1178 1447 hominum
1205 1393 1341 1448 alias
1375 1393 1510 1445 alius
1545 1392 1724 1445 habet.

398 1537 618 1590 Aristot.
657 1530 744 1586 Dei
800 1530 1016 1598 quidem
1061 1540 1144 1586 cst
1182 1545 1340 1600 agere
1367 1547 1486 1597 quae
1528 1531 1645 1582 vult
1677 1546 1691 1582 :
1724 1529 1896 1582 homi-

2079 1529 2214 1582 Θεοῦ
2253 1533 2351 1599 μὲν
2382 1527 2497 1582 ἔστι
2535 1529 2794 1604 πράττειν
2821 1525 2857 1582 ἃ
2891 1523 3157 1595 βούλεται*
3199 1518 3493 1589 ἀνθρώπου
3520 1516 3589 1572 δὲ

327 1625 412 1681 nis
437 1634 613 1679 autem
643 1640 704 1678 ea
729 1639 850 1695 qua:
873 1624 1124 1678 convenit
1147 1623 1330 1676 animo
1365 1638 1711 1689 prmsumere.

403 1718 650 1785 Procopii
682 1717 929 1770 rhetoris.
968 1716 1102 1768 Boni
1137 1716 1449 1769 indecorum
1477 1715 1678 1783 aliquid
1706 1713 1904 1769 facien-

330 1819 430 1873 tes,
463 1825 690 1878 peccare
724 1809 1032 1863 volentibus
1064 1808 1374 1874 exemplum
1409 1807 1567 1859 liunt.

404 1901 517 1956 Viri
565 1905 793 1957 virtutes
841 1917 946 1954 non
1015 1901 1316 1970 principio,
1351 1898 1444 1954 sed
1499 1897 1601 1952 line
1633 1899 1903 1952 actionum

333 1993 663 2047 indicanlur.

405 2081 638 2137 Maxime
675 2083 876 2138 bonum
924 2082 1193 2153 peculium
1225 2093 1308 2137 est
1367 2082 1636 2152 cujusque
1692 2083 1906 2152 propria

335 2175 533 2228 virtus.

407 2263 594 2334 Neque
623 2265 928 2320 convivium
958 2265 1075 2320 sine
1103 2266 1419 2328 concordia,
1477 2280 1653 2336 neque
1697 2265 1906 2320 divitiae

335 2358 454 2410 sine
483 2357 678 2410 virtute
703 2357 992 2412 delectant.

411 2445 620 2500 Donum
673 2448 821 2502 aliud
874 2450 1074 2504 virtute
1123 2449 1296 2520 majus
1350 2449 1610 2504 divinitus
1644 2451 1761 2504 dari
1799 2466 1904 2506 non

337 2545 536 2607 potest.

407 2626 583 2683 Unica
614 2629 788 2685 virtus
814 2638 898 2684 est
924 2644 1140 2699 semper
1163 2628 1350 2700 fugere
1381 2629 1696 2686 indecorum
1728 2638 1782 2686 et
1815 2633 1911 2686 ab-

335 2720 590 2774 surdum.

417 2811 582 2863 Deum
617 2809 818 2878 optime
851 2808 1018 2874 coles,
1075 2824 1199 2862 cum
1252 2819 1489 2864 mentem
1519 2809 1625 2865 Deo
1671 2811 1901 2866 similem

334 2903 579 2960 effeceris
611 2918 705 2972 per
751 2903 1026 2956 virtutem.
1058 2899 1182 2956 Sola
1207 2903 1349 2958 enim
1372 2903 1544 2958 virtus
1566 2906 1806 2960 animum
1835 2907 1902 2961 ad
1933 2877 1977 2936 θ’

335 2998 387 3052 i:l
416 2994 559 3066 quod
593 2995 640 3047 ei
671 3002 957 3063 cognatum
986 3003 1068 3047 est
1101 2994 1287 3048 trahit.

407 3084 586 3138 Malim
621 3082 838 3135 virtutis
882 3083 1274 3151 testimonium,
1313 3101 1476 3155 quam
1514 3086 1905 3143 abundantiam

336 3191 497 3244 opum
524 3177 656 3230 mihi
688 3172 959 3228 exhiberi.
1000 3173 1133 3228 Illud
1165 3176 1308 3229 enim
1357 3177 1512 3232 bona:
1557 3179 1775 3242 mentis,
1805 3179 1907 3234 hoc

338 3277 512 3320 autem
547 3266 780 3320 fortunae
809 3264 1082 3320 aﬂluentis
1119 3270 1423 3322 encomium
1452 3268 1751 3325 videbitur;
1779 3270 1907 3325 Ilaec

337 3360 596 3412 sententia
626 3361 678 3414 in
715 3358 897 3412 Grch
949 3359 1236 3428 exemplari
1295 3377 1397 3414 non
1441 3373 1577 3418 recte
1626 3367 1909 3420 ascribitur

338 3451 642 3521 Theognidi.

656 3562 761 3632 17
792 3560 1022 3618 SERMO
1062 3561 1174 3618 VIII
1206 3562 1304 3636 [αι.
1340 3562 1561 3636 xxnn.

530 3675 609 3730 De
637 3676 920 3746 sapientia,
946 3684 994 3729 et
1027 3676 1313 3741 intellectu,
1335 3688 1382 3731 et
1400 3679 1698 3749 prudentia.

411 3789 602 3844 ΜαιιΙι.
631 3807 686 3846 x.
721 3790 906 3845 Estotc
941 3790 1236 3859 prudentes
1267 3791 1444 3847 instar
1465 3797 1820 3865 serpentium,
1854 3806 1910 3851 et

338 3882 613 3951 simplices
644 3893 702 3935 ut
735 3883 1017 3936 columine.

410 3972 437 4026 Ι
461 3973 582 4028 Cor.
618 3989 724 4026 xxv.
758 3973 875 4027 Non
927 3983 1186 4038 mentem,
1238 3975 1330 4028 sed
1365 3976 1626 4030 malitiam
1675 3976 1908 4034 infantes

338 4077 460 4113 esse
495 4061 700 4114 debetis
733 4077 747 4113 :
783 4062 982 4115 animis
1007 4073 1188 4115 autem
1225 4064 1447 4132 perfecti
1484 4077 1616 4121 este.

415 4151 574 4204 Prov.
613 4167 689 4204 lll.
725 4151 916 4204 Beatus
944 4152 1105 4204 homo
1143 4155 1235 4222 qui
1257 4154 1463 4209 invenit
1485 4158 1822 4226 sapientiam,
1854 4169 1908 4211 et

2007 1624 2074 1676 τὰ
2110 1623 2300 1676 δέοντα
2327 1621 2749 1692 προθυμεῖσθαι.

2078 1715 2142 1766 Ol
2194 1716 2410 1781 ἀγαθοὶ,
2448 1715 2522 1784 μὴ
2587 1714 2647 1766 τὸ
2702 1713 2976 1782 προσῆκον
3025 1711 3322 1774 ποιοῦντες,
3391 1712 3591 1780 παρὰ-

2007 1808 2208 1876 δειγμα
2259 1810 2574 1878 πρόκεινται
2628 1810 2742 1870 τοῖς
2794 1807 3140 1877 πλημμελεῖν
3197 1805 3582 1874 βουλομένοις.

2090 1898 2310 1966 Ἀνδρὺς
2349 1898 2546 1968 ἀρετὴν
2577 1899 2678 1951 οὐκ
2709 1899 3009 1967 ἀρχόμεναι
3044 1896 3298 1969 δηλοῦσιν
3332 1897 3389 1949 αἱ
3425 1894 3585 1966 πρά-

2010 1991 2143 2055 ξεις,
2178 1990 2313 2044 ἀλλὰ
2341 1990 2670 2043 τελευτῶσαι
2693 1989 3010 2060 μηνύουσιν.

2078 2083 2356 2150 Μέγιστον
2398 2081 2604 2150 ἀγαθὸν
2639 2083 2826 2152 κτῆμά
2875 2085 3022 2138 ἐστιν
3053 2082 3342 2154 ἑκάστουὴ
3395 2082 3594 2139 οἰκεία

2007 2172 2198 2242 ἀρετή.

2079 2263 2216 2318 Οὔτε
2247 2267 2548 2336 συμπόσιον
2573 2266 2702 2320 ἄνευ
2739 2267 3016 2338 ὁμονοίας,
3063 2266 3187 2320 οὔτε
3210 2268 3436 2330 πλοῦτος
3465 2286 3592 2338 χω-

2013 2359 2096 2428 ρὶς
2131 2360 2330 2431 ἀρετῆς
2363 2359 2554 2432 ἡδονὴν
2583 2361 2719 2432 ἔχει.

2079 2452 2262 2521 Δῶρον
2291 2453 2416 2508 ἄλλο
2469 2453 2656 2524 μεῖζον
2701 2455 2905 2526 ἀρετῆς
2932 2455 3035 2508 οὐκ
3063 2453 3178 2508 ἐστι
3243 2457 3394 2524 παρὰ
3425 2454 3581 2507 Θεοῦ

2007 2545 2220 2599 λαόεἶν.

2079 2638 2197 2692 Μία
2236 2638 2385 2692 ἐστὶν
2418 2639 2609 2709 ἀρετὴ,
2645 2639 2707 2691 τὸ
2733 2639 3188 2710 ἄτοπονίφεύγειν
3218 2639 3328 2694 ἀεί.

2079 2731 2346 2800 Τιμήσεις
2371 2731 2465 2784 τὸν
2495 2731 2626 2783 Θεὸν
2648 2733 2866 2801 ἄριστα,
2900 2731 3027 2784 ὅταν
3054 2731 3131 2801 τῷ
3175 2732 3293 2801 Θεῷ
3322 2732 3416 2801 τὴν
3457 2732 3598 2789 διὰο

2006 2840 2158 2876 νοιαν
2190 2821 2466 2894 ὁμοιώσῃς
2506 2823 2574 2876 δι’
2639 2824 2860 2894 ἀρετῆς.
2892 2825 3044 2894 Μόνη
3097 2824 3206 2896 γὰρ
3266 2824 3433 2896 ἀρετὴ
3472 2826 3587 2896 τὴν

2007 2914 2185 2985 ψυχὴν
2223 2916 2372 2969 ἕλκει
2409 2916 2544 2986 πρὸς
2573 2917 2633 2969 τὸ
2663 2921 2953 2986 συγγενές.

2077 3094 2379 3165 Βουλοίμην
2402 3094 2445 3148 δ’
2477 3095 2543 3148 ἂν
2574 3095 2702 3164 περὶ
2728 3092 2927 3164 ἀρετῆς
2972 3093 3390 3164 μαρτυρηθῆναι
3433 3096 3593 3166 μᾶλο

2005 3187 2098 3240 λον
2131 3187 2163 3257 ἢ
2197 3189 2324 3259 περὶ
2357 3187 2591 3240 πλούτου
2620 3186 2924 3256 δαψιλείας.
2983 3187 3057 3242 Τὸ
3101 3187 3203 3257 μὲν
3235 3188 3342 3257 γὰρ
3387 3189 3592 3259 ψυχῆς

2009 3276 2245 3348 ἀγαθῆς,
2275 3278 2336 3331 τὸ
2357 3277 2413 3332 δὲ
2446 3277 2614 3349 τύχης
2659 3277 3154 3350 περιουσιαζούσης
3192 3279 3464 3350 ἐγκώμιον
3495 3282 3600 3367 δύο

2007 3368 2108 3436 Est.

2623 3575 2843 3630 ΛΟΓΟΣ
2875 3579 2956 3634 η’.

2076 3688 2213 3754 Περὶ
2243 3688 2484 3756 σοφίας,
2516 3688 2611 3743 καὶ
2647 3690 2978 3759 συνέσεως,
3000 3693 3096 3746 καὶ
3127 3692 3506 3763 φρονήσεως.

2075 3799 2291 3853 Γίνεσθε
2338 3803 2588 3871 φρόνιμοι
2619 3803 2694 3864 ὡς
2737 3805 2786 3855 oi
2812 3803 2985 3872 ὄφεις,
3013 3805 3104 3858 καὶ
3138 3806 3384 3877 ἀκέραιοι
3413 3805 3498 3871 ὡς
3528 3810 3594 3860 αἱ

2009 3890 2345 3962 περιστεραί.

2077 3985 2166 4054 Μὴ
2204 3986 2388 4037 παιδία
2423 3985 2636 4053 γίνεσθε
2691 3990 2809 4051 ταῖς
2840 3990 3030 4058 φρεσίν
3059 4007 3071 4020 ·
3103 3992 3239 4046 ἀλλὰ
3285 3994 3350 4061 τῇ
3402 3993 3598 4064 κακίᾳ,

2006 4077 2316 4144 νηπιάζετε,
2355 4081 2475 4137 ταῖς
2513 4077 2566 4130 δὲ
2592 4081 2750 4148 φρεσὶ
2790 4081 2984 4133 τέλειοι
3016 4083 3253 4148 γίνεσθε.

2079 4166 2361 4236 Μακάριος
2415 4168 2699 4236 ἄνθρωπος
2730 4169 2787 4232 ὃς
2831 4165 2957 4239 εὗρε
3009 4173 3218 4240 σοφίαν,
3252 4174 3347 4226 καὶ
3377 4174 3594 4246 Θνητδς

347 4241 592 4292 innitalis
624 4240 715 4307 qui
748 4239 878 4292 vidit
908 4239 1248 4307 prudentiam
1280 4259 1292 4294 :
1320 4252 1536 4310 praestat
1564 4244 1707 4297 enim
1734 4244 1902 4311 ipsam

2060 4274 2064 4313 ς
2095 4253 2200 4306 εἶδε
2229 4257 2506 4327 φρόνησιν.
2530 4259 2789 4326 Κρεῖττον
2820 4262 2929 4330 γὰρ
2952 4239 3120 4332 αὐτῆς
3147 4239 3595 4334 ἐμπορεύεσθαι,

342 4332 645 4397 acquirere,
682 4346 843 4399 quam
893 4332 1009 4384 auri
1053 4343 1106 4385 et
1156 4332 1363 4401 argenti
1413 4335 1733 4400 thesauros;
1788 4353 1909 4404 pre-

2077 4348 2302 4415 χρυσίου
2338 4347 2429 4400 καὶ
2478 4348 2741 4417 ἀργυρίου
2782 4349 3124 4420 θησαυρούς·
3167 4332 3477 4424 τιμιῶτέρα
3527 4332 3596 4412 δέ

343 4422 534 4476 tiusior
556 4431 638 4474 est
695 4422 874 4490 magni
924 4423 1078 4492 pretii
1122 4425 1380 4492 gemmis;
1420 4425 1572 4477 facile
1600 4429 1909 4492 agnoscitur

2060 4455 2124 4490 ττι
2171 4437 2334 4490 λίθων
2387 4439 2715 4493 πολυτελῶν.
2759 4440 3082 4509 Εὗγνωστός
3115 4447 3232 4498 ἐστι
3270 4449 3399 4500 πᾶσι
3462 4452 3594 4510 τοῖς

344 4512 596 4565 (millibus
624 4511 948 4566 adeuntibus
976 4528 1092 4566 eam
1120 4529 1134 4575 ;
1173 4515 1304 4566 nihil
1337 4527 1514 4566 annm]
1568 4526 1673 4568 tam
1710 4519 1909 4582 pretio-

2060 4527 2322 4599 (γεξουσιν
2367 4531 2528 4600 αὐτῇ.
2561 4533 2670 4583 Πᾶν
2718 4532 2773 4584 δὲ
2823 4533 3006 4602 τίμιον
3057 4537 3156 4588 οὐκ
3187 4537 3335 4603 ἄξιον
3378 4541 3594 4610 αὐτῆς.

349 4619 465 4658 sum
507 4612 606 4668 est,
641 4604 782 4671 quod
837 4604 1006 4672 ipsius
1052 4607 1283 4674 pretium
1317 4606 1590 4674 aquuet.
1631 4605 1910 4662 Diuturni-

2060 4620 2200 4686 ζῆκος
2232 4619 2338 4691 γὰρ
2364 4621 2476 4690 βίου
2513 4624 2606 4674 καὶ
2637 4623 2729 4692 ἔτη
2785 4623 2930 4693 ζωῆς
2977 4627 3036 4678 ἐν
3075 4630 3140 4696 τῇ
3189 4627 3339 4699 δεξιᾷ
3367 4604 3544 4700 usus;
3579 4651 3599 4665 ο

346 4705 428 4748 tas
454 4695 597 4748 enim
634 4704 687 4748 et
711 4695 836 4748 anui
872 4696 991 4750 vitae
1028 4698 1080 4749 in
1109 4697 1329 4751 dextera
1365 4697 1519 4766 ejus;
1569 4698 1620 4751 in
1652 4697 1778 4752 laeva
1816 4715 1910 4753 au-

2060 4729 2070 4760 t
2101 4711 2156 4763 δὲ
2186 4715 2251 4781 τῇ
2288 4713 2551 4783 ἀριστερᾷ
2594 4715 2761 4784 αὐτῆς
2795 4715 3026 4780 πλοῦτος
3056 4695 3150 4770 καλ.
3177 4695 3325 4784 δόξα.
3355 4721 3456 4774 Ἐκ
3492 4695 3599 4776 τοῦ

347 4797 477 4850 tem,
505 4802 635 4859 opes
658 4796 713 4842 et
742 4789 934 4855 gloria.
983 4789 1058 4842 Ex
1094 4805 1188 4843 ore
1214 4790 1332 4858 ejus
1368 4790 1578 4859 justitia
1633 4793 1910 4862 progredi-

2060 4803 2278 4871 τόματος
2314 4804 2484 4873 αὐτῆς
2529 4806 2889 4875 ἐκπορεύεται
2928 4807 3242 4880 δικαιοσύνη
3271 4828 3284 4841 ·
3326 4813 3499 4880 νόμον
3532 4815 3598 4866 δὲ

348 4877 666 4947 tur;legem
717 4892 772 4934 et
823 4881 1251 4935 misericordiam
1285 4883 1339 4935 in
1382 4884 1565 4953 lingua
1620 4884 1742 4938 fert.
1805 4885 1910 4940 Vi'e

2060 4895 2102 4946 ιὶ
2142 4895 2288 4948 ἔλεον
2319 4897 2406 4948 ἐπὶ
2435 4896 2682 4966 γλώσσης
2715 4902 2892 4968 φορεῖο
2929 4901 2984 4954 αἱ
3010 4901 3119 4954 ὁδοὶ
3148 4877 3319 4972 αὐτῆς
3353 4877 3466 4959 ὁδοὶ
3492 4923 3601 4960 κα-

347 4969 464 5033 ejus
493 4969 594 5023 viae
625 4981 752 5024 sunt
807 4972 1048 5038 pulchrae
1069 5012 1084 5038 ,
1118 4981 1174 5027 et
1201 4987 1390 5028 omnes
1418 4976 1625 5030 semitae
1658 4977 1830 5044 ipsius
1858 4977 1909 5031 in

2060 4987 2120 5049 tl,
2156 4986 2249 5037 καὶ
2275 4987 2448 5039 πᾶσαι
2488 4988 2544 5039 αἱ
2577 4989 2751 5058 τρίϐοι
2782 4991 2952 5061 αὐτῆς
2983 4991 3042 5044 ἐν
3081 4969 3300 5063 εἰρήνῃ.

349 5073 500 5126 pace.

424 5148 581 5203 Prov.
623 5166 712 5205 xv.
740 5150 836 5206 Vir
885 5155 1125 5223 prudens
1182 5155 1419 5210 directus
1452 5156 1768 5225 ingreditur.

2100 5167 2264 5236 Ἀνὴρ
2294 5167 2552 5236 φρόνιμος
2579 5169 2926 5223 κατευθύνων
2953 5172 3265 5242 πορεύεται.

2089 5257 2300 5325 Κτῆσαι
2338 5259 2549 5324 σοφίαν,
2578 5261 2673 5312 καὶ
2700 5259 2898 5328 κτῆσαι
2925 5263 3164 5317 σύνεσιν.
3192 5265 3286 5333 Μὴ
3327 5266 3597 5338 ἐπιλάϐῃ,

2019 5349 2107 5403 ἵνα
2135 5350 2209 5421 δῷ
2238 5352 2302 5421 τῇ
2333 5353 2398 5424 σῇ
2425 5352 2635 5423 κεφαλῇ
2667 5355 2932 5422 στέφανον
2957 5355 3220 5426 χαρίτων.

418 5238 580 5294 Prov.
612 5258 684 5297 tv.
714 5245 947 5314 Aequire
982 5246 1332 5313 sapientiam,
1360 5256 1414 5302 et
1446 5248 1779 5302 intellectum
1807 5247 1906 5302 tibi

347 5345 633 5401 compara;
671 5350 738 5389 ne
770 5335 1111 5394 obliviscaris
1135 5379 1150 5406 ,
1187 5347 1246 5393 ut
1297 5339 1458 5410 capiti
1517 5349 1611 5395 tuo
1648 5356 1909 5397 coronam

346 5421 435 5476 det
463 5425 780 5492 gratiarum.

423 5625 496 5693 (l)
535 5626 720 5683 Grmca
756 5629 970 5684 desunt.
