3980 6188
259 275 364 342 801

1117 282 1285 342 LOCI
1329 283 1771 347 COMMUNES.
1811 289 2098 350 -ΡΛΒΞ
2143 291 2197 350 Ι.
2241 291 2500 352 SERMO
2547 293 2652 352 XI.

3419 301 3526 362 802

263 397 432 463 μόνου
478 395 697 462 λέγεται
723 413 734 428 ’
770 397 866 462 Τίς
889 397 1018 472 Ιγάρ
1055 400 1194 472 ἔγνω
1233 404 1361 459 νοῦν
1404 407 1612 477 Κυρῖου
1641 427 1656 469 ς
1687 408 1719 477 ἢ
1768 407 1849 470 τίς

1964 411 2151 464 obrem
2184 421 2240 464 et
2273 411 2340 465 de
2371 411 2487 466 solo
2518 413 2637 482 ipso
2659 411 2863 468 dicitur
2892 431 2905 468 :
2941 433 2958 466 ι
2984 413 3119 480 Quis
3153 416 3294 468 enim
3325 434 3527 487 cogno-

260 486 575 558 σύμϐουλος
602 489 767 543 αὐτοῦ
792 491 1045 560 ὲγένετο;
1084 495 1396 563 Ἄνθρωποι
1421 499 1474 551 δὲ
1508 498 1611 551 κᾶν
1641 501 1839 568 μυριά-

259 596 350 640 κις
395 573 548 649 ὦμεν
586 583 760 650 σοφοὶ,
800 587 1062 652 μυριάκις
1111 588 1466 659 ἐλεγχόμεθα,
1500 592 1594 644 καὶ
1637 591 1697 643 τὸ
1743 592 1840 661 τῆς

260 673 481 741 φύσεως
513 675 672 744 ήμῶν
704 676 930 742 ἀσθενὲς
967 681 1332 748 διαφαίνεται.
1371 685 1444 736 Οὐ
1477 685 1586 754 γάρ
1613 684 1838 738 δύναται

260 767 441 818 πάντα
468 763 609 820 εἶναι
636 769 694 820 ἐν
717 769 1045 840 ἀνθρώποις,
1080 777 1248 845 φησίν
1273 792 1286 806 ο
1331 777 1415 830 ὅτι
1440 779 1540 831 οὐκ
1569 779 1840 841 ἀθάνατος

258 857 377 918 υίὸς
413 855 724 925 ἀνθρώπου.
778 859 1043 933 Καθάπερ
1090 864 1186 916 τοῦ
1228 865 1457 935 ἡλιακοῦ
1507 867 1689 936 φωτὸς
1740 866 1840 937 τὴν

259 951 768 1020 ἀπαστράπτουσαν
821 955 1017 1008 ἀκτῖνα
1070 956 1262 1019 σκότος
1319 958 1544 1011 ἐπελθὸν
1592 959 1839 1027 ἀποκρύ-

259 1060 388 1095 πτει
409 1059 424 1074 ι
451 1041 595 1095 οὕτω
617 1044 880 1107 πολλάκις
907 1047 1004 1101 καὶ
1039 1047 1139 1115 τὴν
1168 1049 1386 1104 σύνεσιν
1414 1051 1514 1121 τὴν
1536 1051 1836 1120 ἡμετέραν,

257 1135 515 1204 καθάπερ
567 1137 627 1188 ἐν
683 1138 922 1210 σταθερᾷ
986 1143 1304 1213 μεσημϐρίᾳ
1366 1143 1693 1212 λάμπουσαν
1742 1144 1839 1198 καὶ

257 1227 711 1297 διαφαινομένην,
753 1230 1060 1286 ἐπελθοῦσα
1103 1236 1260 1289 ἄνοια
1303 1234 1590 1304 ἀπέκρυψε
1639 1236 1838 1290 πολλά-

257 1338 370 1383 κις.
405 1323 516 1382 Καὶ
548 1330 575 1381 6
629 1324 728 1395 μὲν
788 1325 952 1393 σοφὸς
1001 1325 1063 1379 τὸ
1116 1327 1234 1380 δέον
1281 1328 1342 1378 οὐ
1390 1329 1669 1382 συνεῖδεν
1718 1331 1746 1382 ὁ
1779 1329 1836 1383 δὲ

256 1417 502 1472 ἐλάττων
534 1419 744 1472 ἐκείνου
798 1418 977 1488 πολλῷ
1011 1418 1266 1490 ὀξύτερον
1300 1421 1494 1474 τούτου
1529 1421 1834 1492 ἐφώρασεν.

257 1509 371 1562 Καὶ
408 1511 565 1564 τοῦτο
625 1511 854 1580 γίνεται,
889 1513 977 1564 ἵνα.
1033 1513 1172 1582 μήτε
1218 1514 1246 1566 6
1293 1515 1455 1581 σοφὸς
1510 1515 1830 1587 επαίρηται,

260 1603 404 1671 μήτε
436 1603 465 1654 6
499 1603 722 1673 εὐτελὴς
749 1604 942 1657 ἑαυτὸν
967 1605 1251 1677 ταλανίζῃ.

343 1688 406 1742 Ὀ
451 1691 639 1752 κακῶς
669 1690 973 1761 διανοηθεὶς
1019 1694 1148 1760 περὶ
1185 1696 1295 1747 τῶν
1331 1696 1551 1750 οἰκείων
1573 1697 1833 1752 οὐδέποτε

255 1779 442 1842 καλῶς
467 1779 813 1850 βουλεύσεται
840 1783 968 1852 περὶ
999 1784 1107 1836 τῶν
1135 1787 1454 1854 ἀλλοτρίων.

333 1871 645 1942 Σύμϐουλος
669 1873 870 1941 ἀγαθὸς
904 1875 1324 1945 χρησιμώτατον
1365 1881 1456 1930 καὶ
1491 1879 1830 1949 τυραννικῶ-

254 1979 424 2016 τατον
453 1964 708 2018 ἁπάντων
759 1967 1057 2035 κτημάτων
1099 1968 1269 2022 ἐστίν.
1300 1970 1372 2022 Τὸ
1403 1974 1512 2040 γάρ
1546 1972 1730 2040 λέγειν
1759 1973 1838 2036 ὡς

253 2052 342 2105 δεῖ
367 2054 460 2107 τοῦ
493 2058 710 2123 φρονεῖν
746 2055 806 2110 εὖ
844 2056 1106 2124 μέγιστον
1132 2061 1362 2130 σημεῖον
1394 2063 1724 2132 ποιούμεθα.

344 2145 436 2199 Ἐν
466 2146 767 2216 ἀλλοτρίοις
787 2149 1194 2219 παραδείγμασι
1227 2152 1453 2206 παίδευε
1486 2155 1708 2218 σαυτὸν,
1741 2160 1835 2211 καὶ

252 2237 477 2307 ἀπαθὴς
489 2237 616 2302 ,τῶν
653 2242 837 2294 κακῶν
869 2242 994 2313 ἔσῃ.

333 2331 621 2398 Κρείσσων
648 2333 810 2401 σοφὸς
845 2335 1088 2404 ἰσχυροῦ.

333 2422 498 2475 ’Ἄνευ
557 2425 660 2492 μὲν
728 2424 1015 2488 εὐϐουλίας
1093 2426 1247 2479 οὐδὲν
1326 2427 1540 2498 πέφυκε
1611 2428 1842 2500 δύναμις

253 2512 492 2582 ὠφελεῖν
513 2531 530 2548 ο
558 2515 777 2579 σύνεσις
809 2516 864 2570 δὲ
892 2518 997 2571 κᾶν
1027 2519 1179 2588 ἰσχὺν
1223 2516 1298 2589 μὴ
1329 2519 1636 2592 προσλάϐῃ,
1665 2522 1840 2575 πολλά

258 2603 522 2670 πολλάκις
549 2608 774 2662 ἐπινοεῖ.

428 2697 601 2766 Σοφὸν
631 2699 740 2769 γάρ
766 2697 1105 2769 εὐϐούλευμα
1131 2701 1228 2764 τάς
1256 2702 1456 2766 πολλάς
1487 2707 1678 2775 χεῖρας

330 2874 478 2946 Νικᾷ
509 2890 524 2907 ο
577 2874 676 2928 σὺν
699 2873 840 2946 ὄχλῳ
875 2873 919 2928 δ’
955 2874 1166 2944 ἀμαθία
1215 2874 1382 2928 πλέον
1433 2877 1624 2932 κακόν.

1946 501 2021 553 vit
2046 510 2280 556 mentem
2321 501 2559 568 Domini,
2591 514 2684 558 aut
2710 506 2834 573 quis
2869 505 3217 560 consiliarius
3243 507 3291 560 ei
3320 505 3423 560 fuit
3444 508 3469 560 ἲ
3497 526 3517 560 ι

1947 589 2207 648 llomines
2236 608 2388 656 vero,
2416 595 2518 648 etsi
2553 594 2754 650 millies
2778 599 2954 650 simus
2999 599 3303 665 sapientes,
3335 600 3528 654 millies

1944 683 2341 755 redarguimur,
2360 693 2414 741 et
2433 695 2640 741 natura:
2659 701 2858 743 nostra}
2881 691 3226 745 imbecillitas
3245 707 3302 746 se
3323 692 3526 759 prodit.

1947 793 1966 826 ι
1995 773 2111 829 Non
2150 779 2293 830 enim
2323 788 2576 846 possunt,
2604 778 2696 844 ait,
2729 781 2910 833 omnia
2935 782 2986 833 in
3013 782 3323 838 hominibus
3363 797 3526 850 esse;

1942 866 2142 935 quippe
2159 882 2264 920 non
2285 868 2606 922 immortalis
2628 882 2704 922 est
2728 869 2869 924 illius
2889 871 3143 926 hominis.
3161 872 3528 938 Quemadmo-

1944 957 2070 1009 dum
2093 959 2254 1024 jubar
2277 961 2489 1029 fulgens
2515 977 2542 1012 a
2569 962 2700 1015 solis
2719 963 2920 1017 lumine
2944 964 3116 1034 caligo
3135 968 3525 1033 superveniens

1943 1048 2223 1104 occultat:
2260 1050 2330 1103 ita
2360 1067 2731 1120 smpenuuu-ro
2780 1055 3112 1110 intellectum
3171 1074 3388 1128 quoque
3429 1076 3526 1112 nu-
3574 1079 3585 1093 ·

1942 1149 2116 1194 strum
2149 1141 2311 1195 veluti
2333 1142 2386 1196 in
2421 1143 2537 1212 ipsa
2563 1146 2786 1200 meridie
2803 1147 3197 1216 splendentem,
3215 1161 3269 1204 et
3288 1151 3405 1206 luce
3426 1167 3524 1205 sua

1945 1235 2328 1302 conspicuum,
2353 1238 2578 1290 stultitia
2605 1240 2685 1291 vel
2711 1238 2944 1293 amentia
2993 1243 3380 1309 superveniens
3401 1245 3527 1298 obs-

1941 1329 2095 1374 curat
2128 1339 2144 1377 :
2170 1332 2222 1376 et
2253 1323 2335 1376 vir
2363 1327 2578 1394 sapiens
2609 1329 2748 1396 quod
2776 1329 2918 1383 laeto
2952 1345 3089 1398 Opus
3110 1342 3192 1384 est
3216 1349 3319 1384 nun
3355 1334 3531 1401 dispi-

1943 1411 2038 1478 cit,
2067 1413 2209 1468 alius
2239 1428 2418 1470 autem
2448 1423 2619 1471 multo
2643 1419 2868 1473 inferior
2894 1436 2959 1475 co
3008 1423 3221 1477 acutius
3271 1440 3384 1478 rem
3435 1430 3531 1479 de-

1942 1503 2221 1570 prehendit
2247 1523 2259 1558 :
2285 1517 2447 1575 atque
2469 1510 2570 1564 hoc
2593 1513 2664 1564 ita
2698 1513 2770 1574 lit,
2795 1529 2860 1566 ne
2889 1515 2966 1567 ιρι
2987 1515 3204 1582 sapiens
3230 1517 3428 1584 supcrb
3447 1528 3524 1584 at,

1937 1591 2022 1644 vel
2044 1592 2314 1648 obscurus
2341 1606 2397 1650 et
2423 1597 2542 1652 vilis
2575 1602 2736 1654 hamo
2769 1602 3024 1656 miserum
3056 1617 3115 1658 se
3155 1617 3383 1670 reputet.

2009 1681 2290 1742 Isocratis.
2329 1686 2431 1753 Qui
2469 1693 2536 1744 de
2565 1693 2680 1746 suis
2711 1693 2877 1749 rebus
2937 1696 3080 1751 male
3127 1699 3340 1764 statuit,
3395 1715 3531 1753 nuu-

1866 1753 1909 1812 Β
1939 1787 2104 1839 quam
2138 1776 2274 1832 bene
2303 1781 2550 1835 consulet
2596 1783 2660 1836 de
2689 1785 2910 1841 alienis.

2010 1862 2196 1918 Bonus
2220 1870 2500 1924 consultor
2526 1887 2613 1926 res
2641 1875 2886 1928 omnium
2913 1879 3204 1937 utilissima
3226 1894 3278 1940 et
3341 1899 3527 1957 puteu-

1943 1953 2152 2010 tissima
2176 1966 2280 2011 est.
2305 1956 2440 2012 Nam
2471 1976 2536 2014 ex
2577 1975 2887 2032 opportuna
2917 1971 3172 2027 oratione
3205 1953 3372 2030 animi
3395 1996 3521 2048 pru-

1941 2050 2178 2105 dentiam
2207 2068 2307 2108 ceu
2331 2055 2574 2110 maximo
2603 2059 2760 2127 signo
2791 2061 3143 2130 conjiciiuus.

2015 2142 2371 2198 Demonactis.
2407 2145 2681 2213 Exemplis
2734 2152 2930 2210 alienis
2995 2171 3188 2226 sapere
3218 2162 3431 2229 discito,
3467 2179 3520 2223 et

1945 2233 2090 2288 nulla
2123 2237 2263 2289 mala
2291 2249 2344 2292 te
2391 2239 2650 2294 aﬂicient.

2014 2325 2123 2394 20
2155 2325 2394 2387 Diodori.
2431 2330 2660 2398 Sapiens
2686 2335 2912 2392 robusto
2932 2352 3173 2408 praestat.

2016 2415 2268 2470 Choricii.
2305 2421 2436 2472 Sine
2467 2421 2613 2477 bono
2646 2426 2877 2480 consilio
2931 2431 3066 2485 nihil
3117 2435 3279 2490 efficit
3308 2441 3476 2494 robur
3507 2460 3522 2496 :

1946 2508 2233 2576 prudentia
2270 2525 2398 2564 vero
2432 2517 2686 2581 quamvis
2741 2517 2908 2572 robur
2956 2536 3064 2574 non
3132 2534 3516 2598 ιιεειιιιψεετὶι,

1947 2602 2114 2655 multa
2153 2602 2427 2658 inultoties
2456 2607 2760 2675 excogitat.

2015 2691 2262 2748 Prudens
2311 2697 2456 2748 enim
2513 2699 2844 2754 consultatio
2903 2717 3164 2760 manuum
3213 2711 3518 2766 muhitudi-

1945 2801 2069 2838 nem
2109 2787 2279 2840 vincit
2317 2806 2331 2842 :

2018 2875 2292 2946 luiperitia
2325 2894 2451 2934 vero
2523 2896 2647 2936 cum
2701 2883 2981 2942 hominum
3050 2895 3207 2950 turba
3276 2897 3518 2955 deterior

1945 2983 2045 3024 ρει.

331 3055 461 3107 Δέον
481 3054 552 3107 τά
582 3053 711 3124 τέλη
739 3053 847 3108 τῶν
879 3056 1223 3125 πραγμάτων
1254 3055 1406 3124 ἡμᾶς
1434 3057 1702 3127 προορᾷν,
1739 3057 1836 3126 καὶ

2017 3060 2283 3121 ϐίιαὸνὶω.
2316 3066 2506 3123 Exitus
2532 3087 2710 3128 rerum
2742 3079 3061 3148 prOSpiccre
3095 3092 3335 3152 Oportet,
3355 3100 3420 3141 ac
3449 3089 3521 3142 ita

253 3145 434 3208 οὕτως
459 3143 558 3214 τὴν
585 3146 793 3200 τούτων
825 3147 1140 3218 ἐγχείρησιν
1177 3147 1477 3203 ποιεῖσθαι.

325 3239 476 3293 Φιλεί
499 3239 608 3308 γὰρ
632 3241 666 3309 ἡ
692 3240 798 3294 τῶν
826 3242 1084 3293 πλειόνων
1112 3241 1511 3310 συγκατάθεσις
1537 3244 1837 3314 κρατύνειν

253 3333 327 3387 τὰ
356 3333 636 3402 νοηθέντα.

866 3446 1087 3503 ΛΟΓΟΣ
1126 3451 1232 3502 Al'.

256 3533 403 3604 Περὶ
436 3535 730 3601 ἀϐουλίας
765 3535 865 3590 καὶ
921 3536 1396 3604 βραδυϐουλίας,
1454 3539 1554 3594 καί
1621 3539 1713 3595 ὅτι
1769 3545 1834 3597 τὸ

647 3606 1096 3674 ἀπερίσκεπτον
1119 3609 1450 3676 βλαϐερόν.

334 3695 550 3768 Ὥσπερ
580 3699 734 3761 πόλις
781 3699 852 3753 τά
905 3700 1065 3771 τείχη
1127 3702 1587 3776 καταϐεϐλημένη
1613 3742 1629 3770 ,
1662 3705 1836 3770 οὕτως

257 3787 502 3860 summ
536 3791 600 3844 οὐ
651 3791 790 3860 μετά
814 3791 1013 3865 βουλῆς
1043 3794 1224 3850 πάντα
1260 3795 1519 3866 πράσσει.

331 3961 425 4029 Οἷς
455 3965 532 4036 μὴ
558 3965 796 4039 ὑπάρχει
828 3969 1017 4041 βουλὴ,
1049 3971 1345 4027 πίπτουσιν
1372 3971 1566 4046 ὥσπερ
1589 3973 1793 4044 φύλλα.

329 4146 412 4218 Τῇ
445 4145 674 4216 ἀϐουλίᾳ
699 4147 879 4204 αὐτῶν
909 4149 1230 4204 ἁλίσκονται
1258 4151 1596 4223 παράνομοι.

343 4237 643 4307 Ὀξύθυμος
698 4239 931 4309 πράσσει
978 4241 1096 4309 μετ’
1130 4243 1412 4309 ἀϐουλίας.

330 4333 528 4386 Πολλοὶ
579 4334 843 4400 πολλάκις
896 4336 1035 4406 ὑπὲρ
1068 4337 1163 4392 τοῦ
1197 4340 1273 4411 μὴ
1313 4345 1549 4412 φανῆναι
1586 4344 1831 4416 δεόμενοι

338 4423 574 4451 ..g-..\:-
603 4423 701 4451 ..;-
746 4424 876 4451 ---ν
909 4427 1112 4451 ι-ι--...
1161 4429 1269 4451 ω,
1297 4447 1362 4451 ___
1416 4433 1550 4451 -η,
1587 4434 1609 4444 -
1771 4435 1783 4451 .

259 4423 574 4495 συμϐουλῆς
603 4423 703 4495 τῆς
745 4424 876 4495 παρ’
907 4427 1132 4495 ἐτέρων,
1159 4429 1368 4484 εἴλοντο
1412 4433 1706 4502 προδοῦναι
1731 4435 1830 4506 τὴν

255 4514 532 4583 ὠφέλειαν
575 4515 679 4586 τὴν
731 4516 840 4569 ἀπὸ
874 4517 974 4586 τῆς
1026 4517 1276 4589 γνώμης,
1324 4521 1355 4591 ἢ
1393 4519 1682 4592 δεξάμενοι
1733 4524 1830 4594 τὴν

257 4606 587 4679 παραίνεσιν
631 4607 926 4678 διορθῶσαι
978 4608 1041 4662 τὸ
1097 4612 1440 4682 ἀμάρτημαο
1473 4615 1571 4668 καὶ
1635 4617 1834 4686 μᾶλλον

254 4701 499 4768 ἀγνοεῖν,
535 4700 568 4772 ἢ
629 4700 825 4770 μαθεῖν
853 4703 1218 4769 κατεδέξαντο
1244 4719 1259 4735 ⁶
1291 4706 1393 4759 οὐκ
1422 4707 1625 4772 εἰδότες
1659 4710 1742 4763 ὅτι
1768 4711 1832 4764 οὐ

255 4792 320 4845 τὸ
380 4792 572 4862 μαθεῖν
611 4793 889 4863 ἔγκλημα,
929 4795 1066 4848 ἀλλά
1119 4795 1180 4848 τὸ
1221 4797 1439 4864 ἀγνοεῖν
1487 4800 1832 4872 κατηγορία·

255 4884 322 4938 οὐ
349 4885 411 4938 τὸ
441 4884 817 4950 διδάσκεσθαι,
855 4889 992 4942 ἀλλά
1029 4889 1090 4942 τὸ
1133 4890 1193 4941 ὲν
1219 4889 1431 4961 ἀμαθίᾳ
1461 4888 1605 4948 εἶναι
1633 4909 1647 4922 ·
1684 4895 1743 4946 οὐ
1773 4897 1836 4949 τὸ

257 4975 607 5046 ἐλέγχεσθαι,
643 4976 782 5030 ἀλλά
811 4979 872 5030 τὸ
916 4980 1258 5050 ἁμαρτάνειν
1307 4981 1636 5052 ἀδιόρθωτα.
1679 4985 1836 5039 Ἐστι

253 5069 396 5138 γάρ,
431 5070 548 5121 ἔστι
598 5070 695 5123 καὶ
732 5075 885 5144 παρὰ
939 5071 1210 5144 ἀνθρώπῳ
1249 5075 1430 5146 μικρῷ
1484 5076 1581 5130 κα)⁸
1627 5076 1838 5131 εὐτελεῖ

257 5161 556 5231 εὑρεθῆναί
603 5178 657 5215 τι
694 5163 806 5218 τῶν
855 5164 1106 5233 δεόντων,
1143 5166 1172 5219 ὃ
1222 5167 1375 5237 παρά
1427 5169 1505 5239 τῷ
1539 5169 1690 5241 σοφῷ
1739 5172 1836 5224 καὶ

259 5250 488 5322 μεγάλῳ
525 5253 792 5319 πολλάκις
820 5255 920 5327 οὐχ
951 5254 1204 5326 εὓρηται.

332 5346 416 5398 Τά
452 5347 526 5418 μὴ
575 5349 671 5402 σὺν
709 5348 855 5421 λόγῳ
907 5349 1085 5405 πάντα
1122 5353 1326 5423 αἰσχρά
1350 5370 1364 5384 ·
1419 5351 1608 5423 ὥσπερ
1635 5350 1706 5404 τὰ
1737 5352 1834 5405 σὺν

255 5439 404 5508 λόγῳ
444 5440 668 5510 κόσμια.
772 5460 784 5471 ·

333 5533 519 5603 Χωρὶς
554 5532 791 5606 θεωρίας
828 5536 1261 5606 ὲπιστημονικῆς
1313 5534 1468 5587 οὐδὲν
1499 5534 1610 5588 τῶν
1656 5551 1833 5603 πρατ-

256 5623 507 5691 τομένων
537 5625 724 5680 καλόν.
769 5627 1080 5698 Ἑπιστήμη
1114 5629 1224 5699 γάρ
1273 5627 1498 5695 ἔγγονον
1521 5625 1834 5693 εὐϐουλίας,

260 5713 494 5767 ἀϐουλία
535 5713 592 5766 δὲ
633 5715 784 5787 πηγὴ
813 5718 998 5772 κακῶν
1033 5719 1270 5774 πάντων.

1943 3155 2160 3211 demum
2195 3176 2287 3216 eas
2309 3164 2549 3233 aggredi.

2012 3245 2421 3306 Pluriumenim
2479 3269 2784 3314 consensus
2817 3277 2904 3317 res
2951 3265 3292 3335 excogitatas
3320 3269 3522 3324 contir-

1943 3350 2092 3390 mare
2121 3342 2281 3394 solet.

2437 3457 2672 3516 SERMO
2705 3459 2899 3534 Χ1[(ιί.
2933 3463 3124 3538 xxxi.

1941 3542 2017 3598 De
2054 3550 2332 3603 temerario
2366 3559 2413 3602 et
2449 3555 2644 3630 _tar(lo_
2673 3557 2916 3630 consilio,
2942 3571 2990 3611 et
3019 3566 3158 3630 quod
3193 3565 3408 3619 noxium
3450 3568 3522 3621 εει

2443 3622 2831 3678 inconsiderato
2871 3622 3042 3697 agere.

2008 3706 2338 3764 Salomonis.
2399 3712 2588 3778 Qualis
2635 3718 2827 3772 civitas
2852 3731 2956 3788 est,
2981 3724 3140 3792 cujus
3170 3725 3349 3780 diruta
3387 3737 3523 3786 sunt

1940 3802 2166 3868 muenia,
2203 3803 2327 3857 talis
2367 3813 2448 3858 est
2495 3805 2579 3860 vir
2605 3813 2696 3876 qui
2750 3826 2856 3864 nun
2885 3814 3068 3867 omnia
3103 3830 3226 3870 cum
3290 3819 3520 3873 c0usi|io

1937 3895 2068 3964 agit.
2721 3885 2728 3887 ’

2006 3984 2215 4052 Quibus
2241 3988 2531 4044 consilium
2585 4007 2691 4046 nun
2724 4003 2833 4060 est,
2883 3995 3086 4052 cadunt
3126 4008 3388 4070 tauquam
3428 4002 3520 4058 l‘o-

1939 4076 2028 4131 lia.

2009 4168 2340 4228 Temeritate
2373 4191 2470 4230 sua
2499 4179 2792 4248 capiuntur
2825 4193 3301 4246 praevaricatores.

2010 4262 2313 4320 Iracundus
2341 4269 2745 4339 praecipitanter
2775 4286 2838 4325 ac
2871 4282 3074 4328 temere
3103 4275 3235 4344 agit.

2012 4353 2286 4426 Chrysa“.
2321 4359 2470 4415 Multi
2503 4377 2642 4431 saepe
2667 4379 2734 4420 ne
2763 4365 3346 4438 viderenturiudigere
3376 4371 3519 4425 aliu-

1946 4463 2066 4501 rum
2088 4453 2337 4518 consilio,
2363 4455 2672 4524 relinquere
2703 4460 2885 4525 potius
2907 4461 3198 4516 voluerunt
3227 4463 3512 4519 utilitatem

1945 4553 2009 4590 ex
2043 4543 2274 4596 consilio
2295 4545 2635 4613 capiendam,
2662 4565 2826 4618 quam
2893 4552 3265 4607 aduiunitione
3296 4565 3514 4624 accepta

1945 4645 2185 4686 errorem
2217 4637 2512 4705 corrigere,
2563 4648 2616 4692 et
2678 4639 2929 4708 ignorare
2979 4657 3144 4710 quam
3202 4646 3519 4702 condiscere

1949 4721 2274 4788 maluerunt,
2315 4727 2622 4783 nescientes
2661 4731 2806 4800 quod
2842 4732 3054 4786 discere
3089 4750 3192 4786 non
3253 4739 3324 4787 sit
3357 4735 3522 4788 vitio-

1945 4823 2090 4874 sum,
2113 4811 2514 4881 ignorare,\'ero
2527 4818 2876 4888 culpandum.
2897 4820 3012 4875 Non
3036 4823 3255 4892 quidem
3279 4825 3512 4889 discere,

1947 4904 2040 4955 sed
2075 4917 2197 4956 cum
2231 4905 2443 4960 inscitia
2476 4923 2730 4979 pergere:
2763 4928 2868 4966 non
2895 4913 3166 4983 redargui,
3197 4915 3291 4970 sed
3310 4932 3520 4986 errare,

1947 5007 2094 5062 spem
2130 4998 2528 5054 emendationis
2561 5003 2764 5056 nullam
2795 5003 3018 5060 habent.
3048 5004 3196 5060 Licet
3225 5008 3372 5060 enim
3435 5010 3517 5060 νιιΙ

1948 5082 2090 5153 apud
2125 5086 2332 5154 exiguas
2362 5103 2425 5142 ac
2456 5091 2705 5145 obscura:
2720 5095 2887 5148 sortis
2915 5094 3191 5148 hominem
3219 5097 3512 5164 opportuni

1947 5173 2222 5242 quidpiam
2249 5175 2516 5239 invenire,
2547 5179 2695 5247 quod
2732 5182 3014 5238 multoties
3039 5183 3182 5252 apud
3215 5187 3518 5252 sapientem

1947 5276 2001 5318 et
2038 5282 2292 5336 magnum
2322 5267 2558 5339 alqueut
2585 5272 2866 5327 inventum
2894 5293 2999 5327 uuu
3032 5288 3137 5330 est.

2023 5357 2280 5414 Philonis.
2317 5359 2450 5426 Qua:
2473 5363 2682 5433 absque
2711 5365 2920 5420 ratione
2954 5369 3090 5421 liunt
3146 5367 3330 5422 omnia
3393 5379 3521 5421 sunt

1949 5452 2129 5519 turpia
2162 5469 2178 5518 ;
2213 5467 2332 5522 quae
2359 5471 2486 5509 vero
2519 5472 2644 5511 cum
2677 5460 2907 5521 ratione,
2949 5461 3130 5512 omnia
3160 5462 3376 5512 decora.

2018 5539 2168 5598 Citra
2201 5548 2726 5616 contemplationem
2751 5552 3112 5604 scientilicam
3148 5549 3284 5603 nihil
3307 5549 3510 5606 decore

1951 5631 2064 5687 ﬁeri
2093 5644 2295 5703 potest.
2326 5636 2565 5692 Scientia
2585 5641 2728 5692 enim
2761 5656 2790 5693 a
2813 5641 2956 5693 hmo
2979 5643 3209 5695 consilio
3237 5646 3522 5710 nascitur;

1947 5734 2002 5778 at
2035 5724 2340 5784 inconsulta
2368 5730 2648 5788 temeritas
2673 5730 2940 5788 malorqu
2961 5735 3205 5791 omnium
3241 5738 3525 5807 scaturigo

1945 5826 2048 5872 est.
