3960 6196
493 287 600 350 8οι

495 484 704 539 inutilis
743 490 828 537 est
851 477 1153 550 pcenitudo.

879 589 1107 647 SERMO
1143 586 1234 641 XII
1283 585 1382 657 [αι.
1409 581 1681 652 XXXIX].

918 705 990 756 De
1017 701 1328 771 [ortiludine
1371 712 1414 752 et
1448 698 1658 750 robore.

567 799 756 865 Ephes.
795 813 905 852 XVI.
949 795 1158 848 Induite
1199 801 1364 846 totam
1399 798 1731 842 armaturam
1767 786 1880 848 Dei,
1923 795 1977 838 et
2008 793 2068 836 ut

495 890 716 958 possitis
746 898 891 940 stare
941 889 1201 940 adversus
1236 883 1478 936 assultus
1516 879 1733 933 diaboli.
1795 877 2063 942 Quoniam

496 998 602 1035 non
630 979 886 1036 estnobis
915 979 1056 1030 lucta
1101 977 1363 1028 adversus
1393 976 1706 1040 sanguinem
1737 981 1786 1024 et
1820 984 2063 1032 carnem,

495 1074 596 1128 sed
623 1073 883 1125 adversus
909 1068 1267 1138 principatus,
1308 1065 1569 1119 adversus
1628 1069 1940 1131 potestates.
1973 1060 2066 1112 ad-

495 1178 685 1216 versus
717 1161 901 1214 mundi
929 1159 1177 1214 dominos
1203 1166 1440 1210 rectores
1459 1154 1800 1208 tenebrarum
1830 1153 1932 1220 21
1961 1167 2065 1204 sa:-

495 1254 602 1305 culi
636 1251 818 1318 hujus,
845 1252 1107 1303 adversus
1142 1245 1451 1316 spirituales
1476 1245 1709 1299 astutias
1734 1244 1787 1295 in
1823 1241 2062 1296 caelesti-

497 1341 619 1396 bus.
643 1343 985 1408 Quapropter
1044 1340 1309 1392 assumite
1364 1337 1672 1390 universam
1731 1344 2063 1388 armaturam

458 1501 461 1503 _
498 1433 616 1493 hei,
643 1441 704 1485 ut
746 1431 965 1500 possitis
1014 1431 1271 1483 resistere
1301 1429 1355 1481 in
1387 1430 1473 1480 die
1501 1428 1665 1490 mala,
1701 1435 1753 1479 et
1809 1424 2063 1478 omnibus

497 1523 726 1590 peractis
755 1530 919 1577 stare.
948 1521 1100 1576 State
1131 1523 1314 1592 igitur,
1383 1519 1585 1573 lumbis
1647 1517 2062 1572 circumcinctis

498 1619 674 1673 balteo
701 1633 796 1688 per
819 1619 1124 1684 veritatem,
1155 1626 1208 1672 et
1254 1616 1430 1670 induti
1486 1617 1759 1670 thoracem
1810 1613 2060 1682 justitim,

1749 271 2067 330 ANTONII
2097 267 2442 326 MELISSI’E

560 388 837 446 Meditatio
871 401 993 442 sera
1015 382 1223 439 lucr‘um
1247 394 1356 436 non
1405 377 1586 441 habet,
1636 385 1689 429 ct
1715 376 1766 428 in
1807 374 1954 427 exitu
1979 372 2053 427 rei
2088 371 2130 425 Α

3637 265 3746 327 804

2238 369 2494 440 Ἀκερδὴς
2521 371 2548 422 ὁ
2579 369 2780 438 βραδὺς
2806 368 3066 438 λογισμός
3087 381 3102 398 °
3136 369 3230 420 καὶ
3293 368 3574 442 ἀνωφελὴς
3627 375 3656 425 ὁ
3687 377 3748 426 ἐν

2171 463 2421 531 ἐσχάτοις
2457 461 2786 532 μετάμελος.

2781 575 3000 630 ΛΟΓΟΣ
3031 574 3132 629 ιΒ’.

2527 691 2662 756 Περὶ
2692 691 2972 758 ἀνδρείας
3003 692 3098 745 καὶ
3141 693 3372 758 ἰσχύος.

2252 781 2576 834 Ἐνδύσασθε
2627 783 2727 848 τὴν
2764 783 3065 835 πανοπλίαν
3123 783 3215 836 τοῦ
3273 784 3430 848 Θεοῦ,
3491 785 3626 855 πρὸς
3686 786 3746 837 τδ

2167 870 2433 923 δύνασθαι
2466 872 2612 940 ὑμᾶς
2637 872 2989 942 στῆναι-πρὸς
3042 874 3142 936 τὰς
3178 875 3458 942 μεθοδείας
3489 877 3586 927 τοῦ
3623 876 3748 929 δια-

2171 960 2326 1013 ϐόλου
2353 975 2370 992 ·
2402 964 2484 1015 ὅτι
2534 963 2636 1015 οὐκ
2669 964 2814 1014 ἐστιν
2847 964 2982 1031 ἡμῖν
3034 966 3066 1033 ὴ
3103 965 3248 1032 πάλη
3302 966 3437 1030 πρὸς
3471 961 3612 1031 αἷμα
3647 966 3744 1017 καὶ

2173 1052 2370 1121 σάρκα,
2406 1052 2540 1104 ἀλλὰ
2571 1052 2704 1120 πρὸς
2747 1052 2846 1114 τὰς
2878 1054 3079 1122 ἀρχὰς,
3129 1053 3270 1124 πρὸς
3317 1056 3416 1117 τὰς
3464 1054 3737 1118 ἐξουσίας,

2170 1142 2307 1209 πρὸς
2323 1140 2451 1204 τοὺς
2467 1144 2912 1215 κοσμοκράτορας
2948 1145 3044 1197 τοῦ
3077 1146 3302 1206 σκότους
3353 1145 3568 1210 τούτου,
3600 1151 3740 1216 πρὸς

2170 1234 2236 1286 τὰ
2266 1234 2613 1302 πνευματικὰ
2668 1236 2766 1304 τῆς
2817 1237 3083 1302 πονηρίας
3135 1237 3192 1288 ὲν
3221 1238 3335 1299 τοῖς
3365 1238 3736 1305 ἐπουρανίοις.

2170 1324 2271 1376 Διὰ
2298 1322 2456 1378 τοῦτο
2497 1326 2794 1380 ἀναλάϐετε
2828 1327 2924 1394 τὴν
2960 1326 3270 1380 πανοπλίαν
3315 1327 3410 1380 τοῦ
3455 1327 3616 1390 Θεοῦ,
3648 1327 3739 1382 ενα

2169 1415 2432 1485 δυνηθῆτε
2488 1417 2804 1486 ἀντιστῆναι
2853 1420 2912 1472 ὲν
2941 1422 3006 1489 τῇ
3041 1421 3226 1489 ἡμέρᾳ
3267 1422 3333 1489 τῇ
3369 1421 3605 1488 πονηρᾷ,
3641 1420 3738 1470 καὶ

2171 1506 2385 1560 ἅπαντα
2413 1511 2884 1580 κατεργασάμενοι
2913 1511 3127 1579 στῆναι.
3147 1511 3319 1579 Στῆτε
3348 1507 3466 1576 οὖν,
3501 1511 3739 1579 περιζω-

2173 1602 2397 1668 σάμενοι
2441 1600 2538 1670 τὴν
2595 1601 2768 1669 ὀσφὺν
2804 1601 2957 1670 ὑμῶν
2994 1605 3053 1655 ὲν
3103 1601 3356 1672 ἀληθείᾳ,
3390 1602 3483 1653 καὶ
3515 1601 3740 1654 ἐνδυσά-

470 1711 786 1765 ~etcalceati
818 1709 1071 1778 pedibus,
1103 1717 1160 1761 ut
1219 1711 1392 1776 parati
1417 1709 1538 1761 sitis
1599 1707 1666 1760 ad
1712 1705 2062 1775 Evangelium

2197 1708 2327 1744 ιενοι
2360 1692 2450 1744 τὸν
2485 1691 2706 1760 Θώρακα
2729 1692 2826 1759 τῆς
2859 1691 3230 1763 δικαιοσύνης,
3261 1693 3355 1744 καὶ
3380 1691 3738 1761 ὑποδησάμε·

499 1799 666 1864 pacis,
696 1813 858 1866 super
887 1798 1069 1851 omnia
1095 1806 1376 1864 assumpto
1405 1802 1561 1848 scuto
1590 1793 1730 1856 fidei,
1771 1807 1880 1860 quo
1934 1805 2060 1859 pns-

497 1889 618 1943 sitis
641 1889 1017 1957 omniujacula
1073 1888 1198 1940 mali
1249 1887 1397 1940 illius
1455 1885 1626 1953 ignita
1669 1885 2057 1950 exsdnguere:

497 1978 1082 2048 galeamquesalutaris
1131 1977 1376 2046 accipite,
1413 1982 1468 2030 et
1517 1975 1752 2045 gladium
1803 1973 2057 2040 Spiritus,

496 2071 588 2138 qui
617 2080 699 2124 est
729 2071 949 2124 verbum
983 2070 1094 2122 Dei.

572 2334 726 2388 Prov.
759 2333 1070 2402 xququus
1100 2341 1320 2401 paratur
1341 2334 1406 2386 ad
1432 2331 1574 2386 diem
1608 2331 1755 2395 belli,
1791 2331 2052 2382 auxilium

497 2437 674 2480 autem
709 2441 737 2478 a
768 2424 995 2479 Domino
1022 2433 1127 2478 est.

570 2518 780 2576 Sirach.
799 2517 941 2571 Xlll.
971 2517 1203 2570 Fortiori
1227 2525 1277 2570 et
1298 2515 1478 2568 ditiori
1508 2525 1557 2568 te
1575 2531 1642 2569 ne
1673 2514 2063 2569 communiccs.

499 2612 638 2677 Quid
683 2608 1104 2664 communicabit
1147 2608 1251 2661 olla
1287 2607 1353 2661 ad
1395 2607 1650 2661 cacabum
1675 2607 1698 2660 ?
1726 2607 1842 2676 ipsa
1870 2606 2065 2677 impiu-

497 2711 606 2771 get,
663 2709 715 2754 et
753 2703 866 2769 ipsa
898 2709 1228 2754 conteretur.

569 2791 690 2844 Divi
725 2789 934 2844 Basilii.
963 2789 1130 2857 Cujus
1178 2787 1349 2858 gratia
1396 2787 1556 2841 vitam
1597 2785 1797 2856 diligis,
1844 2794 2063 2856 propter

500 2883 552 2937 id
588 2883 739 2937 obire
765 2889 993 2934 mortem
1028 2894 1092 2932 ne
1122 2879 1357 2932 dubites.

572 2974 756 3027 Robur
781 2986 905 3026 cum
935 2970 1218 3037 prudentia
1239 2969 1415 3039 juvat,
1449 2970 1564 3021 sine
1591 2981 1653 3020 ea
1684 2981 1835 3030 vero,
1864 2965 2062 3020 damno

501 3066 662 3120 allicit
691 3064 1056 3134 possidentes.

571 3152 728 3208 Vires
763 3153 883 3208 sine
942 3159 1119 3206 mente
1152 3150 1438 3220 participes
1484 3150 1572 3204 sui
1605 3148 1896 3218 sepulchro
1951 3154 2067 3203 tra-

500 3247 657 3303 duut.

576 3339 899 3394 Aristotelis.
931 3338 1149 3393 Fortior
1202 3338 1333 3391 mihi
1370 3338 1580 3391 videtur
1621 3337 1706 3392 ille
1740 3337 1834 3406 qui
1865 3333 2070 3404 cupidi-

504 3439 660 3494 tates,
689 3445 850 3498 quam
876 3431 968 3497 qui
995 3430 1175 3483 hostes
1207 3428 1354 3482 vicit.
1396 3426 1609 3481 Etenim
1675 3427 1914 3496 selpsum
1948 3426 2067 3478 viu-

501 3539 624 3578 cerc
658 3521 1033 3577 dtllicillimum
1062 3530 1165 3575 est.

573 3615 749 3672 Fortis
775 3625 984 3672 estnon
1017 3614 1190 3670 solum
1212 3616 1302 3685 qui
1325 3622 1543 3683 superat
1561 3615 1765 3678 hostes,
1789 3611 1882 3666 sed
1903 3611 2066 3665 etiam

501 3710 595 3779 qui
630 3708 996 3778 voluptatibus
1023 3708 1271 3776 superior
1297 3707 1483 3762 fuerit.
1521 3705 1625 3760 Sed
1652 3744 1668 3770 ,
1702 3721 1736 3760 ο
1793 3705 2069 3759 miseriam

505 3802 798 3855 humanam
830 3801 844 3854 ι
883 3799 1039 3853 multi
1077 3800 1220 3854 enim
1250 3813 1374 3851 cum
1437 3812 1579 3866 saepe
1629 3799 1812 3851 hostes
1842 3805 1896 3851 et
1933 3795 2069 3851 alios

505 3893 752 3948 homines
815 3890 1063 3954 vicerint,
1125 3889 1446 3944 mulieribus
1492 3889 1820 3942 servierunt.
1888 3888 2066 3952 Quare

503 3987 682 4040 modis
731 3985 984 4038 omnibus
1032 3983 1324 4036 muliebres
1375 3981 1553 4036 vultus
1618 3980 1868 4048 refugere
1918 3994 2074 4050 opor-

504 4089 600 4134 tet.

574 4169 772 4224 Multos
802 4167 1021 4237 quidem
1057 4174 1246 4218 natura
1291 4164 1459 4220 fortes
1484 4167 1708 4235 genuit,
1739 4163 2072 4237 experientia

505 4270 760 4315 autemet
793 4256 1116 4312 exercitatio
1149 4255 1405 4310 fortiores
1435 4256 1753 4310 effecerunt.

573 4351 828 4422 Agesilai.
852 4348 1043 4404 Nullus
1074 4357 1155 4404 cst
1187 4344 1534 4402 fortitudinis‘
1548 4363 1679 4404 usus
1713 4349 1936 4404 absente
1983 4349 2071 4418 ju-
2101 4364 2147 4420 ι)

504 4443 648 4497 stitia
684 4461 697 4497 :
736 4442 780 4496 si
813 4454 939 4496 vero
974 4438 1316 4508 omnesjusti
1343 4449 1550 4505 essent,
1588 4435 1913 4496 fortitudine
1932 4439 2072 4494 nihil

501 4547 740 4607 egerent.

875 4625 1108 4682 SERMO
1147 4623 1264 4678 xm
1304 4623 1400 4697 [αι.
1430 4622 1568 4696 XL].

1105 4737 1185 4791 De
1195 4737 1434 4805 justitia.

578 4856 771 4912 Matth.
791 4871 846 4910 v.
878 4853 1026 4909 Beati
1059 4853 1148 4922 qui
1173 4852 1422 4907 csuriunt
1455 4858 1510 4904 et
1543 4847 1734 4904 sitiunt
1760 4847 2062 4919 justitiam:

504 4949 605 5018 ipsi
639 4948 782 5002 enim
817 4944 1230 5001 saturabuntur.

573 5035 731 5090 Rom.
766 5037 940 5087 3t.An
971 5032 1191 5087 nescitis
1221 5032 1365 5100 quod
1397 5029 1483 5085 cui
1519 5029 1795 5085 exhibetis
1823 5046 1918 5086 vos
1953 5047 2068 5087 scr-

504 5140 602 5180 vos
632 5126 698 5178 ad
729 5123 1115 5184 obedientiam,
1148 5121 1286 5175 servi
1317 5122 1452 5174 estis
1481 5120 1598 5189 ejus
1656 5119 1743 5174 cui
1806 5120 2070 5188 obcditis,

503 5220 616 5274 sive
647 5214 848 5287 peccati
883 5216 948 5269 ad
985 5223 1234 5279 mortem,
1272 5215 1386 5268 sive
1424 5213 1742 5269 obedientiae
1779 5214 1846 5267 ad
1905 5215 2072 5283 justi-

503 5307 670 5363 tiam?

572 5396 822 5454 Proverb.
848 5410 956 5450 xw.
982 5394 1196 5450 Justitia
1229 5393 1433 5449 exaltat
1459 5403 1692 5464 gentem,
1730 5393 2062 5449 immiuuuut

503 5504 679 5547 autem
721 5491 948 5560 p0pulos
983 5496 1225 5558 peccata.

566 5581 814 5638 Pretiosa
845 5595 930 5636 res
958 5578 1344 5647 cstvirpurus,
1375 5576 1661 5632 ambulans
1684 5579 1735 5631 in
1769 5577 1869 5633 viis
1892 5578 2061 5647 juSti-

498 5674 604 5727 tite.

2167 1801 2247 1836 νοι
2287 1785 2411 1844 τοὺς
2441 1784 2605 1846 πόδας
2632 1787 2690 1837 ἐν
2717 1785 3004 1854 ἑτοιμασίᾳ
3036 1782 3132 1836 τοῦ
3164 1783 3501 1852 Εὐαγγελίου
3526 1783 3623 1851 τῆς
3657 1787 3741 1834 εἰ·

2172 1875 2362 1944 ρήνης,
2394 1875 2485 1928 ἐπὶ
2518 1878 2684 1930 πᾶσιν
2739 1876 3104 1939 ἀναλαϐόντες
3147 1875 3238 1927 τὸν
3275 1874 3470 1945 θυρεὸν
3513 1874 3615 1943 τῆς
3647 1876 3740 1926 nio

2169 1984 2360 2030 a:ew;,
2403 1969 2460 2020 ἐν
2484 1960 2528 2035 ᾧ
2555 1966 2853 2036 δυνήσεσθε
2888 1968 3066 2022 πάντα
3099 1966 3167 2020 τὰ
3196 1967 3328 2037 βέλη
3368 1965 3465 2019 τοῦ
3497 1965 3735 2035 πονηροῦ

2166 2060 2234 2110 τά
2263 2060 2637 2130 πεπυρωμένα
2662 2059 2854 2113 σϐέσαι
2879 2075 2894 2091 °
2920 2061 3018 2114 καὶ
3048 2060 3147 2129 τὴν
3176 2057 3613 2128 περικεφαλαίαν
3637 2057 3734 2110 τοῦ

2169 2149 2440 2218 σωτηρίου
2468 2149 2715 2216 δέξασθε,
2748 2150 2844 2203 καὶ
2868 2150 2966 2220 τὴν
2999 2149 3278 2220 μάχαιραν
3331 2147 3426 2202 τοῦ
3481 2147 3735 2216 Πνεύμαη

2167 2257 2277 2304 τος,
2314 2241 2341 2292 ὅ
2369 2241 2483 2294 ὲστι
2515 2242 2663 2310 ῥῆμα
2690 2239 2850 2295 Θεοῦ.
3491 2299 3498 2302 _

2239 2332 2435 2394 Ἵππος
2461 2332 2809 2400 ἐτοιμάζεται
2839 2332 2919 2395 εἰς
2943 2332 3162 2402 ἡμέραν
3187 2330 3430 2401 πολέμου
3452 2345 3467 2359 ·
3502 2331 3657 2400 παρὰ
3679 2331 3734 2383 δὲ

2170 2423 2376 2493 Κυρίου
2412 2425 2446 2493 ὴ
2483 2422 2731 2494 βοήθεια.

2253 2515 2605 2586 ’ἰσχυροτέρῳ
2663 2531 2757 2567 σου
2833 2513 2909 2584 μὴ
2977 2513 3245 2568 κοινώνει.
3295 2513 3360 2567 Τί
3414 2515 3737 2583 κοινωνήσει

2169 2609 2342 2681 χύτρα
2375 2608 2509 2678 πρὸς
2557 2607 2794 2679 λέϐητας
2833 2605 2973 2672 αὕτη
3033 2605 3401 2675 προσκρούσει
3451 2606 3547 2660 καὶ
3594 2605 3735 2675 αὕτη

2172 2701 2609 2771 συντριϐήσεται.

2288 2791 2318 2850 ὗ
2351 2795 2535 2847 ἕνεκεν
2563 2791 2662 2864 ζῇν
2712 2791 2936 2858 ἐθέλεις,
2963 2792 3060 2847 καὶ
3103 2791 3399 2846 ἀποθανεῖν
3451 2793 3527 2862 μὴ
3579 2796 3742 2846 nato-

2173 2903 2310 2942 κνει.

2252 2980 2428 3050 Ίσχὺς
2461 2978 2602 3049 μετὰ
2636 2977 2735 3048 μὲν
2783 2977 3100 3047 φρονήσεως
3143 2973 3429 3044 ὠφέλησεν
3452 2991 3465 3006 ⁸
3502 2974 3636 3029 ἄνευ
3684 2978 3741 3030 δὲ

2170 3072 2370 3142 ταύτης
2401 3071 2599 3140 ἔϐλαψε
2627 3070 2755 3134 τοὺς
2783 3071 3027 3140 ἔχοντας.

2252 3164 2429 3236 ’ἰσχὺς
2461 3164 2587 3219 νοῦν
2613 3165 2717 3219 οὐκ
2766 3165 2968 3234 ἔχουσα
3000 3162 3158 3234 τάφῳ
3187 3161 3316 3225 τοὺς
3359 3162 3742 3232 ἐμπίπτοντας

2169 3255 2559 3325 παραδίδωσιν.

2253 3346 2644 3416 Ἀνδρειότερος
2675 3343 2817 3402 εἶναι
2849 3365 2940 3417 μοι
2969 3350 3118 3402 δοκεῖ
3146 3350 3174 3403 ὁ
3219 3349 3329 3404 τῶν
3361 3350 3674 3420 ἐπιθυμιῶν
3705 3351 3739 3420 ἢ

2170 3438 2276 3491 τῶν
2310 3440 2581 3507 πολεμίων
2611 3441 2849 3509 κρατῶν.
2890 3442 2999 3494 Καὶ
3026 3441 3135 3512 γὰρ
3167 3443 3556 3514 χαλεπώτατόν
3594 3447 3744 3499 ἐστιν

2171 3531 2362 3586 ἑαυτὸν
2397 3531 2643 3602 νικῆσαι.

2257 3628 2526 3696 Ἀνδρείος
2550 3627 2610 3679 ού
2641 3627 2802 3695 μόνον
2831 3629 2861 3680 δ
2891 3627 3111 3696 κρατῶν
3141 3628 3248 3680 τῶν
3279 3628 3582 3694 πολεμίων,
3607 3627 3739 3678 ἀλλὰ

2171 3720 2263 3772 καὶ
2293 3723 2321 3772 ὁ
2353 3719 2461 3774 τῶν
2494 3718 2698 3788 ἡδονῶν
2745 3718 3032 3786 κρείσσων.
3077 3718 3216 3771 Ἀλλ’
3243 3719 3289 3772 ὦ
3329 3718 3429 3788 τῆς
3463 3717 3731 3789 ἀνθρωπί-

2173 3829 2269 3880 νης
2315 3810 2729 3879 ταλαιπωρίαςι
2766 3811 2850 3864 ὃτι
2905 3811 3089 3864 πολλοὶ
3143 3809 3402 3874 πολλάκις
3464 3808 3734 3878 πολεμίων

2174 3899 2502 3968 κρατοῦντες
2557 3902 2647 3951 καὶ
2709 3899 2885 3953 ἄλλων
2939 3899 3124 3964 τινῶν,
3187 3898 3440 3967 γυναιξὶν
3495 3899 3742 3951 ἐδούλευ-

2173 4008 2296 4044 σαν.
2346 3992 2438 4042 Δεῖ
2485 3988 2576 4044 οὖν
2613 3989 2761 4062 πάσῃ
2799 3989 3025 4060 δυνάμει
3085 3990 3180 4053 τὰς
3218 3990 3539 4058 γυναικείας
3588 3989 3744 4059 ϐψεις

2172 4080 2488 4148 ἐκφεύγειν.

2246 4173 2478 4235 Πολλοὺς
2522 4170 2621 4242 μὲν
2654 4173 2686 4240 ἠ
2721 4170 2881 4239 φύσις
2929 4170 3206 4241 ἀνδρείους
3256 4171 3540 4236 ὑπέδειξε·
3577 4174 3745 4242 πεῖρα

2173 4267 2230 4319 δὲ
2260 4267 2352 4318 καὶ
2381 4265 2661 4335 γυμνασία
2688 4263 3098 4334 ἀνδρειοτέρους
3127 4263 3490 4334 κατέστησεν.

2257 4356 2531 4424 Ἀνδρείας
2579 4353 2734 4407 οὐδὲν
2775 4353 2990 4420 ὄφελος,
3022 4354 3099 4424 μὴ
3149 4353 3427 4423 παρούσης
3465 4354 3747 4408 δικαιοσύο

2177 4465 2292 4518 νης.
2324 4448 2386 4500 Ει
2417 4445 2474 4498 δὲ
2515 4445 2716 4499 δίκαιοι
2763 4445 2966 4509 πάντες
3011 4445 3272 4514 γένοιντο,
3293 4445 3454 4500 οὐδὲν
3484 4445 3746 4517 ἀνδρείας

2172 4541 2475 4612 δεήσονται.

2785 4628 3002 4682 ΛΟΓΟΣ
3033 4627 3134 4682 ιιπό

2666 4743 2805 4812 Περὶ
2829 4745 3242 4812 δικαιοσύνης.

2243 4859 2518 4928 Μακάριοι
2563 4857 2611 4911 οἱ
2642 4855 2932 4917 πεινῶντες
2963 4855 3057 4907 καὶ
3101 4852 3365 4923 διψῶντες
3400 4854 3503 4927 τὴν
3535 4855 3737 4910 δικαιο-

2175 4947 2364 5020 σύνην,
2400 4950 2479 5001 ὃτι
2506 4949 2659 5001 αὐτοὶ
2691 4946 3170 5018 χορτασθήσονται.

2247 5041 2362 5093 Οὐκ
2393 5039 2573 5092 οἴδατε
2621 5040 2703 5092 ὃτι
2732 5032 2776 5106 ᾦ
2822 5038 3184 5108 παριστάνετε
3231 5038 3466 5100 ἑαυτοὺς
3523 5039 3746 5100 δούλους

2171 5133 2251 5190 εἰς
2297 5131 2566 5200 ὑπακοὴν,
2599 5131 2774 5183 δοῦλοί
2813 5132 2937 5184 ἐστε
2975 5124 3019 5200 ᾧ
3048 5131 3376 5196 ὑπακούετε,
3407 5133 3530 5202 ἦτοι
3566 5135 3746 5203 ἁμαρ-

2167 5221 2284 5282 τίας
2311 5223 2388 5283 εἰς
2423 5219 2671 5282 Θάνατον,
2707 5219 2739 5289 ἢ
2773 5220 3023 5289 ὑπακοῆς
3056 5221 3136 5283 είς
3165 5221 3565 5292 δικαιοσύνην;

2242 5397 2568 5468 Δικαιοσύνη
2607 5399 2732 5469 eeo:
2757 5398 2926 5467 ἔθνος,
2962 5402 3246 5478 ἐλασσοῡσι
3274 5401 3331 5455 δὲ
3366 5405 3548 5470 φυλὰς
3571 5406 3750 5476 ἁμαρ-

2172 5491 2306 5542 ttat.

2247 5581 2451 5650 Κτῆμα
2480 5583 2658 5648 τίμιον
2683 5583 2821 5654 ἀνὴρ
2847 5584 3105 5653 καθαρὸς,
3133 5588 3502 5657 πορευόαενος
3533 5592 3594 5647 έν
3612 5590 3752 5653 ὁδοῖς

2172 5673 2534 5744 δικαιοσύνης.
