  <div class='ocr_page' id='page_1' title='image "/cluster/home/n/w/nwhite01/storage/ocr_20150623/136/hvd.32044054100201/410.png"; bbox 0 0 3960 6196; ppageno 0'>
   <div class='ocr_carea' id='block_1_1' title="bbox 237 299 344 358">
    <p class='ocr_par' dir='ltr' id='par_1_1' title="bbox 237 299 344 358">
     <span class='ocr_line' id='line_1_1' title="bbox 237 299 344 358; baseline -0.009 0"><span class='ocrx_word' id='word_1_1' title='bbox 237 299 344 358; x_wconf 79' lang='grc'><strong>805</strong></span> 
     </span>
    </p>
   </div>
   <div class='ocr_carea' id='block_1_2' title="bbox 239 509 546 570">
    <p class='ocr_par' dir='ltr' id='par_1_2' title="bbox 239 509 546 570">
     <span class='ocr_line' id='line_1_2' title="bbox 239 509 546 570; baseline -0.003 -8"><span class='ocrx_word' id='word_1_2' title='bbox 239 511 336 562; x_wconf 59' lang='grc' dir='ltr'><strong>καὶ⁵</strong></span> <span class='ocrx_word' id='word_1_3' title='bbox 363 509 546 570; x_wconf 81' lang='grc' dir='ltr'>δόξαν.</span> 
     </span>
    </p>
   </div>
   <div class='ocr_carea' id='block_1_3' title="bbox 326 601 1816 676">
    <p class='ocr_par' dir='ltr' id='par_1_3' title="bbox 326 601 1816 676">
     <span class='ocr_line' id='line_1_3' title="bbox 326 601 1816 676; baseline 0.001 -22"><span class='ocrx_word' id='word_1_4' title='bbox 326 603 609 672; x_wconf 73' lang='grc' dir='ltr'>Ὀρύσσων</span> <span class='ocrx_word' id='word_1_5' title='bbox 673 601 866 675; x_wconf 81' lang='grc' dir='ltr'>βόθρον</span> <span class='ocrx_word' id='word_1_6' title='bbox 890 604 966 674; x_wconf 82' lang='grc' dir='ltr'>τῷ</span> <span class='ocrx_word' id='word_1_7' title='bbox 1000 603 1227 675; x_wconf 79' lang='grc' dir='ltr'><strong>πλησίον</strong></span> <span class='ocrx_word' id='word_1_8' title='bbox 1260 607 1580 676; x_wconf 73' lang='grc' dir='ltr'><strong>ἐμπεσεῖται</strong></span> <span class='ocrx_word' id='word_1_9' title='bbox 1611 606 1690 663; x_wconf 84' lang='grc' dir='ltr'><strong>είς</strong></span> <span class='ocrx_word' id='word_1_10' title='bbox 1721 604 1816 656; x_wconf 86' lang='grc' dir='ltr'>αύ-</span> 
     </span>
    </p>
   </div>
   <div class='ocr_carea' id='block_1_4' title="bbox 239 696 356 748">
    <p class='ocr_par' dir='ltr' id='par_1_4' title="bbox 239 696 356 748">
     <span class='ocr_line' id='line_1_4' title="bbox 239 696 356 748; baseline 0.009 -1"><span class='ocrx_word' id='word_1_11' title='bbox 239 696 356 748; x_wconf 82' lang='grc' dir='ltr'>τόν.</span> 
     </span>
    </p>
   </div>
   <div class='ocr_carea' id='block_1_5' title="bbox 316 787 1815 865">
    <p class='ocr_par' dir='ltr' id='par_1_5' title="bbox 316 787 1815 865">
     <span class='ocr_line' id='line_1_5' title="bbox 316 787 1815 865; baseline 0.005 -25"><span class='ocrx_word' id='word_1_12' title='bbox 316 787 468 854; x_wconf 87' lang='grc' dir='ltr'>Ζυγά</span> <span class='ocrx_word' id='word_1_13' title='bbox 502 787 708 852; x_wconf 88' lang='grc' dir='ltr'>δίκαια,</span> <span class='ocrx_word' id='word_1_14' title='bbox 740 787 836 839; x_wconf 66' lang='grc' dir='ltr'>καὶ</span> <span class='ocrx_word' id='word_1_15' title='bbox 872 788 1047 860; x_wconf 81' lang='grc' dir='ltr'>μέτρα</span> <span class='ocrx_word' id='word_1_16' title='bbox 1100 791 1302 860; x_wconf 82' lang='grc' dir='ltr'>δίκαια,</span> <span class='ocrx_word' id='word_1_17' title='bbox 1331 794 1424 848; x_wconf 67' lang='grc' dir='ltr'><strong>καὶ</strong></span> <span class='ocrx_word' id='word_1_18' title='bbox 1455 795 1584 865; x_wconf 83' lang='grc' dir='ltr'>χοῦς</span> <span class='ocrx_word' id='word_1_19' title='bbox 1610 793 1815 856; x_wconf 88' lang='grc' dir='ltr'>δίκαιος</span> 
     </span>
    </p>
   </div>
   <div class='ocr_carea' id='block_1_6' title="bbox 241 880 684 948">
    <p class='ocr_par' dir='ltr' id='par_1_6' title="bbox 241 880 684 948">
     <span class='ocr_line' id='line_1_6' title="bbox 241 880 684 948; baseline 0.005 -18"><span class='ocrx_word' id='word_1_20' title='bbox 241 880 399 931; x_wconf 76' lang='grc' dir='ltr'>ἔσται</span> <span class='ocrx_word' id='word_1_21' title='bbox 434 880 583 948; x_wconf 81' lang='grc' dir='ltr'>ὑμῖν.</span> <span class='ocrx_word' id='word_1_22' title='bbox 682 907 684 909; x_wconf 46' lang='grc'>&gt;</span> 
     </span>
    </p>
   </div>
   <div class='ocr_carea' id='block_1_7' title="bbox 291 971 1814 1049">
    <p class='ocr_par' dir='ltr' id='par_1_7' title="bbox 291 971 1814 1049">
     <span class='ocr_line' id='line_1_7' title="bbox 291 971 1814 1049; baseline 0.009 -28"><span class='ocrx_word' id='word_1_23' title='bbox 291 971 678 1041; x_wconf 77' lang='grc' dir='ltr'>Δικαιοσύνην</span> <span class='ocrx_word' id='word_1_24' title='bbox 715 973 937 1043; x_wconf 82' lang='grc' dir='ltr'>μάθετε,</span> <span class='ocrx_word' id='word_1_25' title='bbox 971 977 1019 1028; x_wconf 74' lang='lat' dir='ltr'><strong>oi</strong></span> <span class='ocrx_word' id='word_1_26' title='bbox 1059 977 1393 1041; x_wconf 75' lang='grc' dir='ltr'>ἐνοικοῦντες</span> <span class='ocrx_word' id='word_1_27' title='bbox 1438 982 1530 1032; x_wconf 73' lang='grc' dir='ltr'><strong>ἐπὶ</strong></span> <span class='ocrx_word' id='word_1_28' title='bbox 1561 980 1662 1048; x_wconf 79' lang='grc' dir='ltr'>τῆς</span> <span class='ocrx_word' id='word_1_29' title='bbox 1687 985 1814 1049; x_wconf 77' lang='grc' dir='ltr'>γῆς.</span> 
     </span>
    </p>
   </div>
   <div class='ocr_carea' id='block_1_8' title="bbox 332 1063 1817 1141">
    <p class='ocr_par' dir='ltr' id='par_1_8' title="bbox 332 1063 1817 1141">
     <span class='ocr_line' id='line_1_8' title="bbox 332 1063 1817 1141; baseline 0.009 -28"><span class='ocrx_word' id='word_1_30' title='bbox 332 1063 392 1112; x_wconf 81' lang='lat' dir='ltr'><strong>&#39;I)</strong></span> <span class='ocrx_word' id='word_1_31' title='bbox 422 1064 521 1130; x_wconf 77' lang='grc' dir='ltr'><strong>τὴν</strong></span> <span class='ocrx_word' id='word_1_32' title='bbox 554 1064 731 1133; x_wconf 80' lang='grc' dir='ltr'><strong>ἀληθῆ</strong></span> <span class='ocrx_word' id='word_1_33' title='bbox 784 1066 1138 1135; x_wconf 64' lang='grc' dir='ltr'>δικαιοσύνην</span> <span class='ocrx_word' id='word_1_34' title='bbox 1189 1070 1262 1138; x_wconf 84' lang='grc' dir='ltr'>μὴ</span> <span class='ocrx_word' id='word_1_35' title='bbox 1321 1070 1461 1138; x_wconf 73' lang='grc' dir='ltr'>ἔχων</span> <span class='ocrx_word' id='word_1_36' title='bbox 1515 1091 1817 1141; x_wconf 84' lang='grc' dir='ltr'>προεναπο-</span> 
     </span>
    </p>
   </div>
   <div class='ocr_carea' id='block_1_9' title="bbox 240 1155 1815 1234">
    <p class='ocr_par' dir='ltr' id='par_1_9' title="bbox 240 1155 1815 1234">
     <span class='ocr_line' id='line_1_9' title="bbox 240 1155 1815 1234; baseline 0.01 -31"><span class='ocrx_word' id='word_1_37' title='bbox 240 1155 511 1222; x_wconf 77' lang='grc' dir='ltr'><strong>κειμένην</strong></span> <span class='ocrx_word' id='word_1_38' title='bbox 541 1157 702 1209; x_wconf 77' lang='grc' dir='ltr'>αὐτοῦ</span> <span class='ocrx_word' id='word_1_39' title='bbox 744 1160 808 1227; x_wconf 87' lang='grc' dir='ltr'>τῇ</span> <span class='ocrx_word' id='word_1_40' title='bbox 849 1158 1020 1230; x_wconf 79' lang='grc' dir='ltr'>ψυχῇ,</span> <span class='ocrx_word' id='word_1_41' title='bbox 1053 1161 1168 1212; x_wconf 74' lang='grc' dir='ltr'>ἀλλ’</span> <span class='ocrx_word' id='word_1_42' title='bbox 1205 1161 1236 1230; x_wconf 82' lang='grc' dir='ltr'>ἢ</span> <span class='ocrx_word' id='word_1_43' title='bbox 1284 1167 1531 1232; x_wconf 78' lang='grc' dir='ltr'>χρήμασι</span> <span class='ocrx_word' id='word_1_44' title='bbox 1561 1166 1815 1234; x_wconf 83' lang='grc' dir='ltr'>διεφθαρ-</span> 
     </span>
    </p>
   </div>
   <div class='ocr_carea' id='block_1_10' title="bbox 246 1247 1812 1325">
    <p class='ocr_par' dir='ltr' id='par_1_10' title="bbox 246 1247 1812 1325">
     <span class='ocr_line' id='line_1_10' title="bbox 246 1247 1812 1325; baseline 0.009 -28"><span class='ocrx_word' id='word_1_45' title='bbox 246 1247 433 1313; x_wconf 86' lang='grc' dir='ltr'>μένος,</span> <span class='ocrx_word' id='word_1_46' title='bbox 474 1247 504 1316; x_wconf 74' lang='grc' dir='ltr'>ἢ</span> <span class='ocrx_word' id='word_1_47' title='bbox 541 1249 695 1320; x_wconf 72' lang='grc' dir='ltr'>φιλίᾳ</span> <span class='ocrx_word' id='word_1_48' title='bbox 744 1253 1120 1322; x_wconf 81' lang='grc' dir='ltr'>χαριζόμενος,</span> <span class='ocrx_word' id='word_1_49' title='bbox 1168 1255 1201 1322; x_wconf 83' lang='grc' dir='ltr'><strong>ἢ</strong></span> <span class='ocrx_word' id='word_1_50' title='bbox 1248 1255 1417 1325; x_wconf 73' lang='grc' dir='ltr'>ἔχθρᾳ</span> <span class='ocrx_word' id='word_1_51' title='bbox 1452 1258 1812 1325; x_wconf 77' lang='grc' dir='ltr'><strong>ἀμυνόμενος,</strong></span> 
     </span>
    </p>
   </div>
   <div class='ocr_carea' id='block_1_11' title="bbox 246 1338 1816 1415">
    <p class='ocr_par' dir='ltr' id='par_1_11' title="bbox 246 1338 1816 1415">
     <span class='ocr_line' id='line_1_11' title="bbox 246 1338 1816 1415; baseline 0.01 -27"><span class='ocrx_word' id='word_1_52' title='bbox 246 1338 278 1407; x_wconf 78' lang='grc' dir='ltr'>ἢ</span> <span class='ocrx_word' id='word_1_53' title='bbox 321 1339 645 1393; x_wconf 80' lang='grc' dir='ltr'><strong>δυναστείαν</strong></span> <span class='ocrx_word' id='word_1_54' title='bbox 671 1342 1114 1413; x_wconf 75' lang='grc' dir='ltr'><strong>δυσωπούμενος,</strong></span> <span class='ocrx_word' id='word_1_55' title='bbox 1145 1347 1204 1398; x_wconf 74' lang='grc' dir='ltr'>τὸ</span> <span class='ocrx_word' id='word_1_56' title='bbox 1246 1348 1420 1415; x_wconf 84' lang='grc' dir='ltr'>κρίμα</span> <span class='ocrx_word' id='word_1_57' title='bbox 1463 1349 1816 1403; x_wconf 76' lang='grc' dir='ltr'>κατευθύνειν</span> 
     </span>
    </p>
   </div>
   <div class='ocr_carea' id='block_1_12' title="bbox 242 1429 582 1486">
    <p class='ocr_par' dir='ltr' id='par_1_12' title="bbox 242 1429 582 1486">
     <span class='ocr_line' id='line_1_12' title="bbox 242 1429 582 1486; baseline 0.018 -6"><span class='ocrx_word' id='word_1_58' title='bbox 242 1429 302 1480; x_wconf 72' lang='grc' dir='ltr'><strong>οὐ</strong></span> <span class='ocrx_word' id='word_1_59' title='bbox 334 1429 582 1486; x_wconf 86' lang='grc' dir='ltr'>δύναται.</span> 
     </span>
    </p>
   </div>
   <div class='ocr_carea' id='block_1_13' title="bbox 318 1525 1815 1601">
    <p class='ocr_par' dir='ltr' id='par_1_13' title="bbox 318 1525 1815 1601">
     <span class='ocr_line' id='line_1_13' title="bbox 318 1525 1815 1601; baseline 0.008 -27"><span class='ocrx_word' id='word_1_60' title='bbox 318 1525 647 1594; x_wconf 82' lang='grc' dir='ltr'>Δικαιοσύνη</span> <span class='ocrx_word' id='word_1_61' title='bbox 667 1529 807 1580; x_wconf 74' lang='grc' dir='ltr'>ἐστὶν</span> <span class='ocrx_word' id='word_1_62' title='bbox 836 1528 948 1594; x_wconf 78' lang='grc' dir='ltr'>ἕξις</span> <span class='ocrx_word' id='word_1_63' title='bbox 965 1529 1341 1601; x_wconf 77' lang='grc' dir='ltr'>ἀπονεμητικὴ</span> <span class='ocrx_word' id='word_1_64' title='bbox 1371 1532 1462 1586; x_wconf 77' lang='grc' dir='ltr'>τοῦ</span> <span class='ocrx_word' id='word_1_65' title='bbox 1489 1536 1609 1588; x_wconf 81' lang='grc' dir='ltr'>κατ’</span> <span class='ocrx_word' id='word_1_66' title='bbox 1627 1534 1780 1598; x_wconf 81' lang='grc' dir='ltr'>ἀξίαν</span> <span class='ocrx_word' id='word_1_67' title='bbox 1800 1552 1815 1568; x_wconf 81' lang='grc' dir='ltr'><strong>ο</strong></span> 
     </span>
    </p>
   </div>
   <div class='ocr_carea' id='block_1_14' title="bbox 244 1620 1818 1701">
    <p class='ocr_par' dir='ltr' id='par_1_14' title="bbox 244 1620 1818 1701">
     <span class='ocr_line' id='line_1_14' title="bbox 244 1620 1818 1701; baseline 0.011 -30"><span class='ocrx_word' id='word_1_68' title='bbox 244 1620 588 1690; x_wconf 81' lang='grc' dir='ltr'>δυσθήρατον</span> <span class='ocrx_word' id='word_1_69' title='bbox 616 1625 670 1677; x_wconf 86' lang='grc' dir='ltr'>δὲ</span> <span class='ocrx_word' id='word_1_70' title='bbox 704 1627 883 1688; x_wconf 80' lang='grc' dir='ltr'>τοῦτο,</span> <span class='ocrx_word' id='word_1_71' title='bbox 921 1628 1029 1680; x_wconf 88' lang='grc' dir='ltr'><strong>τῶν</strong></span> <span class='ocrx_word' id='word_1_72' title='bbox 1062 1629 1161 1696; x_wconf 80' lang='grc' dir='ltr'><strong>μὲν</strong></span> <span class='ocrx_word' id='word_1_73' title='bbox 1191 1630 1276 1682; x_wconf 85' lang='grc' dir='ltr'>διὰ</span> <span class='ocrx_word' id='word_1_74' title='bbox 1308 1631 1365 1683; x_wconf 80' lang='grc' dir='ltr'><strong>τὸ</strong></span> <span class='ocrx_word' id='word_1_75' title='bbox 1397 1633 1526 1700; x_wconf 72' lang='grc' dir='ltr'>περὶ</span> <span class='ocrx_word' id='word_1_76' title='bbox 1557 1633 1656 1700; x_wconf 82' lang='grc' dir='ltr'><strong>τὴν</strong></span> <span class='ocrx_word' id='word_1_77' title='bbox 1689 1635 1818 1701; x_wconf 64' lang='grc' dir='ltr'>φρό-</span> 
     </span>
    </p>
   </div>
   <div class='ocr_carea' id='block_1_15' title="bbox 247 1715 1820 1792">
    <p class='ocr_par' dir='ltr' id='par_1_15' title="bbox 247 1715 1820 1792">
     <span class='ocr_line' id='line_1_15' title="bbox 247 1715 1820 1792; baseline 0.009 -29"><span class='ocrx_word' id='word_1_78' title='bbox 247 1731 411 1780; x_wconf 89' lang='grc' dir='ltr'>νησιν</span> <span class='ocrx_word' id='word_1_79' title='bbox 435 1715 652 1780; x_wconf 72' lang='grc' dir='ltr'>ἐλλιπὲς</span> <span class='ocrx_word' id='word_1_80' title='bbox 683 1719 778 1788; x_wconf 71' lang='grc' dir='ltr'><strong>οὐχ</strong></span> <span class='ocrx_word' id='word_1_81' title='bbox 816 1720 1180 1789; x_wconf 77' lang='grc' dir='ltr'>εὑρισκόντων</span> <span class='ocrx_word' id='word_1_82' title='bbox 1211 1724 1428 1792; x_wconf 81' lang='grc' dir='ltr'><strong>ἑκάστῳ</strong></span> <span class='ocrx_word' id='word_1_83' title='bbox 1453 1724 1729 1792; x_wconf 81' lang='grc' dir='ltr'>διανεῖμαι</span> <span class='ocrx_word' id='word_1_84' title='bbox 1759 1725 1820 1777; x_wconf 73' lang='grc' dir='ltr'>τὸ</span> 
     </span>
    </p>
   </div>
   <div class='ocr_carea' id='block_1_16' title="bbox 1049 296 2626 360">
    <p class='ocr_par' dir='ltr' id='par_1_16' title="bbox 1049 296 2626 360">
     <span class='ocr_line' id='line_1_16' title="bbox 1049 296 2626 360; baseline -0.003 -5"><span class='ocrx_word' id='word_1_85' title='bbox 1049 297 1214 356; x_wconf 81' lang='lat' dir='ltr'><strong>LOC]</strong></span> <span class='ocrx_word' id='word_1_86' title='bbox 1258 297 1694 359; x_wconf 83' lang='lat' dir='ltr'><strong>COMMUNES.</strong></span> <span class='ocrx_word' id='word_1_87' title='bbox 1736 321 1799 334; x_wconf 86' lang='grc'><strong>--</strong></span> <span class='ocrx_word' id='word_1_88' title='bbox 1841 296 2036 358; x_wconf 73' lang='lat' dir='ltr'><strong>PARS</strong></span> <span class='ocrx_word' id='word_1_89' title='bbox 2075 298 2126 357; x_wconf 88' lang='grc' dir='ltr'>Ι.</span> <span class='ocrx_word' id='word_1_90' title='bbox 2166 297 2421 358; x_wconf 78' lang='lat' dir='ltr'><strong>SERMO</strong></span> <span class='ocrx_word' id='word_1_91' title='bbox 2460 299 2626 360; x_wconf 83' lang='grc' dir='ltr'><strong>ΧΙΠ.</strong></span> 
     </span>
    </p>
   </div>
   <div class='ocr_carea' id='block_1_17' title="bbox 325 415 1896 489">
    <p class='ocr_par' dir='ltr' id='par_1_17' title="bbox 325 415 1896 489">
     <span class='ocr_line' id='line_1_17' title="bbox 325 415 1896 489; baseline 0.004 -23"><span class='ocrx_word' id='word_1_92' title='bbox 325 417 474 478; x_wconf 66' lang='grc' dir='ltr'>Ὁδὸς</span> <span class='ocrx_word' id='word_1_93' title='bbox 508 415 855 486; x_wconf 80' lang='grc' dir='ltr'>δικαιοσύνης</span> <span class='ocrx_word' id='word_1_94' title='bbox 888 415 984 472; x_wconf 72' lang='grc' dir='ltr'><strong>καὶ</strong></span> <span class='ocrx_word' id='word_1_95' title='bbox 1021 418 1394 489; x_wconf 78' lang='grc' dir='ltr'>ὲλεημοσύνης</span> <span class='ocrx_word' id='word_1_96' title='bbox 1423 420 1642 488; x_wconf 85' lang='grc' dir='ltr'>εὑρήσει</span> <span class='ocrx_word' id='word_1_97' title='bbox 1677 417 1824 486; x_wconf 71' lang='grc' dir='ltr'>ζωὴν</span> <span class='ocrx_word' id='word_1_98' title='bbox 1855 418 1896 473; x_wconf 80' lang='grc' dir='ltr'><strong>Α</strong></span> 
     </span>
    </p>
   </div>
   <div class='ocr_carea' id='block_1_18' title="bbox 3398 295 3501 356">
    <p class='ocr_par' dir='ltr' id='par_1_18' title="bbox 3398 295 3501 356">
     <span class='ocr_line' id='line_1_18' title="bbox 3398 295 3501 356; baseline -0.029 0"><span class='ocrx_word' id='word_1_99' title='bbox 3398 295 3501 356; x_wconf 63' lang='grc' dir='ltr'>δθϐ</span> 
     </span>
    </p>
   </div>
   <div class='ocr_carea' id='block_1_19' title="bbox 2010 411 3502 486">
    <p class='ocr_par' dir='ltr' id='par_1_19' title="bbox 2010 411 3502 486">
     <span class='ocr_line' id='line_1_19' title="bbox 2010 411 3502 486; baseline -0.002 -15"><span class='ocrx_word' id='word_1_100' title='bbox 2010 418 2352 486; x_wconf 71' lang='lat' dir='ltr'><strong>Viajustitia:</strong></span> <span class='ocrx_word' id='word_1_101' title='bbox 2375 427 2427 472; x_wconf 88' lang='lat' dir='ltr'><strong>et</strong></span> <span class='ocrx_word' id='word_1_102' title='bbox 2479 415 2882 480; x_wconf 61' lang='lat' dir='ltr'><strong>misericordias,</strong></span> <span class='ocrx_word' id='word_1_103' title='bbox 2943 412 3176 483; x_wconf 78' lang='lat' dir='ltr'><strong>reperiet</strong></span> <span class='ocrx_word' id='word_1_104' title='bbox 3230 411 3394 466; x_wconf 86' lang='lat' dir='ltr'><strong>vitam</strong></span> <span class='ocrx_word' id='word_1_105' title='bbox 3447 423 3502 468; x_wconf 89' lang='lat' dir='ltr'><strong>et</strong></span> 
     </span>
    </p>
   </div>
   <div class='ocr_carea' id='block_1_20' title="bbox 1932 512 2186 580">
    <p class='ocr_par' dir='ltr' id='par_1_20' title="bbox 1932 512 2186 580">
     <span class='ocr_line' id='line_1_20' title="bbox 1932 512 2186 580; baseline -0.004 -16"><span class='ocrx_word' id='word_1_106' title='bbox 1932 512 2186 580; x_wconf 71' lang='lat' dir='ltr'><strong>gloriam.</strong></span> 
     </span>
    </p>
   </div>
   <div class='ocr_carea' id='block_1_21' title="bbox 1999 594 3489 667">
    <p class='ocr_par' dir='ltr' id='par_1_21' title="bbox 1999 594 3489 667">
     <span class='ocr_line' id='line_1_21' title="bbox 1999 594 3489 667; baseline -0.003 -14"><span class='ocrx_word' id='word_1_107' title='bbox 1999 597 2103 664; x_wconf 85' lang='lat' dir='ltr'><strong>Qui</strong></span> <span class='ocrx_word' id='word_1_108' title='bbox 2148 597 2283 652; x_wconf 82' lang='lat' dir='ltr'><strong>fodit</strong></span> <span class='ocrx_word' id='word_1_109' title='bbox 2318 597 2527 652; x_wconf 84' lang='lat' dir='ltr'><strong>foveam</strong></span> <span class='ocrx_word' id='word_1_110' title='bbox 2559 598 2810 667; x_wconf 82' lang='lat' dir='ltr'><strong>proximo</strong></span> <span class='ocrx_word' id='word_1_111' title='bbox 2866 611 2983 660; x_wconf 88' lang='lat' dir='ltr'><strong>suo,</strong></span> <span class='ocrx_word' id='word_1_112' title='bbox 3034 595 3235 651; x_wconf 82' lang='lat' dir='ltr'><strong>incidet</strong></span> <span class='ocrx_word' id='word_1_113' title='bbox 3263 594 3316 648; x_wconf 91' lang='lat' dir='ltr'><strong>in</strong></span> <span class='ocrx_word' id='word_1_114' title='bbox 3346 609 3489 648; x_wconf 84' lang='lat' dir='ltr'><strong>eam.</strong></span> 
     </span>
    </p>
   </div>
   <div class='ocr_carea' id='block_1_22' title="bbox 1995 773 3501 845">
    <p class='ocr_par' dir='ltr' id='par_1_22' title="bbox 1995 773 3501 845">
     <span class='ocr_line' id='line_1_22' title="bbox 1995 773 3501 845; baseline -0.002 -14"><span class='ocrx_word' id='word_1_115' title='bbox 1995 777 2162 832; x_wconf 78' lang='lat' dir='ltr'><strong>Leuit.</strong></span> <span class='ocrx_word' id='word_1_116' title='bbox 2203 793 2314 831; x_wconf 69' lang='grc' dir='ltr'>χιιι.</span> <span class='ocrx_word' id='word_1_117' title='bbox 2355 775 2587 830; x_wconf 65' lang='lat' dir='ltr'><strong>Staterm</strong></span> <span class='ocrx_word' id='word_1_118' title='bbox 2629 776 2806 842; x_wconf 66' lang='lat' dir='ltr'><strong>justa‘,</strong></span> <span class='ocrx_word' id='word_1_119' title='bbox 2839 783 2894 829; x_wconf 91' lang='lat' dir='ltr'><strong>et</strong></span> <span class='ocrx_word' id='word_1_120' title='bbox 2926 775 3160 844; x_wconf 82' lang='lat' dir='ltr'><strong>pondera</strong></span> <span class='ocrx_word' id='word_1_121' title='bbox 3213 773 3385 845; x_wconf 85' lang='lat' dir='ltr'><strong>justa,</strong></span> <span class='ocrx_word' id='word_1_122' title='bbox 3445 783 3501 828; x_wconf 89' lang='lat' dir='ltr'><strong>et</strong></span> 
     </span>
    </p>
   </div>
   <div class='ocr_carea' id='block_1_23' title="bbox 1927 868 2688 938">
    <p class='ocr_par' dir='ltr' id='par_1_23' title="bbox 1927 868 2688 938">
     <span class='ocr_line' id='line_1_23' title="bbox 1927 868 2688 938; baseline -0.007 -11"><span class='ocrx_word' id='word_1_123' title='bbox 1927 873 2153 938; x_wconf 83' lang='lat' dir='ltr'><strong>congius</strong></span> <span class='ocrx_word' id='word_1_124' title='bbox 2179 871 2359 937; x_wconf 74' lang='lat' dir='ltr'><strong>justus</strong></span> <span class='ocrx_word' id='word_1_125' title='bbox 2378 870 2482 922; x_wconf 88' lang='lat' dir='ltr'><strong>erit</strong></span> <span class='ocrx_word' id='word_1_126' title='bbox 2511 868 2688 923; x_wconf 86' lang='lat' dir='ltr'><strong>vobis.</strong></span> 
     </span>
    </p>
   </div>
   <div class='ocr_carea' id='block_1_24' title="bbox 2002 959 3350 1028">
    <p class='ocr_par' dir='ltr' id='par_1_24' title="bbox 2002 959 3350 1028">
     <span class='ocr_line' id='line_1_24' title="bbox 2002 959 3350 1028; baseline 0.001 -13"><span class='ocrx_word' id='word_1_127' title='bbox 2002 963 2115 1018; x_wconf 78' lang='lat' dir='ltr'><strong>Isa.</strong></span> <span class='ocrx_word' id='word_1_128' title='bbox 2149 961 2348 1016; x_wconf 78' lang='lat' dir='ltr'><strong>Discite</strong></span> <span class='ocrx_word' id='word_1_129' title='bbox 2375 961 2642 1028; x_wconf 80' lang='lat' dir='ltr'><strong>justitiam</strong></span> <span class='ocrx_word' id='word_1_130' title='bbox 2687 960 2774 1028; x_wconf 85' lang='lat' dir='ltr'><strong>qui</strong></span> <span class='ocrx_word' id='word_1_131' title='bbox 2811 959 3065 1013; x_wconf 74' lang='lat' dir='ltr'><strong>habitatis</strong></span> <span class='ocrx_word' id='word_1_132' title='bbox 3092 961 3143 1014; x_wconf 91' lang='lat' dir='ltr'><strong>in</strong></span> <span class='ocrx_word' id='word_1_133' title='bbox 3179 970 3350 1016; x_wconf 81' lang='lat' dir='ltr'><strong>terra.</strong></span> 
     </span>
    </p>
   </div>
   <div class='ocr_carea' id='block_1_25' title="bbox 2000 1051 3494 1118">
    <p class='ocr_par' dir='ltr' id='par_1_25' title="bbox 2000 1051 3494 1118">
     <span class='ocr_line' id='line_1_25' title="bbox 2000 1051 3494 1118; baseline -0.001 -12"><span class='ocrx_word' id='word_1_134' title='bbox 2000 1054 2117 1106; x_wconf 69' lang='lat' dir='ltr'><strong>Divi</strong></span> <span class='ocrx_word' id='word_1_135' title='bbox 2151 1051 2356 1105; x_wconf 63' lang='lat' dir='ltr'><strong>Basilii,</strong></span> <span class='ocrx_word' id='word_1_136' title='bbox 2386 1052 2486 1116; x_wconf 81' lang='lat' dir='ltr'><strong>Qui</strong></span> <span class='ocrx_word' id='word_1_137' title='bbox 2546 1067 2732 1103; x_wconf 87' lang='lat' dir='ltr'><strong>veram</strong></span> <span class='ocrx_word' id='word_1_138' title='bbox 2786 1051 3049 1118; x_wconf 76' lang='lat' dir='ltr'><strong>justitiam</strong></span> <span class='ocrx_word' id='word_1_139' title='bbox 3078 1066 3187 1104; x_wconf 90' lang='lat' dir='ltr'><strong>non</strong></span> <span class='ocrx_word' id='word_1_140' title='bbox 3264 1051 3416 1118; x_wconf 88' lang='lat' dir='ltr'><strong>prius</strong></span> <span class='ocrx_word' id='word_1_141' title='bbox 3443 1052 3494 1104; x_wconf 90' lang='lat' dir='ltr'><strong>in</strong></span> 
     </span>
    </p>
   </div>
   <div class='ocr_carea' id='block_1_26' title="bbox 1925 1144 3498 1212">
    <p class='ocr_par' dir='ltr' id='par_1_26' title="bbox 1925 1144 3498 1212">
     <span class='ocr_line' id='line_1_26' title="bbox 1925 1144 3498 1212; baseline 0 -16"><span class='ocrx_word' id='word_1_142' title='bbox 1925 1146 2106 1200; x_wconf 87' lang='lat' dir='ltr'><strong>animo</strong></span> <span class='ocrx_word' id='word_1_143' title='bbox 2139 1147 2430 1212; x_wconf 78' lang='lat' dir='ltr'><strong>repositam</strong></span> <span class='ocrx_word' id='word_1_144' title='bbox 2469 1144 2647 1206; x_wconf 83' lang='lat' dir='ltr'><strong>habet,</strong></span> <span class='ocrx_word' id='word_1_145' title='bbox 2675 1148 2770 1198; x_wconf 90' lang='lat' dir='ltr'><strong>sed</strong></span> <span class='ocrx_word' id='word_1_146' title='bbox 2803 1153 2895 1195; x_wconf 85' lang='lat' dir='ltr'><strong>aut</strong></span> <span class='ocrx_word' id='word_1_147' title='bbox 2914 1145 3160 1210; x_wconf 84' lang='lat' dir='ltr'><strong>pecuniis</strong></span> <span class='ocrx_word' id='word_1_148' title='bbox 3183 1144 3288 1210; x_wconf 81' lang='lat'><strong>22</strong></span> <span class='ocrx_word' id='word_1_149' title='bbox 3310 1158 3498 1196; x_wconf 77' lang='lat' dir='ltr'><strong>corru-</strong></span> 
     </span>
    </p>
   </div>
   <div class='ocr_carea' id='block_1_27' title="bbox 1925 1233 3496 1308">
    <p class='ocr_par' dir='ltr' id='par_1_27' title="bbox 1925 1233 3496 1308">
     <span class='ocr_line' id='line_1_27' title="bbox 1925 1233 3496 1308; baseline -0.001 -18"><span class='ocrx_word' id='word_1_150' title='bbox 1925 1250 2048 1308; x_wconf 91' lang='lat' dir='ltr'><strong>ptus</strong></span> <span class='ocrx_word' id='word_1_151' title='bbox 2082 1248 2185 1300; x_wconf 85' lang='lat' dir='ltr'><strong>est,</strong></span> <span class='ocrx_word' id='word_1_152' title='bbox 2223 1245 2316 1291; x_wconf 87' lang='lat' dir='ltr'><strong>aut</strong></span> <span class='ocrx_word' id='word_1_153' title='bbox 2343 1235 2601 1289; x_wconf 63' lang='lat' dir='ltr'><strong>amicitiae</strong></span> <span class='ocrx_word' id='word_1_154' title='bbox 2636 1233 2992 1304; x_wconf 72' lang='lat' dir='ltr'><strong>gratiﬁcatur,</strong></span> <span class='ocrx_word' id='word_1_155' title='bbox 3034 1243 3126 1286; x_wconf 89' lang='lat' dir='ltr'><strong>aut</strong></span> <span class='ocrx_word' id='word_1_156' title='bbox 3155 1235 3496 1288; x_wconf 89' lang='lat' dir='ltr'><strong>inimicitiam</strong></span> 
     </span>
    </p>
   </div>
   <div class='ocr_carea' id='block_1_28' title="bbox 1924 1325 3499 1396">
    <p class='ocr_par' dir='ltr' id='par_1_28' title="bbox 1924 1325 3499 1396">
     <span class='ocr_line' id='line_1_28' title="bbox 1924 1325 3499 1396; baseline -0.004 -12"><span class='ocrx_word' id='word_1_157' title='bbox 1924 1331 2225 1390; x_wconf 85' lang='lat' dir='ltr'><strong>ulciscitur,</strong></span> <span class='ocrx_word' id='word_1_158' title='bbox 2247 1339 2339 1383; x_wconf 88' lang='lat' dir='ltr'><strong>aut</strong></span> <span class='ocrx_word' id='word_1_159' title='bbox 2357 1328 2595 1396; x_wconf 80' lang='lat' dir='ltr'><strong>potentia</strong></span> <span class='ocrx_word' id='word_1_160' title='bbox 2613 1336 3005 1392; x_wconf 87' lang='lat' dir='ltr'><strong>commovetur,</strong></span> <span class='ocrx_word' id='word_1_161' title='bbox 3027 1333 3232 1379; x_wconf 84' lang='lat' dir='ltr'><strong>rectum</strong></span> <span class='ocrx_word' id='word_1_162' title='bbox 3259 1325 3499 1394; x_wconf 81' lang='lat' dir='ltr'><strong>proferre</strong></span> 
     </span>
    </p>
   </div>
   <div class='ocr_carea' id='block_1_29' title="bbox 1920 1419 2425 1492">
    <p class='ocr_par' dir='ltr' id='par_1_29' title="bbox 1920 1419 2425 1492">
     <span class='ocr_line' id='line_1_29' title="bbox 1920 1419 2425 1492; baseline -0.01 -15"><span class='ocrx_word' id='word_1_163' title='bbox 1920 1421 2186 1492; x_wconf 79' lang='lat' dir='ltr'><strong>judicium</strong></span> <span class='ocrx_word' id='word_1_164' title='bbox 2216 1419 2425 1488; x_wconf 80' lang='lat' dir='ltr'><strong>nequit.</strong></span> 
     </span>
    </p>
   </div>
   <div class='ocr_carea' id='block_1_30' title="bbox 1994 1515 3493 1584">
    <p class='ocr_par' dir='ltr' id='par_1_30' title="bbox 1994 1515 3493 1584">
     <span class='ocr_line' id='line_1_30' title="bbox 1994 1515 3493 1584; baseline -0.005 -12"><span class='ocrx_word' id='word_1_165' title='bbox 1994 1516 2212 1572; x_wconf 68' lang='lat' dir='ltr'><strong>Iustitia</strong></span> <span class='ocrx_word' id='word_1_166' title='bbox 2256 1527 2339 1571; x_wconf 91' lang='lat' dir='ltr'><strong>cst</strong></span> <span class='ocrx_word' id='word_1_167' title='bbox 2372 1517 2614 1579; x_wconf 78' lang='lat' dir='ltr'><strong>habitus,</strong></span> <span class='ocrx_word' id='word_1_168' title='bbox 2645 1515 2940 1574; x_wconf 82' lang='lat' dir='ltr'><strong>secundum</strong></span> <span class='ocrx_word' id='word_1_169' title='bbox 2973 1515 3291 1584; x_wconf 80' lang='lat' dir='ltr'><strong>dignitatem</strong></span> <span class='ocrx_word' id='word_1_170' title='bbox 3341 1527 3493 1568; x_wconf 88' lang='lat' dir='ltr'><strong>suam</strong></span> 
     </span>
    </p>
   </div>
   <div class='ocr_carea' id='block_1_31' title="bbox 1925 1603 3494 1678">
    <p class='ocr_par' dir='ltr' id='par_1_31' title="bbox 1925 1603 3494 1678">
     <span class='ocr_line' id='line_1_31' title="bbox 1925 1603 3494 1678; baseline -0.007 -18"><span class='ocrx_word' id='word_1_171' title='bbox 1925 1610 2127 1678; x_wconf 85' lang='lat' dir='ltr'><strong>cuique</strong></span> <span class='ocrx_word' id='word_1_172' title='bbox 2155 1609 2422 1662; x_wconf 77' lang='lat' dir='ltr'><strong>tribuens.</strong></span> <span class='ocrx_word' id='word_1_173' title='bbox 2459 1604 2573 1660; x_wconf 81' lang='lat' dir='ltr'><strong>Hoc</strong></span> <span class='ocrx_word' id='word_1_174' title='bbox 2603 1614 2784 1658; x_wconf 86' lang='lat' dir='ltr'><strong>autem</strong></span> <span class='ocrx_word' id='word_1_175' title='bbox 2823 1604 3084 1671; x_wconf 84' lang='lat' dir='ltr'><strong>consequi</strong></span> <span class='ocrx_word' id='word_1_176' title='bbox 3123 1603 3355 1656; x_wconf 87' lang='lat' dir='ltr'><strong>arduum</strong></span> <span class='ocrx_word' id='word_1_177' title='bbox 3388 1611 3494 1659; x_wconf 81' lang='lat' dir='ltr'><strong>est.</strong></span> 
     </span>
    </p>
   </div>
   <div class='ocr_carea' id='block_1_32' title="bbox 1927 1693 3498 1768">
    <p class='ocr_par' dir='ltr' id='par_1_32' title="bbox 1927 1693 3498 1768">
     <span class='ocr_line' id='line_1_32' title="bbox 1927 1693 3498 1768; baseline -0.009 -12"><span class='ocrx_word' id='word_1_178' title='bbox 1927 1717 2048 1756; x_wconf 90' lang='lat' dir='ltr'><strong>cum</strong></span> <span class='ocrx_word' id='word_1_179' title='bbox 2083 1702 2171 1754; x_wconf 84' lang='lat' dir='ltr'><strong>alii</strong></span> <span class='ocrx_word' id='word_1_180' title='bbox 2207 1699 2507 1768; x_wconf 72' lang='lat' dir='ltr'><strong>prudentia:</strong></span> <span class='ocrx_word' id='word_1_181' title='bbox 2561 1697 2874 1768; x_wconf 78' lang='lat' dir='ltr'><strong>ingeniique</strong></span> <span class='ocrx_word' id='word_1_182' title='bbox 2911 1695 3130 1748; x_wconf 76' lang='lat' dir='ltr'><strong>defectu</strong></span> <span class='ocrx_word' id='word_1_183' title='bbox 3161 1693 3498 1761; x_wconf 69' lang='lat' dir='ltr'><strong>quidsingw—</strong></span> 
     </span>
    </p>
   </div>
   <div class='ocr_carea' id='block_1_33' title="bbox 247 1767 1858 1882">
    <p class='ocr_par' dir='ltr' id='par_1_33' title="bbox 247 1767 1858 1882">
     <span class='ocr_line' id='line_1_33' title="bbox 247 1767 1858 1882; baseline 0.007 -26"><span class='ocrx_word' id='word_1_184' title='bbox 247 1805 388 1869; x_wconf 73' lang='grc' dir='ltr'>ἶσον,</span> <span class='ocrx_word' id='word_1_185' title='bbox 421 1807 530 1860; x_wconf 88' lang='grc' dir='ltr'><strong>τῶν</strong></span> <span class='ocrx_word' id='word_1_186' title='bbox 563 1808 617 1861; x_wconf 77' lang='grc' dir='ltr'>δὲ</span> <span class='ocrx_word' id='word_1_187' title='bbox 648 1767 824 1862; x_wconf 59' lang='grc' dir='ltr'>διάΛτὸ</span> <span class='ocrx_word' id='word_1_188' title='bbox 877 1767 1312 1882; x_wconf 52' lang='grc' dir='ltr'>προκατέχεσθαι</span> <span class='ocrx_word' id='word_1_189' title='bbox 1367 1767 1474 1868; x_wconf 59' lang='grc' dir='ltr'><strong>δῖτδ</strong></span> <span class='ocrx_word' id='word_1_190' title='bbox 1852 1768 1858 1822; x_wconf 60' lang='lat'><strong>1</strong></span> 
     </span>
    </p>
   </div>
   <div class='ocr_carea' id='block_1_34' title="bbox 1966 1767 3493 1882">
    <p class='ocr_par' dir='ltr' id='par_1_34' title="bbox 1967 1786 3493 1860">
     <span class='ocr_line' id='line_1_34' title="bbox 1967 1786 3493 1860; baseline -0.009 -13"><span class='ocrx_word' id='word_1_191' title='bbox 1967 1811 1992 1847; x_wconf 89' lang='lat' dir='ltr'><strong>s</strong></span> <span class='ocrx_word' id='word_1_192' title='bbox 2029 1793 2236 1860; x_wconf 73' lang='lat' dir='ltr'><strong>aequale</strong></span> <span class='ocrx_word' id='word_1_193' title='bbox 2265 1802 2318 1846; x_wconf 90' lang='lat' dir='ltr'><strong>et</strong></span> <span class='ocrx_word' id='word_1_194' title='bbox 2345 1805 2648 1858; x_wconf 74' lang='lat' dir='ltr'><strong>congruum</strong></span> <span class='ocrx_word' id='word_1_195' title='bbox 2687 1787 3020 1841; x_wconf 73' lang='lat' dir='ltr'><strong>distrihnmn</strong></span> <span class='ocrx_word' id='word_1_196' title='bbox 3083 1786 3328 1838; x_wconf 87' lang='lat' dir='ltr'><strong>invenire</strong></span> <span class='ocrx_word' id='word_1_197' title='bbox 3385 1799 3493 1836; x_wconf 84' lang='lat' dir='ltr'><strong>non</strong></span> 
     </span>
    </p>
   </div>
   <div class='ocr_carea' id='block_1_35' title="bbox 248 1897 1289 1969">
    <p class='ocr_par' dir='ltr' id='par_1_35' title="bbox 248 1897 1289 1969">
     <span class='ocr_line' id='line_1_35' title="bbox 248 1897 1289 1969; baseline 0.011 -21"><span class='ocrx_word' id='word_1_198' title='bbox 248 1897 546 1967; x_wconf 79' lang='grc' dir='ltr'>θρωπίνων</span> <span class='ocrx_word' id='word_1_199' title='bbox 573 1902 942 1969; x_wconf 76' lang='grc' dir='ltr'>ἀφανιζόντων</span> <span class='ocrx_word' id='word_1_200' title='bbox 973 1905 1033 1958; x_wconf 81' lang='grc' dir='ltr'><strong>τὸ</strong></span> <span class='ocrx_word' id='word_1_201' title='bbox 1060 1906 1289 1960; x_wconf 85' lang='grc' dir='ltr'>δίκαιον.</span> 
     </span>
    </p>
   </div>
   <div class='ocr_carea' id='block_1_36' title="bbox 321 2165 1820 2247">
    <p class='ocr_par' dir='ltr' id='par_1_36' title="bbox 321 2165 1820 2247">
     <span class='ocr_line' id='line_1_36' title="bbox 321 2165 1820 2247; baseline 0.007 -28"><span class='ocrx_word' id='word_1_202' title='bbox 321 2165 464 2220; x_wconf 73' lang='grc' dir='ltr'>Οὔτε</span> <span class='ocrx_word' id='word_1_203' title='bbox 500 2169 706 2234; x_wconf 82' lang='grc' dir='ltr'><strong>πάντας</strong></span> <span class='ocrx_word' id='word_1_204' title='bbox 743 2171 978 2226; x_wconf 74' lang='grc' dir='ltr'>ἐνταῦθα</span> <span class='ocrx_word' id='word_1_205' title='bbox 1005 2174 1227 2228; x_wconf 84' lang='grc' dir='ltr'>ἀπαιτεῖ</span> <span class='ocrx_word' id='word_1_206' title='bbox 1265 2175 1422 2247; x_wconf 85' lang='grc' dir='ltr'>δίκην</span> <span class='ocrx_word' id='word_1_207' title='bbox 1459 2178 1488 2229; x_wconf 82' lang='grc' dir='ltr'><strong>ὁ</strong></span> <span class='ocrx_word' id='word_1_208' title='bbox 1539 2177 1690 2240; x_wconf 80' lang='grc' dir='ltr'>Θεὸς,</span> <span class='ocrx_word' id='word_1_209' title='bbox 1730 2179 1820 2230; x_wconf 79' lang='grc' dir='ltr'><strong>ἵνα</strong></span> 
     </span>
    </p>
   </div>
   <div class='ocr_carea' id='block_1_37' title="bbox 252 2259 1821 2340">
    <p class='ocr_par' dir='ltr' id='par_1_37' title="bbox 252 2259 1821 2340">
     <span class='ocr_line' id='line_1_37' title="bbox 252 2259 1821 2340; baseline 0.007 -30"><span class='ocrx_word' id='word_1_210' title='bbox 252 2259 330 2328; x_wconf 83' lang='grc' dir='ltr'>μὴ</span> <span class='ocrx_word' id='word_1_211' title='bbox 385 2261 640 2331; x_wconf 77' lang='grc' dir='ltr'>ἀπογνῷς</span> <span class='ocrx_word' id='word_1_212' title='bbox 677 2263 776 2331; x_wconf 83' lang='grc' dir='ltr'><strong>τὴν</strong></span> <span class='ocrx_word' id='word_1_213' title='bbox 827 2263 1148 2330; x_wconf 81' lang='grc' dir='ltr'>ἀνάστασιν,</span> <span class='ocrx_word' id='word_1_214' title='bbox 1212 2269 1307 2320; x_wconf 68' lang='grc' dir='ltr'>καὶ</span> <span class='ocrx_word' id='word_1_215' title='bbox 1355 2267 1665 2340; x_wconf 79' lang='grc' dir='ltr'>ἀπελπίσῃς</span> <span class='ocrx_word' id='word_1_216' title='bbox 1721 2270 1821 2339; x_wconf 86' lang='grc' dir='ltr'><strong>τὴν</strong></span> 
     </span>
    </p>
   </div>
   <div class='ocr_carea' id='block_1_38' title="bbox 249 2350 1820 2426">
    <p class='ocr_par' dir='ltr' id='par_1_38' title="bbox 249 2350 1820 2426">
     <span class='ocr_line' id='line_1_38' title="bbox 249 2350 1820 2426; baseline 0.008 -26"><span class='ocrx_word' id='word_1_217' title='bbox 249 2352 456 2417; x_wconf 89' lang='grc' dir='ltr'>κρίσιν,</span> <span class='ocrx_word' id='word_1_218' title='bbox 487 2350 562 2414; x_wconf 84' lang='grc' dir='ltr'>ὡς</span> <span class='ocrx_word' id='word_1_219' title='bbox 596 2353 813 2407; x_wconf 83' lang='grc' dir='ltr'>πάντων</span> <span class='ocrx_word' id='word_1_220' title='bbox 867 2357 1101 2410; x_wconf 77' lang='grc' dir='ltr'>ἐνταῦθα</span> <span class='ocrx_word' id='word_1_221' title='bbox 1151 2358 1402 2412; x_wconf 84' lang='grc' dir='ltr'>διδόντων</span> <span class='ocrx_word' id='word_1_222' title='bbox 1449 2358 1647 2426; x_wconf 77' lang='grc' dir='ltr'>λόγον·</span> <span class='ocrx_word' id='word_1_223' title='bbox 1697 2359 1820 2413; x_wconf 75' lang='grc' dir='ltr'>οὔτε</span> 
     </span>
    </p>
   </div>
   <div class='ocr_carea' id='block_1_39' title="bbox 253 2440 1821 2519">
    <p class='ocr_par' dir='ltr' id='par_1_39' title="bbox 253 2440 1821 2519">
     <span class='ocr_line' id='line_1_39' title="bbox 253 2440 1821 2519; baseline 0.009 -30"><span class='ocrx_word' id='word_1_224' title='bbox 253 2440 435 2493; x_wconf 80' lang='grc' dir='ltr'>πάντα</span> <span class='ocrx_word' id='word_1_225' title='bbox 465 2441 690 2511; x_wconf 81' lang='grc' dir='ltr'>ἀφίησιν</span> <span class='ocrx_word' id='word_1_226' title='bbox 731 2444 1042 2515; x_wconf 76' lang='grc' dir='ltr'>ἀτιμωρητὶ</span> <span class='ocrx_word' id='word_1_227' title='bbox 1082 2448 1359 2514; x_wconf 83' lang='grc' dir='ltr'>ἀπελθεῖν,</span> <span class='ocrx_word' id='word_1_228' title='bbox 1399 2450 1486 2504; x_wconf 84' lang='grc' dir='ltr'><strong>ἵνα</strong></span> <span class='ocrx_word' id='word_1_229' title='bbox 1535 2450 1610 2519; x_wconf 82' lang='grc' dir='ltr'>μὴ</span> <span class='ocrx_word' id='word_1_230' title='bbox 1655 2449 1821 2504; x_wconf 81' lang='grc' dir='ltr'>πάλιν</span> 
     </span>
    </p>
   </div>
   <div class='ocr_carea' id='block_1_40' title="bbox 251 2533 1323 2614">
    <p class='ocr_par' dir='ltr' id='par_1_40' title="bbox 251 2533 1323 2614">
     <span class='ocr_line' id='line_1_40' title="bbox 251 2533 1323 2614; baseline 0.011 -30"><span class='ocrx_word' id='word_1_231' title='bbox 251 2533 565 2603; x_wconf 71' lang='grc' dir='ltr'>ἀπρονόητα</span> <span class='ocrx_word' id='word_1_232' title='bbox 595 2533 734 2588; x_wconf 77' lang='grc' dir='ltr'>εἶναι</span> <span class='ocrx_word' id='word_1_233' title='bbox 773 2537 838 2589; x_wconf 76' lang='grc' dir='ltr'>τὰ</span> <span class='ocrx_word' id='word_1_234' title='bbox 869 2538 1044 2592; x_wconf 86' lang='grc' dir='ltr'>πάντα</span> <span class='ocrx_word' id='word_1_235' title='bbox 1070 2541 1323 2614; x_wconf 75' lang='grc' dir='ltr'>νομίσῃς.</span> 
     </span>
    </p>
   </div>
   <div class='ocr_carea' id='block_1_41' title="bbox 327 2709 1822 2787">
    <p class='ocr_par' dir='ltr' id='par_1_41' title="bbox 327 2709 1822 2787">
     <span class='ocr_line' id='line_1_41' title="bbox 327 2709 1822 2787; baseline 0.008 -28"><span class='ocrx_word' id='word_1_236' title='bbox 327 2709 654 2779; x_wconf 84' lang='grc' dir='ltr'>Δικαιοσύνη</span> <span class='ocrx_word' id='word_1_237' title='bbox 695 2711 912 2780; x_wconf 73' lang='grc' dir='ltr'>λέγεται</span> <span class='ocrx_word' id='word_1_238' title='bbox 945 2715 980 2780; x_wconf 72' lang='grc' dir='ltr'><strong>ἡ</strong></span> <span class='ocrx_word' id='word_1_239' title='bbox 1025 2713 1211 2769; x_wconf 73' lang='grc' dir='ltr'>ἅπασα</span> <span class='ocrx_word' id='word_1_240' title='bbox 1251 2714 1349 2785; x_wconf 83' lang='grc' dir='ltr'>τῆς</span> <span class='ocrx_word' id='word_1_241' title='bbox 1383 2715 1566 2787; x_wconf 85' lang='grc' dir='ltr'>ψυχῆς</span> <span class='ocrx_word' id='word_1_242' title='bbox 1604 2718 1822 2784; x_wconf 83' lang='grc' dir='ltr'>φιλοσο-</span> 
     </span>
    </p>
   </div>
   <div class='ocr_carea' id='block_1_42' title="bbox 257 2803 380 2868">
    <p class='ocr_par' dir='ltr' id='par_1_42' title="bbox 257 2803 380 2868">
     <span class='ocr_line' id='line_1_42' title="bbox 257 2803 380 2868; baseline 0 -14"><span class='ocrx_word' id='word_1_243' title='bbox 257 2803 380 2868; x_wconf 77' lang='grc' dir='ltr'>φία.</span> 
     </span>
    </p>
   </div>
   <div class='ocr_carea' id='block_1_43' title="bbox 331 2899 1828 2973">
    <p class='ocr_par' dir='ltr' id='par_1_43' title="bbox 331 2899 1828 2973">
     <span class='ocr_line' id='line_1_43' title="bbox 331 2899 1828 2973; baseline 0.003 -21"><span class='ocrx_word' id='word_1_244' title='bbox 331 2899 656 2968; x_wconf 79' lang='grc' dir='ltr'>Δικαιοσύνη</span> <span class='ocrx_word' id='word_1_245' title='bbox 704 2900 852 2953; x_wconf 72' lang='grc' dir='ltr'>ἐστὶν</span> <span class='ocrx_word' id='word_1_246' title='bbox 886 2901 920 2970; x_wconf 82' lang='grc' dir='ltr'><strong>ἠ</strong></span> <span class='ocrx_word' id='word_1_247' title='bbox 963 2899 1152 2954; x_wconf 82' lang='grc' dir='ltr'>πασῶν</span> <span class='ocrx_word' id='word_1_248' title='bbox 1198 2901 1306 2954; x_wconf 88' lang='grc' dir='ltr'><strong>τῶν</strong></span> <span class='ocrx_word' id='word_1_249' title='bbox 1335 2901 1569 2956; x_wconf 74' lang='grc' dir='ltr'>ἐντολῶν</span> <span class='ocrx_word' id='word_1_250' title='bbox 1599 2901 1828 2973; x_wconf 72' lang='grc' dir='ltr'>πλήρω-</span> 
     </span>
    </p>
   </div>
   <div class='ocr_carea' id='block_1_44' title="bbox 261 3009 366 3052">
    <p class='ocr_par' dir='ltr' id='par_1_44' title="bbox 261 3009 366 3052">
     <span class='ocr_line' id='line_1_44' title="bbox 261 3009 366 3052; baseline 0.01 -10"><span class='ocrx_word' id='word_1_251' title='bbox 261 3009 366 3052; x_wconf 90' lang='grc' dir='ltr'>σις.</span> 
     </span>
    </p>
   </div>
   <div class='ocr_carea' id='block_1_45' title="bbox 329 3079 1900 3175">
    <p class='ocr_par' dir='ltr' id='par_1_45' title="bbox 329 3079 1900 3175">
     <span class='ocr_line' id='line_1_45' title="bbox 329 3079 1900 3175; baseline 0.003 -43"><span class='ocrx_word' id='word_1_252' title='bbox 329 3081 402 3133; x_wconf 80' lang='grc' dir='ltr'>Ού</span> <span class='ocrx_word' id='word_1_253' title='bbox 430 3079 654 3132; x_wconf 83' lang='grc' dir='ltr'>δύναται</span> <span class='ocrx_word' id='word_1_254' title='bbox 687 3081 720 3146; x_wconf 81' lang='grc' dir='ltr'>ἠ</span> <span class='ocrx_word' id='word_1_255' title='bbox 748 3079 1062 3148; x_wconf 80' lang='grc' dir='ltr'>ἀνθρωπίνη</span> <span class='ocrx_word' id='word_1_256' title='bbox 1099 3080 1260 3148; x_wconf 83' lang='grc' dir='ltr'>φύσις</span> <span class='ocrx_word' id='word_1_257' title='bbox 1300 3081 1432 3134; x_wconf 77' lang='grc' dir='ltr'>αὐτὸ</span> <span class='ocrx_word' id='word_1_258' title='bbox 1477 3083 1737 3153; x_wconf 81' lang='grc' dir='ltr'>καθαρῶς</span> <span class='ocrx_word' id='word_1_259' title='bbox 1766 3083 1828 3136; x_wconf 72' lang='grc' dir='ltr'>τὸ</span> <span class='ocrx_word' id='word_1_260' title='bbox 1855 3115 1900 3175; x_wconf 74' lang='lat' dir='ltr'><strong><em>C</em></strong></span> 
     </span>
    </p>
   </div>
   <div class='ocr_carea' id='block_1_46' title="bbox 258 3171 1826 3247">
    <p class='ocr_par' dir='ltr' id='par_1_46' title="bbox 258 3171 1826 3247">
     <span class='ocr_line' id='line_1_46' title="bbox 258 3171 1826 3247; baseline 0.005 -25"><span class='ocrx_word' id='word_1_261' title='bbox 258 3172 468 3224; x_wconf 76' lang='grc' dir='ltr'>δίκαιον</span> <span class='ocrx_word' id='word_1_262' title='bbox 492 3174 550 3224; x_wconf 85' lang='grc' dir='ltr'>ὲν</span> <span class='ocrx_word' id='word_1_263' title='bbox 575 3172 719 3242; x_wconf 77' lang='grc' dir='ltr'>ψυχῇ</span> <span class='ocrx_word' id='word_1_264' title='bbox 751 3171 1070 3238; x_wconf 86' lang='grc' dir='ltr'>θεάσασθαι,</span> <span class='ocrx_word' id='word_1_265' title='bbox 1099 3173 1169 3227; x_wconf 80' lang='grc' dir='ltr'><strong>τά</strong></span> <span class='ocrx_word' id='word_1_266' title='bbox 1209 3174 1379 3228; x_wconf 81' lang='grc' dir='ltr'>πολλὰ</span> <span class='ocrx_word' id='word_1_267' title='bbox 1409 3175 1517 3229; x_wconf 88' lang='grc' dir='ltr'><strong>τῶν</strong></span> <span class='ocrx_word' id='word_1_268' title='bbox 1543 3175 1826 3247; x_wconf 80' lang='grc' dir='ltr'>λογισμῶν</span> 
     </span>
    </p>
   </div>
   <div class='ocr_carea' id='block_1_47' title="bbox 258 3262 709 3332">
    <p class='ocr_par' dir='ltr' id='par_1_47' title="bbox 258 3262 709 3332">
     <span class='ocr_line' id='line_1_47' title="bbox 258 3262 709 3332; baseline 0.002 -16"><span class='ocrx_word' id='word_1_269' title='bbox 258 3267 291 3316; x_wconf 91' lang='grc' dir='ltr'><strong>ἀ</strong></span> <span class='ocrx_word' id='word_1_270' title='bbox 302 3262 685 3332; x_wconf 76' lang='grc' dir='ltr'>μδλυὼττουσα</span> <span class='ocrx_word' id='word_1_271' title='bbox 695 3303 709 3317; x_wconf 94' lang='grc'><strong>.</strong></span> 
     </span>
    </p>
   </div>
   <div class='ocr_carea' id='block_1_48' title="bbox 345 3357 1824 3429">
    <p class='ocr_par' dir='ltr' id='par_1_48' title="bbox 345 3357 1824 3429">
     <span class='ocr_line' id='line_1_48' title="bbox 345 3357 1824 3429; baseline 0.005 -20"><span class='ocrx_word' id='word_1_272' title='bbox 345 3357 434 3418; x_wconf 84' lang='grc' dir='ltr'>Ὠς</span> <span class='ocrx_word' id='word_1_273' title='bbox 457 3359 652 3423; x_wconf 73' lang='grc' dir='ltr'>ἔοικεν,</span> <span class='ocrx_word' id='word_1_274' title='bbox 677 3359 708 3426; x_wconf 86' lang='grc' dir='ltr'>ἠ</span> <span class='ocrx_word' id='word_1_275' title='bbox 740 3358 1056 3428; x_wconf 85' lang='grc' dir='ltr'>δικαιοσύνη</span> <span class='ocrx_word' id='word_1_276' title='bbox 1081 3360 1426 3429; x_wconf 79' lang='grc' dir='ltr'>τετράγωνός</span> <span class='ocrx_word' id='word_1_277' title='bbox 1445 3363 1584 3426; x_wconf 84' lang='grc' dir='ltr'>ὲστι,</span> <span class='ocrx_word' id='word_1_278' title='bbox 1620 3362 1824 3416; x_wconf 72' lang='grc' dir='ltr'>πάντου</span> 
     </span>
    </p>
   </div>
   <div class='ocr_carea' id='block_1_49' title="bbox 261 3449 808 3520">
    <p class='ocr_par' dir='ltr' id='par_1_49' title="bbox 261 3449 808 3520">
     <span class='ocr_line' id='line_1_49' title="bbox 261 3449 808 3520; baseline 0.005 -19"><span class='ocrx_word' id='word_1_279' title='bbox 261 3450 356 3502; x_wconf 79' lang='grc' dir='ltr'><strong>θεν</strong></span> <span class='ocrx_word' id='word_1_280' title='bbox 381 3450 471 3520; x_wconf 83' lang='grc' dir='ltr'><strong>ίση</strong></span> <span class='ocrx_word' id='word_1_281' title='bbox 500 3449 595 3502; x_wconf 76' lang='grc' dir='ltr'><strong>καὶ</strong></span> <span class='ocrx_word' id='word_1_282' title='bbox 623 3451 808 3518; x_wconf 80' lang='grc' dir='ltr'>ὁμοία.</span> 
     </span>
    </p>
   </div>
   <div class='ocr_carea' id='block_1_50' title="bbox 345 3539 1830 3616">
    <p class='ocr_par' dir='ltr' id='par_1_50' title="bbox 345 3539 1830 3616">
     <span class='ocr_line' id='line_1_50' title="bbox 345 3539 1830 3616; baseline 0.003 -22"><span class='ocrx_word' id='word_1_283' title='bbox 345 3540 410 3594; x_wconf 83' lang='grc' dir='ltr'><strong>Ἦ</strong></span> <span class='ocrx_word' id='word_1_284' title='bbox 457 3539 552 3593; x_wconf 82' lang='grc' dir='ltr'>τοῦ</span> <span class='ocrx_word' id='word_1_285' title='bbox 598 3541 732 3595; x_wconf 74' lang='grc' dir='ltr'>Θεοῦ</span> <span class='ocrx_word' id='word_1_286' title='bbox 775 3543 1141 3614; x_wconf 86' lang='grc' dir='ltr'>δικαιοκρισία</span> <span class='ocrx_word' id='word_1_287' title='bbox 1202 3545 1318 3608; x_wconf 78' lang='grc' dir='ltr'>ταῖς</span> <span class='ocrx_word' id='word_1_288' title='bbox 1368 3546 1668 3616; x_wconf 76' lang='grc' dir='ltr'>ἡμετέραις</span> <span class='ocrx_word' id='word_1_289' title='bbox 1717 3546 1830 3598; x_wconf 91' lang='grc' dir='ltr'>δια-</span> 
     </span>
    </p>
   </div>
   <div class='ocr_carea' id='block_1_51' title="bbox 264 3628 1829 3706">
    <p class='ocr_par' dir='ltr' id='par_1_51' title="bbox 264 3628 1829 3706">
     <span class='ocr_line' id='line_1_51' title="bbox 264 3628 1829 3706; baseline 0.002 -20"><span class='ocrx_word' id='word_1_290' title='bbox 264 3636 482 3687; x_wconf 73' lang='grc' dir='ltr'>θέσεσιν</span> <span class='ocrx_word' id='word_1_291' title='bbox 510 3633 876 3701; x_wconf 78' lang='grc' dir='ltr'>ἐξομοιοῦται,</span> <span class='ocrx_word' id='word_1_292' title='bbox 901 3637 995 3688; x_wconf 75' lang='grc' dir='ltr'>καὶ</span> <span class='ocrx_word' id='word_1_293' title='bbox 1019 3628 1216 3704; x_wconf 79' lang='grc' dir='ltr'>οἷάπερ</span> <span class='ocrx_word' id='word_1_294' title='bbox 1248 3634 1313 3688; x_wconf 80' lang='grc' dir='ltr'><strong>ἂν</strong></span> <span class='ocrx_word' id='word_1_295' title='bbox 1345 3636 1414 3689; x_wconf 79' lang='grc' dir='ltr'>τὰ</span> <span class='ocrx_word' id='word_1_296' title='bbox 1439 3634 1570 3704; x_wconf 85' lang='grc' dir='ltr'>παρ’</span> <span class='ocrx_word' id='word_1_297' title='bbox 1598 3631 1829 3706; x_wconf 78' lang='grc' dir='ltr'>ἡμῶνῇ,</span> 
     </span>
    </p>
   </div>
   <div class='ocr_carea' id='block_1_52' title="bbox 263 3724 1592 3797">
    <p class='ocr_par' dir='ltr' id='par_1_52' title="bbox 263 3724 1592 3797">
     <span class='ocr_line' id='line_1_52' title="bbox 263 3724 1592 3797; baseline 0.002 -20"><span class='ocrx_word' id='word_1_298' title='bbox 263 3724 491 3779; x_wconf 81' lang='grc' dir='ltr'>τοιαῦτα</span> <span class='ocrx_word' id='word_1_299' title='bbox 526 3726 656 3796; x_wconf 80' lang='grc' dir='ltr'>ἡμῖν</span> <span class='ocrx_word' id='word_1_300' title='bbox 683 3725 748 3778; x_wconf 81' lang='grc' dir='ltr'>ὲκ</span> <span class='ocrx_word' id='word_1_301' title='bbox 782 3725 886 3779; x_wconf 87' lang='grc' dir='ltr'><strong>τῶν</strong></span> <span class='ocrx_word' id='word_1_302' title='bbox 917 3727 1122 3797; x_wconf 84' lang='grc' dir='ltr'>ὁμοίων</span> <span class='ocrx_word' id='word_1_303' title='bbox 1147 3725 1592 3796; x_wconf 84' lang='grc' dir='ltr'>ἀντιπαρέχεται.</span> 
     </span>
    </p>
   </div>
   <div class='ocr_carea' id='block_1_53' title="bbox 337 3903 1836 3977">
    <p class='ocr_par' dir='ltr' id='par_1_53' title="bbox 337 3903 1836 3977">
     <span class='ocr_line' id='line_1_53' title="bbox 337 3903 1836 3977; baseline -0.001 -18"><span class='ocrx_word' id='word_1_304' title='bbox 337 3905 412 3959; x_wconf 88' lang='grc' dir='ltr'>Ού</span> <span class='ocrx_word' id='word_1_305' title='bbox 449 3905 678 3974; x_wconf 73' lang='grc' dir='ltr'>λέγομεν</span> <span class='ocrx_word' id='word_1_306' title='bbox 710 3905 925 3974; x_wconf 84' lang='grc' dir='ltr'>φονέας,</span> <span class='ocrx_word' id='word_1_307' title='bbox 958 3906 991 3977; x_wconf 80' lang='grc' dir='ltr'>ἢ</span> <span class='ocrx_word' id='word_1_308' title='bbox 1017 3905 1266 3976; x_wconf 75' lang='grc' dir='ltr'>αἱμάτων</span> <span class='ocrx_word' id='word_1_309' title='bbox 1295 3904 1516 3976; x_wconf 80' lang='grc' dir='ltr'>ἄνδρας,</span> <span class='ocrx_word' id='word_1_310' title='bbox 1541 3906 1666 3967; x_wconf 81' lang='grc' dir='ltr'>τοὺς</span> <span class='ocrx_word' id='word_1_311' title='bbox 1694 3903 1836 3961; x_wconf 85' lang='grc' dir='ltr'><strong>κατά</strong></span> 
     </span>
    </p>
   </div>
   <div class='ocr_carea' id='block_1_54' title="bbox 266 3995 1836 4068">
    <p class='ocr_par' dir='ltr' id='par_1_54' title="bbox 266 3995 1836 4068">
     <span class='ocr_line' id='line_1_54' title="bbox 266 3995 1836 4068; baseline 0.001 -20"><span class='ocrx_word' id='word_1_312' title='bbox 266 3997 446 4060; x_wconf 86' lang='grc' dir='ltr'>θείους</span> <span class='ocrx_word' id='word_1_313' title='bbox 495 3998 696 4068; x_wconf 87' lang='grc' dir='ltr'>νόμους</span> <span class='ocrx_word' id='word_1_314' title='bbox 737 3998 1162 4064; x_wconf 81' lang='grc' dir='ltr'>ἀποκτείνοντας</span> <span class='ocrx_word' id='word_1_315' title='bbox 1199 3999 1326 4062; x_wconf 82' lang='grc' dir='ltr'>τοὺς</span> <span class='ocrx_word' id='word_1_316' title='bbox 1361 3997 1548 4064; x_wconf 81' lang='grc' dir='ltr'>ἀξίους</span> <span class='ocrx_word' id='word_1_317' title='bbox 1591 3995 1687 4051; x_wconf 78' lang='grc' dir='ltr'>τοῦ</span> <span class='ocrx_word' id='word_1_318' title='bbox 1730 4015 1836 4068; x_wconf 57' lang='grc' dir='ltr'>παέ</span> 
     </span>
    </p>
   </div>
   <div class='ocr_carea' id='block_1_55' title="bbox 266 4089 1321 4161">
    <p class='ocr_par' dir='ltr' id='par_1_55' title="bbox 266 4089 1321 4161">
     <span class='ocr_line' id='line_1_55' title="bbox 266 4089 1321 4161; baseline 0 -18"><span class='ocrx_word' id='word_1_319' title='bbox 266 4091 402 4156; x_wconf 82' lang='grc' dir='ltr'>θεῖν,</span> <span class='ocrx_word' id='word_1_320' title='bbox 437 4091 513 4152; x_wconf 84' lang='grc' dir='ltr'>ὡς</span> <span class='ocrx_word' id='word_1_321' title='bbox 551 4089 672 4145; x_wconf 76' lang='grc' dir='ltr'>οὐδὲ</span> <span class='ocrx_word' id='word_1_322' title='bbox 705 4089 960 4161; x_wconf 77' lang='grc' dir='ltr'>Σαμουὴλ</span> <span class='ocrx_word' id='word_1_323' title='bbox 987 4091 1082 4144; x_wconf 76' lang='grc' dir='ltr'>καὶ</span> <span class='ocrx_word' id='word_1_324' title='bbox 1109 4090 1321 4144; x_wconf 82' lang='grc' dir='ltr'>Ἠλίαν.</span> 
     </span>
    </p>
   </div>
   <div class='ocr_carea' id='block_1_56' title="bbox 399 4267 1554 4339">
    <p class='ocr_par' dir='ltr' id='par_1_56' title="bbox 399 4267 1554 4339">
     <span class='ocr_line' id='line_1_56' title="bbox 399 4267 1554 4339; baseline 0 -17"><span class='ocrx_word' id='word_1_325' title='bbox 399 4268 680 4322; x_wconf 76' lang='grc' dir='ltr'>Ἀδικείτω</span> <span class='ocrx_word' id='word_1_326' title='bbox 717 4286 785 4339; x_wconf 87' lang='grc' dir='ltr'><strong>με</strong></span> <span class='ocrx_word' id='word_1_327' title='bbox 817 4267 1091 4335; x_wconf 81' lang='grc' dir='ltr'>πλούσιος,</span> <span class='ocrx_word' id='word_1_328' title='bbox 1123 4270 1219 4322; x_wconf 72' lang='grc' dir='ltr'>καὶ</span> <span class='ocrx_word' id='word_1_329' title='bbox 1260 4270 1334 4339; x_wconf 84' lang='grc' dir='ltr'>μὴ</span> <span class='ocrx_word' id='word_1_330' title='bbox 1369 4269 1554 4339; x_wconf 71' lang='grc' dir='ltr'>πένης.</span> 
     </span>
    </p>
   </div>
   <div class='ocr_carea' id='block_1_57' title="bbox 390 4445 1600 4518">
    <p class='ocr_par' dir='ltr' id='par_1_57' title="bbox 390 4445 1600 4518">
     <span class='ocr_line' id='line_1_57' title="bbox 390 4445 1600 4518; baseline 0.002 -17"><span class='ocrx_word' id='word_1_331' title='bbox 390 4445 551 4517; x_wconf 78' lang='grc' dir='ltr'>Ῥᾷον</span> <span class='ocrx_word' id='word_1_332' title='bbox 588 4448 778 4518; x_wconf 81' lang='grc' dir='ltr'>φέρειν</span> <span class='ocrx_word' id='word_1_333' title='bbox 805 4449 914 4516; x_wconf 85' lang='grc' dir='ltr'><strong>γὰρ</strong></span> <span class='ocrx_word' id='word_1_334' title='bbox 941 4448 1260 4518; x_wconf 81' lang='grc' dir='ltr'>κρειττόνων</span> <span class='ocrx_word' id='word_1_335' title='bbox 1289 4447 1600 4518; x_wconf 77' lang='grc' dir='ltr'>τυραννίδα.</span> 
     </span>
    </p>
   </div>
   <div class='ocr_carea' id='block_1_58' title="bbox 355 4622 1841 4701">
    <p class='ocr_par' dir='ltr' id='par_1_58' title="bbox 355 4622 1841 4701">
     <span class='ocr_line' id='line_1_58' title="bbox 355 4622 1841 4701; baseline -0.001 -15"><span class='ocrx_word' id='word_1_336' title='bbox 355 4629 781 4701; x_wconf 77' lang='grc' dir='ltr'>Ἀγωνιζόμενος</span> <span class='ocrx_word' id='word_1_337' title='bbox 813 4629 952 4701; x_wconf 83' lang='grc' dir='ltr'>ὑπὲρ</span> <span class='ocrx_word' id='word_1_338' title='bbox 977 4622 1040 4684; x_wconf 76' lang='grc' dir='ltr'>οὗ</span> <span class='ocrx_word' id='word_1_339' title='bbox 1073 4630 1272 4694; x_wconf 76' lang='grc' dir='ltr'>ἀδίκως</span> <span class='ocrx_word' id='word_1_340' title='bbox 1305 4628 1549 4701; x_wconf 77' lang='grc' dir='ltr'>ἔπραξας</span> <span class='ocrx_word' id='word_1_341' title='bbox 1577 4675 1589 4697; x_wconf 92' lang='grc'><strong>,</strong></span> <span class='ocrx_word' id='word_1_342' title='bbox 1617 4631 1699 4696; x_wconf 75' lang='grc' dir='ltr'><strong>δὶς</strong></span> <span class='ocrx_word' id='word_1_343' title='bbox 1729 4631 1841 4685; x_wconf 84' lang='grc' dir='ltr'>ἀδι-</span> 
     </span>
    </p>
   </div>
   <div class='ocr_carea' id='block_1_59' title="bbox 274 4727 494 4796">
    <p class='ocr_par' dir='ltr' id='par_1_59' title="bbox 274 4727 494 4796">
     <span class='ocr_line' id='line_1_59' title="bbox 274 4727 494 4796; baseline 0.018 -18"><span class='ocrx_word' id='word_1_344' title='bbox 274 4727 494 4796; x_wconf 81' lang='grc' dir='ltr'>κήσεις.</span> 
     </span>
    </p>
   </div>
   <div class='ocr_carea' id='block_1_60' title="bbox 390 4815 1506 4890">
    <p class='ocr_par' dir='ltr' id='par_1_60' title="bbox 390 4815 1506 4890">
     <span class='ocr_line' id='line_1_60' title="bbox 390 4815 1506 4890; baseline -0.005 -16"><span class='ocrx_word' id='word_1_345' title='bbox 390 4820 562 4890; x_wconf 79' lang='grc' dir='ltr'>’Δνὴρ</span> <span class='ocrx_word' id='word_1_346' title='bbox 589 4818 797 4882; x_wconf 88' lang='grc' dir='ltr'>δίκαιός</span> <span class='ocrx_word' id='word_1_347' title='bbox 821 4821 968 4872; x_wconf 71' lang='grc' dir='ltr'>ἐστιν</span> <span class='ocrx_word' id='word_1_348' title='bbox 997 4818 1095 4886; x_wconf 76' lang='grc' dir='ltr'><strong>οὐχ</strong></span> <span class='ocrx_word' id='word_1_349' title='bbox 1120 4817 1149 4869; x_wconf 82' lang='grc' dir='ltr'><strong>ὁ</strong></span> <span class='ocrx_word' id='word_1_350' title='bbox 1186 4815 1258 4885; x_wconf 80' lang='grc' dir='ltr'>μὴ</span> <span class='ocrx_word' id='word_1_351' title='bbox 1285 4815 1506 4878; x_wconf 85' lang='grc' dir='ltr'>ἀδικῶν,</span> 
     </span>
    </p>
   </div>
   <div class='ocr_carea' id='block_1_61' title="bbox 391 4904 1682 4976">
    <p class='ocr_par' dir='ltr' id='par_1_61' title="bbox 391 4904 1682 4976">
     <span class='ocr_line' id='line_1_61' title="bbox 391 4904 1682 4976; baseline -0.002 -13"><span class='ocrx_word' id='word_1_352' title='bbox 391 4908 535 4963; x_wconf 83' lang='grc' dir='ltr'><strong>Ἀλλ’</strong></span> <span class='ocrx_word' id='word_1_353' title='bbox 562 4911 711 4973; x_wconf 83' lang='grc' dir='ltr'>ὅστις</span> <span class='ocrx_word' id='word_1_354' title='bbox 739 4909 942 4962; x_wconf 79' lang='grc' dir='ltr'>ἀδικεῖν</span> <span class='ocrx_word' id='word_1_355' title='bbox 967 4907 1285 4976; x_wconf 83' lang='grc' dir='ltr'>δυνάμενος,</span> <span class='ocrx_word' id='word_1_356' title='bbox 1319 4908 1380 4958; x_wconf 84' lang='grc' dir='ltr'>οὐ</span> <span class='ocrx_word' id='word_1_357' title='bbox 1417 4904 1682 4974; x_wconf 73' lang='grc' dir='ltr'>βούλεται.</span> 
     </span>
    </p>
   </div>
   <div class='ocr_carea' id='block_1_62' title="bbox 346 4997 1845 5071">
    <p class='ocr_par' dir='ltr' id='par_1_62' title="bbox 346 4997 1845 5071">
     <span class='ocr_line' id='line_1_62' title="bbox 346 4997 1845 5071; baseline -0.003 -15"><span class='ocrx_word' id='word_1_358' title='bbox 346 5002 413 5056; x_wconf 76' lang='lat' dir='ltr'><strong>El</strong></span> <span class='ocrx_word' id='word_1_359' title='bbox 450 5001 632 5071; x_wconf 82' lang='grc' dir='ltr'>βούλει</span> <span class='ocrx_word' id='word_1_360' title='bbox 663 5002 761 5064; x_wconf 74' lang='grc' dir='ltr'>τὰς</span> <span class='ocrx_word' id='word_1_361' title='bbox 809 4999 1020 5071; x_wconf 81' lang='grc' dir='ltr'>κρίσεις</span> <span class='ocrx_word' id='word_1_362' title='bbox 1048 4997 1264 5059; x_wconf 85' lang='grc' dir='ltr'>δικαίας</span> <span class='ocrx_word' id='word_1_363' title='bbox 1297 4997 1593 5060; x_wconf 85' lang='grc' dir='ltr'>ποιεῖσθαι,</span> <span class='ocrx_word' id='word_1_364' title='bbox 1638 4997 1845 5068; x_wconf 84' lang='grc' dir='ltr'>μηδένα</span> 
     </span>
    </p>
   </div>
   <div class='ocr_carea' id='block_1_63' title="bbox 273 5089 1843 5163">
    <p class='ocr_par' dir='ltr' id='par_1_63' title="bbox 273 5089 1843 5163">
     <span class='ocr_line' id='line_1_63' title="bbox 273 5089 1843 5163; baseline -0.003 -16"><span class='ocrx_word' id='word_1_365' title='bbox 273 5094 384 5147; x_wconf 85' lang='grc' dir='ltr'><strong>τῶν</strong></span> <span class='ocrx_word' id='word_1_366' title='bbox 416 5092 791 5163; x_wconf 80' lang='grc' dir='ltr'>δικαζομένων</span> <span class='ocrx_word' id='word_1_367' title='bbox 841 5092 937 5144; x_wconf 80' lang='grc' dir='ltr'><strong>καὶ</strong></span> <span class='ocrx_word' id='word_1_368' title='bbox 969 5089 1455 5158; x_wconf 84' lang='grc' dir='ltr'>δικαιολογούντων</span> <span class='ocrx_word' id='word_1_369' title='bbox 1489 5089 1843 5158; x_wconf 81' lang='grc' dir='ltr'>ἐπιγίνωσκε,</span> 
     </span>
    </p>
   </div>
   <div class='ocr_carea' id='block_1_64' title="bbox 272 5179 932 5251">
    <p class='ocr_par' dir='ltr' id='par_1_64' title="bbox 272 5179 932 5251">
     <span class='ocr_line' id='line_1_64' title="bbox 272 5179 932 5251; baseline -0.002 -18"><span class='ocrx_word' id='word_1_370' title='bbox 272 5181 388 5233; x_wconf 82' lang='grc' dir='ltr'>ἀλλ’</span> <span class='ocrx_word' id='word_1_371' title='bbox 426 5179 598 5249; x_wconf 79' lang='grc' dir='ltr'>αὐτὴν</span> <span class='ocrx_word' id='word_1_372' title='bbox 619 5179 718 5249; x_wconf 71' lang='grc' dir='ltr'><strong>τὴν</strong></span> <span class='ocrx_word' id='word_1_373' title='bbox 754 5179 932 5251; x_wconf 83' lang='grc' dir='ltr'>δίκην.</span> 
     </span>
    </p>
   </div>
   <div class='ocr_carea' id='block_1_65' title="bbox 361 5270 1845 5344">
    <p class='ocr_par' dir='ltr' id='par_1_65' title="bbox 361 5270 1845 5344">
     <span class='ocr_line' id='line_1_65' title="bbox 361 5270 1845 5344; baseline -0.001 -18"><span class='ocrx_word' id='word_1_374' title='bbox 361 5272 637 5344; x_wconf 80' lang='grc' dir='ltr'><strong>Ἀσφαλὴς</strong></span> <span class='ocrx_word' id='word_1_375' title='bbox 670 5274 793 5342; x_wconf 75' lang='grc' dir='ltr'>ζπᾶς</span> <span class='ocrx_word' id='word_1_376' title='bbox 841 5274 1002 5335; x_wconf 82' lang='grc' dir='ltr'>τόπος</span> <span class='ocrx_word' id='word_1_377' title='bbox 1049 5271 1126 5341; x_wconf 84' lang='grc' dir='ltr'>τῷ</span> <span class='ocrx_word' id='word_1_378' title='bbox 1171 5270 1336 5335; x_wconf 81' lang='grc' dir='ltr'>ζῶντι</span> <span class='ocrx_word' id='word_1_379' title='bbox 1385 5271 1521 5340; x_wconf 87' lang='grc' dir='ltr'><strong>μετά</strong></span> <span class='ocrx_word' id='word_1_380' title='bbox 1570 5271 1845 5326; x_wconf 81' lang='grc' dir='ltr'>δικαιοσύ-</span> 
     </span>
    </p>
   </div>
   <div class='ocr_carea' id='block_1_66' title="bbox 276 5385 394 5432">
    <p class='ocr_par' dir='ltr' id='par_1_66' title="bbox 276 5385 394 5432">
     <span class='ocr_line' id='line_1_66' title="bbox 276 5385 394 5432; baseline 0.008 -14"><span class='ocrx_word' id='word_1_381' title='bbox 276 5385 394 5432; x_wconf 85' lang='grc' dir='ltr'>νης.</span> 
     </span>
    </p>
   </div>
   <div class='ocr_carea' id='block_1_67' title="bbox 351 5458 1637 5529">
    <p class='ocr_par' dir='ltr' id='par_1_67' title="bbox 351 5458 1637 5529">
     <span class='ocr_line' id='line_1_67' title="bbox 351 5458 1637 5529; baseline -0.003 -16"><span class='ocrx_word' id='word_1_382' title='bbox 351 5459 606 5528; x_wconf 81' lang='grc' dir='ltr'>Χρηστοῦ</span> <span class='ocrx_word' id='word_1_383' title='bbox 636 5459 770 5529; x_wconf 78' lang='grc' dir='ltr'>πρὸς</span> <span class='ocrx_word' id='word_1_384' title='bbox 799 5458 987 5526; x_wconf 72' lang='grc' dir='ltr'>ἀνδρὸς</span> <span class='ocrx_word' id='word_1_385' title='bbox 1022 5458 1186 5528; x_wconf 78' lang='grc' dir='ltr'>μηδὲν</span> <span class='ocrx_word' id='word_1_386' title='bbox 1209 5459 1420 5511; x_wconf 85' lang='grc' dir='ltr'>ὑπονόει</span> <span class='ocrx_word' id='word_1_387' title='bbox 1449 5459 1637 5510; x_wconf 83' lang='grc' dir='ltr'>κακόν.</span> 
     </span>
    </p>
   </div>
   <div class='ocr_carea' id='block_1_68' title="bbox 386 5549 1668 5621">
    <p class='ocr_par' dir='ltr' id='par_1_68' title="bbox 386 5549 1668 5621">
     <span class='ocr_line' id='line_1_68' title="bbox 386 5549 1668 5621; baseline -0.002 -18"><span class='ocrx_word' id='word_1_388' title='bbox 386 5551 608 5613; x_wconf 86' lang='grc' dir='ltr'>Δίκαιος</span> <span class='ocrx_word' id='word_1_389' title='bbox 640 5552 749 5621; x_wconf 84' lang='grc' dir='ltr'><strong>γάρ</strong></span> <span class='ocrx_word' id='word_1_390' title='bbox 766 5549 971 5603; x_wconf 86' lang='grc' dir='ltr'>ἀδικεῖν</span> <span class='ocrx_word' id='word_1_391' title='bbox 1003 5551 1101 5602; x_wconf 79' lang='grc' dir='ltr'>οὐκ</span> <span class='ocrx_word' id='word_1_392' title='bbox 1129 5551 1418 5602; x_wconf 76' lang='grc' dir='ltr'>ἐπίσταται</span> <span class='ocrx_word' id='word_1_393' title='bbox 1449 5550 1668 5619; x_wconf 80' lang='grc' dir='ltr'>τρόπος.</span> 
     </span>
    </p>
   </div>
   <div class='ocr_carea' id='block_1_69' title="bbox 347 5638 1846 5712">
    <p class='ocr_par' dir='ltr' id='par_1_69' title="bbox 347 5638 1846 5712">
     <span class='ocr_line' id='line_1_69' title="bbox 347 5638 1846 5712; baseline -0.001 -18"><span class='ocrx_word' id='word_1_394' title='bbox 347 5642 543 5694; x_wconf 81' lang='grc' dir='ltr'>Δίκαια</span> <span class='ocrx_word' id='word_1_395' title='bbox 587 5642 685 5711; x_wconf 81' lang='grc' dir='ltr'>μὲν</span> <span class='ocrx_word' id='word_1_396' title='bbox 730 5642 839 5712; x_wconf 85' lang='grc' dir='ltr'><strong>γὰρ</strong></span> <span class='ocrx_word' id='word_1_397' title='bbox 868 5642 1113 5708; x_wconf 82' lang='grc' dir='ltr'>λέγοντες</span> <span class='ocrx_word' id='word_1_398' title='bbox 1149 5641 1352 5700; x_wconf 74' lang='grc' dir='ltr'>πολλοὶ.</span> <span class='ocrx_word' id='word_1_399' title='bbox 1381 5641 1540 5693; x_wconf 78' lang='grc' dir='ltr'>ἄδικα</span> <span class='ocrx_word' id='word_1_400' title='bbox 1591 5638 1846 5694; x_wconf 76' lang='grc' dir='ltr'>ποιοῦσιο</span> 
     </span>
    </p>
   </div>
   <div class='ocr_carea' id='block_1_70' title="bbox 277 5725 1630 5802">
    <p class='ocr_par' dir='ltr' id='par_1_70' title="bbox 277 5725 1630 5802">
     <span class='ocr_line' id='line_1_70' title="bbox 277 5725 1630 5802; baseline -0.004 -15"><span class='ocrx_word' id='word_1_401' title='bbox 277 5733 464 5787; x_wconf 84' lang='grc' dir='ltr'>δίκαια</span> <span class='ocrx_word' id='word_1_402' title='bbox 490 5732 546 5784; x_wconf 87' lang='grc' dir='ltr'>δὲ</span> <span class='ocrx_word' id='word_1_403' title='bbox 575 5731 929 5802; x_wconf 87' lang='grc' dir='ltr'>πραττόντων</span> <span class='ocrx_word' id='word_1_404' title='bbox 962 5731 1068 5784; x_wconf 81' lang='grc' dir='ltr'>οὐδ’</span> <span class='ocrx_word' id='word_1_405' title='bbox 1095 5730 1163 5785; x_wconf 80' lang='grc' dir='ltr'><strong>ἂν</strong></span> <span class='ocrx_word' id='word_1_406' title='bbox 1199 5725 1279 5793; x_wconf 74' lang='grc' dir='ltr'><strong>εἷς</strong></span> <span class='ocrx_word' id='word_1_407' title='bbox 1310 5731 1494 5794; x_wconf 78' lang='grc' dir='ltr'>ἄδικος</span> <span class='ocrx_word' id='word_1_408' title='bbox 1524 5731 1630 5801; x_wconf 72' lang='grc' dir='ltr'>εἴη.</span> 
     </span>
    </p>
   </div>
   <div class='ocr_carea' id='block_1_71' title="bbox 1927 1874 3496 1956">
    <p class='ocr_par' dir='ltr' id='par_1_71' title="bbox 1927 1874 3496 1956">
     <span class='ocr_line' id='line_1_71' title="bbox 1927 1874 3496 1956; baseline -0.009 -15"><span class='ocrx_word' id='word_1_409' title='bbox 1927 1887 2156 1956; x_wconf 85' lang='lat' dir='ltr'><strong>possint,</strong></span> <span class='ocrx_word' id='word_1_410' title='bbox 2196 1884 2286 1938; x_wconf 86' lang='lat' dir='ltr'><strong>alii</strong></span> <span class='ocrx_word' id='word_1_411' title='bbox 2314 1898 2464 1944; x_wconf 88' lang='lat' dir='ltr'><strong>vero,</strong></span> <span class='ocrx_word' id='word_1_412' title='bbox 2485 1880 2746 1950; x_wconf 88' lang='lat' dir='ltr'><strong>quoniam</strong></span> <span class='ocrx_word' id='word_1_413' title='bbox 2777 1877 3327 1933; x_wconf 74' lang='lat' dir='ltr'><strong>aﬂectibuslmmanis</strong></span> <span class='ocrx_word' id='word_1_414' title='bbox 3346 1874 3496 1942; x_wconf 72' lang='lat' dir='ltr'><strong>prius</strong></span> 
     </span>
    </p>
   </div>
   <div class='ocr_carea' id='block_1_72' title="bbox 1925 1961 3492 2045">
    <p class='ocr_par' dir='ltr' id='par_1_72' title="bbox 1925 1961 3492 2045">
     <span class='ocr_line' id='line_1_72' title="bbox 1925 1961 3492 2045; baseline -0.01 -15"><span class='ocrx_word' id='word_1_415' title='bbox 1925 1983 2248 2045; x_wconf 85' lang='lat' dir='ltr'><strong>occupatum</strong></span> <span class='ocrx_word' id='word_1_416' title='bbox 2320 1971 2522 2025; x_wconf 83' lang='lat' dir='ltr'><strong>habent</strong></span> <span class='ocrx_word' id='word_1_417' title='bbox 2595 1968 2864 2032; x_wconf 88' lang='lat' dir='ltr'><strong>animum,</strong></span> <span class='ocrx_word' id='word_1_418' title='bbox 2951 1963 3220 2033; x_wconf 82' lang='lat' dir='ltr'><strong>justitiam</strong></span> <span class='ocrx_word' id='word_1_419' title='bbox 3275 1961 3492 2016; x_wconf 76' lang='lat' dir='ltr'><strong>oblitte—</strong></span> 
     </span>
    </p>
   </div>
   <div class='ocr_carea' id='block_1_73' title="bbox 1928 2076 2064 2120">
    <p class='ocr_par' dir='ltr' id='par_1_73' title="bbox 1928 2076 2064 2120">
     <span class='ocr_line' id='line_1_73' title="bbox 1928 2076 2064 2120; baseline -0.015 0"><span class='ocrx_word' id='word_1_420' title='bbox 1928 2076 2064 2120; x_wconf 69' lang='grc'><strong>1³8111.</strong></span> 
     </span>
    </p>
   </div>
   <div class='ocr_carea' id='block_1_74' title="bbox 1997 2143 3498 2224">
    <p class='ocr_par' dir='ltr' id='par_1_74' title="bbox 1997 2143 3498 2224">
     <span class='ocr_line' id='line_1_74' title="bbox 1997 2143 3498 2224; baseline -0.007 -16"><span class='ocrx_word' id='word_1_421' title='bbox 1997 2153 2273 2224; x_wconf 75' lang='lat' dir='ltr'><strong>Chrysost.</strong></span> <span class='ocrx_word' id='word_1_422' title='bbox 2301 2152 2443 2207; x_wconf 87' lang='lat' dir='ltr'><strong>Deus</strong></span> <span class='ocrx_word' id='word_1_423' title='bbox 2477 2149 2532 2204; x_wconf 92' lang='lat' dir='ltr'><strong>in</strong></span> <span class='ocrx_word' id='word_1_424' title='bbox 2561 2149 2662 2203; x_wconf 88' lang='lat' dir='ltr'><strong>hoc</strong></span> <span class='ocrx_word' id='word_1_425' title='bbox 2699 2145 2903 2201; x_wconf 90' lang='lat' dir='ltr'><strong>mundo</strong></span> <span class='ocrx_word' id='word_1_426' title='bbox 2937 2157 3114 2212; x_wconf 88' lang='lat' dir='ltr'><strong>neque</strong></span> <span class='ocrx_word' id='word_1_427' title='bbox 3145 2144 3212 2197; x_wconf 86' lang='lat' dir='ltr'><strong>ab</strong></span> <span class='ocrx_word' id='word_1_428' title='bbox 3245 2143 3498 2198; x_wconf 83' lang='lat' dir='ltr'><strong>omnibus</strong></span> 
     </span>
    </p>
   </div>
   <div class='ocr_carea' id='block_1_75' title="bbox 1927 2234 3499 2315">
    <p class='ocr_par' dir='ltr' id='par_1_75' title="bbox 1927 2234 3499 2315">
     <span class='ocr_line' id='line_1_75' title="bbox 1927 2234 3499 2315; baseline -0.008 -15"><span class='ocrx_word' id='word_1_429' title='bbox 1927 2261 2140 2315; x_wconf 67' lang='lat' dir='ltr'><strong>paenam</strong></span> <span class='ocrx_word' id='word_1_430' title='bbox 2176 2243 2366 2309; x_wconf 80' lang='lat' dir='ltr'><strong>sumit,</strong></span> <span class='ocrx_word' id='word_1_431' title='bbox 2393 2255 2460 2295; x_wconf 93' lang='lat' dir='ltr'><strong>ne</strong></span> <span class='ocrx_word' id='word_1_432' title='bbox 2478 2242 2729 2309; x_wconf 86' lang='lat' dir='ltr'><strong>desperes</strong></span> <span class='ocrx_word' id='word_1_433' title='bbox 2759 2237 3236 2297; x_wconf 87' lang='lat' dir='ltr'><strong>resurrectionem,</strong></span> <span class='ocrx_word' id='word_1_434' title='bbox 3273 2243 3326 2288; x_wconf 89' lang='lat' dir='ltr'><strong>et</strong></span> <span class='ocrx_word' id='word_1_435' title='bbox 3377 2234 3499 2289; x_wconf 87' lang='lat' dir='ltr'><strong>ani-</strong></span> 
     </span>
    </p>
   </div>
   <div class='ocr_carea' id='block_1_76' title="bbox 1929 2327 3499 2399">
    <p class='ocr_par' dir='ltr' id='par_1_76' title="bbox 1929 2327 3499 2399">
     <span class='ocr_line' id='line_1_76' title="bbox 1929 2327 3499 2399; baseline -0.008 -10"><span class='ocrx_word' id='word_1_436' title='bbox 1929 2350 2077 2389; x_wconf 91' lang='lat' dir='ltr'><strong>mum</strong></span> <span class='ocrx_word' id='word_1_437' title='bbox 2116 2333 2182 2388; x_wconf 91' lang='lat' dir='ltr'><strong>de</strong></span> <span class='ocrx_word' id='word_1_438' title='bbox 2213 2332 2417 2392; x_wconf 79' lang='lat' dir='ltr'><strong>futuro,</strong></span> <span class='ocrx_word' id='word_1_439' title='bbox 2453 2331 2662 2399; x_wconf 87' lang='lat' dir='ltr'><strong>judicio</strong></span> <span class='ocrx_word' id='word_1_440' title='bbox 2685 2327 3048 2397; x_wconf 83' lang='lat' dir='ltr'><strong>despondeas.</strong></span> <span class='ocrx_word' id='word_1_441' title='bbox 3085 2337 3342 2394; x_wconf 80' lang='lat' dir='ltr'><strong>tanquam</strong></span> <span class='ocrx_word' id='word_1_442' title='bbox 3377 2340 3499 2378; x_wconf 89' lang='lat' dir='ltr'><strong>om-</strong></span> 
     </span>
    </p>
   </div>
   <div class='ocr_carea' id='block_1_77' title="bbox 1928 2417 3499 2491">
    <p class='ocr_par' dir='ltr' id='par_1_77' title="bbox 1928 2417 3499 2491">
     <span class='ocr_line' id='line_1_77' title="bbox 1928 2417 3499 2491; baseline -0.01 -10"><span class='ocrx_word' id='word_1_443' title='bbox 1928 2426 2091 2481; x_wconf 83' lang='lat' dir='ltr'><strong>nibus</strong></span> <span class='ocrx_word' id='word_1_444' title='bbox 2123 2425 2210 2477; x_wconf 85' lang='lat' dir='ltr'><strong>hic</strong></span> <span class='ocrx_word' id='word_1_445' title='bbox 2233 2424 2286 2476; x_wconf 92' lang='lat' dir='ltr'><strong>in</strong></span> <span class='ocrx_word' id='word_1_446' title='bbox 2316 2421 2607 2491; x_wconf 76' lang='lat' dir='ltr'><strong>przesentia</strong></span> <span class='ocrx_word' id='word_1_447' title='bbox 2643 2420 2911 2474; x_wconf 86' lang='lat' dir='ltr'><strong>rationem</strong></span> <span class='ocrx_word' id='word_1_448' title='bbox 2972 2417 3328 2471; x_wconf 85' lang='lat' dir='ltr'><strong>reddentibus</strong></span> <span class='ocrx_word' id='word_1_449' title='bbox 3363 2433 3376 2470; x_wconf 93' lang='lat'><strong>:</strong></span> <span class='ocrx_word' id='word_1_450' title='bbox 3405 2431 3499 2467; x_wconf 90' lang='lat' dir='ltr'><strong>ne-</strong></span> 
     </span>
    </p>
   </div>
   <div class='ocr_carea' id='block_1_78' title="bbox 1928 2509 3498 2589">
    <p class='ocr_par' dir='ltr' id='par_1_78' title="bbox 1928 2509 3498 2589">
     <span class='ocr_line' id='line_1_78' title="bbox 1928 2509 3498 2589; baseline -0.006 -18"><span class='ocrx_word' id='word_1_451' title='bbox 1928 2535 2031 2589; x_wconf 90' lang='lat' dir='ltr'><strong>que</strong></span> <span class='ocrx_word' id='word_1_452' title='bbox 2057 2531 2247 2571; x_wconf 91' lang='lat' dir='ltr'><strong>omnes</strong></span> <span class='ocrx_word' id='word_1_453' title='bbox 2278 2517 2494 2585; x_wconf 89' lang='lat' dir='ltr'><strong>impune</strong></span> <span class='ocrx_word' id='word_1_454' title='bbox 2529 2513 2658 2569; x_wconf 82' lang='lat' dir='ltr'><strong>sinit</strong></span> <span class='ocrx_word' id='word_1_455' title='bbox 2721 2514 2893 2576; x_wconf 91' lang='lat' dir='ltr'><strong>abire,</strong></span> <span class='ocrx_word' id='word_1_456' title='bbox 2948 2526 3014 2565; x_wconf 89' lang='lat' dir='ltr'><strong>ne</strong></span> <span class='ocrx_word' id='word_1_457' title='bbox 3067 2523 3259 2564; x_wconf 86' lang='lat' dir='ltr'><strong>rursus</strong></span> <span class='ocrx_word' id='word_1_458' title='bbox 3316 2509 3498 2562; x_wconf 83' lang='lat' dir='ltr'><strong>omnia</strong></span> 
     </span>
    </p>
   </div>
   <div class='ocr_carea' id='block_1_79' title="bbox 1929 2606 2946 2673">
    <p class='ocr_par' dir='ltr' id='par_1_79' title="bbox 1929 2606 2946 2673">
     <span class='ocr_line' id='line_1_79' title="bbox 1929 2606 2946 2673; baseline -0.011 -7"><span class='ocrx_word' id='word_1_459' title='bbox 1929 2613 2066 2666; x_wconf 89' lang='lat' dir='ltr'><strong>citra</strong></span> <span class='ocrx_word' id='word_1_460' title='bbox 2095 2607 2499 2664; x_wconf 83' lang='lat' dir='ltr'><strong>Providentiam</strong></span> <span class='ocrx_word' id='word_1_461' title='bbox 2523 2606 2741 2660; x_wconf 83' lang='lat' dir='ltr'><strong>evenire</strong></span> <span class='ocrx_word' id='word_1_462' title='bbox 2769 2615 2946 2673; x_wconf 90' lang='lat' dir='ltr'><strong>putes.</strong></span> 
     </span>
    </p>
   </div>
   <div class='ocr_carea' id='block_1_80' title="bbox 1997 2690 3498 2761">
    <p class='ocr_par' dir='ltr' id='par_1_80' title="bbox 1997 2690 3498 2761">
     <span class='ocr_line' id='line_1_80' title="bbox 1997 2690 3498 2761; baseline -0.009 -4"><span class='ocrx_word' id='word_1_463' title='bbox 1997 2700 2220 2757; x_wconf 77' lang='lat' dir='ltr'><strong>Justitia</strong></span> <span class='ocrx_word' id='word_1_464' title='bbox 2255 2699 2567 2754; x_wconf 91' lang='lat' dir='ltr'><strong>nominatur</strong></span> <span class='ocrx_word' id='word_1_465' title='bbox 2600 2697 2849 2751; x_wconf 86' lang='lat' dir='ltr'><strong>universa</strong></span> <span class='ocrx_word' id='word_1_466' title='bbox 2905 2694 3103 2750; x_wconf 64' lang='lat' dir='ltr'><strong>animm</strong></span> <span class='ocrx_word' id='word_1_467' title='bbox 3134 2690 3498 2761; x_wconf 86' lang='lat' dir='ltr'><strong>philosophia.</strong></span> 
     </span>
    </p>
   </div>
   <div class='ocr_carea' id='block_1_81' title="bbox 2001 2872 3502 2944">
    <p class='ocr_par' dir='ltr' id='par_1_81' title="bbox 2001 2872 3502 2944">
     <span class='ocr_line' id='line_1_81' title="bbox 2001 2872 3502 2944; baseline -0.007 -8"><span class='ocrx_word' id='word_1_468' title='bbox 2001 2881 2284 2936; x_wconf 69' lang='lat' dir='ltr'><strong>Methodii.</strong></span> <span class='ocrx_word' id='word_1_469' title='bbox 2315 2880 2534 2936; x_wconf 67' lang='lat' dir='ltr'><strong>Iustitia</strong></span> <span class='ocrx_word' id='word_1_470' title='bbox 2569 2889 2656 2934; x_wconf 89' lang='lat' dir='ltr'><strong>est</strong></span> <span class='ocrx_word' id='word_1_471' title='bbox 2679 2877 2923 2931; x_wconf 83' lang='lat' dir='ltr'><strong>omnium</strong></span> <span class='ocrx_word' id='word_1_472' title='bbox 2992 2882 3388 2944; x_wconf 65' lang='lat' dir='ltr'><strong>praeceptorum</strong></span> <span class='ocrx_word' id='word_1_473' title='bbox 3417 2872 3502 2926; x_wconf 89' lang='lat' dir='ltr'><strong>in-</strong></span> 
     </span>
    </p>
   </div>
   <div class='ocr_carea' id='block_1_82' title="bbox 1933 2972 2453 3044">
    <p class='ocr_par' dir='ltr' id='par_1_82' title="bbox 1933 2972 2453 3044">
     <span class='ocr_line' id='line_1_82' title="bbox 1933 2972 2453 3044; baseline 0.004 -16"><span class='ocrx_word' id='word_1_474' title='bbox 1933 2983 2085 3044; x_wconf 76' lang='lat' dir='ltr'><strong>tegra</strong></span> <span class='ocrx_word' id='word_1_475' title='bbox 2119 2972 2453 3030; x_wconf 83' lang='lat' dir='ltr'><strong>observatio.</strong></span> 
     </span>
    </p>
   </div>
   <div class='ocr_carea' id='block_1_83' title="bbox 2003 3053 3500 3130">
    <p class='ocr_par' dir='ltr' id='par_1_83' title="bbox 2003 3053 3500 3130">
     <span class='ocr_line' id='line_1_83' title="bbox 2003 3053 3500 3130; baseline -0.011 -8"><span class='ocrx_word' id='word_1_476' title='bbox 2003 3067 2209 3122; x_wconf 81' lang='lat' dir='ltr'><strong>Natura</strong></span> <span class='ocrx_word' id='word_1_477' title='bbox 2240 3066 2476 3119; x_wconf 83' lang='lat' dir='ltr'><strong>humana</strong></span> <span class='ocrx_word' id='word_1_478' title='bbox 2512 3077 2618 3117; x_wconf 90' lang='lat' dir='ltr'><strong>non</strong></span> <span class='ocrx_word' id='word_1_479' title='bbox 2655 3067 2832 3130; x_wconf 89' lang='lat' dir='ltr'><strong>potest</strong></span> <span class='ocrx_word' id='word_1_480' title='bbox 2891 3057 3062 3127; x_wconf 84' lang='lat' dir='ltr'><strong>ipsam</strong></span> <span class='ocrx_word' id='word_1_481' title='bbox 3123 3055 3392 3124; x_wconf 85' lang='lat' dir='ltr'><strong>justitiam</strong></span> <span class='ocrx_word' id='word_1_482' title='bbox 3445 3053 3500 3106; x_wconf 85' lang='lat' dir='ltr'><strong>in</strong></span> 
     </span>
    </p>
   </div>
   <div class='ocr_carea' id='block_1_84' title="bbox 1933 3143 3504 3226">
    <p class='ocr_par' dir='ltr' id='par_1_84' title="bbox 1933 3143 3504 3226">
     <span class='ocr_line' id='line_1_84' title="bbox 1933 3143 3504 3226; baseline -0.01 -12"><span class='ocrx_word' id='word_1_483' title='bbox 1933 3160 2112 3214; x_wconf 83' lang='lat' dir='ltr'><strong>anima</strong></span> <span class='ocrx_word' id='word_1_484' title='bbox 2139 3171 2273 3226; x_wconf 87' lang='lat' dir='ltr'><strong>pure</strong></span> <span class='ocrx_word' id='word_1_485' title='bbox 2305 3154 2642 3224; x_wconf 86' lang='lat' dir='ltr'><strong>conspicere,</strong></span> <span class='ocrx_word' id='word_1_486' title='bbox 2675 3166 2800 3206; x_wconf 91' lang='lat' dir='ltr'><strong>cum</strong></span> <span class='ocrx_word' id='word_1_487' title='bbox 2834 3150 2889 3203; x_wconf 90' lang='lat' dir='ltr'><strong>in</strong></span> <span class='ocrx_word' id='word_1_488' title='bbox 2921 3147 3197 3219; x_wconf 86' lang='lat' dir='ltr'><strong>plerisque</strong></span> <span class='ocrx_word' id='word_1_489' title='bbox 3218 3143 3504 3215; x_wconf 80' lang='lat' dir='ltr'><strong>cogitatio-</strong></span> 
     </span>
    </p>
   </div>
   <div class='ocr_carea' id='block_1_85' title="bbox 1931 3247 2386 3306">
    <p class='ocr_par' dir='ltr' id='par_1_85' title="bbox 1931 3247 2386 3306">
     <span class='ocr_line' id='line_1_85' title="bbox 1931 3247 2386 3306; baseline -0.015 0"><span class='ocrx_word' id='word_1_490' title='bbox 1931 3253 2092 3306; x_wconf 75' lang='lat' dir='ltr'><strong>nibus</strong></span> <span class='ocrx_word' id='word_1_491' title='bbox 2121 3247 2386 3304; x_wconf 74' lang='lat' dir='ltr'><strong>crecutiat.</strong></span> 
     </span>
    </p>
   </div>
   <div class='ocr_carea' id='block_1_86' title="bbox 1999 3325 3507 3403">
    <p class='ocr_par' dir='ltr' id='par_1_86' title="bbox 1999 3325 3507 3403">
     <span class='ocr_line' id='line_1_86' title="bbox 1999 3325 3507 3403; baseline -0.012 -7"><span class='ocrx_word' id='word_1_492' title='bbox 1999 3338 2242 3401; x_wconf 73' lang='lat' dir='ltr'><strong>Iustitia,</strong></span> <span class='ocrx_word' id='word_1_493' title='bbox 2273 3345 2330 3390; x_wconf 87' lang='lat' dir='ltr'><strong>ut</strong></span> <span class='ocrx_word' id='word_1_494' title='bbox 2370 3335 2604 3401; x_wconf 81' lang='lat' dir='ltr'><strong>videtur,</strong></span> <span class='ocrx_word' id='word_1_495' title='bbox 2649 3331 2915 3403; x_wconf 89' lang='lat' dir='ltr'><strong>quadrata</strong></span> <span class='ocrx_word' id='word_1_496' title='bbox 2980 3337 3084 3393; x_wconf 85' lang='lat' dir='ltr'><strong>est,</strong></span> <span class='ocrx_word' id='word_1_497' title='bbox 3145 3325 3507 3394; x_wconf 89' lang='lat' dir='ltr'><strong>undecunque</strong></span> 
     </span>
    </p>
   </div>
   <div class='ocr_carea' id='block_1_87' title="bbox 1930 3425 2660 3501">
    <p class='ocr_par' dir='ltr' id='par_1_87' title="bbox 1930 3425 2660 3501">
     <span class='ocr_line' id='line_1_87' title="bbox 1930 3425 2660 3501; baseline -0.015 -13"><span class='ocrx_word' id='word_1_498' title='bbox 1930 3431 2158 3501; x_wconf 62' lang='lat' dir='ltr'><strong>aqualis</strong></span> <span class='ocrx_word' id='word_1_499' title='bbox 2195 3443 2260 3482; x_wconf 87' lang='lat' dir='ltr'><strong>ac</strong></span> <span class='ocrx_word' id='word_1_500' title='bbox 2297 3427 2401 3482; x_wconf 91' lang='lat' dir='ltr'><strong>sibi</strong></span> <span class='ocrx_word' id='word_1_501' title='bbox 2440 3425 2660 3480; x_wconf 89' lang='lat' dir='ltr'><strong>similis.</strong></span> 
     </span>
    </p>
   </div>
   <div class='ocr_carea' id='block_1_88' title="bbox 2003 3510 3505 3587">
    <p class='ocr_par' dir='ltr' id='par_1_88' title="bbox 2003 3510 3505 3587">
     <span class='ocr_line' id='line_1_88' title="bbox 2003 3510 3505 3587; baseline -0.011 -9"><span class='ocrx_word' id='word_1_502' title='bbox 2003 3523 2215 3578; x_wconf 82' lang='lat' dir='ltr'><strong>Justum</strong></span> <span class='ocrx_word' id='word_1_503' title='bbox 2264 3520 2353 3574; x_wconf 87' lang='lat' dir='ltr'><strong>Dei</strong></span> <span class='ocrx_word' id='word_1_504' title='bbox 2378 3519 2646 3587; x_wconf 88' lang='lat' dir='ltr'><strong>judicium</strong></span> <span class='ocrx_word' id='word_1_505' title='bbox 2679 3510 3272 3573; x_wconf 75' lang='lat' dir='ltr'><strong>nostrisaﬁectionibus</strong></span> <span class='ocrx_word' id='word_1_506' title='bbox 3289 3522 3505 3565; x_wconf 86' lang='lat' dir='ltr'><strong>accom-</strong></span> 
     </span>
    </p>
   </div>
   <div class='ocr_carea' id='block_1_89' title="bbox 1933 3602 3506 3682">
    <p class='ocr_par' dir='ltr' id='par_1_89' title="bbox 1933 3602 3506 3682">
     <span class='ocr_line' id='line_1_89' title="bbox 1933 3602 3506 3682; baseline -0.013 -11"><span class='ocrx_word' id='word_1_507' title='bbox 1933 3617 2205 3676; x_wconf 85' lang='lat' dir='ltr'><strong>modatur.</strong></span> <span class='ocrx_word' id='word_1_508' title='bbox 2232 3624 2286 3668; x_wconf 87' lang='lat' dir='ltr'><strong>et</strong></span> <span class='ocrx_word' id='word_1_509' title='bbox 2315 3610 2734 3682; x_wconf 83' lang='lat' dir='ltr'><strong>qualesqnidem</strong></span> <span class='ocrx_word' id='word_1_510' title='bbox 2783 3622 2870 3662; x_wconf 87' lang='lat' dir='ltr'><strong>res</strong></span> <span class='ocrx_word' id='word_1_511' title='bbox 2915 3616 3113 3660; x_wconf 83' lang='lat' dir='ltr'><strong>nostrae</strong></span> <span class='ocrx_word' id='word_1_512' title='bbox 3136 3602 3506 3670; x_wconf 79' lang='lat' dir='ltr'><strong>fuerint,qun-</strong></span> 
     </span>
    </p>
   </div>
   <div class='ocr_carea' id='block_1_90' title="bbox 1935 3695 3504 3776">
    <p class='ocr_par' dir='ltr' id='par_1_90' title="bbox 1935 3695 3504 3776">
     <span class='ocr_line' id='line_1_90' title="bbox 1935 3695 3504 3776; baseline -0.009 -17"><span class='ocrx_word' id='word_1_513' title='bbox 1935 3723 2040 3776; x_wconf 87' lang='lat' dir='ltr'><strong>que</strong></span> <span class='ocrx_word' id='word_1_514' title='bbox 2066 3721 2126 3762; x_wconf 87' lang='lat' dir='ltr'><strong>se</strong></span> <span class='ocrx_word' id='word_1_515' title='bbox 2159 3705 2445 3759; x_wconf 86' lang='lat' dir='ltr'><strong>habuerint</strong></span> <span class='ocrx_word' id='word_1_516' title='bbox 2468 3702 2650 3765; x_wconf 89' lang='lat' dir='ltr'><strong>modo,</strong></span> <span class='ocrx_word' id='word_1_517' title='bbox 2684 3698 2843 3753; x_wconf 88' lang='lat' dir='ltr'><strong>talem</strong></span> <span class='ocrx_word' id='word_1_518' title='bbox 2890 3695 3195 3763; x_wconf 88' lang='lat' dir='ltr'><strong>eodemque</strong></span> <span class='ocrx_word' id='word_1_519' title='bbox 3227 3695 3387 3747; x_wconf 90' lang='lat' dir='ltr'><strong>modo</strong></span> <span class='ocrx_word' id='word_1_520' title='bbox 3415 3707 3504 3746; x_wconf 87' lang='lat' dir='ltr'><strong>re-</strong></span> 
     </span>
    </p>
   </div>
   <div class='ocr_carea' id='block_1_91' title="bbox 1935 3793 2603 3854">
    <p class='ocr_par' dir='ltr' id='par_1_91' title="bbox 1935 3793 2603 3854">
     <span class='ocr_line' id='line_1_91' title="bbox 1935 3793 2603 3854; baseline -0.015 0"><span class='ocrx_word' id='word_1_521' title='bbox 1935 3798 2289 3854; x_wconf 84' lang='lat' dir='ltr'><strong>tributionem</strong></span> <span class='ocrx_word' id='word_1_522' title='bbox 2323 3793 2603 3849; x_wconf 89' lang='lat' dir='ltr'><strong>sortimur.</strong></span> 
     </span>
    </p>
   </div>
   <div class='ocr_carea' id='block_1_92' title="bbox 2006 3871 3506 3956">
    <p class='ocr_par' dir='ltr' id='par_1_92' title="bbox 2006 3871 3506 3956">
     <span class='ocr_line' id='line_1_92' title="bbox 2006 3871 3506 3956; baseline -0.013 -14"><span class='ocrx_word' id='word_1_523' title='bbox 2006 3886 2218 3956; x_wconf 63' lang='grc' dir='ltr'>(ἕψεαι.</span> <span class='ocrx_word' id='word_1_524' title='bbox 2241 3884 2353 3937; x_wconf 85' lang='lat' dir='ltr'><strong>Non</strong></span> <span class='ocrx_word' id='word_1_525' title='bbox 2399 3881 2735 3950; x_wconf 82' lang='lat' dir='ltr'><strong>appellamus</strong></span> <span class='ocrx_word' id='word_1_526' title='bbox 2790 3871 3506 3940; x_wconf 78' lang='lat' dir='ltr'><strong>homicidasautsnnguina-</strong></span> 
     </span>
    </p>
   </div>
   <div class='ocr_carea' id='block_1_93' title="bbox 1937 3963 3505 4044">
    <p class='ocr_par' dir='ltr' id='par_1_93' title="bbox 1937 3963 3505 4044">
     <span class='ocr_line' id='line_1_93' title="bbox 1937 3963 3505 4044; baseline -0.013 -10"><span class='ocrx_word' id='word_1_527' title='bbox 1937 3980 2049 4034; x_wconf 91' lang='lat' dir='ltr'><strong>rios</strong></span> <span class='ocrx_word' id='word_1_528' title='bbox 2097 3978 2216 4030; x_wconf 87' lang='lat' dir='ltr'><strong>illos</strong></span> <span class='ocrx_word' id='word_1_529' title='bbox 2237 3975 2328 4044; x_wconf 89' lang='lat' dir='ltr'><strong>qui</strong></span> <span class='ocrx_word' id='word_1_530' title='bbox 2348 3974 2501 4043; x_wconf 74' lang='lat' dir='ltr'><strong>juxta</strong></span> <span class='ocrx_word' id='word_1_531' title='bbox 2532 3973 2675 4042; x_wconf 83' lang='lat' dir='ltr'><strong>leges</strong></span> <span class='ocrx_word' id='word_1_532' title='bbox 2697 3969 2908 4023; x_wconf 85' lang='lat' dir='ltr'><strong>divinas</strong></span> <span class='ocrx_word' id='word_1_533' title='bbox 2941 3963 3505 4020; x_wconf 83' lang='lat' dir='ltr'><strong>occiderinthomines</strong></span> 
     </span>
    </p>
   </div>
   <div class='ocr_carea' id='block_1_94' title="bbox 1939 4053 3502 4142">
    <p class='ocr_par' dir='ltr' id='par_1_94' title="bbox 1939 4053 3502 4142">
     <span class='ocr_line' id='line_1_94' title="bbox 1939 4053 3502 4142; baseline -0.013 -16"><span class='ocrx_word' id='word_1_534' title='bbox 1939 4072 2136 4142; x_wconf 78' lang='lat' dir='ltr'><strong>dignos</strong></span> <span class='ocrx_word' id='word_1_535' title='bbox 2159 4068 2255 4138; x_wconf 88' lang='lat' dir='ltr'><strong>qui</strong></span> <span class='ocrx_word' id='word_1_536' title='bbox 2289 4078 2518 4121; x_wconf 89' lang='lat' dir='ltr'><strong>mortem</strong></span> <span class='ocrx_word' id='word_1_537' title='bbox 2551 4069 2966 4132; x_wconf 88' lang='lat' dir='ltr'><strong>paterentur,ut</strong></span> <span class='ocrx_word' id='word_1_538' title='bbox 2997 4072 3172 4126; x_wconf 85' lang='lat' dir='ltr'><strong>neque</strong></span> <span class='ocrx_word' id='word_1_539' title='bbox 3199 4053 3502 4108; x_wconf 87' lang='lat' dir='ltr'><strong>Samuelem</strong></span> 
     </span>
    </p>
   </div>
   <div class='ocr_carea' id='block_1_95' title="bbox 1939 4161 2203 4217">
    <p class='ocr_par' dir='ltr' id='par_1_95' title="bbox 1939 4161 2203 4217">
     <span class='ocr_line' id='line_1_95' title="bbox 1939 4161 2203 4217; baseline -0.011 0"><span class='ocrx_word' id='word_1_540' title='bbox 1939 4171 1994 4217; x_wconf 83' lang='lat' dir='ltr'><strong>et</strong></span> <span class='ocrx_word' id='word_1_541' title='bbox 2012 4161 2203 4215; x_wconf 84' lang='lat' dir='ltr'><strong>Eliam.</strong></span> 
     </span>
    </p>
   </div>
   <div class='ocr_carea' id='block_1_96' title="bbox 2016 4241 3506 4320">
    <p class='ocr_par' dir='ltr' id='par_1_96' title="bbox 2016 4241 3506 4320">
     <span class='ocr_line' id='line_1_96' title="bbox 2016 4241 3506 4320; baseline -0.011 -13"><span class='ocrx_word' id='word_1_542' title='bbox 2016 4250 2320 4307; x_wconf 73' lang='lat' dir='ltr'><strong>Menandri.</strong></span> <span class='ocrx_word' id='word_1_543' title='bbox 2347 4247 2605 4320; x_wconf 84' lang='lat' dir='ltr'><strong>lnjuriam</strong></span> <span class='ocrx_word' id='word_1_544' title='bbox 2640 4245 2791 4300; x_wconf 77' lang='lat' dir='ltr'><strong>dives</strong></span> <span class='ocrx_word' id='word_1_545' title='bbox 2821 4243 3017 4298; x_wconf 80' lang='lat' dir='ltr'><strong>inferat</strong></span> <span class='ocrx_word' id='word_1_546' title='bbox 3050 4241 3206 4307; x_wconf 82' lang='lat' dir='ltr'><strong>mihi,</strong></span> <span class='ocrx_word' id='word_1_547' title='bbox 3233 4253 3340 4293; x_wconf 91' lang='lat' dir='ltr'><strong>non</strong></span> <span class='ocrx_word' id='word_1_548' title='bbox 3370 4252 3506 4308; x_wconf 87' lang='lat' dir='ltr'><strong>pau-</strong></span> 
     </span>
    </p>
   </div>
   <div class='ocr_carea' id='block_1_97' title="bbox 1943 4358 2062 4412">
    <p class='ocr_par' dir='ltr' id='par_1_97' title="bbox 1943 4358 2062 4412">
     <span class='ocr_line' id='line_1_97' title="bbox 1943 4358 2062 4412; baseline -0.008 -15"><span class='ocrx_word' id='word_1_549' title='bbox 1943 4358 2062 4412; x_wconf 89' lang='lat' dir='ltr'><strong>per.</strong></span> 
     </span>
    </p>
   </div>
   <div class='ocr_carea' id='block_1_98' title="bbox 1872 4423 3507 4502">
    <p class='ocr_par' dir='ltr' id='par_1_98' title="bbox 1872 4423 3507 4502">
     <span class='ocr_line' id='line_1_98' title="bbox 1872 4423 3507 4502; baseline -0.007 -14"><span class='ocrx_word' id='word_1_550' title='bbox 1872 4447 1917 4502; x_wconf 78' lang='lat'><strong>1)</strong></span> <span class='ocrx_word' id='word_1_551' title='bbox 2019 4433 2257 4490; x_wconf 82' lang='lat' dir='ltr'><strong>Facilius</strong></span> <span class='ocrx_word' id='word_1_552' title='bbox 2303 4433 2451 4488; x_wconf 88' lang='lat' dir='ltr'><strong>enim</strong></span> <span class='ocrx_word' id='word_1_553' title='bbox 2499 4439 2582 4486; x_wconf 86' lang='lat' dir='ltr'><strong>est</strong></span> <span class='ocrx_word' id='word_1_554' title='bbox 2610 4428 2750 4485; x_wconf 78' lang='lat' dir='ltr'><strong>ferre</strong></span> <span class='ocrx_word' id='word_1_555' title='bbox 2784 4428 3127 4498; x_wconf 89' lang='lat' dir='ltr'><strong>tyrannidem</strong></span> <span class='ocrx_word' id='word_1_556' title='bbox 3164 4423 3507 4498; x_wconf 69' lang='lat' dir='ltr'><strong>praestantio-</strong></span> 
     </span>
    </p>
   </div>
   <div class='ocr_carea' id='block_1_99' title="bbox 1943 4540 2160 4579">
    <p class='ocr_par' dir='ltr' id='par_1_99' title="bbox 1943 4540 2160 4579">
     <span class='ocr_line' id='line_1_99' title="bbox 1943 4540 2160 4579; baseline -0.005 0"><span class='ocrx_word' id='word_1_557' title='bbox 1943 4540 2087 4579; x_wconf 69' lang='lat' dir='ltr'><strong>nan.</strong></span> <span class='ocrx_word' id='word_1_558' title='bbox 2147 4558 2160 4578; x_wconf 68' lang='grc' dir='ltr'><em>φ</em></span> 
     </span>
    </p>
   </div>
   <div class='ocr_carea' id='block_1_100' title="bbox 2020 4605 3505 4674">
    <p class='ocr_par' dir='ltr' id='par_1_100' title="bbox 2020 4605 3505 4674">
     <span class='ocr_line' id='line_1_100' title="bbox 2020 4605 3505 4674; baseline -0.009 -4"><span class='ocrx_word' id='word_1_559' title='bbox 2020 4615 2296 4670; x_wconf 84' lang='lat' dir='ltr'><strong>Clitarchi.</strong></span> <span class='ocrx_word' id='word_1_560' title='bbox 2332 4612 2676 4669; x_wconf 88' lang='lat' dir='ltr'><strong>Contendens</strong></span> <span class='ocrx_word' id='word_1_561' title='bbox 2706 4611 2774 4665; x_wconf 88' lang='lat' dir='ltr'><strong>ad</strong></span> <span class='ocrx_word' id='word_1_562' title='bbox 2831 4608 3232 4666; x_wconf 81' lang='lat' dir='ltr'><strong>defendendum</strong></span> <span class='ocrx_word' id='word_1_563' title='bbox 3288 4606 3338 4661; x_wconf 92' lang='lat' dir='ltr'><strong>id</strong></span> <span class='ocrx_word' id='word_1_564' title='bbox 3367 4605 3505 4674; x_wconf 87' lang='lat' dir='ltr'><strong>quod</strong></span> 
     </span>
    </p>
   </div>
   <div class='ocr_carea' id='block_1_101' title="bbox 1944 4703 2821 4775">
    <p class='ocr_par' dir='ltr' id='par_1_101' title="bbox 1944 4703 2821 4775">
     <span class='ocr_line' id='line_1_101' title="bbox 1944 4703 2821 4775; baseline -0.007 -14"><span class='ocrx_word' id='word_1_565' title='bbox 1944 4706 2146 4775; x_wconf 84' lang='lat' dir='ltr'><strong>injuste</strong></span> <span class='ocrx_word' id='word_1_566' title='bbox 2170 4705 2365 4767; x_wconf 76' lang='lat' dir='ltr'><strong>fecisti,</strong></span> <span class='ocrx_word' id='word_1_567' title='bbox 2390 4705 2470 4758; x_wconf 87' lang='lat' dir='ltr'><strong>bis</strong></span> <span class='ocrx_word' id='word_1_568' title='bbox 2518 4703 2821 4770; x_wconf 86' lang='lat' dir='ltr'><strong>deliuqucs.</strong></span> 
     </span>
    </p>
   </div>
   <div class='ocr_carea' id='block_1_102' title="bbox 2020 4786 3508 4865">
    <p class='ocr_par' dir='ltr' id='par_1_102' title="bbox 2020 4786 3508 4865">
     <span class='ocr_line' id='line_1_102' title="bbox 2020 4786 3508 4865; baseline -0.006 -15"><span class='ocrx_word' id='word_1_569' title='bbox 2020 4796 2270 4865; x_wconf 81' lang='lat' dir='ltr'><strong>Epicteti.</strong></span> <span class='ocrx_word' id='word_1_570' title='bbox 2305 4793 2394 4847; x_wconf 82' lang='lat' dir='ltr'><strong>Vir</strong></span> <span class='ocrx_word' id='word_1_571' title='bbox 2419 4793 2602 4861; x_wconf 88' lang='lat' dir='ltr'><strong>justus</strong></span> <span class='ocrx_word' id='word_1_572' title='bbox 2621 4803 2721 4857; x_wconf 86' lang='lat' dir='ltr'><strong>est,</strong></span> <span class='ocrx_word' id='word_1_573' title='bbox 2759 4809 2864 4846; x_wconf 90' lang='lat' dir='ltr'><strong>non</strong></span> <span class='ocrx_word' id='word_1_574' title='bbox 2892 4792 2982 4861; x_wconf 91' lang='lat' dir='ltr'><strong>qui</strong></span> <span class='ocrx_word' id='word_1_575' title='bbox 3010 4789 3261 4858; x_wconf 79' lang='lat' dir='ltr'><strong>iniuriam</strong></span> <span class='ocrx_word' id='word_1_576' title='bbox 3290 4802 3396 4842; x_wconf 92' lang='lat' dir='ltr'><strong>non</strong></span> <span class='ocrx_word' id='word_1_577' title='bbox 3431 4786 3508 4842; x_wconf 82' lang='lat' dir='ltr'><strong>fa-</strong></span> 
     </span>
    </p>
   </div>
   <div class='ocr_carea' id='block_1_103' title="bbox 1943 4879 3184 4955">
    <p class='ocr_par' dir='ltr' id='par_1_103' title="bbox 1943 4879 3184 4955">
     <span class='ocr_line' id='line_1_103' title="bbox 1943 4879 3184 4955; baseline -0.01 -9"><span class='ocrx_word' id='word_1_578' title='bbox 1943 4889 2037 4952; x_wconf 88' lang='lat' dir='ltr'><strong>cit,</strong></span> <span class='ocrx_word' id='word_1_579' title='bbox 2069 4890 2162 4943; x_wconf 84' lang='lat' dir='ltr'><strong>sed</strong></span> <span class='ocrx_word' id='word_1_580' title='bbox 2198 4886 2440 4955; x_wconf 78' lang='lat' dir='ltr'><strong>quicum</strong></span> <span class='ocrx_word' id='word_1_581' title='bbox 2483 4882 2660 4938; x_wconf 82' lang='lat' dir='ltr'><strong>facere</strong></span> <span class='ocrx_word' id='word_1_582' title='bbox 2689 4883 2878 4951; x_wconf 84' lang='lat' dir='ltr'><strong>possit,</strong></span> <span class='ocrx_word' id='word_1_583' title='bbox 2907 4897 3014 4936; x_wconf 87' lang='lat' dir='ltr'><strong>non</strong></span> <span class='ocrx_word' id='word_1_584' title='bbox 3052 4879 3184 4934; x_wconf 78' lang='lat' dir='ltr'><strong>vult.</strong></span> 
     </span>
    </p>
   </div>
   <div class='ocr_carea' id='block_1_104' title="bbox 2017 4971 3509 5045">
    <p class='ocr_par' dir='ltr' id='par_1_104' title="bbox 2017 4971 3509 5045">
     <span class='ocr_line' id='line_1_104' title="bbox 2017 4971 3509 5045; baseline -0.009 -9"><span class='ocrx_word' id='word_1_585' title='bbox 2017 4981 2078 5036; x_wconf 89' lang='lat' dir='ltr'><strong>Si</strong></span> <span class='ocrx_word' id='word_1_586' title='bbox 2101 4976 2522 5045; x_wconf 84' lang='lat' dir='ltr'><strong>voluerisjustas</strong></span> <span class='ocrx_word' id='word_1_587' title='bbox 2557 4978 2910 5044; x_wconf 85' lang='lat' dir='ltr'><strong>pronuntiare</strong></span> <span class='ocrx_word' id='word_1_588' title='bbox 2931 4971 3252 5037; x_wconf 85' lang='lat' dir='ltr'><strong>sententias,</strong></span> <span class='ocrx_word' id='word_1_589' title='bbox 3306 4971 3509 5025; x_wconf 87' lang='lat' dir='ltr'><strong>nullum</strong></span> 
     </span>
    </p>
   </div>
   <div class='ocr_carea' id='block_1_105' title="bbox 1945 5062 3511 5141">
    <p class='ocr_par' dir='ltr' id='par_1_105' title="bbox 1945 5062 3511 5141">
     <span class='ocr_line' id='line_1_105' title="bbox 1945 5062 3511 5141; baseline -0.008 -13"><span class='ocrx_word' id='word_1_590' title='bbox 1945 5087 2133 5129; x_wconf 89' lang='lat' dir='ltr'><strong>eorum</strong></span> <span class='ocrx_word' id='word_1_591' title='bbox 2163 5072 2256 5141; x_wconf 90' lang='lat' dir='ltr'><strong>qui</strong></span> <span class='ocrx_word' id='word_1_592' title='bbox 2299 5070 2511 5141; x_wconf 79' lang='lat' dir='ltr'><strong>litigant</strong></span> <span class='ocrx_word' id='word_1_593' title='bbox 2532 5076 2586 5122; x_wconf 87' lang='lat' dir='ltr'><strong>et</strong></span> <span class='ocrx_word' id='word_1_594' title='bbox 2616 5080 2836 5121; x_wconf 87' lang='lat' dir='ltr'><strong>causam</strong></span> <span class='ocrx_word' id='word_1_595' title='bbox 2865 5066 3078 5130; x_wconf 82' lang='lat' dir='ltr'><strong>dicunt,</strong></span> <span class='ocrx_word' id='word_1_596' title='bbox 3100 5063 3189 5118; x_wconf 83' lang='lat' dir='ltr'><strong>sed</strong></span> <span class='ocrx_word' id='word_1_597' title='bbox 3225 5065 3399 5132; x_wconf 89' lang='lat' dir='ltr'><strong>ipsum</strong></span> <span class='ocrx_word' id='word_1_598' title='bbox 3421 5062 3511 5133; x_wconf 79' lang='lat' dir='ltr'><strong>jus</strong></span> 
     </span>
    </p>
   </div>
   <div class='ocr_carea' id='block_1_106' title="bbox 1947 5165 2282 5235">
    <p class='ocr_par' dir='ltr' id='par_1_106' title="bbox 1947 5165 2282 5235">
     <span class='ocr_line' id='line_1_106' title="bbox 1947 5165 2282 5235; baseline -0.009 -14"><span class='ocrx_word' id='word_1_599' title='bbox 1947 5165 2282 5235; x_wconf 77' lang='lat' dir='ltr'><strong>cognoscito.</strong></span> 
     </span>
    </p>
   </div>
   <div class='ocr_carea' id='block_1_107' title="bbox 2017 5252 3508 5322">
    <p class='ocr_par' dir='ltr' id='par_1_107' title="bbox 2017 5252 3508 5322">
     <span class='ocr_line' id='line_1_107' title="bbox 2017 5252 3508 5322; baseline -0.007 -9"><span class='ocrx_word' id='word_1_600' title='bbox 2017 5261 2208 5313; x_wconf 87' lang='lat' dir='ltr'><strong>Omnis</strong></span> <span class='ocrx_word' id='word_1_601' title='bbox 2235 5258 2389 5311; x_wconf 88' lang='lat' dir='ltr'><strong>locus</strong></span> <span class='ocrx_word' id='word_1_602' title='bbox 2439 5253 2642 5308; x_wconf 90' lang='lat' dir='ltr'><strong>homini</strong></span> <span class='ocrx_word' id='word_1_603' title='bbox 2684 5268 2806 5308; x_wconf 91' lang='lat' dir='ltr'><strong>cum</strong></span> <span class='ocrx_word' id='word_1_604' title='bbox 2857 5252 3066 5322; x_wconf 90' lang='lat' dir='ltr'><strong>justitia</strong></span> <span class='ocrx_word' id='word_1_605' title='bbox 3113 5255 3311 5310; x_wconf 85' lang='lat' dir='ltr'><strong>viventi</strong></span> <span class='ocrx_word' id='word_1_606' title='bbox 3363 5261 3508 5307; x_wconf 73' lang='lat' dir='ltr'><strong>tutus</strong></span> 
     </span>
    </p>
   </div>
   <div class='ocr_carea' id='block_1_108' title="bbox 1947 5363 2050 5406">
    <p class='ocr_par' dir='ltr' id='par_1_108' title="bbox 1947 5363 2050 5406">
     <span class='ocr_line' id='line_1_108' title="bbox 1947 5363 2050 5406; baseline -0.029 0"><span class='ocrx_word' id='word_1_607' title='bbox 1947 5363 2025 5406; x_wconf 74' lang='lat' dir='ltr'><strong>CSl</strong></span> <span class='ocrx_word' id='word_1_608' title='bbox 2036 5389 2050 5404; x_wconf 86' lang='lat'><strong>.</strong></span> 
     </span>
    </p>
   </div>
   <div class='ocr_carea' id='block_1_109' title="bbox 2022 5437 3181 5509">
    <p class='ocr_par' dir='ltr' id='par_1_109' title="bbox 2022 5437 3181 5509">
     <span class='ocr_line' id='line_1_109' title="bbox 2022 5437 3181 5509; baseline -0.006 -14"><span class='ocrx_word' id='word_1_609' title='bbox 2022 5442 2094 5495; x_wconf 85' lang='lat' dir='ltr'><strong>Dc</strong></span> <span class='ocrx_word' id='word_1_610' title='bbox 2127 5440 2343 5495; x_wconf 91' lang='lat' dir='ltr'><strong>homine</strong></span> <span class='ocrx_word' id='word_1_611' title='bbox 2371 5439 2541 5509; x_wconf 86' lang='lat' dir='ltr'><strong>probo</strong></span> <span class='ocrx_word' id='word_1_612' title='bbox 2572 5437 2706 5493; x_wconf 88' lang='lat' dir='ltr'><strong>nihil</strong></span> <span class='ocrx_word' id='word_1_613' title='bbox 2727 5439 3009 5506; x_wconf 86' lang='lat' dir='ltr'><strong>suspicare</strong></span> <span class='ocrx_word' id='word_1_614' title='bbox 3037 5437 3181 5490; x_wconf 89' lang='lat' dir='ltr'><strong>mali.</strong></span> 
     </span>
    </p>
   </div>
   <div class='ocr_carea' id='block_1_110' title="bbox 2018 5528 3437 5601">
    <p class='ocr_par' dir='ltr' id='par_1_110' title="bbox 2018 5528 3437 5601">
     <span class='ocr_line' id='line_1_110' title="bbox 2018 5528 3437 5601; baseline -0.006 -12"><span class='ocrx_word' id='word_1_615' title='bbox 2018 5535 2231 5589; x_wconf 85' lang='lat' dir='ltr'><strong>Justum</strong></span> <span class='ocrx_word' id='word_1_616' title='bbox 2269 5533 2412 5588; x_wconf 88' lang='lat' dir='ltr'><strong>enim</strong></span> <span class='ocrx_word' id='word_1_617' title='bbox 2444 5531 2719 5601; x_wconf 82' lang='lat' dir='ltr'><strong>ingenium</strong></span> <span class='ocrx_word' id='word_1_618' title='bbox 2756 5529 3006 5598; x_wconf 88' lang='lat' dir='ltr'><strong>injuriam</strong></span> <span class='ocrx_word' id='word_1_619' title='bbox 3036 5528 3213 5582; x_wconf 78' lang='lat' dir='ltr'><strong>facere</strong></span> <span class='ocrx_word' id='word_1_620' title='bbox 3247 5529 3437 5582; x_wconf 87' lang='lat' dir='ltr'><strong>nescit.</strong></span> 
     </span>
    </p>
   </div>
   <div class='ocr_carea' id='block_1_111' title="bbox 2024 5620 3514 5696">
    <p class='ocr_par' dir='ltr' id='par_1_111' title="bbox 2024 5620 3514 5696">
     <span class='ocr_line' id='line_1_111' title="bbox 2024 5620 3514 5696; baseline -0.001 -16"><span class='ocrx_word' id='word_1_621' title='bbox 2024 5626 2403 5696; x_wconf 81' lang='lat' dir='ltr'><strong>Xenophontis.</strong></span> <span class='ocrx_word' id='word_1_622' title='bbox 2429 5622 2576 5676; x_wconf 78' lang='lat' dir='ltr'><strong>Multi</strong></span> <span class='ocrx_word' id='word_1_623' title='bbox 2601 5621 2827 5685; x_wconf 89' lang='lat' dir='ltr'><strong>etenim,</strong></span> <span class='ocrx_word' id='word_1_624' title='bbox 2853 5620 2998 5688; x_wconf 81' lang='lat' dir='ltr'><strong>iusta</strong></span> <span class='ocrx_word' id='word_1_625' title='bbox 3029 5622 3288 5685; x_wconf 83' lang='lat' dir='ltr'><strong>dicentes,</strong></span> <span class='ocrx_word' id='word_1_626' title='bbox 3315 5621 3514 5686; x_wconf 79' lang='lat' dir='ltr'><strong>iniusta</strong></span> 
     </span>
    </p>
   </div>
   <div class='ocr_carea' id='block_1_112' title="bbox 1952 5711 3514 5783">
    <p class='ocr_par' dir='ltr' id='par_1_112' title="bbox 1952 5711 3514 5783">
     <span class='ocr_line' id='line_1_112' title="bbox 1952 5711 3514 5783; baseline -0.004 -9"><span class='ocrx_word' id='word_1_627' title='bbox 1952 5720 2180 5774; x_wconf 79' lang='lat' dir='ltr'><strong>faciunt.</strong></span> <span class='ocrx_word' id='word_1_628' title='bbox 2215 5718 2432 5773; x_wconf 86' lang='lat' dir='ltr'><strong>Illorum</strong></span> <span class='ocrx_word' id='word_1_629' title='bbox 2474 5727 2599 5770; x_wconf 89' lang='lat' dir='ltr'><strong>vero</strong></span> <span class='ocrx_word' id='word_1_630' title='bbox 2637 5713 2729 5783; x_wconf 80' lang='lat' dir='ltr'><strong>qui</strong></span> <span class='ocrx_word' id='word_1_631' title='bbox 2762 5713 2906 5782; x_wconf 78' lang='lat' dir='ltr'><strong>justa</strong></span> <span class='ocrx_word' id='word_1_632' title='bbox 2927 5713 3136 5769; x_wconf 76' lang='lat' dir='ltr'><strong>faciunt</strong></span> <span class='ocrx_word' id='word_1_633' title='bbox 3161 5728 3320 5769; x_wconf 90' lang='lat' dir='ltr'><strong>nemo</strong></span> <span class='ocrx_word' id='word_1_634' title='bbox 3347 5711 3514 5770; x_wconf 83' lang='lat' dir='ltr'><strong>fuerit</strong></span> 
     </span>
    </p>
   </div>
   <div class='ocr_carea' id='block_1_113' title="bbox 1961 5810 2216 5880">
    <p class='ocr_par' dir='ltr' id='par_1_113' title="bbox 1961 5810 2216 5880">
     <span class='ocr_line' id='line_1_113' title="bbox 1961 5810 2216 5880; baseline -0.004 -16"><span class='ocrx_word' id='word_1_635' title='bbox 1961 5810 2216 5880; x_wconf 88' lang='lat' dir='ltr'><strong>injustus.</strong></span> 
     </span>
    </p>
   </div>
  </div>
