3960 6196
438 277 550 344 807

440 488 485 544 si
519 502 647 543 vero
678 488 808 558 justi
831 503 1022 542 omnes
1058 486 1283 553 fuerim,
1335 486 1656 542 fortitudine
1708 488 1842 542 nihil
1870 504 2007 556 Opus

442 581 741 636 habebunt.
1450 621 1462 633 .

763 672 867 740 23
911 669 1143 726 SERMO
1185 671 1298 725 xrv
1340 671 1438 744 [αι.
1477 671 1692 743 LXIV].

446 784 520 837 De
553 786 874 855 virginitate,
917 797 964 840 et
1015 791 1282 847 castitate.
1337 797 1386 840 et
1439 787 1802 857 temperantia,
1833 795 1882 840 et
1913 803 2011 839 nu-

1027 859 1151 925 ptiis
1179 859 1424 910 honestis.

516 946 709 1002 Matth.
739 964 850 1004 XIX.
889 946 1004 1002 Non
1032 965 1220 1004 omnes
1250 951 1471 1018 capiunt
1499 948 1602 1004 hoc
1632 948 1880 1014 verbum,
1915 947 2007 1002 sed

441 1039 642 1108 quibus
674 1042 856 1094 datum
887 1049 990 1096 est.

516 1129 657 1188 Ibid.
691 1132 834 1186 Sunt
863 1134 1121 1199 eunuchi,
1153 1134 1245 1204 qui
1271 1137 1340 1187 ab
1367 1142 1520 1188 utero
1545 1132 1737 1188 matris
1764 1133 2007 1201 ipsorum

444 1226 514 1279 ita
542 1226 649 1278 nati
684 1234 835 1284 sunt,
867 1235 972 1279 etc.

517 1315 656 1370 Ibid.
709 1333 761 1371 v.
807 1315 1040 1371 Intuitns
1097 1317 1379 1370 mulierem
1415 1317 1489 1372 ita
1537 1326 1594 1370 ut
1654 1313 2012 1382 concupiscat

443 1426 583 1472 earn,
621 1410 731 1477 jam
774 1411 1100 1465 adulterium
1133 1425 1256 1464 cum
1315 1425 1377 1464 ea
1440 1408 1716 1463 commisit
1762 1408 1816 1460 in
1849 1405 2014 1462 corde

445 1517 544 1554 ειιο
551 1539 566 1556 ο

513 1593 656 1648 Ibid.
691 1607 805 1648 XIX.
838 1593 991 1659 Quod
1025 1593 1187 1663 igitur
1219 1593 1362 1647 Deus
1405 1592 1715 1662 conjunxit,
1750 1595 1916 1651 homo
1945 1611 2014 1651 ne

444 1696 681 1754 separet.

516 1778 757 1834 IThess.
817 1793 888 1832 tv.
953 1779 1343 1846 Unusquisque
1401 1787 1642 1832 vestrum
1711 1792 1806 1833 vas
1853 1793 2012 1833 suum

444 1873 722 1941 possideat
753 1886 876 1924 cum
917 1872 1348 1925 sanctiﬁcatione
1369 1879 1424 1925 et
1459 1871 1686 1935 honore,
1733 1885 1843 1923 non
1892 1883 2012 1923 cum

447 1964 642 2018 aﬂ‘ectu
711 1962 1186 2031 concupiscentiis.
1265 1959 1730 2031 quemadmodum
1808 1969 2018 2016 certem

449 2065 665 2128 gentes.

523 2147 716 2216 Ephes.
752 2163 824 2202 Iv.
882 2145 998 2200 Non
1055 2147 1289 2216 amplius
1335 2146 1626 2212 ambulate,
1659 2143 2020 2216 quemadmo-

449 2243 579 2298 dum
611 2250 665 2296 et
693 2240 916 2309 reliqum
937 2249 1128 2311 gentes
1158 2239 1439 2294 ambulant
1468 2239 1524 2293 in
1553 2237 1791 2294 vanitate
1823 2236 2020 2292 mentis

450 2336 716 2406 ipsorum.

520 2427 672 2483 Rom.
709 2442 807 2482 xu.
850 2420 1115 2483 Exhibe'te
1168 2440 1397 2496 corpora
1454 2434 1636 2481 vestra
1683 2423 2018 2482 sacriﬁcium

448 2520 658 2585 vivum,
695 2526 971 2582 sanctum,
996 2516 1393 2584 beneplacitum
1429 2515 1559 2575 Deo.

519 2610 832 2666 Glorilicate
871 2610 1037 2663 Deum
1082 2609 1134 2661 in
1173 2608 1434 2662 membris
1474 2608 1691 2663 vestris.

519 2699 830 2758 Gloriﬁcate
867 2701 1033 2754 Deum
1069 2701 1120 2754 in
1153 2715 1382 2769 corpore
1409 2709 1591 2753 vestro
1624 2709 1675 2754 et
1707 2701 1764 2754 in
1800 2699 2017 2769 spiritu,

447 2809 570 2863 qua!
605 2793 826 2860 quidem
860 2791 954 2844 Ι)ρί
989 2799 1138 2845 sunt.

519 2881 699 2938 Colat.
733 2898 786 2934 ν.
824 2879 1032 2948 Spiritu
1066 2879 1340 2932 ambulate
1369 2888 1416 2933 et
1445 2879 1696 2933 allectum
1729 2877 1914 2932 carnis
1954 2891 2022 2929 ne

450 2975 745 3042 impleatis.
784 2972 924 3027 Caro
974 2971 1118 3024 enim
1179 2970 1450 3024 desiderat
1497 2977 1684 3022 contra
1743 2966 2018 3036 spiritum,

1681 275 2006 342 ΑΝἸὉΝῘΙ
2053 281 2396 344 MELISSJE

509 393 763 465 Agesilai.
781 394 1064 451 Fortitudo
1094 394 1468 465 nihilprodest
1499 395 1722 451 absente
1753 397 1960 463 justitia
1999 414 2013 463 ;
2049 404 2090 458 Α

3587 278 3699 340 808

2205 400 2480 467 Ἀνδρείας
2501 398 2654 451 οὐδὲν
2675 397 2888 465 ὄφελος,
2910 399 2984 467 μὴ
3009 396 3190 466 παρού
3203 413 3296 464 έης
3311 394 3655 462 δικαιοσύνης
3680 410 3696 424 ·

2115 495 2161 544 εί
2199 493 2254 545 δὲ
2290 492 2486 545 δίκαιοι
2517 491 2717 553 πάντες
2757 489 3018 556 γένοιντο,
3060 488 3215 542 οὐδὲν
3265 488 3519 557 ἀνδρείας
3565 487 3696 557 δεή-

2117 600 2317 635 σονται.

2729 674 2948 726 ΛΟΓΟΣ
2982 676 3076 728 lA'.

2115 790 2250 856 Περὶ
2278 785 2522 856 ἁγνείας
2549 787 2646 840 καὶ
2695 787 3123 851 σωφροσύνης.
3169 785 3266 841 καί
3307 787 3693 852 παρθενείας,

2579 858 2677 912 καί
2719 859 2912 926 γάμου
2959 856 3210 924 σεμνοῦ.

2185 952 2260 1002 Οὐ
2309 951 2510 1014 πάντες
2557 949 2795 1020 χωροῦσι
2845 949 2935 1000 τὸν
2985 947 3142 1015 λόγον
3176 946 3384 1010 τοῦτον,
3448 947 3566 1000 ἀλλ’
3607 944 3693 1012 οἷς

2113 1040 2334 1094 δίδοται.

2187 1137 2340 1190 Εἰσὶν
2369 1137 2637 1206 εὐνοῦχοι,
2685 1137 2879 1199 οἵτινες
2909 1137 2974 1188 ἐκ
3017 1133 3226 1197 κοιλίας
3272 1135 3480 1206 μητρὸς
3511 1135 3696 1189 αὑτῶν

2113 1231 2481 1299 ἐγεννήθησαν
2511 1230 2706 1293 οὕτως,
2744 1230 2838 1282 καὶ
2870 1229 2940 1282 τὰ
2969 1230 3154 1285 λοιπά.

2195 1322 2254 1374 ’0
2288 1321 2564 1391 ἐμϐλέψας
2598 1323 2821 1390 γυναικὶ
2857 1323 2994 1392 πρὸς
3051 1323 3112 1377 ιιδ
3146 1322 3490 1391 ἐπιθυμῆσαι
3520 1321 3695 1388 αὐτὴν

2113 1413 2214 1482 ἤδη
2245 1415 2564 1484 ἐμοίχευσεν
2592 1413 2763 1486 αὐτὴν
2797 1416 2853 1468 ὲν
2885 1417 2954 1485 τῇ
2985 1415 3186 1486 καρδίᾳ
3215 1416 3404 1468 αὐτοῦ.

2192 1595 2257 1645 Ὃ
2303 1591 2396 1644 οὖν
2424 1591 2451 1644 6
2481 1589 2613 1652 Θεὸς
2663 1588 3019 1658 συνέζευξεν,
3075 1593 3361 1664 ἄνθρωπος
3411 1592 3492 1662 μὴ
3527 1609 3698 1662 χωρι-

2117 1683 2279 1749 ζὲτω.

2193 1777 2463 1838 Ἕκαστος
2493 1775 2552 1829 τδ
2584 1775 2780 1830 ἑαυτοῦ
2817 1773 3011 1838 σκεῦος
3040 1773 3263 1828 κτάσθω
3304 1776 3365 1827 ἑν
3406 1772 3695 1840 ἁγιασμῷ.

2121 1867 2195 1934 μὴ
2227 1866 2284 1918 ὲν
2317 1865 2481 1918 πάθει
2511 1863 2732 1934 ἀτιμίας
2779 1863 2938 1934 [alias
2975 1858 3306 1933 ἐπιτιμίαςῙ,
3339 1860 3590 1930 καθάπερ
3622 1864 3695 1910 τᾶ

2115 1956 2277 2010 λοιπᾶ
2299 1955 2447 2026 ἔθνη.

2188 2140 2406 2210 Μηκέτι
2458 2139 2834 2208 περιπατεῖτε,
2867 2136 3051 2200 καθὼς
3093 2136 3187 2189 καὶ
3237 2134 3310 2188 τὰ
3354 2131 3521 2187 λοιπὰ
3563 2130 3698 2196 ἔθνη

2117 2234 2415 2303 περιπατεῖ
2445 2231 2506 2284 ἐν
2539 2231 2874 2301 ματαιότητι
2907 2247 3002 2283 του
3034 2229 3152 2288 νοὸς
3183 2226 3388 2282 αὐτῶν.

2189 2413 2584 2484 Παραστήσατε
2636 2411 2707 2465 τὰ
2757 2411 2987 2482 σώματα
3039 2411 3193 2477 ὑμῶν
3249 2407 3443 2462 θυσίαν
3491 2404 3700 2469 ζῶσαν,

2117 2508 2306 2577 ἁγίαν,
2342 2507 2638 2578 εὐάρεστον
2664 2505 2744 2576 τῷ
2777 2503 2916 2573 Θεῷ.

2186 2598 2471 2664 ,Δοξάσατε
2498 2598 2589 2651 τὸν
2619 2597 2754 2651 Θεὸν
2781 2598 2839 2650 έν
2879 2598 2992 2658 τοῖς
3021 2593 3242 2662 μέλεσιν
3268 2591 3447 2660 ὑμῶν.

2191 2690 2462 2756 Δοξάσατε
2494 2689 2557 2759 δὴ
2586 2688 2676 2742 τὸν
2702 2687 2836 2741 Θεὸν
2869 2687 2927 2739 έν
2958 2685 3034 2751 τῷ
3059 2684 3274 2755 σώματι
3306 2681 3487 2752 ὑμῶν,
3517 2678 3612 2734 καὶ
3641 2679 3705 2732 ὲν

2118 2781 2200 2852 τῷ
2234 2783 2526 2850 πνεύματι,
2556 2779 2721 2834 ἅτινά
2741 2779 2858 2833 ἐστι
2887 2777 2979 2832 τοῦ
2999 2776 3156 2832 Θεοῦ.

2199 2872 2478 2942 ῐΙνεύματι
2519 2872 2900 2942 περιπατεῖτε,
2930 2869 3025 2924 καὶ
3071 2867 3367 2938 ἐπιθυμίαν
3399 2864 3604 2933 σαρκὸς
3639 2866 3704 2918 οὐ

2127 2964 2200 3034 μὴ
2231 2963 2508 3034 τελέσητε.
2555 2962 2620 3015 'Il
2654 2961 2764 3033 γὰρ
2793 2962 2926 3034 σὰρξ
2956 2959 3215 3028 ἐπιθυμεῖ
3240 2958 3383 3011 κατὰ
3408 2955 3504 3010 τοῦ
3537 2953 3708 3012 me!»

451 3065 677 3134 spiritus
707 3073 884 3116 autem
917 3070 1110 3114 contra
1159 3074 1378 3114 carnem
1415 3077 1427 3112 :
1466 3059 1579 3113 haec
1610 3067 1787 3112 autem
1828 3057 2021 3111 adver-

2148 3074 2316 3121 ιατος,
2345 3056 2408 3110 τὸ
2455 3057 2512 3109 δὲ
2565 3057 2784 3128 πνεῦμα
2839 3056 2980 3110 κατὰ
3012 3057 3108 3125 τῆς
3155 3053 3378 3124 σαρκός.
3426 3050 3613 3104 Ταῦτα
3643 3049 3706 3102 δὲ

452 3165 644 3213 santur
677 3154 780 3210 sibi
811 3153 1064 3206 invicem.

521 3243 553 3300 1
582 3243 708 3301 Cor.
749 3260 845 3299 vn.
879 3244 1086 3296 Bonum
1125 3252 1210 3298 est
1247 3242 1478 3308 homini,
1523 3256 1747 3298 uxorem
1802 3255 1907 3294 non
1945 3248 2025 3294 at-

452 3339 682 3408 tingere.
746 3337 996 3389 Attamen
1047 3345 1270 3403 propter
1323 3344 1508 3402 stupra
1574 3333 1815 3397 vitanda,
1865 3347 2021 3387 suam

451 3431 683 3501 quisque
712 3441 935 3481 uxorem
984 3426 1214 3491 habeat,
1269 3434 1326 3478 et
1375 3439 1536 3480 suum
1571 3440 1803 3494 quaeque
1843 3424 2018 3476 virum

454 3521 672 3576 habent.
703 3516 876 3572 Uxori
921 3515 1008 3570 vir
1053 3514 1287 3569 debitam
1326 3514 1756 3571 benevolentiam
1789 3513 2019 3577 reddat;

453 3612 704 3669 similiter
733 3619 912 3663 autem
950 3618 1003 3661 et
1033 3622 1172 3661 uxor
1203 3606 1339 3662 viro.
1397 3605 1545 3661 Uxor
1590 3606 1794 3675 proprii
1825 3619 2021 3674 corpo-

453 3708 531 3760 ris
565 3706 656 3775 jus
687 3718 792 3757 non
851 3701 1033 3765 habet,
1085 3699 1180 3753 sed
1225 3699 1474 3754 maritus.
1516 3697 1778 3752 Similiter
1809 3708 1864 3754 et
1902 3712 2019 3752 ma-

453 3795 592 3850 ritus
625 3791 827 3863 proprii
863 3790 1106 3857 corporis
1148 3789 1238 3858 jus
1277 3805 1381 3842 non
1409 3790 1596 3853 habet,
1630 3790 1719 3845 sed
1758 3805 1916 3846 uxor.
1947 3789 2022 3846 Ne

453 3883 717 3939 fraudetis
760 3895 858 3935 vos
907 3881 1162 3943 invicem,
1212 3879 1314 3933 nisi
1368 3881 1414 3933 si
1469 3880 1595 3947 quid
1649 3897 1714 3934 ex
1746 3897 2020 3938 consensu

452 3989 551 4044 pro
585 3984 852 4040 tempore,
901 3977 959 4023 ut
1003 3969 1206 4023 vacetis
1249 3967 1462 4038 jejunio
1495 3979 1547 4024 et
1580 3970 1882 4038 precationi
1921 3988 1934 4024 :
1969 3980 2024 4026 et

452 4077 668 4116 rursum
721 4061 774 4113 in
821 4074 988 4113 unum
1031 4057 1392 4122 conveniatis,
1431 4074 1498 4112 ne
1525 4068 1691 4114 tentet
1729 4073 1826 4114 vos
1862 4057 2021 4114 Sata-

450 4169 554 4208 nas
603 4165 823 4220 propter
875 4148 1344 4217 intemperantiam
1392 4157 1649 4204 vestram.
1686 4149 1800 4206 Hoc
1841 4160 2020 4206 anth

451 4244 574 4296 dico
622 4241 777 4309 juxta
838 4239 1248 4309 indulgentiam,
1303 4253 1408 4296 non
1459 4241 1612 4308 juxta
1667 4251 2018 4310 prmceptum.

451 4332 586 4385 Nam
622 4331 778 4383 velim
831 4345 1022 4384 onmes
1073 4329 1321 4383 homines
1350 4345 1491 4395 esse,
1529 4341 1584 4384 ut
1633 4341 1686 4384 et
1731 4333 1844 4401 ipse
1874 4348 2019 4386 sum.

2125 3149 2430 3203 ἀντίκειται
2459 3147 2733 3218 ἀλλήλοις.

2196 3240 2375 3294 Καλὸν
2405 3239 2677 3311 ἀνθρώπῳ
2710 3241 2968 3308 γυναικὸς
3009 3239 3084 3310 μὴ
3136 3237 3427 3292 ἅπτεσθαι.
3478 3235 3581 3290 Διὰ
3641 3235 3703 3287 δὲ

2124 3331 2223 3395 τὰς
2255 3331 2509 3401 πορνείας
2560 3332 2792 3392 ἕκαστος
2841 3333 2940 3402 τὴν
2991 3329 3186 3385 ἑαυτοῦ
3220 3331 3456 3399 γυναῖκα
3495 3327 3697 3397 ἐχέτω,

2126 3425 2217 3476 καὶ
2245 3424 2450 3495 ἑκάστη
2480 3423 2572 3476 τὸν
2594 3423 2723 3479 ἴδιον
2749 3423 2916 3493 ἄνδρα
2939 3423 3131 3494 ἐχέτω.
3151 3423 3231 3492 Τῇ
3254 3421 3474 3491 γυναικὶ
3496 3423 3528 3474 6
3555 3418 3699 3490 ἀνὴρ

2125 3516 2226 3588 τὴν
2279 3515 2641 3587 ὀφειλομένην
2695 3518 2998 3572 ἀποδιδότω
3060 3517 3310 3572 εὔνοιανο
3360 3514 3562 3583 ὁμοίως
3601 3516 3699 3567 καὶ

2125 3609 2158 3678 ἠ
2200 3607 2340 3680 γυνὴ
2369 3609 2446 3678 τῷ
2481 3609 2658 3678 ἀνδρί.
2701 3609 2763 3662 ἸΙ
2807 3608 2945 3680 γυνὴ
2987 3608 3081 3662 τοῦ
3140 3608 3268 3662 ίδίου
3318 3607 3570 3677 σώματος
3595 3609 3697 3658 οὐκ

2128 3697 2457 3764 ἐξουσιάζει.
2504 3699 2618 3754 ἀλλ’
2657 3699 2686 3751 6
2718 3700 2897 3771 ἀνήρ’
2943 3701 3144 3769 ὁμοίως
3194 3698 3290 3752 καὶ
3337 3701 3366 3752 ὁ
3414 3700 3558 3768 ἀνὴρ
3596 3697 3689 3750 τοῦ

2127 3789 2258 3843 ἰδίου
2288 3791 2542 3861 σώματος
2571 3791 2670 3845 οὐκ
2699 3789 3022 3856 ἐξουσιάζει,
3053 3790 3222 3862 mw;
3259 3790 3413 3860 γυνή.
3441 3790 3534 3859 Μὴ
3558 3791 3690 3843 ἁπο-

2125 3881 2364 3950 στε-ρεῖτε
2397 3879 2681 3950 ἀλλήλους,
2716 3881 2765 3934 εί
2803 3880 2877 3950 μή
2909 3895 2962 3933 τι
2995 3879 3065 3935 ἂν
3115 3881 3180 3934 ἐκ
3215 3879 3511 3949 συμφώνου
3559 3875 3699 3948 πρὸς

2124 3970 2336 4039 καιρὸν,
2373 3969 2458 4024 ἵνα
2481 3967 2781 4041 σχολάζητε
2811 3973 2878 4041 τῇ
2912 3970 3138 4042 νηστείᾳ
3165 3971 3256 4025 καὶ
3292 3973 3359 4042 τῇ
3388 3973 3698 4040 προσεοκῇ⁶

2125 4063 2219 4115 καὶ
2245 4063 2345 4116 πά)
2360 4081 2408 4115 ιν
2437 4064 2530 4116 ἐπὶ
2567 4062 2629 4116 τὸ
2659 4063 2794 4118 αὐτδ
2823 4059 2943 4130 ἦτε,
2973 4063 3063 4119 ἶνα
3112 4065 3188 4136 μὴ
3221 4065 3458 4135 πειράσῃ
3493 4064 3644 4133 ὑμᾶς
3673 4065 3703 4115 6

2123 4153 2367 4216 Σατανᾶς
2406 4154 2493 4206 διὰ
2540 4154 2641 4224 τὴν
2691 4157 2965 4225 ἀκρασίαν
3017 4157 3190 4227 ὑμῶν.
3226 4157 3398 4212 Τοῦτο
3445 4159 3502 4212 δὲ
3554 4159 3704 4226 λέγω

2127 4245 2266 4296 κατὰ
2304 4244 2660 4315 συγγνώμην,
2695 4247 2798 4302 οὐκ
2841 4248 3133 4319 ἐπιταγήν.
3167 4250 3316 4303 Θέλω
3344 4251 3454 4319 γὰρ
3488 4251 3707 4314 πάντας

2124 4333 2445 4403 ἀνθρώπους
2495 4331 2653 4400 εἴναι,
2704 4337 2778 4399 ὡς
2833 4340 2930 4392 καὶ
2986 4339 3256 4410 ἐμαυτόν
3315 4339 3432 4392 ἀλλ’
3464 4338 3708 4403 ἕκαστος

454 4422 558 4475 Sed
595 4421 969 4489 unusquisque
1020 4421 1299 4488 proprium
1354 4419 1557 4475 donum
1598 4422 1758 4475 habet
1789 4439 1853 4477 ex
1889 4422 2021 4486 Deo,

2148 4426 2264 4479 ’διον
2297 4428 2540 4497 χάρισμα
2571 4429 2686 4498 ἔχει
2713 4431 2778 4483 ἐκ
2803 4431 2959 4495 Θεοῦ,
2992 4431 3050 4494 ὃς
3091 4432 3189 4501 μὲν
3209 4431 3403 4491 οὕτως.
3426 4432 3487 4495 ὅς
3521 4432 3579 4486 δὲ
3604 4436 3702 4486 06-

454 4515 596 4568 al'us
631 4512 847 4578 quidem
889 4511 990 4572 sic,
1018 4511 1158 4566 alius
1205 4523 1382 4566 autem
1419 4513 1518 4566 sic.
1560 4511 1690 4565 Dico
1726 4525 1906 4568 autem
1944 4517 2025 4568 iu-

453 4604 757 4674 coujugatis
801 4611 854 4655 et
891 4602 1094 4665 viduis,
1134 4601 1338 4656 Bonum
1391 4603 1470 4656 eis
1511 4612 1596 4658 est
1639 4606 1684 4658 si
1729 4608 2026 4660 manserint

453 4708 512 4752 ιιι
541 4705 594 4750 et
619 4711 752 4766 ego;
788 4693 935 4763 quod
983 4694 1028 4746 si
1084 4708 1143 4747 se
1199 4709 1308 4748 non
1362 4696 1644 4750 continent
1697 4700 2026 4753 contrahant

453 4785 882 4844 matrimonium.
917 4784 1051 4838 Nam
1103 4787 1274 4840 satius
1313 4796 1397 4843 est
1440 4788 1846 4843 matrimonium
1897 4805 2028 4845 eon-

455 4888 691 4946 tsattere,
731 4893 896 4949 quam
949 4877 1058 4933 uri.
1122 4877 1186 4930 At
1242 4879 1548 4948 coniugatis
1603 4879 1883 4950 prmcipio,
1917 4897 2022 4937 non

452 4987 570 5041 ego,
626 4973 734 5025 imo
769 4970 1029 5024 Dominus
1079 4966 1272 5024 :Uxor
1321 4984 1352 5025 a
1407 4970 1526 5024 viro
1585 4986 1652 5026 ne
1706 4983 2023 5042 separetur;

459 5063 604 5132 quod
665 5061 711 5116 si
773 5072 1018 5131 separata
1084 5059 1279 5123 fuerit,
1343 5071 1555 5116 maneat
1616 5061 1861 5130 innupta,
1933 5074 2028 5120 aut

463 5153 658 5208 marito
719 5151 1128 5216 reconcilietur,
1183 5163 1236 5206 ct
1297 5154 1528 5205 maritus
1586 5168 1809 5208 uxorem
1842 5169 1909 5210 ne
1949 5155 2027 5209 di-

455 5247 651 5302 mittat.

524 5339 664 5393 li'id.
703 5337 777 5391 De
831 5335 1135 5406 virginibus
1193 5345 1373 5389 autem
1433 5347 1760 5406 praeceptum
1812 5335 2025 5391 Domini

457 5446 564 5484 non
600 5429 805 5494 habeo;
851 5429 1140 5483 consilium
1174 5436 1352 5481 tamen
1387 5428 1474 5491 do,
1517 5435 1774 5498 tanquam
1815 5429 2029 5483 miscri-

455 5521 699 5576 cordiam
733 5531 1064 5576 consecutus
1097 5515 1410 5580 a‘Domino,
1455 5517 1506 5569 in
1565 5517 1667 5572 hoc
1707 5526 1765 5571 ut
1809 5519 1909 5571 sint
1969 5520 2026 5572 li-

457 5614 619 5667 dt-lis.
651 5612 899 5667 Arbitror
930 5609 1098 5680 igitur
1142 5608 1246 5663 hoc
1277 5608 1476 5662 bonum
1506 5623 1626 5664 esse
1642 5618 1859 5680 propter
1885 5625 2026 5682 pra:-

459 5715 666 5761 sentem
715 5705 1114 5760 necessitatem.
1148 5699 1258 5770 24,
1302 5697 1436 5755 Nam
1475 5701 1674 5756 bonum
1711 5710 1791 5758 est
1821 5700 2026 5761 homini

2131 4533 2258 4577 τως.
2277 4517 2432 4584 Λέγω
2457 4518 2519 4588 δὴ
2540 4520 2658 4582 ταῖς
2677 4519 2913 4590 ἀγάμοις
2935 4522 3027 4574 καὶ
3049 4523 3244 4590 χήραις
3265 4539 3278 4552 ·
3303 4521 3483 4575 Καλὸν
3511 4522 3700 4586 αὐτοῖς

2131 4605 2281 4656 ἐστιν
2313 4605 2400 4659 ἵνα
2436 4607 2696 4676 μείνωσιν
2728 4609 2800 4671 ὡς
2827 4609 3006 4676 κάγώ.
3040 4609 3101 4664 Ei
3129 4611 3188 4664 δὲ
3215 4611 3315 4664 οὐκ
3338 4613 3707 4682 ιγκρατεύον-

2131 4712 2243 4759 ται,
2281 4698 2691 4770 γαμησάτωσαν
2715 4716 2729 4732 ’
2784 4705 3034 4770 κρεῖσσον
3066 4704 3173 4773 γάρ
3207 4706 3354 4757 ἐστιν
3384 4708 3643 4774 γαμῆσαι
3672 4705 3705 4774 ἦ

2136 4789 2474 4857 πυροῦσθαι..
2502 4792 2628 4855 Τοῖς
2661 4791 2717 4845 δὲ
2752 4794 3098 4862 γεγαμηκόσι
3151 4795 3558 4866 παραγγέλλω,
3606 4797 3711 4850 οὐκ

2132 4878 2265 4946 ἐγὼ,
2298 4878 2411 4932 ἀλλ’
2445 4881 2473 4932 ὀ
2503 4881 2725 4951 Κύριος,
2760 4884 2999 4950 γυναῖκα
3036 4885 3144 4939 ἀπὸ
3184 4885 3376 4954 ἀνδρὸς
3427 4887 3504 4955 μὴ
3534 4903 3710 4955 χωριο

2135 4969 2326 5037 σθῆναι
2351 4983 2366 5000 °
2406 4972 2501 5024 ἐὰν
2531 4972 2586 5026 δὲ
2631 4974 2728 5026 καὶ
2751 4975 3020 5045 χωρισθῇ,
3054 4978 3263 5046 μενέτω
3289 4978 3531 5047 ἄγαμος,
3567 4979 3602 5049 ἢ
3630 4977 3711 5048 τῷ

2131 5061 2287 5132 ἀνδρὶ
2326 5063 2744 5134 καταλλαγήτωο
2783 5067 2877 5122 καὶ
2902 5068 3071 5142 ἄνδρα
3093 5073 3330 5136 γυναῖκα
3359 5074 3436 5143 μὴ
3465 5073 3706 5141 ἀφιέναι.

2207 5336 2342 5406 Περὶ
2369 5335 2425 5389 δὲ
2453 5336 2558 5388 τῶν
2593 5338 2877 5407 παρθένων
2917 5342 3179 5412 ἐπιταγὴν
3200 5344 3406 5413 Κυρίου
3439 5345 3544 5398 οὐκ
3573 5345 3702 5415 εχω·

2136 5430 2365 5498 γνώμην
2395 5429 2450 5482 δὲ
2479 5429 2670 5499 δίδωμι
2698 5430 2772 5496 ὡς
2803 5434 3103 5502 ἠλεημένος
3131 5435 3235 5488 ὑπὸ
3279 5437 3488 5506 Κυρίου
3522 5438 3710 5499 πιστὸς

2134 5515 2296 5574 εἶναι.
2329 5520 2555 5591 Νομίζω
2579 5519 2673 5577 οὖν
2694 5521 2852 5576 τοῦτο
2875 5525 3038 5578 καλὸν
3064 5525 3332 5596 ὑπάρχειν
3351 5527 3442 5580 διὰ
3471 5529 3577 5596 τὴν
3597 5529 3710 5581 ivs-

2139 5611 2353 5665 στῶσαν
2378 5613 2647 5682 ἀνάγκην,
2674 5615 2755 5668 ὅτι
2777 5615 2942 5670 καλὸν
2970 5617 3244 5688 ἀνθρώπῳ
3265 5618 3324 5672 τὸ
3350 5619 3527 5683 οὕτως
3546 5618 3708 5674 εἶναι.

2135 5703 2360 5760 Δέδεσαι
2391 5709 2612 5774 γυναικί
2631 5724 2645 5774 ;
2697 5708 2772 5780 μὴ
2808 5709 2964 5782 ζήτει
2997 5711 3171 5766 λύσιν.
3202 5711 3436 5767 Λέλυσαι
3470 5714 3587 5768 ἀπὸ
3618 5730 3710 5781 γυο
