3960 6196
453 249 562 312 815

457 451 561 508 bus
592 464 689 508 aut
719 457 896 513 tribus
930 460 1159 517 testibus
1193 463 1486 542 moriatur.

530 543 670 602 Ibid.
703 564 792 604 xx.
838 548 1161 623 Quicunque
1215 555 1577 612 concubuerit
1624 571 1747 611 cum
1798 560 2043 614 masculo

456 638 748 693 concubitu
805 642 1079 708 muliebri,
1133 646 1601 704 abominationem
1659 648 1808 706 fecit.
1867 650 2042 707 Ambo

459 729 768 784 moriantur
800 748 816 796 ;
852 733 931 788 rei
964 744 1114 790 sunt.

534 817 646 873 Viri
686 837 910 878 uxorem
970 840 1348 898 corrumpere,
1404 829 1499 885 ira:
1549 827 1790 886 furorem
1841 832 2045 887 excitat

462 908 556 978 qui
625 915 893 969 contineri
959 920 1164 988 nequit.
1219 917 1314 975 Est
1363 920 1509 975 enim
1543 921 1682 989 ignis
1730 922 1925 980 ardens
1977 940 2042 979 ex

461 1004 720 1059 omnibus
767 1010 1049 1077 membris,
1100 1027 1200 1067 nec
1246 1013 1416 1068 semel
1462 1013 1746 1085 ingressus
1775 1015 2044 1072 radicitus

461 1097 624 1164 perit.

531 1191 635 1256 Qui
674 1204 864 1249 serunt
892 1196 1154 1263 absurda,
1187 1198 1405 1255 dolores
1463 1208 1670 1256 melent
1725 1202 1830 1258 sibi
1877 1203 2046 1274 ipsis.

460 1280 537 1335 Ex
567 1295 841 1354 praecepto
871 1287 1081 1342 Domini
1109 1292 1382 1361 peribunt,
1402 1297 1455 1346 et
1484 1307 1514 1346 a
1537 1293 1732 1362 spiritu
1762 1293 1853 1348 ira:
1875 1293 2046 1364 ipsius

463 1377 852 1433 aholebuntur.

541 1467 728 1523 Nullus
790 1482 873 1525 est
929 1472 1082 1526 locus
1140 1474 1231 1529 ubi
1284 1476 1634 1532 occultentur
1693 1477 1881 1548 iniqua
1953 1477 2038 1532 ia-

460 1560 690 1616 cientes.

534 1653 692 1708 Prov.
723 1671 776 1713 v.
805 1656 930 1724 Fili,
966 1659 1089 1714 bibe
1118 1676 1291 1731 aquas
1323 1662 1391 1718 de
1419 1663 1530 1719 tuis
1564 1665 1709 1722 vasis
1750 1674 1806 1720 et
1838 1665 1905 1720 de
1937 1665 2044 1721 tuis

459 1746 638 1810 puteis
673 1748 869 1816 fontis;
905 1751 1029 1808 lous
1073 1764 1200 1811 tuus
1231 1772 1385 1825 aqua:
1419 1759 1489 1814 sit
1534 1759 1627 1813 tibi
1666 1759 1953 1829 pr0prius,
1987 1768 2044 1814 et

460 1836 650 1892 hetare
713 1857 836 1894 cuin
911 1858 1080 1900 uxore
1142 1846 1196 1900 in
1249 1850 1536 1917 iuventute
1592 1850 1686 1904 tibi
1744 1851 2041 1920 desponsa.

466 1927 546 1981 Ne
579 1931 657 1984 sis
705 1931 911 1989 eti‘usns
968 1937 1022 1990 in
1083 1939 1339 2003 alienam,
1373 1956 1474 1996 nec
1527 1941 1840 2012 implicator
1899 1943 2041 1999 ulnis

462 2034 568 2072 non
603 2026 861 2090 propriis.
886 2026 1025 2082 Sunt
1068 2030 1214 2084 enim
1250 2031 1349 2086 viae
1383 2032 1620 2089 hominis
1653 2049 1836 2090 coram
1863 2034 2044 2092 oculis

464 2111 556 2166 Dei
580 2153 596 2179 ,
628 2122 682 2169 et
709 2133 901 2173 omnes
937 2122 1167 2178 semitas
1186 2124 1304 2194 ejus
1332 2127 1553 2196 aspicit.

537 2291 678 2348 Ibid.
712 2312 787 2351 vi.
813 2297 958 2356 Cave
990 2300 1088 2356 tibi
1122 2317 1152 2356 a
1178 2303 1407 2359 muliere
1448 2314 1640 2375 nupta,
1671 2321 1738 2362 ne
1771 2315 1822 2362 te
1853 2306 2040 2363 vincat

462 2385 888 2453 pulchritudinis
933 2392 1305 2460 desiderium,
1348 2411 1528 2466 neque
1573 2399 1814 2469 capiaris
1867 2401 2040 2457 oeulis

465 2479 593 2544 tuis,
635 2496 736 2534 nec
791 2483 877 2536 illa
930 2493 982 2538 te
1031 2485 1306 2555 palpebris
1363 2492 1478 2542 suis
1535 2491 1734 2559 rapiat.
1796 2491 2036 2548 Pretium

461 2569 602 2624 enim
635 2573 822 2637 scorti,
860 2587 1122 2643 quantum
1152 2587 1204 2632 et
1233 2579 1398 2634 unius
1423 2581 1600 2648 panis.
1633 2581 1824 2637 Mulier
1856 2594 2037 2638 autem

465 2661 704 2717 virorum
731 2667 1000 2736 pretiosas
1023 2669 1239 2725 animas
1269 2673 1433 2740 capit.
1468 2672 1608 2726 Num
1635 2674 1833 2743 aliquis
1860 2677 2037 2745 ignem

463 2753 516 2808 in
553 2755 673 2810 sinu
708 2757 945 2824 fovebit,
973 2771 1030 2816 et
1081 2763 1399 2819 vestimenta
1455 2781 1566 2820 non
1615 2767 2040 2822 comburet‘illa

465 2850 559 2920 qui
610 2851 774 2907 fuerit
821 2853 1106 2924 ingressus
1161 2857 1228 2912 ad
1283 2861 1568 2915 mulierem
1623 2872 1868 2931 nuptam,
1928 2880 2042 2918 non

463 2948 570 3000 erit
603 2963 798 3018 expers
832 2950 1015 3018 gravis
1067 2964 1265 3019 pinnae,
1313 2968 1414 3008 nec
1463 2953 1726 3009 innocens
1753 2956 1855 3009 erit
1888 2957 2042 3026 quis-

1763 264 2045 325 ΑΝΤΟΝΙ

2152 263 2475 325 ΑΕῌΞΞίΕ
3455 297 3458 300 ~
3575 271 3604 329 ἑξ
3633 272 3659 330 6

532 360 695 420 Leuit.
725 377 898 419 xxxii.
921 363 1107 424 lrritas
1135 367 1339 426 faciens
1366 369 1588 442 nuptias
1618 373 1744 438 viri,
1776 376 1878 430 sub
1910 376 2048 429 duo-
2076 375 2124 433 A

2238 377 2536 444 Ἀοετήσας
2581 391 2663 438 τις
2695 375 2873 442 γάμον
2920 371 3110 442 ἀνδρὸς
3166 371 3253 424 ἐπὶ
3296 371 3431 426 δυσὶν
3475 376 3503 446 ἢ
3545 388 3661 451 τριπξ

2149 467 2418 536 μάρτυσιν
2447 467 2806 534 ἀποθνήσκει.

2217 561 2543 632 Ἀνθρωπος
2595 560 2653 623 ὃς
2687 561 2751 615 ἂν
2797 561 3038 632 κοιμηθῇ
3074 560 3212 632 μετὰ
3255 561 3462 633 ἄρσενος
3511 568 3662 639 κοίτην

2143 651 2406 721 γυναικὸς
2431 691 2446 717 ,
2482 651 2761 721 βδέλυγμα
2801 651 3058 722 ἐποίησεν
3079 667 3093 682 ·
3125 651 3418 722 ἀμφότεροι
3447 651 3668 710 (iuvato-3-

2146 744 2398 798 σθωσανο
2436 745 2611 816 ἔνοχοί
2645 747 2804 801 εἰσιν.

2219 839 2401 907 Θυμδς
2446 841 2616 911 ὀργῆς
2665 840 3042 912 ἀκατάσχετος
3072 840 3134 895 τδ
3185 843 3368 913 μιᾶναι
3398 844 3566 914 ἀνδρὸς
3589 861 3667 914 γυ-

2143 934 2335 985 ναῖκα.
2365 932 2480 1004 Πῦρ
2507 935 2616 1004 γάρ
2647 936 2763 987 ἐστι
2795 934 3088 1004 καιόμενον
3125 935 3189 990 ἐκ
3233 935 3438 990 πάντων
3471 937 3568 992 τῶν
3591 956 3669 1008 με-

2144 1025 2275 1089 λῶν,
2308 1025 2418 1078 οὐδ’
2447 1024 2513 1079 ἀν
2554 1027 2794 1098 είσέλθῃ,
2832 1029 2895 1080 ἐκ
2927 1027 3094 1098 ῥιζῶν
3133 1028 3429 1084 ἀπώλεσεν.

2230 1205 2292 1259 Οἱ
2330 1204 2645 1275 σπείροντες
2675 1206 2741 1260 τὰ
2775 1207 2953 1263 ἄτοπα
2998 1208 3194 1274 ὀδύνας
3235 1210 3522 1281 θερίσουσιν
3566 1213 3672 1264 ἑαυ-

2145 1296 2279 1360 τοῖς.
2328 1296 2464 1350 Ἀπὸ
2497 1299 2927 1368 προστάγματος
2960 1301 3172 1370 Κυρίου
3223 1301 3553 1371 ἀπολοῦνται,
3583 1303 3672 1358 ἀπὸ

2145 1388 2204 1442 δὲ
2241 1391 2554 1462 πνεύματος
2583 1392 2759 1464 ὀργῆς
2795 1393 2962 1450 αὐτοῦ
2997 1396 3473 1467 ἀφανισθήσονται.

2229 1483 2344 1537 Οὐκ
2375 1483 2490 1540 ἔστι
2524 1486 2688 1550 τόπος
2730 1487 2825 1542 τοῦ
2863 1489 3136 1560 κρυϐῆναι
3170 1489 3298 1554 τοὺς
3331 1489 3592 1555 ποιοῦντας
3620 1490 3676 1544 τὲ

2147 1572 2344 1644 ἄνομα.
3445 1649 3447 1654 η

2221 1668 2341 1733 Υἱὲ,
2377 1671 2498 1724 πίνε
2537 1672 2705 1728 ῦδατα
2753 1673 2864 1728 ἀπὸ
2892 1675 3001 1728 σῶν
3051 1677 3312 1744 ἀγγείων,
3343 1676 3435 1731 καὶ
3460 1677 3555 1730 ἀπὸ
3591 1675 3679 1728 σῶν

2150 1763 2408 1833 φρεάτων
2437 1765 2644 1836 πηγῆς·
2678 1767 2711 1836 ἠ
2743 1767 2895 1838 πηγή
2952 1785 3044 1821 σου
3093 1769 3188 1824 τοῦ
3235 1769 3421 1832 ὕδατος
3458 1768 3584 1823 Esto)
3611 1785 3681 1820 σοι

2149 1854 2324 1925 ἡδεῖα,
2354 1857 2448 1909 καὶ
2480 1860 2874 1930 συνευφραίνου
2912 1861 3053 1929 μετά
3102 1862 3362 1929 γυναικὸς
3390 1861 3480 1930 τῆς
3510 1862 3566 1914 ὲκ
3586 1861 3681 1912 νεό-

2151 1950 2314 2020 τητός
2365 1967 2480 2005 σου.
2519 1951 2612 2023 Μὴ
2665 1953 2832 2017 πολὺς
2893 1953 3002 2007 ῐσθι
3049 1955 3184 2025 πρὸς
3237 1955 3533 2026 ἀλλοτρίαν,
3570 1952 3679 2024 μηδέ

2153 2041 2379 2110 συνέχον
2407 2043 2675 2109 ἀγκάλαις
2709 2048 2828 2108 ταῖς
2858 2047 2934 2118 μὴ
2972 2047 3148 2112 ίδὶαις.
3190 2049 3448 2102 Ἐνὼπιον
3473 2047 3568 2116 γάρ
3592 2048 3680 2098 sic:

2149 2132 2259 2186 τῶν
2288 2126 2546 2190 τοῦΘεοῦ
2576 2138 2873 2208 ὀφθαλμῶν
2906 2141 3016 2196 ὁδοὶ
3053 2141 3287 2213 ἀνδρδςε
3339 2143 3413 2207 είς
3445 2141 3497 2196 δὲ
3534 2140 3681 2201 nivis

2149 2224 2376 2291 τροχιὰς
2406 2225 2573 2280 αὐτοῦ
2606 2229 2892 2283 σκοπεῦει.

2225 2316 2506 2372 Φυλάσσου
2539 2321 2651 2374 ἀπὸ
2680 2324 2935 2391 γυναικὸς
2972 2324 3272 2394 ὑπάνδρου,
3309 2325 3380 2393 μή
3411 2339 3467 2374 σε
3508 2320 3682 2385 νικήσει

2149 2409 2381 2472 κάλλους
2432 2413 2718 2484 ἐπιθυμία,
2759 2417 2894 2486 μηδὲ
2929 2418 3203 2488 ἀγρευθῇς
3243 2422 3355 2481 σοῖς
3403 2414 3687 2484 ὀφθαλμοῖς.

2151 2504 2287 2574 μηδὲ
2341 2509 2748 2577 συναρπασάτω
2781 2527 2838 2564 σε
2868 2512 2981 2574 τοῖς
3013 2512 3309 2581 βλεφάροις
3339 2511 3518 2580 αὐτῆς.
3559 2505 3682 2574 “iiii

2149 2597 2258 2667 γὰρ
2291 2601 2518 2672 πόρνης,
2553 2604 2652 2665 ὅση
2700 2608 2796 2658 καὶ
2829 2605 2946 2670 ὲνὺς
2992 2608 3180 2674 ἄρτου.
3230 2605 3376 2676 Γυνὴ
3422 2605 3474 2658 δὲ
3511 2600 3682 2670 ἀνδρῶν

2146 2691 2350 2759 τιμίων
2379 2692 2558 2764 ψυχὰς
2588 2697 2840 2766 ἀγρεύει.
2883 2699 3168 2753 Ἀποδύσει
3196 2717 3289 2764 τις
3313 2699 3422 2769 πῦρ
3441 2700 3492 2751 ἐν
3517 2695 3688 2760 κῶπφν

2149 2784 2220 2835 τὰ
2266 2785 2325 2837 δὲ
2367 2787 2559 2854 ἱμάτια
2611 2791 2674 2843 οὐ
2721 2791 3100 2857 κατακαῦσεις
3151 2791 3346 2856 Οὕτως
3395 2794 3423 2845 ὁ
3467 2785 3688 2844 εἰσελθὼν

2152 2875 2290 2942 πρὸς
2325 2881 2564 2944 γυναῖκα
2597 2879 2868 2952 ῦπανδρον
2903 2884 3003 2938 οὐκ
3040 2883 3398 2954 ἀτιμώρητος
3436 2882 3572 2934 ἔσται
3609 2893 3689 2929 κα-

2153 2968 2299 3021 κῶνο
2333 2970 2597 3036 ὡσαύτως
2629 2973 2729 3027 οὐκ
2763 2976 3157 3045 ἀθωωθήσεται
3205 2978 3320 3039 πᾶς
3359 2976 3389 3029 ὁ
3429 2973 3690 3040 ἁπτόμενος

463 3039 588 3107 quis
616 3055 734 3092 eam
765 3039 1025 3108 tetigerit.
1055 3038 1174 3094 Non
1206 3043 1403 3097 mirum
1432 3053 1516 3098 est
1543 3045 1778 3112 aliquem
1808 3046 1861 3099 in
1895 3046 2042 3101 furto

2152 3061 2336 3129 αὐτῆς.
2368 3063 2443 3115 Οὐ
2477 3061 2792 3131 θαυμαστὸν
2821 3068 2914 3119 ἐὰν
2944 3038 3056 3135 ἁλῷ
3077 3083 3162 3130 τις
3191 3038 3477 3120 κλέπτων·
3504 3038 3690 3116 κλέπτει

463 3131 835 3201 deprehendi;
880 3131 1094 3186 furatur
1137 3135 1279 3187 enim
1330 3143 1389 3188 ut
1427 3137 1661 3190 esuriem
1710 3138 1910 3208 pellat;
1947 3139 2042 3194 de-

465 3223 765 3292 prehensus
795 3233 977 3278 autem
1017 3226 1675 3296 numerabitseptuplum,
1697 3239 1749 3283 et
1777 3231 2037 3300 expensis

463 3313 657 3381 opibus
683 3314 954 3370 uni-versis
1009 3315 1251 3384 seipsum
1293 3316 1506 3385 eripiet.
1538 3317 1603 3371 At
1659 3319 1932 3386 moechus,
1967 3322 2038 3375 ob

462 3407 705 3478 inOpiam
726 3407 947 3471 mentis,
974 3407 1332 3477 perditionem
1353 3409 1548 3464 animae
1571 3425 1684 3465 suae
1711 3415 1964 3478 accersit,
1991 3421 2044 3466 et

468 3499 766 3571 ignominia
821 3499 940 3568 ejus
999 3508 1258 3568 perpetuo
1318 3499 1561 3555 durabit.
1620 3501 1851 3556 Animus
1883 3505 2036 3572 enim

468 3591 651 3646 mariti
717 3591 911 3662 plenus
983 3603 1066 3648 est
1143 3592 1303 3659 zelo;
1371 3608 1478 3647 non
1549 3603 1733 3662 parcet
1798 3604 2041 3665 tempore

465 3685 742 3750 vindicta,
814 3701 916 3741 nec
972 3687 1082 3741 ullo
1147 3687 1321 3757 pretio
1387 3687 1730 3742 inimicitiam
1796 3704 2043 3744 commu-

469 3779 626 3845 tabit,
689 3793 867 3850 neque
915 3781 1075 3834 donis
1133 3791 1412 3850 utcunque
1475 3781 1664 3837 multis
1715 3797 1778 3836 ea
1845 3781 2044 3838 dissol-

466 3880 591 3925 γριιι
602 3887 644 3923 1⁶.

541 3960 654 4032 28
670 3961 767 4016 ille!
785 3961 1018 4017 distillat
1037 3979 1068 4017 a
1082 3963 1244 4020 labiis
1263 3968 1588 4034 meretricis,
1617 3969 1708 4023 sed
1731 3977 1784 4024 tu
1806 3969 2041 4036 resilias,

472 4070 573 4110 nec
603 4056 914 4110 immoreris
967 4057 1021 4109 in
1060 4056 1184 4111 loco
1215 4058 1359 4128 ejus,
1418 4075 1520 4116 nec
1574 4059 1766 4117 oculos
1814 4074 1936 4117 tuos
1988 4064 2043 4117 in

469 4160 590 4199 eam
615 4144 840 4213 deligas.
871 4145 1101 4202 Abstine
1134 4161 1274 4216 aqua
1301 4149 1477 4206 aliena
1507 4161 1562 4206 et
1595 4167 1658 4206 ex
1691 4152 1840 4208 fonte
1866 4153 2046 4211 alieno

472 4252 541 4291 ne
572 4237 792 4300 biberis,
831 4243 889 4290 ut
920 4238 1155 4293 multum
1190 4240 1453 4310 temporis
1491 4241 1646 4297 vivas
1671 4258 1688 4309 ;
1721 4243 2047 4312 adjicientur

473 4338 657 4384 autem
689 4329 783 4382 tibi
816 4327 946 4382 anni
979 4329 1120 4386 vitae.

545 4509 754 4566 Sirach.
788 4526 926 4566 χιιι.
958 4510 1172 4566 Homini
1209 4515 1500 4568 scortatori
1535 4513 1715 4584 quivis
1737 4513 1893 4569 cibus
1919 4529 2050 4570 sua-

477 4605 559 4660 vis
585 4615 667 4660 est
698 4621 714 4672 ;
753 4619 859 4659 non
895 4605 1132 4660 cessabit
1163 4605 1334 4661 donec
1363 4606 1612 4662 intereat.

546 4697 744 4752 Athan.
798 4697 900 4765 Qui
962 4696 1196 4752 formam
1232 4700 1597 4768 concupiscit.
1652 4701 1902 4769 qualnvis
1933 4700 2052 4756 sine

475 4790 743 4857 facinore,
787 4799 1070 4858 peccatum
1100 4791 1221 4844 sine
1259 4801 1395 4847 teste
1432 4792 1728 4847 connnisit.

544 4881 816 4950 Chrysost.
851 4881 1026 4938 Raiix
1069 4883 1322 4938 adulterii
1379 4895 1460 4939 est
1515 4886 1737 4941 curiosa
1785 4885 2054 4958 inspectio

474 4972 530 5024 in
568 4971 785 5026 facient.

545 5065 848 5122 Seniorum.
879 5065 979 5130 Qui
1009 5067 1290 5136 corporeis
1329 5067 1698 5136 voluptatibus
1743 5079 2043 5135 tentantur,

479 5163 604 5215 l'cet
635 5159 958 5228 corporibus
1009 5176 1114 5212 non
1175 5159 1605 5228 cmijungantur,
1649 5162 1833 5216 animo
1869 5172 2050 5217 tamen

475 5252 698 5309 scortati
734 5262 881 5306 sunt.

861 5365 1101 5422 SERMO
1146 5366 1256 5420 XVI
1293 5367 1389 5438 [αι.
1426 5365 1687 5436 CLXXI].

694 5505 769 5558 De
799 5506 1064 5575 injustitin
1097 5516 1144 5559 et
1171 5496 1380 5575 peccato
1411 5516 1458 5558 et
1483 5505 1836 5573 confessione.

551 5615 715 5673 Num.
748 5637 801 5676 ν.
836 5621 930 5674 Vir
960 5633 1053 5676 aut
1101 5622 1318 5686 mulier,
1360 5621 1672 5691 quicunque
1713 5622 2054 5678 commiserit

482 5719 760 5773 peccatum
826 5713 1042 5782 aliquod
1101 5716 1436 5778 lnnnzmum,
1501 5723 1554 5768 et
1604 5715 2054 5782 prmvaricationc

2150 3155 2262 3224 γὰρ
2292 3155 2379 3208 ἵνα
2411 3157 2666 3230 ἐμπλήσῃ
2696 3157 2794 3229 τὴν
2821 3157 2999 3228 ψυχὴν
3025 3158 3188 3213 αὑτοῦ
3218 3159 3490 3216 πεινῶσαν
3507 3173 3519 3186 ·
3546 3156 3627 3209 saw
3647 3153 3695 3205 δὲ

2155 3245 2291 3316 ἀλῷ,
2317 3247 2568 3300 ἀποτίσει
2601 3249 2970 3316 ὲπταπλάσια,
2998 3251 3094 3303 καὶ
3114 3251 3301 3306 πάντα
3328 3252 3394 3305 τὰ
3425 3247 3698 3316 ὑπάρχοντα

2154 3337 2320 3391 αὐτοῦ
2346 3338 2491 3403 δοὺς.
2524 3340 2750 3409 ῥύσεται
2781 3341 2995 3396 ἑαυτόν.
3033 3343 3090 3396 '0
3122 3343 3178 3396 δὲ
3218 3340 3410 3414 μοιχὸς
3438 3339 3500 3392 δι’
3521 3336 3696 3392 ἔνδειαν

2153 3429 2370 3500 φρενῶν
2399 3430 2677 3486 ἀπώλειαν
2720 3435 2786 3504 τῇ
2820 3433 3015 3488 ἑαυτοῦ
3048 3434 3199 3506 ψυχῇ
3229 3433 3618 3505 περιποιεῖται·
3645 3424 3694 3476 τό

2151 3536 2208 3572 τε
2239 3519 2439 3584 ὄνειδος
2471 3521 2635 3575 αὑτοῦ
2667 3523 2770 3577 οῦκ
2803 3525 3264 3593 ἐξαλειφθήσεται
3296 3526 3376 3589 είς
3405 3521 3491 3576 τὸν
3533 3517 3690 3573 αἰῶνα.

2155 3613 2370 3676 Μεστδς
2397 3613 2506 3684 γὰρ
2533 3613 2699 3683 ζήλου
2726 3616 2897 3686 θυμὸς
2928 3617 3116 3688 ἀνδρὸς
3141 3616 3348 3688 αὐτῆς·
3382 3615 3443 3669 οὗ
3469 3615 3696 3683 φείσετὲίσ

2153 3705 2211 3757 ὲν
2240 3705 2421 3777 ἡμέρᾳ
2453 3706 2709 3777 κρίσεως,
2735 3707 2835 3762 οὐκ
2870 3708 3268 3774 ἀνταλλάξεται
3302 3708 3509 3766 οὐδενὸς
3533 3701 3692 3770 λύτρθυ

2152 3797 2257 3868 τὴν
2290 3799 2516 3871 ἔχθραν,
2551 3801 2674 3855 οὐδὲ
2711 3803 2787 3873 μὴ
2815 3803 3040 3874 διαλυθῇ
3069 3802 3291 3858 πολλῶν
3315 3801 3525 3873 δώρων.

2232 3981 2369 4036 Μέλι
2419 3980 2720 4046 ἀποστάξει
2774 3981 2883 4035 sua
2922 3981 3150 4051 χειλέων
3207 3980 3474 4051 γυναικὸς
3507 3977 3696 4047 πόρνης

2159 4072 2296 4126 ἀλλὰ
2324 4072 2700 4142 ἀποπήδησον,
2731 4073 2806 4142 μὴ
2837 4073 3157 4144 ὲγχρονίσῃς
3187 4074 3254 4128 ὲν
3275 4073 3354 4142 τῷ
3375 4075 3519 4140 τόπῳ
3539 4064 3700 4132 αὐτῆς,

2160 4166 2296 4237 μηδὲ
2328 4166 2629 4237 ἐπιστήσῃς
2657 4165 2716 4218 τὸ
2745 4165 2836 4218 σὺν
2859 4165 3014 4235 δμμα
3048 4165 3184 4236 πρὸς
3217 4167 3413 4238 αὑτήν.
3456 4161 3580 4217 une
3601 4155 3702 4211 sa:-

2158 4275 2246 4322 τος
2295 4257 2574 4326 ἀλλοτρίου
2607 4257 2876 4326 ἀπόσχου,
2929 4257 3024 4310 καὶ
3068 4257 3178 4310 ἀπὸ
3232 4256 3423 4328 πηγῆς
3453 4245 3704 4318 ἀλλοτρίας

2163 4351 2237 4420 μὴ
2272 4351 2426 4422 πῖῃς.
2461 4350 2545 4402 ἵνα
2565 4349 2730 4402 πολὺν
2765 4349 2936 4419 ζήσῃς
2967 4348 3191 4420 χρόνονο
3224 4345 3638 4421 προστεθήσεται
3659 4332 3707 4388 δέ

2085 4420 2127 4474 θ
2159 4462 2238 4496 σοι
2273 4420 2368 4512 sm
2398 4443 2562 4512 ζωῆς.

2239 4536 2360 4589 Ἀνθ
2371 4538 2538 4606 ρώπῳ
2583 4535 2766 4604 πόρνῳ
2811 4537 2919 4599 πᾶς
2952 4535 3116 4606 ἄρτος
3143 4536 3278 4606 qm;
3299 4552 3313 4567 ·
3345 4534 3407 4588 οὐ
3439 4529 3514 4601 μὴ
3541 4519 3704 4582 atoma-

2158 4647 2239 4681 σει
2271 4629 2375 4690 ἕως
2409 4629 2475 4681 ἂν
2505 4629 2830 4699 τελευτήσῃ.

2235 4722 2294 4774 '0
2325 4720 2675 4790 ἐπιθυμήσας
2707 4721 2938 4783 κάλλους
2986 4723 3077 4773 καὶ
3123 4721 3247 4790 δίχα
3306 4720 3408 4789 τῆς
3459 4712 3692 4786 πράξεως.

2158 4815 2479 4885 ἀμάρτυρον
2511 4814 2610 4884 τὴν
2647 4815 2924 4883 ἁμαρτίαν
2956 4813 3277 4882 εἰργάσατο.

2234 4907 2383 4970 Ῥίζα
2414 4907 2660 4975 μοιχείας
2694 4907 2727 4973 ὴ
2762 4905 3056 4976 περίεργος
3092 4904 3188 4957 θέα
3215 4905 3332 4956 τῶν
3363 4901 3556 4971 δψεων.

2228 5087 2291 5136 0i
2323 5084 2712 5155 πειραζόμενοι
2741 5086 2847 5138 ὑπδ
2880 5087 3213 5154 σωματικῶν
3244 5085 3478 5155 ἡδονῶν,
3525 5078 3615 5133 κᾶν
3644 5067 3706 5142 μὴ

2157 5179 2502 5247 πλησιλάσωσι
2539 5177 2780 5247 σώμασι,
2821 5179 2962 5231 κατὰ
2994 5179 3236 5233 διάνοιαν
3280 5178 3673 5246 ὲξεπόρνευσανι

2793 5380 3013 5433 ΛΟΓΟΣ
3045 5377 3160 5447 ις’.

2157 5509 2299 5577 Περὶ
2349 5510 2586 5577 ἀδικίας
2636 5511 2732 5565 καὶ
2795 5513 3085 5581 ἁμαρτίας
3112 5511 3209 5565 καὶ
3265 5505 3706 5581 ἐξαγασρεύσειικ·

2242 5623 2427 5694 Ἀνὴρ,
2462 5629 2644 5695 φησὶν,
2675 5626 2706 5696 ἢ
2741 5628 2897 5694 γυνὴ,
2928 5629 3075 5689 ὅστις
3115 5626 3179 5680 ἂν
3232 5626 3436 5694 πο;ἠσῃ
3477 5620 3576 5673 ἀπὸ
3617 5614 3707 5665 τῶν

2162 5716 2450 5787 ἁμαρτιῶν
2477 5717 2582 5772 τῶν
2614 5718 2937 5788 ἀνθρώπων,
2970 5720 3067 5774 καὶ
3100 5717 3350 5788 παριδὼν
3385 5712 3598 5784 παρίδῃ.
3630 5703 3708 5758 καὶ
