3980 6188
355 275 460 339 817

1200 284 1370 343 LOi‘l
1409 285 1844 349 COMMUNES.
1883 311 1941 322 -
1975 290 2167 350 PARS
2199 293 2246 352 Ι.
2291 292 2550 351 SERMO
2592 294 2742 355 Χνι.

3503 291 3608 357 818

361 385 726 490 πλημμελήσῃ
763 388 796 458 ἡ
825 388 973 463 ψυχὴ
1003 393 1206 465 ἐκείνη,
1243 395 1591 466 ἐξαγορεύσει
1620 399 1718 470 τὴν
1751 401 1931 470 ἁμαρ-

2055 403 2430 457 trmvaricatus
2488 403 2722 490 Merit,-
2767 413 2822 459 et
2880 405 3064 460 anima
3115 403 3236 474 cius
3290 404 3605 474 deliquerit,

354 478 476 530 τίαν
496 477 565 549 ἢν
597 479 873 547 ἐποίησεν.

427 569 554 622 Ἐὰν
605 571 773 644 νοήσῃ
825 573 1110 646 ἄνθρωπος
1158 580 1222 648 τῇ
1280 579 1476 652 καρδίᾳ
1522 553 1925 652 ἐπιστραφῆναι

353 662 492 731 πρὸς
540 662 769 733 Κύριον,
801 665 1095 736 ἀναγγελεῖ
1138 671 1193 724 δὲ
1246 672 1520 744 ἀνθρώπῳ
1576 675 1674 744 τὴν
1729 674 1925 729 ἑαυτοῦ

356 753 587 822 μέμψιν,
620 755 712 808 καὶ
735 755 1104 815 εἰσελεύσεται
1131 762 1405 835 προσώπῳ
1429 765 1654 835 καθαρῷ
1681 765 1777 819 σὺν
1801 765 1928 836 ἐξη-

350 846 533 915 γορίᾳ.

433 939 641 994 ’Δδικὶα
671 942 728 994 ὲν
754 942 935 1014 διαίτη
961 961 1053 998 σου
1090 946 1165 1018 μὴ
1197 946 1518 1013 αὐλιζέσθω.

431 1032 490 1085 Ὀ
519 1033 750 1101 ἀγαπῶν
780 1035 879 1106 τὴν
908 1038 1120 1092 ἀδικίαν
1146 1041 1297 1109 μισεῖ
1321 1041 1420 1112 τὴν
1443 1041 1638 1096 ἑαυτοῦ
1667 1040 1864 1114 ψυχήν.

422 1217 768 1286 Παρανομίαι
800 1215 967 1288 ἄνδρα
991 1222 1308 1292 ἀγρεύουσι.
1337 1223 1549 1292 Σειραῖς
1579 1224 1635 1278 δὲ
1656 1225 1762 1277 τῶν
1791 1225 1924 1278 ἐαυ-

351 1306 446 1360 τοῦ
473 1309 888 1379 ἁμαρτημάτων
916 1311 1144 1377 ἕκαστος
1179 1314 1489 1384 σφίγγεται.

422 1490 634 1562 ’Ὥσπερ
659 1491 843 1562 δμφαξ
873 1491 1056 1546 ὀδοῦσι
1093 1495 1377 1568 βλαϐερὸς,
1407 1503 1500 1552 καὶ
1527 1502 1554 1553 ὁ
1588 1502 1794 1565 καπνὸς
1819 1503 1925 1574 ϐμ-

351 1599 537 1652 μασιν,
572 1581 742 1645 οὕτως
773 1588 1096 1657 παρανομία
1126 1591 1238 1652 τοῖς
1285 1592 1592 1662 χρωμένοις
1619 1594 1780 1666 αὐτῇ.

422 1675 620 1737 Γενεᾶς
653 1676 838 1730 ἀδίκου
875 1678 1085 1748 χαλεπὰ
1123 1681 1191 1733 τὰ
1219 1681 1371 1751 τέλη.

2031 498 2358 554 conﬁteatur
2396 506 2682 566 peccatum
2712 482 2863 570 quod
2902 501 3150 557 admisit.

2097 589 2226 644 Job.
2261 589 2324 645 Si
2379 591 2505 658 quis
2555 607 2622 646 ex
2689 592 2874 647 animo
2906 593 2972 648 ad
3023 594 3311 648 Domuum
3361 592 3605 648 conveni

2028 693 2317 754 proponat,
2343 695 2534 739 narret
2585 694 2765 740 autem
2805 687 2970 740 alicui
3027 687 3246 757 culpam
3307 701 3486 751 suam,
3525 685 3606 740 iu-

2032 777 2319 847 gredietur
2350 777 2492 832 facie
2521 793 2657 847 pura
2684 793 2806 833 cum
2838 779 3205 836 confessione.

2100 957 2372 1024 lnjustitia
2407 956 2458 1010 in
2499 956 2838 1012 habitatione
2873 969 2962 1011 tua
2993 971 3102 1011 non
3143 966 3410 1012 moretur.

2099 1048 2246 1104 Psal.
2297 1065 2354 1103 ι.
2402 1047 2504 1115 Qui
2551 1047 2726 1117 diligit
2783 1047 3134 1118 iniustitiam,
3191 1049 3308 1103 odit
3362 1049 3602 1103 animam

2028 1153 2205 1194 suam.
3367 1185 3370 1188 .

2102 1229 2257 1284 Prov.
2317 1247 2367 1284 ν.
2425 1229 2749 1299 Iniquitates
2810 1229 3087 1285 hominem
3156 1229 3398 1300 capiunt.
3454 1231 3606 1284 Cou-

2026 1321 2316 1390 stringitur
2347 1330 2530 1376 autem
2572 1320 2954 1392 unusquisque
2987 1321 3220 1377 vinculis
3251 1329 3602 1391 peccatorum

2026 1426 2274 1466 suOrutn.

2096 1501 2238 1556 Ibid.
2273 1519 2326 1556 ι.
2363 1503 2514 1557 Sicut
2547 1503 2800 1558 labrusca
2825 1502 3083 1558 dentibus
3119 1511 3302 1567 nocet,
3329 1515 3392 1556 ac
3420 1501 3606 1559 fumus

2025 1593 2233 1655 oculis,
2274 1595 2354 1647 sic
2394 1593 2657 1664 iniquitas
2683 1594 3068 1649 exercentibus
3100 1609 3243 1649 eam.

2098 1685 2392 1740 Hominum
2431 1689 2760 1756 injustorum
2811 1687 2933 1742 mali
2963 1694 3094 1742 sunt
3120 1687 3321 1744 exitus.

433 1764 661 1835 ’Δρετῆς
699 1765 798 1834 μὲν
835 1768 1059 1837 σημεῖον
1103 1769 1255 1824 οὐδὲν
1284 1770 1480 1842 ἔχομεν
1523 1773 1695 1841 δεῖξαι
1718 1788 1736 1805 ’
1768 1777 1826 1831 ὲν
1862 1777 1921 1832 δὲ

2094 1774 2389 1832 Ριοὺὶειιιίε
2455 1779 2675 1846 quidem
2742 1777 3017 1847 specimen
3074 1775 3324 1846 proferre
3391 1777 3600 1832 nullum

349 1858 417 1927 τῇ
453 1857 624 1928 κακίᾳ
662 1859 820 1928 ἡμῶν
847 1860 1399 1934 κατεδαπανήθημεν.

432 2038 519 2102 Ὠς
559 2040 668 2092 ἀπο
717 2040 1010 2110 προσώπου
1045 2039 1221 2110 ὄφεως
1260 2042 1430 2112 φεῦγε
1468 2044 1577 2096 ἀπὸ
1605 2045 1916 2114 ἁμαρτίαις⁹

343 2133 442 2186 ἐὰν
469 2130 793 2202 προσέλθῃς,
812 2131 1032 2202 δήξεταί
1056 2150 1137 2187 σε.
1159 2133 1406 2198 Ὀδόντες
1431 2134 1661 2188 λεόντων
1689 2139 1738 2188 οἱ
1770 2136 1920 2190 ὀδόν-

342 2240 437 2284 τες
465 2222 654 2287 αὐτοῦ,
682 2222 1034 2292 ἀναιροῦντες
1075 2225 1253 2295 ψυχὰς
1298 2225 1621 2296 ἀνθρώπων.
1668 2226 1756 2290 Ὧς
1787 2229 1920 2299 ῥομ-

341 2317 483 2384 φαία
505 2316 760 2386 δίστομος
789 2318 939 2370 πᾶσα
967 2317 1236 2387 ἁμαρτία.

419 2408 537 2472 Πᾶς
598 2409 625 2461 ό
687 2409 858 2462 ποιῶν
913 2409 1016 2480 τὴν
1067 2408 1346 2482 ἁμαρτίαν
1402 2408 1586 2476 δοῦλός
1633 2411 1757 2465 ἐστι
1817 2411 1918 2483 τῆς

342 2502 460 2572 ἅμα
471 2501 640 2569 ρτίας.

416 2593 498 2645 Τὰ
527 2591 731 2662 ὀψώνια
760 2595 856 2662 τῆς
878 2593 1152 2665 ἁμαρτίας
1181 2595 1432 2656 Θάνατος.

417 2681 595 2736 Τινῶν
623 2684 677 2737 ai
707 2683 977 2756 ἁμαρτίαι
1007 2684 1265 2757 πρόδηλοί
1294 2686 1421 2750 εισι,
1456 2685 1796 2756 προάγουσαι
1835 2685 1916 2746 είς

341 2774 531 2846 κρίσιν
549 2791 564 2805 °
596 2779 709 2832 τισὶ
734 2776 790 2830 δὲ
826 2778 921 2830 καὶ
949 2776 1426 2831 ἐπακολουθοῦσιν.

421 2959 482 3012 Ὀ
529 2957 701 3012 ποιῶν
753 2958 852 3036 τὴν
900 2955 1173 3027 ἁμαρτίαν
1217 2957 1282 3010 ἐκ
1313 2957 1406 3012 τοῦ
1443 2957 1692 3012 διαϐόλου
1731 2958 1912 3012 ἐστίν·

337 3051 426 3104 Ξτι
477 3048 574 3104 ἀπ’
623 3047 800 3118 ἀρχῆς
845 3049 876 3103 ὁ
914 3047 1160 3111 διάϐολος
1213 3049 1539 3120 ἁμαρτάνει.
1603 3049 1698 3110 Εἰς
1760 3047 1916 3101 τοῦτο

337 3110 674 3214 ἐφανερώθη.
753 3110 882 3205 hoc
926 3139 1021 3194 τοῦ
1051 3139 1208 3208 Θεοῦ,
1255 3110 1346 3194 δια.
1379 3139 1516 3214 λύσῃ
1554 3143 1624 3194 τὰ
1651 3139 1790 3212 ἔργα
1822 3143 1915 3194 τοῦ
1943 3110 1987 3169 c

334 3235 613 3290 διαϐόλου.

425 3325 486 3378 '0
542 3323 745 3379 ἀδικῶν
795 3326 1071 3390 κομιεῖται
1124 3324 1152 3379 ὃ
1194 3325 1444 3398 ἠδίκησε,
1506 3325 1601 3378 καὶ
1649 3325 1749 3379 οὐκ
1801 3326 1915 3379 ἔστι

338 3417 798 3490 προσωποληψια.

417 3513 628 3582 Ὠσπερ
658 3513 714 3566 αί
746 3513 898 3566 σκιαὶ
931 3515 1042 3575 τοῖς
1075 3513 1342 3584 σώμασιν,
1389 3515 1532 3570 οὕτω
1559 3518 1677 3578 ταῖς
1717 3514 1914 3584 ψυχαῖς

335 3605 400 3660 αἱ
430 3603 697 3672 ἁμαρτίαι
743 3605 1103 3675 παρέωνται,
1131 3607 1382 3677 ἐναργεῖς
1425 3609 1525 3671 τὰς
1559 3607 1788 3677 πράξεις
1823 3606 1913 3670 ἐξ·

334 3695 675 3761 ιικονίζουσα
683 3711 722 3750 ι.

422 3788 512 3852 Ὦς
541 3788 648 3859 γὰρ
676 3787 776 3852 τὰς
812 3787 1079 3857 μελίσσας
1105 3789 1310 3853 καπνὸς
1335 3790 1650 3859 φυγαδεύει,
1679 3795 1772 3845 καὶ
1817 3793 1914 3856 τὰς

338 3882 674 3951 περιστερὰς
706 3880 982 3947 δξελαύνει
1013 3883 1270 3947 δυσωδία,
1295 3883 1440 3937 οὕτω
1461 3883 1556 3936 καὶ
1579 3884 1673 3938 τὸν
1698 3884 1913 3952 φύλακα

334 3974 441 4044 τῆς
475 3973 620 4044 ζωῆς
650 3975 807 4045 ἡμῶν
838 3975 1072 4046 ἄγγελον
1101 3977 1136 4047 ή
1168 3975 1509 4048 πολύδακρυς
1546 3977 1637 4031 καὶ
1673 3975 1914 4049 δυσώδης

335 4066 636 4137 ἀφίστησιν
664 4067 934 4139 ἁμαρτία.
1039 4077 1043 4082 ‘

421 4159 482 4213 'il
511 4159 758 4230 ἁμαρτία
783 4159 886 4220 ἕως
917 4157 1018 4229 μὲν
1048 4158 1114 4215 ἂν
1142 4159 1421 4231 ώδίνηται,
1445 4159 1557 4231 ἔχει
1577 4160 1699 4214 τινὰ
1728 4160 1916 4232 αίσχύ-

336 4267 472 4322 νην·
523 4251 648 4305 ἐπεὶ
701 4251 747 4306 δ’
795 4251 861 4305 ἂν
915 4252 1166 4323 τελεσθῇ,
1221 4253 1341 4307 τότε
1401 4253 1916 4326 ἀναισχυντοτέρους

335 4346 488 4396 ποιεῖ
506 4344 630 4407 τοὺς
657 4342 1062 4414 ἐργαζομένους
1088 4345 1281 4416 αὑτήν.

2025 1883 2342 1939 possumus,
2398 1869 2452 1923 in
2521 1869 2726 1925 malitia
2802 1877 2983 1924 autem
3054 1877 3244 1924 nostra
3309 1869 3604 1930 contabui-

2025 1975 2168 2015 mus.

2093 2056 2308 2111 εει-αεή.
2347 2073 2421 2110 ιιι.
2480 2055 2629 2126 Fuge
2691 2065 2978 2126 peccatum
3051 2057 3328 2126 serpentis
3381 2057 3598 2124 instar;

2025 2147 2296 2200 mordebit
2351 2155 2423 2211 te,
2477 2146 2524 2201 si
2588 2147 2910 2203 accesseris.
2972 2147 3170 2202 Dentes
3225 2147 3348 2216 ejus
3400 2147 3599 2202 leonini

2021 2244 2174 2300 sunt,
2219 2246 2272 2291 et
2301 2236 2586 2291 hominum
2626 2237 2837 2294 animas
2871 2237 3228 2294 interﬁciunt.
3257 2239 3429 2294 Omne
3476 2253 3601 2308 pec-

2021 2335 2201 2383 catum
2233 2327 2412 2382 simile
2441 2338 2523 2383 est
2552 2329 2773 2396 ancipiti
2803 2329 3012 2397 gladio.

2089 2416 2248 2472 Joan.
2281 2433 2399 2472 Vill.
2440 2417 2767 2486 Quicunque
2807 2428 3095 2488 peccatum
3127 2419 3446 2486 committit,
3477 2434 3599 2476 ser~

2020 2525 2122 2564 vus
2149 2519 2236 2566 est
2271 2511 2496 2582 peccati.

2087 2599 2243 2656 Rom.
2277 2617 2354 2658 vt.
2382 2605 2776 2661 Autoramenta
2811 2603 3018 2674 peccati
3053 2618 3226 2660 mors.

2091 2691 2123 2748 1
2154 2693 2292 2748 Tim.
2330 2711 2384 2749 v.
2436 2693 2814 2760 Quorumdam
2868 2695 3154 2750 hominum
3210 2704 3432 2765 peccata
3465 2701 3597 2749 ante

2019 2785 2308 2841 manifesta
2333 2797 2483 2852 sunt,
2507 2787 2875 2857 praecedentia
2906 2791 2972 2842 ad
3007 2787 3311 2855 iudicium,
3330 2788 3595 2856 quosdam

2018 2893 2147 2934 vero
2177 2889 2230 2934 et
2255 2879 2685 2949 subsequuntur.

2089 2968 2119 3024 1
2147 2969 2308 3025 Joan.
2339 2986 2419 3028 ut.
2458 2970 2560 3036 Qui
2596 2971 2891 3026 committit
2931 2980 3245 3042 peccatum,
3277 2986 3348 3025 ex
3373 2970 3599 3025 diabolo

2019 3069 2140 3128 est;
2173 3077 2297 3115 nam
2328 3061 2579 3116 diabolus
2626 3062 2694 3116 ab
2731 3061 2892 3117 initio
2934 3070 3145 3132 peccat.
3199 3062 3276 3116 Ad
3304 3063 3407 3117 hoc
3433 3077 3602 3130 appa-

2021 3154 2132 3210 ruit
2159 3153 2328 3210 Filins
2369 3153 2486 3220 Dci,
2527 3163 2587 3210 ιιι
2616 3155 2885 3211 dissolvat
2909 3171 3079 3227 opera
3113 3155 3340 3211 diaboli.

2089 3331 2294 3388 Coloss.
2345 3348 2427 3389 ιιι.
2481 3333 2586 3401 Qui
2666 3345 2882 3404 peccat,
2953 3335 3259 3405 reportabit
3313 3342 3598 3404 peccatum

2017 3440 2199 3488 suum,
2231 3434 2286 3478 et
2318 3442 2423 3480 non
2450 3434 2538 3481 est
2567 3440 2924 3496 personarum
2952 3437 3259 3496 respectus.

2090 3518 2302 3575 Basilii.
2331 3518 2801 3586 Quemadmodum
2835 3522 3042 3576 umbrat
3078 3535 3335 3590 corpora,
3366 3521 3447 3576 sic
3478 3533 3604 3590 pec-

2015 3621 2135 3664 cata
2183 3620 2491 3679 sequuntur
2545 3612 2778 3677 animas,
2826 3621 2882 3668 et
2937 3611 3258 3669 manifestas
3296 3611 3601 3668 (acinorum

2018 3711 2418 3771 repraesentant
2456 3701 2748 3774 imagines.

2085 3792 2213 3864 29.
2246 3793 2317 3849 Ut
2369 3793 2553 3848 fumus
2599 3807 2749 3862 apes,
2789 3805 2842 3848 et
2887 3792 3044 3848 [ωιυτ
3092 3791 3374 3848 columbas
3428 3791 3600 3861 fugat,

2017 3885 2098 3941 sic
2127 3883 2440 3941 miserabile
2489 3894 2544 3940 et
2576 3885 2824 3956 putidum
2885 3891 3164 3955 peccatum
3218 3884 3426 3954 repellit
3481 3884 3603 3939 vita:

2019 3985 2221 4032 nostra:
2269 3975 2556 4031 custodem
2608 3977 2885 4048 angelum.

2091 4156 2385 4213 Peccatum
2419 4157 2639 4229 quidem
2670 4158 2850 4214 adhuc
2875 4158 3185 4228 parturiens
3216 4156 3400 4225 aliquo
3432 4156 3591 4225 pudo-

2019 4265 2081 4306 re
2139 4251 2415 4306 adicitur:
2469 4252 2582 4321 jam
2634 4264 2766 4304 vero
2828 4259 3138 4320 peractum,
3177 4248 3602 4318 impudentiorcs

2021 4343 2108 4399 sui
2144 4353 2400 4400 auctores
2426 4343 2619 4402 eﬂicit.

411 4437 472 4488 Et
504 4436 605 4506 μὲν
653 4435 818 4489 καλὸν
847 4436 881 4506 ἡ
927 4435 1193 4506 ἁμαρτία,
1227 4434 1465 4504 φύλασσε
1491 4434 1697 4506 ταύτην
1721 4435 1800 4498 είς
1831 4436 1918 4487 τέ-

2091 4436 2147 4491 Si
2202 4446 2484 4506 peccatum
2515 4438 2742 4492 honesta
2775 4450 2864 4491 res
2911 4444 3016 4493 est.
3047 4449 3233 4490 serves
3265 4449 3385 4488 cam
3415 4449 3604 4504 perpe-

335 4528 460 4589 λος·
499 4528 548 4580 εί
587 4527 644 4580 δὲ
687 4526 928 4598 βλαϐερὰ
984 4527 1065 4597 τῷ
1105 4528 1368 4593 ποιοῦντι,
1398 4529 1452 4580 τί
1479 4527 1761 4597 ὲπιμένεις
1804 4530 1916 4592 τοῖς

335 4622 645 4693 ὀλεθρίοις;
683 4620 874 4683 Οὐδεὶς
911 4620 1073 4692 χολὴν
1099 4620 1300 4689 ἐμέσαι
1340 4620 1538 4690 ζητῶν,
1577 4622 1640 4674 ἐκ
1666 4621 1910 4690 πονηρᾶς

333 4715 435 4769 καὶ
466 4712 769 4768 ἀκολάστου
799 4712 1011 4782 διαίτης
1045 4711 1450 4766 πολυπλασίονα
1490 4712 1692 4784 ταύτην
1736 4712 1914 4782 ἐαυτῷ

338 4804 709 4875 συναθροίζει.

424 4893 615 4964 Ἡδονὴ
642 4894 938 4965 ἄγκιστρόν
984 4896 1105 4947 ἐστι
1143 4894 1237 4947 τοῦ
1273 4894 1543 4961 διαϐόλου,
1581 4894 1716 4962 πρὸς
1759 4895 1912 4949 ἀπώ-

335 4989 490 5040 λειαν
547 4988 726 5041 ἕλκον.
790 4987 980 5058 Ἡδονὴ
1040 4990 1225 5058 μήτηρ
1267 4989 1369 5057 τῆς
1408 4989 1703 5058 ἁμαρτίας.
1746 4985 1806 5039 Ἦ
1857 4986 1914 5040 δὲ

337 5081 585 5151 ἁμαρτία
614 5084 841 5152 κέντρον
875 5083 992 5136 ἐστὶ
1027 5082 1121 5135 τοῦ
1166 5082 1420 5136 θανάτου.
1476 5079 1668 5150 Ἡδονὴ
1715 5078 1916 5150 τροφὸς

335 5173 434 5226 τοῦ
466 5174 687 5228 αἰωνίου
717 5174 1023 5246 σκώληκος,
1072 5174 1106 5244 ἥ
1143 5173 1280 5243 πρὸς
1312 5172 1501 5242 καιρὸν
1545 5171 1784 5224 λιπαίνει
1819 5169 1914 5224 τὸν

337 5265 750 5332 ἀπολαύσαντα,
789 5265 1016 5336 ὕστερον
1043 5265 1101 5319 δὲ
1127 5265 1454 5337 πικρότερον
1486 5264 1652 5335 χολῆς
1682 5267 1914 5321 ποιεῖται

337 5358 437 5420 τὰς
466 5359 785 5423 ἀντιδόσεις.
867 5407 872 5412 .

411 5449 488 5503 Οὐ
527 5450 610 5504 δεῖ
659 5451 850 5520 καιρὸν
889 5452 1180 5522 ἀναμένειν
1219 5451 1311 5505 ἐπὶ
1347 5452 1412 5522 τῇ
1455 5451 1650 5505 ἑαυτοῦ
1690 5450 1911 5521 διορθώ-

339 5559 449 5610 σει,
482 5542 571 5596 διὰ
627 5544 688 5598 τὸ
743 5544 980 5612 ἀσφαλὲς
1033 5545 1108 5615 μὴ
1158 5544 1303 5615 ἔχειν
1360 5545 1484 5614 περὶ
1540 5544 1640 5616 τὴν
1696 5543 1908 5614 αὔριον.

341 5633 538 5686 Πολλοὶ
590 5635 698 5703 γὰρ
757 5635 926 5689 πολλὰ
979 5635 1422 5705 βουλευσάμενοι,
1463 5634 1562 5704 τὴν
1617 5634 1806 5705 αὔριον
1850 5635 1909 5687 οὐ

341 5725 659 5779 κατέλαϐον.

2028 4537 2155 4583 tuo:
2183 4529 2269 4584 sin
2295 4528 2504 4584 auctori
2535 4543 2635 4583 suo
2656 4527 2942 4593 damnosa,
2961 4527 3089 4598 quid
3112 4528 3422 4582 immoraris
3440 4527 3605 4582 rebus

2031 4622 2406 4692 perniciosis?
2458 4622 2622 4690 Atqui
2674 4619 2857 4676 nullus
2914 4620 3231 4676 evouiendae
3264 4619 3388 4673 bilis
3414 4632 3600 4685 causa,

2035 4729 2206 4786 pravo
2245 4723 2300 4771 et
2339 4713 2623 4770 luxurioso
2663 4713 2810 4769 victu
2831 4728 2954 4770 eam
3019 4713 3124 4768 sibi
3165 4725 3363 4782 augere
3396 4709 3604 4768 studet.

2098 4891 2367 4962 Voluptas
2413 4893 2610 4950 hamus
2653 4903 2737 4950 est
2765 4892 2994 4959 diaboli,
3064 4891 3132 4948 ad
3168 4891 3452 4947 interitum
3489 4899 3604 4945 tra-

2030 4983 2187 5040 hens.
2237 4983 2500 5055 Voluptas
2549 4985 2755 5055 peccati
2813 4998 3010 5055 parcns
3065 4992 3168 5038 est.
3206 4981 3463 5055 Voluptas
3523 4991 3607 5039 est

2032 5078 2224 5133 mortis
2241 5077 2518 5135 stimulus.
2537 5077 2801 5148 Voluptas
2833 5086 2915 5133 est
2943 5078 3131 5132 nutrix
3162 5077 3360 5132 verutis
3390 5077 3604 5140 aeterni,

2027 5185 2147 5240 qua:
2205 5169 2598 5240 aliquantisper
2649 5186 2708 5227 se
2761 5169 3358 5240 fruentem,exhilarat,
3421 5174 3604 5239 postea

2027 5274 2154 5316 vero
2179 5261 2508 5317 amariorem
2542 5260 2667 5318 felle
2698 5263 3001 5319 mercedem
3039 5262 3262 5317 tribuit.

2109 5447 2180 5504 Ut
2246 5449 2562 5505 emendetur
2617 5448 2749 5512 vita,
2801 5447 3022 5502 minime
3095 5439 3606 5514 procrastiuandum

2024 5549 2110 5597 est.
2164 5552 2400 5611 tempus,
2429 5556 2554 5596 cum
2603 5541 2671 5595 de
2713 5538 2950 5594 crastino
3011 5536 3098 5592 die
3162 5533 3351 5589 incerti
3405 5533 3599 5589 simus.

2027 5630 2176 5685 Multi
2209 5631 2354 5685 enim
2379 5668 2395 5694 ,
2435 5637 2558 5700 post
2593 5629 2760 5684 multa
2806 5626 3054 5694 rorisilia,
3104 5625 3402 5683 crastinum
3462 5623 3603 5680 diem

2025 5739 2131 5778 non
2173 5722 2487 5792 attigerunt.
