3960 6196
251 292 358 359 821

1088 291 1256 354 ωσι
1285 287 1726 350 COMMUNES.
1762 309 1830 322 -
1869 285 2065 345 PARS
2108 285 2153 349 ι.
2186 285 2441 348 SERMO
2481 273 2634 350 xv‘r.

3422 285 3529 348 8‘22

253 410 473 464 ίσταται
515 408 607 460 καλ⁸
653 408 942 462 σϐέννυται
967 419 982 436 ⁶
1011 405 1218 475 γυμνὸς
1250 404 1296 459 δ’
1320 405 1524 475 ἔστηκε
1577 403 1829 457 Marb-1'6

1961 397 2150 467 Luidem
2200 401 2449 472 voluptas
2503 403 2710 458 recedit
2742 417 2807 458 ac
2880 402 3292 473 exstinguitur:
3339 407 3518 462 nudus

252 496 562 566 κατήγορος
595 493 689 548 τοῦ
721 495 1041 560 συνειδότος,
1065 494 1260 564 δημίου
1286 494 1440 559 τάξιν
1467 493 1706 562 ἑπέχων,
1739 495 1834 547 καὶ

256 587 599 652 καταξαίνων
632 588 725 639 τὸν
754 587 1291 658 πεπλημμεληκότα,
1325 588 1418 640 καὶ
1453 587 1556 657 τὴν
1597 588 1836 658 ἐσχάτην

163 703 166 706 ~
252 679 504 732 ἀπαιτῶν
536 679 718 750 δίκην,
747 680 838 733 καὶ
868 679 1118 750 μολίσδου
1145 679 1354 744 παντὸς
1381 679 1682 751 βαρύτερον
1716 681 1838 732 ἐπι-

254 773 538 832 κείμενος.

335 829 612 933 ’Ᾰμαρτία
639 864 746 927 ἕως
781 863 883 934 μὲν
909 863 1176 937 ἑργασθῇ,
1201 865 1431 938 παρέχει
1454 863 1580 918 τινά
1601 865 1798 935 ἡδονήν
1815 878 1834 897 ο

251 958 385 1009 ὃταν
427 956 484 1008 δὲ
528 955 779 1026 τελεσθῇ,
813 956 936 1010 τότε
978 960 1012 1028 ὴ
1062 956 1234 1029 μικρά
1258 957 1424 1030 ἡδονὴ
1455 958 1834 1025 ὑπεξίσταται,

253 1048 636 1120 ἐπεισέρχεται
683 1048 743 1102 δὲ
784 1049 1014 1121 ἀθυμία.

325 1225 498 1280 οὐδὲν
546 1225 945 1297 δυσωδέστερον
989 1227 1170 1298 ψυχῆς
1201 1227 1504 1297 ἐμπαθοῦς.
1553 1229 1694 1282 κυνὶ
1731 1230 1839 1284 ἐοι-

254 1334 355 1370 κεν
412 1317 447 1387 ἡ
502 1317 681 1387 ἡδονὴ,
733 1318 1024 1390 ἄνθρωπε·
1073 1320 1170 1374 ἑὰν
1201 1320 1421 1392 διώξῃς,
1452 1321 1686 1391 φεύγει·
1741 1323 1837 1376 ἐὰν

256 1408 554 1480 ὲκθρὲψῃς,
607 1411 932 1480 παραμένει.
990 1412 1162 1481 Φεῦγε
1220 1413 1320 1484 τὴν
1358 1413 1553 1483 τέρψιν
1601 1413 1688 1467 διὰ
1734 1414 1836 1486 τὴν

258 1501 462 1571 θλίψιν,
496 1501 571 1571 μὴ
594 1503 707 1564 τοῖς
742 1503 854 1566 σοῖς
891 1502 1082 1572 μέλεσι
1105 1505 1246 1559 κατὰ
1273 1504 1369 1558 σοῦ
1413 1505 1593 1577 βέλεσι
1624 1507 1838 1576 χρήση-

255 1611 348 1647 ται
379 1597 408 1648 6
432 1593 698 1657 διάϐολος.

331 1689 448 1760 υὺχ
477 1686 622 1740 οὕτω
663 1687 789 1752 τοὺς
820 1689 1238 1760 ἁμαρτάνοντας
1285 1692 1361 1754 ὡς
1390 1691 1516 1754 τοὺς
1547 1692 1688 1762 μετὰ
1733 1695 1837 1763 τὴν

259 1781 542 1851 ἁμαρτίαν
575 1780 651 1851 μὴ
680 1779 1137 1850 συστελλομένους
1160 1783 1609 1854 ἀποστρέφεσθαι
1641 1785 1836 1840 είωθεν

257 1876 288 1927 6
318 1873 478 1938 Θεὸς.

332 1969 410 2022 οὐ
439 1968 502 2022 τὸ
531 1969 721 2022 πεσεῖν
747 1967 1009 2039 χαλεπὸν,
1049 1968 1190 2025 ἀλλά
1225 1968 1286 2023 τὸ
1317 1969 1553 2024 πεσόντα
1595 1971 1832 2037 κεῖσθαι,

259 2062 356 2115 καὶ
384 2061 461 2131 μὴ
483 2061 824 2117 ἀνίστασθαι.

347 2151 644 2222 Ἀπόστηθι
672 2153 771 2221 τῆς
797 2151 1082 2222 πονηρίας,
1110 2149 1317 2206 παῦσαι
1344 2153 1446 2222 τῆς
1471 2155 1692 2220 κακίας,
1718 2156 1839 2209 ἑπι-

259 2245 428 2299 λασοῦ
457 2245 557 2315 τῆς
587 2245 811 2315 ἀρετῆς,
845 2245 938 2297 καὶ
966 2246 1206 2315 ὑπόσχου
1235 2247 1433 2316 μηκέτι
1467 2248 1604 2301 αὐτὰ
1636 2251 1834 2301 ποιεῖν·

260 2339 358 2390 καὶ
385 2337 549 2406 ἀρκεῖ
573 2335 732 2390 τοῦτο
761 2337 842 2399 είς
868 2335 1187 2404 ἀπολογίαν.
1213 2332 1358 2407 Ἐγὼ
1378 2339 1832 2410 διαμαρτύρομαι

259 2432 356 2486 καὶ
403 2429 715 2500 ἐγγυῶμαι,
749 2430 829 2484 ὅτι
874 2428 982 2484 τῶν
1007 2431 1478 2502 ἁμαρτανομένων
1515 2431 1670 2500 ὑμῶν
1701 2434 1834 2485 ἔκα-

263 2541 408 2588 στος,
435 2523 503 2576 ἂν
531 2521 774 2586 ἀποστὰς
809 2522 918 2574 τῶν
959 2523 1242 2592 προτέρων
1282 2525 1492 2587 κακῶν,
1529 2525 1836 2596 ὑπόσχηται

260 2617 337 2686 τῷ
372 2615 493 2685 Θεῷ
526 2615 664 2685 μετὰ
697 2614 976 2685 ἀληθείας,
1009 2617 1210 2684 μηκέτι
1236 2616 1414 2668 αὐτῶν
1449 2616 1711 2685 ἅψασθαι,
1743 2617 1837 2670 οὕ-

260 2709 346 2760 δὲν
386 2706 576 2776 ἕτερον
625 2707 654 2759 6
702 2705 836 2770 Θεὸς
883 2705 1042 2776 ζητεῖ
1087 2706 1218 2777 προς
1260 2707 1553 2776 ἀπολογίαν
1590 2706 1831 2776 μείζονα.

259 2797 648 2868 Φιλὰνθρωπος
684 2795 794 2867 γάρ
820 2797 942 2849 ἐστι
970 2797 1062 2848 καὶ
1087 2796 1363 2867 ἐλεήμων,
1391 2798 1484 2850 καὶ
1513 2797 1771 2867 καθάπερ
1801 2799 1834 2870 ἠ

261 2891 528 2944 ὠδίνουσα
557 2890 816 2959 ἐπιθυμεῖ
852 2891 1054 2954 τεκεῖν,
1083 2887 1227 2943 οὕτω
1265 2890 1356 2942 καὶ
1384 2890 1548 2950 αὐτος
1575 2889 1840 2960 ἐπιθυμεῖ

262 2983 352 3035 τὸν
380 2982 530 3035 ἔλεον
561 2983 742 3052 ἐκχεῖν
774 2981 865 3035 τὸν
893 2979 1111 3036 ἑαυτοῦ.

1941 499 2124 545 autem
2183 503 2430 548 remanet
2489 502 2784 549 accusator
2823 495 3200 561 conscientiae,
3242 497 3516 551 carnificis

1939 580 2118 636 locum
2152 591 2364 650 tenens,
2411 593 2464 639 et
2509 594 2817 654 pecatorem
2882 588 3232 655 excrucians,
3276 599 3329 643 et
3355 590 3526 642 maxi-

1939 689 2083 728 mam
2135 689 2353 745 pinnam
2435 677 2686 745 exigens,
2751 679 2987 749 denique
3046 679 3244 750 quovis
3304 679 3526 750 plumbo

1937 766 2159 837 gravius
2222 769 2571 824 incumbens.

2006 858 2298 914 Peccatum
2362 859 2492 914 dum
2543 859 2720 916 adhuc
2780 867 2865 915 est
2919 860 2975 916 in
3039 876 3223 931 opere,
3278 862 3526 917 nonnihil

1937 950 2232 1020 voluptatis
2268 952 2512 1027 excitat;
2563 966 2689 1006 cum
2759 961 2938 1007 autem
3004 952 3283 1023 impletum
3341 955 3526 1018 fuerit,

1939 1041 2154 1096 modica
2205 1041 2456 1112 voluptas
2494 1043 2588 1099 illa
2657 1044 2912 1112 discedit,
2956 1045 3097 1100 etin
3162 1047 3342 1101 locum
3406 1048 3526 1118 ejus

1937 1129 2084 1184 subit
2133 1129 2384 1187 tristitia.

2007 1221 2152 1276 Nihil
2192 1230 2301 1278 tam
2355 1224 2600 1293 putidum
2647 1234 2752 1294 est,
2797 1242 2962 1297 quam
3019 1229 3200 1283 anima
3231 1228 3519 1286 affectibus

1937 1313 2195 1369 obnoxia.
2221 1315 2484 1386 Voluptas
2525 1318 2647 1373 cani
2678 1319 2875 1373 similis
2909 1329 2992 1376 est
3025 1336 3041 1389 ;
3073 1319 3118 1375 si
3153 1322 3524 1391 persequaris,

1938 1405 2083 1474 fugit
2119 1424 2136 1461 :
2177 1407 2222 1462 si
2275 1409 2486 1464 nutrias
2511 1449 2526 1475 ,
2565 1420 2770 1465 manet.
2807 1411 2957 1482 Fuge
3006 1412 3339 1482 voluptatem
3394 1430 3525 1485 pro-

1944 1507 2068 1568 pter
2118 1500 2374 1556 comitem
2405 1501 2524 1571 ejus
2553 1502 2924 1574 aiilictionem,
2951 1522 3019 1562 ne
3066 1507 3312 1564 diabolus
3340 1516 3528 1564 utatur

1940 1591 2200 1647 membris
2231 1592 2341 1647 tuis
2388 1595 2658 1650 adversus
2705 1604 2758 1652 te
2789 1606 3052 1667 tanquam
3086 1598 3232 1654 telis.

2011 1681 2154 1739 Deus
2193 1699 2302 1738 non
2342 1693 2451 1740 tam
2491 1687 2731 1742 aversari
2767 1689 2907 1744 solet
2955 1699 3308 1760 peccatores,
3358 1697 3523 1761 quam

1942 1768 2062 1823 illos
2109 1770 2200 1838 qui
2236 1783 2360 1840 post
2417 1783 2639 1843 peccata
2705 1791 2812 1832 non
2865 1779 3274 1835 contrahuntur
3317 1781 3522 1849 animo,

1940 1877 2042 1918 nec
2118 1863 2429 1919 tristantur.

2009 1954 2216 2010 Cadere
2245 1971 2352 2010 non
2382 1966 2489 2011 tam
2525 1958 2727 2014 malum
2756 1969 2862 2025 est,
2887 1975 3049 2031 quam
3069 1961 3254 2034 jacere
3280 1963 3520 2036 lapsum,

1938 2054 1990 2099 et
2017 2060 2122 2099 non
2196 2046 2473 2118 refugere.

2013 2135 2241 2192 Discede
2277 2139 2348 2193 ab
2395 2140 2764 2213 improbitate,
2815 2150 3060 2221 relinque
3114 2149 3401 2215 malitiam,
3436 2165 3525 2206 ar-

1941 2228 2056 2296 ripe
2105 2228 2379 2294 virtutem,
2411 2241 2466 2287 et
2486 2235 2741 2303 pollicere
2772 2240 3178 2298 innovationem
3227 2242 3349 2296 vitae
3377 2260 3390 2296 :
3424 2243 3527 2298 hoc

1941 2322 2036 2375 tibi
2067 2337 2167 2392 pro
2246 2324 2570 2383 defensione
2618 2331 2868 2388 sufliciet.
2933 2336 3046 2405 Ego
3075 2351 3204 2390 sane
3234 2351 3422 2391 assero
3473 2344 3528 2389 et

1938 2415 2203 2483 promitto
2263 2419 2404 2486 quod
2456 2420 2501 2473 si
2533 2425 2912 2496 unusquisque.
2967 2427 3032 2482 de
3054 2427 3211 2482 nobis
3248 2429 3525 2496 peccanti-

1941 2504 2064 2569 bus,
2103 2507 2308 2563 relictis
2362 2511 2638 2579 prioribus
2700 2517 2877 2582 malis,
2909 2517 3022 2572 Deo
3081 2519 3404 2588 poilfceatur
3461 2533 3520 2574 se

1939 2595 2043 2665 31
2085 2614 2190 2652 non
2247 2601 2554 2657 rediturum
2605 2607 2669 2659 ad
2719 2622 2803 2669 ea,
2834 2609 2964 2662 nihil
3020 2609 3168 2666 aliud
3211 2613 3276 2666 ad
3317 2612 3527 2682 plenio-

1939 2703 2052 2742 rem
2103 2690 2534 2751 satisfactionem
2588 2697 2728 2753 Deus
2783 2698 3151 2770 requisiturus
3205 2703 3297 2758 sit.
3325 2703 3526 2760 Amore

1938 2783 2084 2837 enim
2166 2791 2220 2838 et
2294 2788 2664 2845 misericordia
2722 2793 3074 2864 prosequitur
3129 2795 3415 2862 homines,
3475 2805 3530 2854 et

1937 2875 2393 2942 quemadmodum
2433 2883 2746 2951 parturiens
2777 2887 2973 2941 mulier
3013 2886 3288 2944 desiderat
3314 2904 3527 2959 parere,

1939 2968 2018 3021 sic
2048 2977 2102 3022 et
2154 2968 2271 3039 ipse
2320 2973 2468 3042 cupit
2521 2974 2952 3032 misericordiam
3006 2993 3161 3034 suam
3224 2982 3527 3037 effundere.

216 3076 225 3086 '
329 3073 500 3126 Οὐδὲν
527 3072 699 3134 οὓτως
727 3073 818 3126 τὸν
845 3072 980 3126 Θεὸν
1005 3072 1165 3126 ἵλεων
1189 3076 1353 3140 ποιεῖ,
1382 3073 1456 3137 ὡς
1479 3074 1537 3127 τὸ
1568 3074 1632 3130 τὰ
1656 3076 1835 3130 οἰκεῖα

2012 3056 2157 3115 Nihil
2217 3062 2355 3120 adeo
2433 3065 2604 3121 Deum
2651 3069 2825 3124 reddit
2893 3073 3211 3142 propitium,
3255 3090 3417 3143 quam
3461 3085 3522 3134 ut

259 3164 544 3233 ὁμολογεῖν
575 3166 974 3236 ἁμαρτήματα.

330 3259 501 3313 Οὐδὲν
521 3260 664 3312 οὕτω
699 3260 838 3331 βαρὺ
874 3261 970 3314 καὶ
997 3261 1424 3326 δυσδάστακτον,
1455 3260 1530 3324 ὡς
1559 3261 1839 3330 ἁμαρτίας

263 3347 440 3416 φύσις.
480 3347 647 3401 Οὐδὲν
691 3349 836 3403 οὕτω
892 3350 1140 3420 κάματον
1188 3351 1320 3421 ἡμῖν
1369 3350 1619 3420 παρέχει,
1658 3351 1732 3412 du;
1777 3352 1838 3404 τὸ

261 3439 353 3508 τῆς
409 3439 680 3508 πονηρίας
742 3437 902 3505 εἶδος,
950 3443 1046 3496 καὶ
1104 3443 1170 3494 τὰ
1215 3442 1688 3512 πλημμελήματα.
1738 3443 1837 3497 Διά

260 3531 420 3584 ⁶τοῦτο
480 3532 509 3584 6
544 3531 778 3604 Χριστὸς
827 3535 941 3597 τοῖς
991 3535 1050 3587 ἐν
1103 3535 1403 3604 ἁμαρτίαις
1437 3535 1607 3600 ζῶσιν
1642 3535 1834 3604 ἐλεγεο

266 3642 284 3674 ι
320 3623 489 3678 Δεῦτε
526 3625 664 3697 πρός
700 3643 794 3695 με,
834 3628 1034 3689 πάντες
1057 3628 1107 3680 οἱ
1131 3628 1427 3692 κοπιῶντες
1455 3631 1548 3683 καὶ
1575 3646 1836 3700 πεφορτι-

263 3719 470 3788 σμένοι,
498 3717 655 3786 κάγὼ
680 3719 979 3773 ἀναπαύσω
1002 3721 1169 3791 ἡμᾶς.
1205 3739 1224 3772 s

343 3810 471 3863 Ἐπὶ
499 3810 619 3873 ένὸς
649 3811 712 3864 οὐ
744 3809 969 3880 θέλομεν
1012 3811 1400 3882 ἀσχημονῆσαι
1450 3812 1708 3882 ἐνταῦθα,
1742 3815 1835 3868 ἐπὶ

263 3901 318 3956 ιι
347 3902 631 3973 μυριάδων
657 3904 776 3956 ἐκεῖ
797 3901 1069 3956 τοσούτων
1094 3903 1148 3956 τί
1173 3905 1505 3975 ποιήσομεν;

342 4083 631 4154 Ἐννόησον
680 4077 792 4137 οἷον
843 4083 994 4136 ἔσται
1045 4082 1106 4136 τδ
1145 4083 1240 4137 τοῦ
1269 4083 1407 4138 Θεοῦ
1441 4086 1791 4156 δικαστήριον
1819 4103 1832 4116 ·

263 4176 581 4243 ἀναλόγισαι
605 4175 672 4227 τά
704 4175 1071 4245 ἡμαρτημένα
1104 4191 1186 4228 σοι
1225 4176 1424 4232 πάντα.
1460 4177 1580 4229 Κᾶν
1609 4175 1715 4247 γὰρ
1740 4177 1838 4230 αὖ·

261 4271 350 4334 τὸς
379 4269 614 4341 ἐπιλάϐῃ
641 4268 748 4320 τῶν
777 4268 1350 4338 πεπλημμελημένων,
1378 4271 1405 4323 6
1427 4269 1558 4331 Θεὸς
1578 4271 1836 4324 οὐδέποτε

1939 3151 2173 3221 quisque
2202 3169 2297 3210 sua
2355 3167 2581 3226 peccata
2611 3160 2960 3217 confiteatur.

2008 3240 2155 3296 Nihil
2194 3250 2302 3298 tam
2345 3260 2509 3316 grave
2535 3257 2588 3303 et
2654 3265 2946 3306 onerosum
3007 3262 3113 3319 est,
3171 3269 3331 3323 quam
3404 3272 3530 3327 pec‘

1940 3332 2046 3386 cati
2095 3343 2312 3391 natura.
2367 3337 2514 3395 Nihil
2545 3350 2757 3397 tantum
2812 3345 3011 3412 negotii
3075 3347 3233 3403 nobis
3276 3347 3307 3402 f.
3330 3351 3522 3414 cessit,

1939 3434 2204 3494 (Ιυεηιυιη
2252 3428 2572 3499 improbitas
2612 3443 2666 3490 et
2695 3445 2939 3504 peccata.
2972 3435 3335 3503 Quamobrem
3373 3440 3532 3496 Chrio‘

1940 3524 2061 3570 stus
2091 3516 2156 3569 ad
2192 3517 2314 3574 illos
2365 3522 2460 3591 qui
2488 3523 2540 3576 in
2595 3526 2831 3591 peccatis
2888 3526 3101 3590 vivunt,
3160 3526 3334 3580 dixit:
3369 3545 3388 3578 Ι
3423 3525 3530 3581 Ve~

1940 3606 2054 3660 nite
2101 3607 2168 3662 ad
2201 3624 2310 3674 me,
2347 3626 2540 3668 omnes
2585 3615 2676 3682 qui
2721 3615 2982 3670 laboratis
3010 3626 3062 3669 et
3111 3618 3317 3671 onerati
3375 3620 3525 3682 estis,

1937 3705 1992 3750 et
2019 3712 2122 3767 ego
2178 3701 2419 3756 reficiam
2458 3720 2574 3758 vos.
2611 3725 2630 3756 ι

2018 3790 2076 3844 1η
2115 3792 2370 3850 humanis
2419 3795 2583 3852 rebus
2614 3793 2766 3851 cavet
2797 3797 2898 3852 sibi
2933 3798 3166 3868 quisque
3207 3808 3264 3852 ut
3331 3814 3399 3852 ne
3439 3813 3531 3852 co~

1941 3899 2056 3938 ram
2095 3900 2208 3940 uno
2236 3886 2456 3955 quidem
2499 3883 2824 3955 delinquat:
2860 3889 2986 3958 quid
3035 3898 3212 3942 autem
3273 3889 3362 3943 fiet
3401 3891 3527 3942 olim

1938 3989 2124 4029 coram
2157 3975 2368 4031 inli'nita
2399 3977 2741 4033 multitudine
2765 3977 2792 4030 ?

2015 4066 2203 4138 Cogita
2229 4053 2390 4138 q’uale
2425 4067 2666 4123 futurum
2691 4067 2762 4123 sit
2798 4067 2889 4123 Dei
2920 4066 3183 4137 judicium
3221 4083 3236 4122 :
3278 4067 3528 4134 erpende

1937 4164 2118 4219 omnia
2158 4168 2378 4232 peccata
2416 4169 2526 4217 tua.
2567 4158 2702 4215 Nam
2737 4160 2866 4216 licet
2893 4161 3008 4226 ipse
3035 4159 3357 4214 delictorum
3388 4158 3528 4213 obli-

1939 4256 2190 4320 viscaris,
2225 4254 2367 4321 Deus
2397 4267 2680 4323 nunquam
2741 4251 3134 4318 obliviscetur;
3195 4255 3290 4309 sed
3346 4251 3529 4307 omnia

262 4363 582 4418 ἐπιλάθεται
606 4377 622 4392 ⁶
649 4361 788 4416 ἀλλὰ
819 4361 997 4416 πάντα
1030 4362 1139 4431 πρὸ
1175 4362 1285 4415 τῶν
1319 4362 1614 4432 ὀφθαλμῶν
1643 4364 1834 4434 στήσει

1961 4349 2050 4403 .uis
2079 4346 2254 4402 oculis
2312 4343 2658 4415 objicientur,
2710 4346 2815 4400 nisi
2884 4355 3031 4402 nunc
3093 4345 3428 4416 praeveniens
3466 4360 3531 4400 ea

262 4407 582 4418 -.......---..-
650 4407 788 4416 ww...
825 4407 997 4416 ην-..
1037 4407 1137 4431 Ἴ.-
1186 4407 1278 4415 .-.
1321 4407 1608 4432 Ὕηημη,
1647 4407 1834 4434 νη--.

261 4455 369 4509 τῶν
403 4454 538 4518 σῶν,
569 4452 636 4507 ἂν
665 4453 739 4522 μὴ
768 4453 1059 4524 προλαϐὼν
1093 4454 1232 4507 αὐτὰ
1260 4454 1576 4524 καταλύσῃς
1619 4453 1713 4508 νῦν
1745 4455 1834 4510 διὰ

1961 4439 2216 4496 lissolvas
2271 4435 2609 4506 pmnitudine
2649 4443 2703 4490 et
2734 4435 3102 4491 confessione.

263 4542 558 4611 μετανοίας
585 4543 681 4597 καὶ
713 4541 1177 4614 ἑξομολογὴσεως.

339 4633 401 4688 '0
446 4634 548 4704 μὲν
586 4633 774 4703 ἀρκῶν
825 4635 917 4688 καὶ
945 4635 1165 4706 ἑτέρους
1207 4635 1500 4707 διορθῶσαι
1550 4638 1834 4708 μιγνύσθω

257 4729 370 4790 τοῖς
399 4727 657 4793 μέλλουσι
685 4727 938 4798 δέχεσθαι
973 4729 1076 4796 τὴν
1107 4727 1436 4798 θεραπείαν,
1468 4731 1564 4784 καὶ
1610 4732 1834 4784 ποιείτω

261 4819 512 4888 βελτίους
532 4833 547 4848 ⁸
579 4821 608 4872 6
657 4819 713 4873 δὲ
752 4819 1088 4891 ἀτονώτερος
1118 4818 1195 4876 ὢν
1219 4823 1471 4891 φευγέτω
1506 4823 1630 4886 τοὺς
1664 4840 1838 4894 πονη-

261 4915 413 4982 ροίις,
444 4911 589 4964 ὥστε
635 4912 712 4983 μὴ
749 4913 848 4984 τὴν
897 4914 1026 4985 παρ’
1054 4914 1285 4968 ἐκείνων
1335 4915 1589 4985 δέχεσθαι
1629 4914 1833 4984 λύμην.

329 5003 571 5057 Δύναται
599 5003 863 5068 πολλάκις
904 5007 1002 5074 μία
1045 5005 1373 5077 κερδηθεῖσα
1418 5007 1564 5076 ψυχὴ
1621 5007 1834 5076 μυρίων

258 5094 424 5163 ὄγκον
448 5095 869 5167 ἁμαρτημάτων
911 5098 1198 5166 ἀφανίσαι,
1247 5099 1340 5152 καὶ
1387 5098 1644 5168 γενέσθαι
1701 5100 1834 5169 ἡμῖν

261 5185 560 5256 ἀντίψυχον
584 5186 646 5239 έν
661 5186 848 5260 ὲκείνῃ
872 5190 937 5258 τῇ
967 5188 1173 5258 ἡμέρᾳ.

333 5275 453 5332 Οὐκ
485 5277 601 5331 ἐστι
643 5279 822 5350 ψυχῆς
871 5279 1122 5346 ἀντάξιος
1173 5281 1294 5334 οὐδὲ
1337 5281 1365 5334 ὀ
1411 5282 1620 5352 κόσμος
1653 5282 1798 5344 ἄπας
1823 5297 1835 5311 ⁸

265 5368 409 5423 ὥστε
436 5371 544 5424 κᾶν
573 5372 744 5441 μυρία
774 5371 881 5442 δῷς
903 5373 1161 5442 χρήματα
1196 5374 1449 5444 πένησιν,
1479 5375 1633 5428 οὐδὲν
1657 5374 1834 5429 τοιοῦ-

264 5479 356 5517 τον
387 5463 620 5535 ἐργάσῃ.
646 5458 758 5518 οἷον
787 5464 918 5534 μίαν
949 5463 1128 5536 ψυχὴν
1159 5464 1531 5534 ἐπιστρέφων.

336 5647 514 5704 Οὐδὲν
553 5649 610 5699 ὲν
659 5645 966 5716 ἀνθρώποις
1013 5645 1178 5701 καλὸν
1232 5647 1529 5714 κακότητος
1581 5646 1834 5718 ἄμικτον.

271 5740 391 5794 Eilis
423 5741 481 5794 δὲ
517 5739 591 5810 μὴ
622 5740 688 5793 τὰ
717 5739 892 5811 λυγρά
922 5737 1140 5793 πλείονα
1172 5742 1366 5810 μοῖραν
1392 5734 1502 5810 εἶχε
1542 5740 1554 5790 !

2016 4622 2116 4690 Qui
2150 4621 2314 4677 etiam
2349 4619 2484 4674 alios
2532 4617 2825 4674 emendare
2874 4617 3012 4686 potis
3035 4626 3139 4681 est,
3173 4627 3532 4671 conversetur

1949 4719 2056 4773 illis
2086 4715 2153 4770 de
2183 4728 2417 4783 quorum
2447 4711 2625 4766 salute
2662 4723 2790 4779 spes
2821 4709 3000 4775 fuerit,
3033 4724 3097 4764 ac
3137 4709 3284 4777 ipsos
3338 4707 3530 4761 melio-

1951 4825 2040 4866 res
2103 4805 2315 4862 reddat.
2356 4802 2628 4859 lnfirmior
2688 4809 2868 4857 autem
2917 4800 3088 4870 fugiat
3128 4799 3426 4870 improbos,
3463 4814 3531 4854 ne

1949 4903 2038 4956 lue
2067 4901 2308 4970 ipsorum
2343 4894 2636 4950 inllciatur.

2019 4991 2214 5046 Anima
2250 5003 2355 5042 una
2384 4985 2665 5042 lucrifacta
2696 4998 2836 5052 saape
2865 4982 3154 5036 criminum
3193 4981 3526 5035 infinitarum:

1951 5087 2148 5139 molem
2178 5079 2395 5134 abolere
2437 5084 2630 5145 poteSt,
2665 5084 2720 5130 et
2750 5074 2946 5127 anima:
2989 5082 3189 5126 nostra:
3231 5074 3529 5140 redemptio

1950 5174 2062 5228 fieri
2093 5172 2144 5224 in
2172 5169 2261 5224 die
2285 5167 2502 5236 judicii.

2019 5261 2096 5318 Ne
2155 5261 2391 5315 mnnlus
2435 5258 2652 5330 quidem
2692 5256 2981 5311 universus
3053 5256 3247 5308 aniu-ae
3303 5251 3527 5321 pretium

1950 5366 2237 5425 a‘quaret;
2278 5367 2470 5420 quare,
2504 5352 2630 5406 licet
2699 5349 2985 5419 pecuniam
3040 5347 3247 5414 absque
3298 5357 3529 5397 numero

1950 5445 2280 5515 pauperibus
2313 5441 2560 5512 largiare,
2591 5440 2721 5493 nihil
2752 5448 2960 5493 tantum
2998 5435 3219 5496 cﬂicics,
3261 5448 3525 5515 quantum

1952 5534 2114 5590 unius
2143 5534 2338 5586 animae
2386 5528 2759 5585 conversi-ne.

2033 5626 2190 5694 Greg.
2221 5623 2452 5692 Nysaea.
2484 5619 2628 5674 Nihil
2661 5618 2786 5674 bOni
2849 5619 2990 5670 inter
3030 5614 3276 5671 homines
3337 5628 3534 5685 expers

1951 5734 2036 5780 est
2070 5719 2309 5774 malitiae.
2346 5713 2563 5769 Utinam
2600 5725 2728 5767 vero
2760 5709 2904 5766 mala
2938 5723 3046 5764 non
3071 5708 3381 5765 obtinerent
3412 5722 3535 5762 ma-

1951 5817 2124 5882 iorem
2161 5816 2366 5882 partem
2395 5807 2407 5860 ι
