3960 6196
252 239 360 304 825

1043 244 1212 304 LOCI
1243 243 1689 308 COMMUNES.
1721 269 1793 282 -·-
1815 247 2008 308 PARS
2035 247 2086 310 Ῐ.
2118 249 2375 310 SERMO
2410 251 2601 315 XVII.

3432 256 3541 322 896

324 354 492 408 Δεῦτε
526 353 666 425 πρός
715 372 806 424 με,
834 356 1031 422 πάντες
1063 361 1113 412 oi
1154 361 1463 423 καπιῶντες
1498 363 1594 414 καὶ
1637 378 1840 432 πεφορ-

2013 360 2158 417 Ibid.
2201 380 2278 418 xl.
2316 363 2503 421 Venite
2539 367 2607 420 ad
2666 382 2776 434 me,
2803 381 2998 424 omnes
3039 370 3132 440 qui
3185 369 3444 428 laboratis
3485 388 3540 431 et

251 449 525 518 τισμένοι,
561 447 716 514 κάγὼ
744 449 1049 504 ἀναπαύσω
1071 452 1238 520 ὑμᾶς.

327 540 404 592 Οὐ
428 539 618 608 χρείαν
663 541 878 610 ἔχουσιν
905 543 952 594 oi
989 544 1321 610 ὑγιαίνοντες
1365 544 1574 616 ίατροῦ,
1621 545 1740 600 ἀλλ’
1789 548 1839 599 οἱ

253 629 444 691 κακῶς
482 625 719 699 ἔχοντες.
776 631 1143 700 Πορευθέντες
1196 633 1252 686 δὲ
1305 634 1510 704 μάθετε
1557 634 1791 688 τίὲστιν
1821 651 1836 666 ο

255 721 450 772 Ἕλεον
485 719 624 774 θέλω
675 722 768 775 καὶ
799 723 859 774 οὐ
891 723 1101 779 θυσίαν.
1157 725 1232 777 Oti
1274 726 1384 796 γὰρ
1415 722 1576 797 ἦλθον
1611 726 1840 782 καλέσαι

249 807 520 885 δικαίους.
550 812 668 865 ἀλλ’
703 813 1061 885 ἁμαρτωλοὺς
1097 818 1176 879 είς
1208 819 1522 886 μετάνοιαν.

323 901 489 969 Λέγω
525 902 674 971 ὑμῖν,
712 904 795 955 ὅτι
824 903 967 958 οὕτω
1010 907 1155 977 χαρά
1200 885 1352 961 ἔσται
1402 911 1462 962 ὲν
1501 910 1578 980 τῷ
1621 885 1840 982 ούρανῷ

251 993 348 1044 ἐπὶ
387 995 469 1046 ἑνὶ
512 994 826 1066 ἁμαρτωλῷ
883 999 1255 1066 μετανοοῦντι.
1290 1001 1322 1072 ἢ
1375 1001 1471 1053 ἐπὶ
1515 1004 1836 1072 ὲννενηκον·

248 1083 483 1136 ταεννέα
532 1085 792 1152 δικαίοις,
844 1086 1043 1150 οἵτινες
1095 1089 1157 1143 οὐ
1192 1090 1385 1161 χρείαν
1431 1091 1618 1162 ἔχουσι
1671 1109 1841 1160 μετα-

249 1177 421 1240 νοίας.

323 1268 486 1338 Χαρά
514 1268 722 1336 γίνεται
757 1270 988 1325 ἐνώπιον
1028 1273 1137 1327 τῶν
1168 1274 1416 1344 ἀγγέλων
1444 1276 1538 1330 τοῦ
1571 1276 1708 1331 Θεοῦ
1741 1279 1838 1333 ἐπὶ

246 1359 329 1412 ἐνὶ
367 1360 683 1428 ἁμαρτωλῷ
714 1364 1087 1431 μετανοοῦντι.

321 1449 526 1513 Καθὼς
589 1455 971 1523 παρεστήσατε
1022 1455 1091 1509 τά
1143 1456 1284 1526 μέλη
1333 1457 1488 1528 ὑμῶν
1545 1458 1712 1515 δοῦλα
1767 1462 1833 1532 τῇ

249 1542 526 1612 ἁμαρτία,
581 1543 676 1596 καὶ
712 1547 778 1616 τῇ
827 1545 1028 1616 ἀνομίᾳ
1079 1549 1156 1609 είς
1202 1548 1299 1620 τὴν
1348 1550 1613 1620 ἀνομίαν
1662 1550 1836 1615 οὕτως

247 1639 648 1708 παραστήσατε
676 1638 745 1691 τὰ
773 1639 914 1710 μέλη
941 1640 1098 1710 ὑμῶν
1131 1640 1295 1695 δοῦλα
1323 1646 1388 1715 τῇ
1423 1645 1737 1716 δικαιοσύνῃ
1754 1646 1836 1706 είς

1975 1661 2104 1722 tque
2157 1655 2319 1710 aliam
2378 1658 2720 1729 iniquitatem

246 1732 525 1801 ἀγιασμὸν
548 1730 624 1801 τῷ
649 1732 787 1800 Θεῷ.

329 1825 772 1894 Ἐξομολογείσθε
803 1825 1054 1896 ἀλλήλοις
1088 1827 1185 1890 τάς
1218 1827 1497 1900 ἁμαρτίας
1527 1827 1705 1899 ὑμῶν.

321 2001 523 2066 Πιστός
558 2004 673 2056 ἐστι
708 2004 804 2056 καὶ
833 2004 1062 2069 δίκαιος,
1097 2005 1183 2058 ἵνα
1212 2007 1323 2076 ἀφῇ
1359 2007 1489 2076 ἡμῖν
1520 2006 1621 2069 τὰς
1653 2008 1835 2077 ἁμαρ-

237 2093 366 2154 τίας
396 2092 580 2161 ἡμῶν,
620 2091 715 2144 καὶ
745 2092 1022 2166 καθαρίσῃ
1060 2094 1208 2162 ἡμᾶς
1235 2094 1345 2146 ἀπὸ
1380 2093 1564 2162 πάσης
1593 2093 1830 2156 ἀδικίας.

334 2182 463 2235 Ἐάν
488 2199 569 2243 τις
597 2182 955 2253 ἀποπλανηθῇ
983 2185 1093 2237 ἀπὸ
1132 2185 1229 2254 τῆς
1258 2183 1378 2236 ὁδοῦ
1403 2183 1503 2253 τῆς
1547 2183 1830 2253 ἀληθείας,

248 2276 345 2328 καὶ
404 2273 708 2343 ἐπιστρέψη
766 2292 850 2338 τις
897 2275 1085 2340 αὑτὸν,
1140 2275 1483 2344 γινωσκέτω,
1530 2277 1611 2328 ὅτι
1644 2277 1671 2327 ὁ
1709 2277 1832 2327 ἐπι-

247 2365 493 2437 στρέψας
515 2367 837 2436 ἁμαρτωλὸν
863 2369 926 2419 ἐκ
949 2367 1154 2436 πλάνης
1184 2367 1349 2420 αὐτοῦ
1379 2368 1542 2421 σώσει
1568 2367 1744 2438 ψυχήν
1767 2370 1834 2420 ὲκ

247 2458 516 2522 θανάτου,
550 2460 646 2511 καὶ
681 2458 912 2527 καλύψει
936 2457 1137 2528 πλῆθος
1162 2459 1474 2529 ἁμαρτιῶν.

317 2547 456 2603 Είπε
477 2549 640 2604 Δαυῒδ
674 2551 808 2618 πρὸς
839 2550 1027 2604 Νάθαν
1051 2551 1142 2603 τὸν
1188 2553 1471 2621 προφήτην
1494 2567 1508 2582 ⁸
1548 2570 1567 2604 t
1618 2551 1833 2622 Ἦμάρ-

248 2663 397 2715 τηκα
424 2645 502 2713 τῷ
535 2644 763 2714 Κυρίῳο
827 2662 846 2694 ι
897 2646 992 2698 καὶ
1044 2640 1167 2697 εἷπε
1202 2644 1388 2698 Νάθαν
1440 2645 1576 2715 πρὸς
1622 2646 1826 2700 Δαυῒδ·

258 2757 276 2790 ι
331 2739 444 2791 Καὶ
477 2737 683 2806 Κύριος
735 2735 996 2808 ἀφείλατο
1025 2739 1087 2790 τὸ
1132 2738 1442 2809 ἁμάρτημά
1486 2756 1605 2804 σου,
1639 2741 1734 2792 καὶ
1768 2740 1828 2792 οὐ

253 2831 332 2901 μὴ
366 2813 668 2903 ἀποθάνῃςί
709 2848 730 2882 ι

337 2922 463 2976 Ἐὰν
519 2922 721 2994 ἄνομόν
767 2923 821 2978 τί
870 2925 1016 2977 ἐστιν
1065 2925 1124 2978 ἐν
1165 2926 1233 2993 τῇ
1279 2925 1424 2996 χειρί
1475 2941 1592 2991 σου,
1641 2924 1831 2997 πόρρω

251 3015 384 3070 αὐτὸ
428 3017 657 3087 ποίησον
704 3015 813 3070 ἀπὸ
844 3016 1173 3084 σοῦ.,οὒτως
1203 3017 1518 3088 ἀναλάμψει
1561 3018 1621 3070 τὸ
1656 3020 1829 3089 πρόσ-

253 3108 406 3165 ωπόν
439 3124 533 3160 σου
563 3106 752 3178 ὥσπερ
777 3108 922 3180 ὕδωρ
948 3109 1212 3179 καθαρόν.

336 3203 463 3256 Ἐὰν
519 3197 623 3256 ὦσι
678 3201 839 3273 χίλιοι
898 3204 1268 3273 θανατηφόροι
1329 3202 1576 3272 ἄγγελοι,
1633 3201 1716 3267 εἷς
1777 3205 1837 3269 ἐξ

251 3294 434 3351 αὐτῶν
454 3295 517 3348 οὐ
545 3295 621 3364 μὴ
647 3295 835 3366 τρώσῃ
857 3295 1041 3361 αὑτὸν,
1068 3295 1167 3350 ἐὰν
1197 3299 1363 3368 νοήσῃ
1391 3300 1458 3369 τῇ
1485 3296 1678 3367 καρδία
1715 3299 1836 3350 ἑπι-

252 3388 567 3461 στραφῆναι
602 3390 738 3459 πρὸς
773 3388 997 3459 Κύριον.

330 3478 498 3550 Εἶπα,
517 3481 894 3554 Ἐξαγορεύσω
927 3482 1046 3535 κατ’
1072 3481 1208 3552 ἐμοῦ
1242 3483 1340 3552 τὴν
1362 3483 1594 3552 ἀνομίαν
1617 3499 1721 3552 μου
1756 3481 1834 3551 τῷ

251 3575 478 3645 Κυρίῳο
531 3575 630 3628 κα).
677 3573 743 3627 σὺ
771 3573 986 3642 ἀφῆκας
1030 3572 1130 3643 τὴν
1163 3571 1424 3626 ἀσέϐειαν
1467 3574 1566 3642 τῆς
1591 3573 1835 3642 ,καρδίας

295 3684 385 3724 ου.

254 3687 743 3832 μθιῒροφθάσιιιιμεν
788 3759 848 3812 τὸ
878 3759 1172 3828 πρόσωπον
1219 3757 1386 3811 αὐτοῦ
1418 3759 1478 3812 ἐν
1503 3757 1838 3834 ἐξομολογή-

256 3873 362 3912 σει.

337 3951 601 4011 Ἐπτάκις
631 3950 877 4001 πεσεῖται
907 3948 935 4000 ὁ
963 3945 1194 4015 δίκαιος,
1220 3944 1315 3999 καὶ
1339 3945 1727 4016 ἀναστήσεται.

327 4025 550 4105 Δίκαιος
579 4039 776 4096 ἑαυτοῦ
807 4042 1113 4111 κατήγορος
1145 4041 1206 4094 ὲν
1232 4037 1601 4110 πρωτολογίᾳ.

326 4226 436 4279 Καὶ
469 4223 565 4278 νῦν
596 4222 748 4291 λέγει
796 4225 1000 4294 Κύριος
1029 4224 1058 4277 ὁ
1086 4221 1219 4287 Θεὸς
1259 4220 1437 4294 ὑμῶν,
1475 4239 1495 4272 1
1539 4217 1838 4289 Ἐπιστράυ

251 4339 392 4392 tanta
425 4323 560 4392 πρός
594 4335 660 4391 με
691 4316 751 4382 ἐξ
777 4319 900 4387 ὅλης
927 4317 1154 4387 καρδίας
1184 4316 1340 4386 ὑμῶν
1369 4317 1429 4368 ὲν
1459 4313 1705 4384 νηστεία,
1743 4315 1837 4365 καὶ

1945 457 2154 508 onerati
2172 457 2327 518 estis,
2357 468 2411 512 et
2430 474 2530 528 ego
2569 460 2806 516 reﬁciam
2843 477 2962 518 vos.

2015 547 2158 602 Ibid.
2188 567 2260 604 Ix.
2284 550 2412 604 Sani
2449 562 2556 606 non
2591 565 2752 625 egent
2811 559 3042 625 medico,
3077 561 3171 618 sed
3201 562 3342 616 male
3373 562 3539 617 αποθ-

1943 640 2005 695 ti.
2063 641 2141 695 Ite
2167 649 2222 694 et
2247 642 2449 697 discite.
2478 645 2611 712 quid
2650 647 2725 729 sit
2765 664 2782 704 :
2834 649 3263 709 Misericordiam
3291 656 3439 721 volo,
3481 667 3537 710 et

1942 746 2050 788 non
2082 731 2431 788 sacriﬁcium.
2471 736 2589 791 Non
2622 741 2767 792 enim
2799 743 2918 796 veni
2952 753 3011 799 ut
3032 761 3287 801 vocarem
3315 748 3493 818 justos
3518 786 3536 814 ,

1941 823 2034 878 sed
2084 833 2400 892 peccatores
2444 827 2514 880 ad
2567 829 2961 895 pmnitentiam.

2013 911 2145 968 Luc.
2177 930 2270 970 xv.
2325 916 2457 972 Dico
2489 919 2648 974 vobis
2707 924 2853 991 quod
2917 925 2988 978 ita
3041 929 3294 996 gaudium
3341 931 3444 984 erit
3476 931 3529 983 in

1941 1005 2078 1059 coelo
2105 1021 2270 1076 super
2295 1023 2404 1062 uno
2434 1021 2718 1079 peccatore
2763 1017 3136 1085 resipiscente.
3167 1021 3340 1088 magis
3368 1038 3529 1090 quam

1942 1111 2109 1164 super
2167 1101 2464 1171 nonaginta
2522 1119 2720 1160 norem
2758 1107 2952 1176 justis,
2984 1111 3077 1180 qui
3125 1126 3234 1166 non
3287 1113 3530 1185 indigent

1941 1189 2286 1257 pmnitentia.

2009 1281 2119 1352 33
2148 1283 2288 1338 Ibid.
2325 1285 2602 1342 Gaudium
2635 1289 2742 1343 erit
2772 1304 2955 1347 coram
2994 1295 3204 1366 angelis
3238 1295 3332 1352 Dei
3360 1311 3530 1368 super

1935 1389 2050 1429 uno
2073 1385 2360 1444 peccatore
2398 1381 2781 1451 resipiscente.

2009 1467 2168 1524 Rom.
2225 1488 2301 1526 vi.
2356 1472 2828 1539 Quemadmodum
2895 1481 3208 1549 praebuistis
3281 1481 3527 1536 membra

1939 1572 2119 1616 vestra
2177 1577 2333 1620 serva
2376 1567 2738 1624 immunditiae
2793 1580 2848 1625 et
2899 1573 3174 1643 iniquitati
3228 1574 3295 1628 ad
3359 1573 3522 1627 aliam

2769 1680 2784 1717 :
2841 1665 2923 1719 sic
2971 1676 3027 1719 et
3094 1681 3242 1719 nunc
3295 1665 3531 1732 pra:bete

1863 1741 1908 1796 Β
1938 1745 2181 1799 membra
2228 1759 2408 1804 vestra
2446 1766 2604 1807 serva
2640 1755 2866 1824 iustitiae
2905 1757 2972 1810 ad
3007 1757 3524 1812 sanctiﬁcationem.

2003 1835 2127 1892 Jac.
2165 1852 2219 1893 γ.
2273 1839 2629 1898 Conﬁtemini
2682 1846 2913 1901 invicem
2969 1847 3111 1902 alius
3157 1849 3251 1902 alii
3305 1855 3526 1919 peccata

1937 1937 2139 1982 νοειη.

2003 2019 2207 2078 Fidelis
2234 2031 2320 2078 est
2362 2034 2417 2080 et
2464 2027 2650 2096 justus
2707 2037 2766 2082 ut
2811 2031 3052 2086 remittat
3105 2032 3262 2087 nobis
3302 2041 3524 2104 peccata

1935 2118 2145 2175 nostra,
2167 2121 2222 2168 et
2245 2113 2496 2181 puriﬁcet
2524 2130 2628 2171 nos
2668 2117 2736 2170 ab
2757 2118 2904 2172 omni
2936 2120 3241 2190 iniquitate.

2004 2200 2146 2256 Ibid.
2197 2203 2253 2257 Si
2304 2206 2430 2274 quis
2476 2207 2620 2262 inter
2659 2224 2756 2264 vos
2813 2213 3084 2266 erraverit
3110 2228 3143 2267 a
3178 2215 3426 2280 veritate,
3474 2227 3530 2271 et

1934 2295 2268 2349 converterit
2296 2298 2421 2365 quis
2445 2313 2590 2366 eum,
2616 2301 2754 2354 sciat
2787 2302 2933 2371 quod
2957 2305 3047 2366 qui
3073 2307 3314 2361 converti
3339 2306 3532 2362 fecerit

1935 2393 2278 2451 pcccatorem
2313 2388 2382 2442 ab
2416 2404 2606 2445 errore
2637 2392 2738 2448 viae
2782 2408 2918 2458 sum,
2955 2396 3164 2451 salvam
3211 2398 3374 2454 faciet
3410 2401 3530 2454 ani-

1935 2491 2080 2531 mam
2113 2493 2143 2532 a
2172 2489 2366 2544 morte,
2389 2492 2443 2536 et
2468 2485 2679 2552 operiet
2713 2486 3120 2541 multitudinem
3152 2500 3527 2558 peccatorum.

2004 2569 2064 2623 II
2102 2568 2227 2639 Reg.
2276 2588 2335 2626 ιι.
2385 2574 2529 2627 Dixit
2564 2575 2734 2629 David
2775 2577 2842 2631 ad
2897 2578 3109 2632 Nathan
3157 2581 3472 2649 prophetam
3512 2602 3527 2635 :

1934 2659 2160 2716 Peccavi
2193 2663 2440 2727 Dum-ine,
2480 2673 2536 2719 ct
2578 2669 2856 2736 respondit
2879 2670 3090 2724 Natlian
3123 2685 3139 2724 :
3171 2670 3238 2725 Et
3270 2673 3529 2728 Dominus

1933 2757 2138 2808 amovit
2164 2766 2444 2824 peccatum
2476 2768 2654 2825 tuum,
2682 2770 2735 2816 et
2771 2777 2878 2816 non
2912 2763 3188 2820 morieris.

2003 2927 2060 2985 Si
2090 2930 2220 3000 quid
2253 2930 2502 3001 iniquum
2530 2943 2616 2988 est
2644 2935 2698 2989 in
2731 2952 2892 2992 manu
2936 2947 3045 3005 tua,
3075 2940 3264 3007 procul
3295 2939 3347 2996 id
3378 2955 3527 2996 amo-

1931 3022 2034 3079 lire
2061 3023 2160 3079 abs
2191 3032 2243 3079 te
2292 3041 2307 3078 :
2359 3027 2440 3080 sic
2491 3026 2752 3083 relucebit
2793 3028 2964 3085 facies
3019 3040 3112 3086 tua
3144 3032 3318 3088 instar
3369 3049 3526 3104 aqua:

1937 3116 2198 3186 limpida.

2006 3207 2064 3262 Si
2121 3207 2325 3266 fuerint
2374 3211 2522 3267 mille
2571 3212 2752 3285 angeli
2795 3213 3054 3280 lethifcri,
3088 3215 3268 3272 nullus
3333 3231 3528 3273 eorum

1903 3284 1916 3296 ’
1937 3302 2248 3356 vulnerabit
2281 3319 2429 3370 eum.
2453 3306 2499 3360 si
2530 3322 2597 3362 ex
2624 3284 2810 3364 animo
2849 3307 3104 3364 instituat
3139 3311 3204 3367 ad
3239 3308 3531 3368 Dominum

1937 3393 2206 3447 converti.

2011 3482 2162 3540 Ρεαι.
2216 3503 2365 3545 xxxi.
2433 3489 2574 3557 Dixi,
2616 3491 2930 3550 Conﬁtebor
2977 3494 3243 3553 adversus
3284 3469 3530 3553 me'ini-

1938 3577 2208 3644 quitatem
2250 3596 2424 3634 Ineunt
2464 3581 2700 3638 Domino
2738 3602 2753 3638 :
2790 3596 2845 3640 et
2888 3596 2942 3640 tu
2982 3587 3244 3644 remisisti
3280 3589 3530 3658 impieta-

1942 3672 2048 3716 tem
2083 3666 2267 3718 cordis
2300 3668 2426 3722 mei.

2014 3752 2166 3811 I’sal.
2207 3772 2351 3812 xeiv.
2408 3760 2819 3819 Prazveniamus
2851 3764 3046 3821 faciem
3076 3767 3197 3837 ejus
3218 3766 3275 3822 in
3315 3771 3529 3827 confes-

1939 3857 2120 3900 smne.

2020 3935 2184 3997 Prov.
2219 3957 2366 4000 xxnv.
2402 3943 2615 4014 Septies
2645 3947 2798 4004 cadet
2827 3950 3012 4021 justus
3039 3960 3093 4008 et
3112 3964 3382 4025 resurget.

2010 4031 2155 4090 Ibid.
2197 4047 2352 4092 xvm.
2386 4034 2580 4095 Justus
2626 4043 2715 4094 sui
2768 4054 3058 4099 accusator
3106 4058 3193 4102 est
3241 4046 3298 4100 ir.-
3348 4047 3532 4118 primo

1935 4139 2213 4183 sermone.

2019 4223 2230 4279 laetu.
2280 4223 2344 4281 Et
2379 4242 2524 4284 nunc
2572 4226 2704 4282 dicit
2776 4227 3042 4287 Dominus
3098 4230 3241 4289 Deus
3290 4247 3516 4289 vester:

1937 4321 2338 4380 Convertimini
2370 4321 2437 4376 ad
2466 4337 2551 4375 me
2582 4336 2649 4376 ex
2681 4331 2792 4376 tcto
2826 4327 2990 4378 corde
3014 4334 3214 4389 vestro,
3246 4327 3530 4398 injejuuiu

249 4419 310 4469 ἐν
341 4413 607 4483 κλαυθμῷ
647 4413 744 4467 καὶ
770 4409 987 4481 κοπετῷ
1012 4422 1024 4435 ·
1081 4410 1177 4462 καὶ
1200 4409 1531 4478 διαρῤήξατε
1567 4407 1658 4468 τὰς
1701 4421 1837 4475 καρ-

1968 4425 1996 4470 ιῑ
2031 4415 2156 4468 ﬁetu
2201 4426 2255 4469 et
2297 4414 2517 4486 planetu
2557 4433 2569 4468 :
2609 4425 2664 4468 et
2699 4415 2935 4469 sciudite
2975 4417 3139 4470 corda
3174 4428 3375 4484 vestra,
3413 4438 3516 4476 mu

248 4509 368 4569 δίας
401 4507 577 4576 ὑμῶν,
610 4505 704 4558 καὶ
759 4503 836 4574 μὴ
864 4502 934 4555 τά
969 4503 1160 4571 ίμάτια
1187 4500 1364 4571 ὑμῶν,
1417 4500 1514 4554 καὶ
1573 4499 1836 4562 ἐπιστρά-

249 4617 394 4670 φητε
431 4597 567 4667 πρὸς
595 4597 802 4666 Κύριον
838 4594 931 4646 τὸν
966 4593 1101 4646 Θεὸν
1135 4593 1313 4659 ὑμῶν,
1354 4595 1435 4645 ὅτι
1460 4593 1709 4663 ιλεήμων
1742 4595 1837 4644 καὶ

247 4691 560 4760 οἰκτίρμων
612 4688 750 4751 ἐστὶ,
800 4685 1158 4756 μακρόθυμος
1212 4685 1308 4737 καὶ
1367 4685 1680 4748 πολυέλεος,
1740 4686 1837 4739 καὶ

252 4783 537 4856 μετανοῶν
568 4783 660 4838 ἐπὶ
689 4785 811 4843 ταῖς
858 4785 1098 4842 κακίαις.
1141 4796 1161 4830 ι

333 4990 360 5023 ι
410 4969 815 5039 Ἐπιστράιρητε
861 4967 999 5037 πρός
1052 4983 1145 5037 με,
1197 4967 1293 5019 καὶ
1349 4968 1836 5036 έπιστραιρήσομαι

255 5061 394 5131 πρὸς
423 5060 592 5128 ὑμᾶς,
636 5077 654 5110 ι
690 5059 840 5126 λέγει
872 5057 1074 5126 Κύριος
1105 5056 1523 5124 παντοκράτωρ.

337 5153 478 5206 Geni.
534 5152 584 5204 οί
631 5151 1004 5220 ἐπισπώμενοι
1055 5149 1154 5210 τὰς
1202 5148 1479 5219 ἁμαρτίας
1533 5147 1715 5200 αὐτῶν
1764 5149 1838 5211 ὡς

263 5245 482 5315 σχοινίῳ
516 5243 736 5314 μακρῷ,
761 5244 860 5297 καὶ
890 5243 963 5306 ὡς
990 5242 1158 5310 ζυγοῦ
1183 5243 1368 5310 ἱμάντι
1393 5241 1704 5312 δαμάλεως,
1738 5243 1837 5304 τὰς

257 5342 491 5408 ἀνομίας
518 5338 718 5392 αὐτῶν.

333 5434 643 5499 Amicenses,
669 5433 900 5501 καθαροὶ
927 5431 1164 5502 γίνεσθε,
1194 5431 1424 5500 ἀφέλετε
1445 5432 1543 5493 τὰς
1571 5429 1834 5501 πονηρίας

263 5530 417 5598 ὑμῶν
457 5528 568 5580 ἀπὸ
617 5529 724 5581 τῶν
775 5528 964 5598 ψυχῶν
1001 5527 1155 5598 ὑμῶν
1207 5528 1471 5582 ἀπέναντι
1503 5527 1613 5580 τῶν
1639 5525 1838 5593 ὀφθαλ-

264 5622 386 5692 μῶν
427 5637 552 5690 μου.
601 5620 888 5673 Παύσασθε
919 5622 1024 5673 ἀπὸ
1054 5620 1163 5672 τῶν
1195 5619 1470 5690 πονηριῶν
1504 5618 1676 5688 ὑμῶν.
1712 5619 1834 5670 Μά-

246 5717 379 5782 ,θετε
450 5713 611 5770 καλὸν
667 5717 862 5782 ποιεῖν,
917 5714 1260 5784 ἐκζητήσατε
1317 5714 1518 5780 κρίσιν,
1591 5712 1828 5782 ῥύσασθε

1941 4510 2262 4563 vestimenta
2306 4518 2509 4572 vestra,
2559 4519 2614 4561 et
2657 4509 3043 4564 convertimini
3099 4511 3167 4564 ad
3228 4511 3515 4567 Dominum

1941 4597 2106 4654 Deum
2155 4609 2421 4665 vestrum,
2479 4601 2739 4668 quoniam
2781 4602 3061 4660 beneﬁcus
3105 4615 3158 4659 et
3206 4606 3522 4662 misericors

1938 4699 2043 4754 est,
2089 4691 2423 4758 longanimis
2467 4701 2520 4744 et
2563 4691 2744 4747 multa!
2799 4693 3076 4758 bonitatis,
3119 4703 3174 4747 et
3202 4695 3518 4764 pteniteutia

1883 4837 1891 4846 ,
1939 4780 2156 4835 ducitur
2186 4797 2352 4851 super
2383 4782 2526 4836 malo
2557 4781 2724 4854 (quod
2754 4784 2969 4841 scilicet
2998 4783 3198 4840 inﬂixit
3228 4787 3400 4852 vobis,
3436 4787 3519 4842 vel

1939 4869 2249 4929 inﬁicturus
2297 4873 2518 4941 fuerat).

2018 4967 2318 5022 Maias/tice.
2385 4969 2778 5024 Convertimini
2827 4970 2892 5024 ad
2957 4984 3063 5037 me,
3092 4980 3147 5027 et
3172 4987 3272 5044 ego
3311 4973 3378 5029 ad
3425 4991 3523 5034 vos

1939 5073 2249 5126 convertar,
2277 5060 2450 5128 inquit
2484 5061 2744 5117 Dominus
2772 5063 3136 5133 omnipotens.

2012 5155 2125 5211 Isa.
2167 5172 2218 5208 ν.
2261 5153 2352 5209 Va:
2399 5155 2491 5224 qui
2540 5156 2815 5210 attrahitis
2866 5169 3090 5226 peccata
3124 5161 3366 5228 ipsorum
3405 5171 3531 5214 tan-.-.

1941 5265 2105 5320 quam
2140 5249 2301 5316 longo
2333 5247 2596 5313 funiculo,
2633 5258 2689 5303 et
2718 5250 2885 5305 veluti
2917 5252 3037 5308 loro
3078 5253 3283 5308 bubulo
3315 5251 3526 5323 iniqui-2.

1941 5349 2080 5395 tates
2105 5341 2372 5410 ipsorum.

2010 5433 2154 5487 Ibid.
2180 5450 2218 5488 ι.
2240 5433 2544 5499 Lavamiui,
2577 5435 2762 5490 mundi
2787 5443 2986 5498 estote,
3011 5434 3221 5490 auferte
3244 5435 3533 5504 nequitias.

1940 5529 2008 5582 ah
2044 5527 2334 5581 animabus
2367 5533 2564 5583 vestris
2595 5544 2776 5584 coram
2813 5530 2993 5584 oculis
3033 5517 3191 5583 meis.
3236 5526 3461 5583 Cessate
3491 5545 3531 5589 a

1943 5620 2199 5688 nequitiis
2261 5621 2478 5684 vestris,
2522 5621 2718 5675 discite
2770 5622 2974 5674 bonum
3033 5620 3253 5688 facere;
3299 5623 3532 5691 quatrite

1947 5714 2230 5782 iui-licium.
2262 5714 2488 5770 liberate
2532 5712 2731 5778 injuria
2762 5728 3104 5782 oppressum.
3141 5711 3389 5772 Judicatc
3429 5732 3526 5789 pug
