3960 6196
195 302 308 369 8‘29

1006 288 1650 373 LOCICOMM'UNES.
1693 324 1763 339 —
1814 300 2012 363 PARS
2053 307 2100 368 ι.
2144 310 2406 374 SERMO
2447 315 2637 396 xv_u.

3343 313 3451 375 830

266 425 401 476 Δέον
430 422 901 496 εύμετακινήτους
929 428 1027 491 μὲν
1057 425 1197 480 εἶναι
1245 426 1386 497 πρὸς
1416 423 1477 478 τδ
1522 422 1769 492 κρεῖττον

1940 422 1986 480 Α
2015 427 2383 509 deteriori'ad
2425 431 2619 487 melius
2663 428 2821 487 facile
2860 426 3080 496 mutari,
3130 429 3249 485 vice
3294 443 3450 484 νει-εει

191 516 303 569 ἀπὸ
330 515 428 570 τοῦ
458 518 728 589 χείρονος,
764 519 1060 591 ἀκινήτους
1097 520 1154 574 δὲ
1188 520 1325 590 πρὸς
1353 516 1416 574 τὸ
1445 516 1629 588 χεῖρον
1662 513 1771 567 ἀπὸ

184 605 286 661 τοῦ
336 607 631 679 βελτίονος.

261 701 336 753 Τδ
381 701 457 772 μὴ
487 702 829 775 ἁμαρτάνειν
879 705 1318 777 ἀνεπαισθήτως,
1358 700 1477 759 ἀλλ’
1509 698 1771 769 ἐπιγινώ-

189 809 348 846 σκειν
400 794 497 848 καὶ
545 797 778 868 συνορᾷν
810 797 871 851 τὺ
902 796 1311 869 πλημμεληθὲν,
1361 796 1462 851 οὐκ
1509 793 1629 846 ἐστι
1677 809 1770 861 μι-

188 884 324 956 κρόν
348 904 364 918 ·
395 886 516 942 ἀλλ’
548 888 667 953 666;
699 889 784 956 τίς
830 890 949 944 ἐστι
980 889 1077 944 καὶ
1104 889 1271 959 ἀρχὴ,
1314 887 1450 958 πρὸς
1473 883 1769 956 διόρθωσιν

186 978 398 1045 ἄγουσα
430 981 523 1033 καὶ
548 978 646 1053 τήν
669 979 764 1035 ἐπὶ
786 982 856 1037 τὰ
895 982 1129 1054 κρείττω
1158 979 1484 1051 μετασολήν.

259 1071 408 1134 Ἕως
454 1071 572 1126 ἐστὶ
626 1076 841 1146 καιρὸς,
905 1076 1312 1146 προφθάσωμεν
1364 1072 1427 1126 τδ
1478 1069 1576 1124 τοῦ
1631 1067 1769 1124 Θεοῦ

189 1161 485 1231 πρόσωπον
513 1163 571 1215 ὲν
599 1162 1008 1235 ἐξομολογήσει,
1044 1165 1132 1218 ἴνα
1156 1164 1364 1241 ήμερον
1387 1162 1548 1216 αύτδν
1571 1160 1770 1228 ἴδωμεν

184 1254 306 1308 τότε
325 1256 419 1306 καὶ
434 1253 693 1325 γαληνὸν,
710 1254 797 1308 ἵνα
820 1255 917 1318 τὰς
939 1254 1340 1328 ἁπειληφόρους
1366 1256 1579 1320 ὲκείνας
1607 1256 1770 1309 δυνά-

188 1365 310 1419 μεις
344 1347 723 1418 διαφύγωμεν.

254 1441 336 1493 Ού
369 1440 542 1495 δεινὸν
578 1438 637 1494 τὸ
669 1439 1008 1511 πολεμοῦντα
1040 1438 1338 1512 τρωθῆναι,
1371 1437 1508 1492 ἀλλὰ
1542 1438 1602 1491 τὸ
1631 1437 1770 1507 μετὰ

184 1533 285 1603 τὴν
303 1532 524 1603 πληγὴν
545 1533 859 1602 ἀπογνῶναι
884 1533 978 1587 καὶ
1008 1531 1283 1601 ἀμελῆσαι
1313 1532 1407 1585 τοῦ
1432 1530 1768 1603 τραύματος.

253 1621 350 1693 Μὴ
378 1622 561 1675 τοίνυν
593 1623 963 1690 ἁπογῖνωσκε,
993 1622 1128 1694 μηδὲ
1154 1622 1422 1692 ἀφίστασο
1448 1620 1549 1689 τῆς
1579 1619 1769 1689 εὐχῆς,

182 1710 321 1764 ἀλλὰ
356 1710 623 1781 πρόσελθε
660 1711 983 1781 ἁμαρτωλὸς
1020 1711 1120 1778 ῶν,
1151 1712 1240 1764 ἶνα
1271 1710 1506 1781 δοξάσῃς
1554 1727 1647 1763 σου
1681 1709 1771 1763 τὸν

184 1803 491 1872 Δεσπότην,
530 1803 615 1856 ἵνα
653 1804 759 1873 δῷς
788 1804 937 1875 αύτῷ
974 1805 1073 1874 τὴν
1114 1803 1322 1857 οἰκείαν
1358 1802 1772 1872 φιλανθρωπίαν

183 1897 241 1948 ὲν
278 1895 348 1966 τῇ
385 1896 731 1966 συγχωρήσει
779 1897 888 1948 τῶν
943 1895 1052 1948 σῶν
1101 1895 1521 1966 ἁμαρτημάτων
1572 1892 1775 1947 ἐπιδείσ-

186 1985 422 2047 ξασθαι·
472 1984 548 2050 ὡς
602 1986 699 2040 ἐὰν
757 1985 1008 2057 ,φοὸηθῇς
1070 1984 1412 2056 προσελθεῖν,
1460 1985 1773 2047 ἑνεπόδισας

184 2076 355 2129 αὑτοῦ
384 2078 453 2148 τῇ
484 2075 804 2148 ἁγαθότητι,
843 2076 1176 2141 διεκώλυσας
1208 2075 1371 2130 αὑτὸν
1404 2078 1504 2146 τῆς
1542 2074 1775 2146 χρηστό-

182 2183 348 2237 τητος
372 2166 561 2231 αὐτοῦ,
582 2169 642 2222 τό
664 2186 739 2247 γε.
760 2168 851 2221 ἐπὶ
873 2169 957 2222 σοὶ
979 2162 1134 2239 ἧκον.

267 2260 338 2312 Ἥ
382 2257 630 2331 ἁμαρτία
672 2260 1084 2331 ὁμολογουμένη
1121 2260 1359 2316 ἐλάττων
1401 2262 1613 2327 γίνεται
1639 2275 1656 2291 ⁸
1697 2258 1773 2329 μὴ

185 2349 598 2421 ὁμολογουμένη
633 2351 713 2416 δὲ,
736 2353 957 2422 χείρων.

254 2445 416 2512 Μέγα
454 2444 662 2514 ἀγαθὸν
707 2445 767 2498 τὸ
814 2448 1203 2514 ἐπιγινώσκειν
1255 2444 1326 2499 τὰ
1371 2444 1772 2516 ἁμαρτήματα,

192 2535 283 2588 καὶ
330 2535 742 2605 μιμνήσκεσθαι
785 2536 970 2589 αὐτῶν
1035 2534 1325 2603 διηνεκῶς.
1381 2534 1550 2590 Οὐδὲν
1599 2534 1773 2597 οὕτως

192 2628 488 2700 θεραπεύει
520 2628 929 2700 πλημμέλειαν,
959 2630 1035 2694 ὡς
1072 2630 1264 2701 μνήμη
1286 2630 1551 2702 διηνεκῶς
1572 2645 1586 2660 ο
1618 2629 1772 2684 οὐδὲν

190 2719 364 2783 οὕτως
415 2720 646 2792 ὀκνηρὸν
681 2719 968 2791 ἄνθρωπον
1024 2723 1166 2775 ποιεῖ
1218 2721 1354 2792 πρὸς
1407 2720 1624 2774 κακίαν.
1673 2718 1772 2771 Ἂν

192 2811 319 2885 ἔχῃς
370 2809 437 2863 τὰ
484 2811 863 2883 ἁμαρτήματα
902 2811 1166 2881 διηνεκῶς
1214 2813 1273 2864 ὲν
1320 2814 1386 2882 τῇ
1443 2813 1651 2882 μνήμῃ,
1677 2810 1772 2863 06-

192 2905 381 2957 δέποτε
414 2902 491 2974 τῷ
534 2904 762 2974 πλησίον
811 2905 1265 2974 μνησικακήσεις,
1306 2905 1565 2958 οὐδέποτε
1618 2904 1772 2973 ὀργι-

195 2998 395 3069 σθήσῃ,
449 2998 704 3051 οὐδέποτε
756 2996 1115 3067 λοιδορήσεις,
1158 2997 1219 3048 ού
1260 2996 1554 3066 φρονήσεις
1603 2995 1767 3065 μέγα,

1875 529 2057 575 autem
2094 531 2411 580 constantes
2439 535 2560 579 esse
2589 531 2828 593 oportet.

1947 689 2055 762 35
2088 690 2207 747 Non
2241 708 2469 763 peccare
2495 694 2909 760 insensibiliter,
2939 694 3033 750 sed
3072 707 3376 767 agnoscere
3404 700 3460 746 et

1872 780 2054 836 videre
2086 783 2338 838 delictum
2381 798 2564 849 suum,
2597 799 2705 837 non
2753 799 2917 853 parva
2956 799 3046 840 res
3076 791 3181 847 est,
3225 782 3337 837 imo
3373 782 3457 835 via

1872 875 2118 944 qumdam
2162 884 2215 930 et
2256 876 2589 945 principium
2644 876 2853 931 ducens
2893 875 2960 931 ad
3017 873 3456 946 emendationem

1872 976 1925 1022 et
1951 968 2416 1046 resipisce‘utiam.

1935 1057 2211 1129 ‘Cltrysosl.
2268 1059 2403 1114 Dum
2452 1067 2671 1130 tempus
2709 1075 2814 1115 nos
2863 1060 3015 1124 sinit,
3058 1057 3459 1129 prteveniamus

1876 1150 1963 1205 Dei
1989 1150 2181 1205 faciem
2209 1150 2575 1213 confessione,
2605 1159 2665 1204 ut
2690 1154 2876 1204 mitem
2900 1161 2955 1205 et
2982 1149 3252 1220 placidum
3274 1148 3452 1215 ipsum

1872 1252 2000 1296 tnnc
2032 1242 2335 1308 videamus,
2379 1253 2433 1298 et
2467 1245 2708 1299 minaces
2739 1242 2857 1297 illas
2909 1248 3204 1311 potestates
3232 1236 3459 1307 etrugia-

1794 1368 1801 1375 υ
1873 1351 2017 1390 "HIS.

1938 1424 2058 1480 Non
2094 1434 2203 1480 tam
2248 1427 2469 1481 noxium
2513 1436 2600 1481 est
2628 1423 2893 1480 certando
2933 1411 3234 1486 Vttlnerari,
3291 1434 3455 1489 quam

1870 1518 2070 1571 vulnus
2105 1518 2370 1572 indictum
2399 1518 2673 1589 negligere
2706 1526 2759 1572 et
2788 1518 3103 1585 desperare.

1942 1606 2019 1662 Ne
2049 1609 2304 1678 desperes
2332 1609 2519 1677 igitur,
2552 1624 2653 1663 nec
2696 1624 2727 1664 a
2758 1608 3014 1679 precibus
3058 1607 3318 1670 desistas,
3362 1606 3458 1662 sed

1873 1710 2128 1770 peccator
2156 1716 2279 1756 cum
2330 1701 2432 1767 sis,
2483 1700 2680 1756 accede
2732 1709 2792 1754 ut
2843 1699 3118 1770 gloriiices
3171 1699 3460 1752 Dominum

1876 1801 2053 1857 tuum,
2092 1801 2147 1847 et
2194 1792 2541 1847 occasionem
2583 1793 2630 1845 ei
2681 1792 2921 1860 prazbeas
2967 1790 3279 1844 declarandi
3313 1789 3461 1843 nati-

1873 1900 1995 1939 vam
2030 1885 2417 1955 benignitatem
2442 1899 2599 1941 suam
2639 1884 2693 1938 in
2721 1883 2986 1938 scelerum
3012 1890 3231 1935 tuorum
3263 1879 3460 1935 remis-

1873 1979 2029 2035 sione
2078 1997 2093 2034 :
2126 1995 2253 2033 nam
2295 1979 2340 2033 si
2370 1977 2587 2032 dubites
2627 1977 2909 2042 accedere,
2959 1973 3254 2028 bonitatem
3290 1971 3461 2040 Ipsius

1898 2070 2229 2140 mpedivisti,
2294 2079 2350 2124 et
2395 2069 2782 2139 benignitatem
2842 2074 3109 2137 quantum
3165 2063 3219 2118 in
3278 2072 3331 2118 te
3379 2070 3461 2118 est

1875 2163 2227 2230 prohibuisti.

1945 2250 2232 2308 Peccatum
2280 2254 2324 2308 si
2359 2253 2675 2317 conﬁteare,
2714 2253 2967 2319 minues;
3008 2264 3168 2306 secus
3205 2249 3460 2320 augebis.

1947 2431 2195 2499 Magnum
2226 2428 2431 2485 bonum
2460 2439 2541 2486 est
2566 2443 2863 2500 agnoscere
2887 2435 3134 2497 peccata,
3164 2435 3220 2481 et
3241 2425 3463 2483 assidue

1874 2523 2124 2594 ipsorum
2182 2524 2519 2578 meminisse.
2582 2520 2725 2575 Nihil
2781 2531 2892 2575 tam
2940 2528 3099 2574 curat
3148 2523 3461 2589 peccatum,

1883 2633 2046 2692 quam
2083 2616 2300 2675 assidua
2337 2615 2625 2679 memoria,
2657 2626 2758 2667 nec
2792 2610 2938 2667 aliud
2972 2609 3109 2664 adeo
3141 2596 3363 2663 tardum
3391 2607 3458 2659 ad

1880 2709 2143 2766 malitiam
2195 2706 2371 2763 reddit
2420 2706 2722 2759 hominem.
2772 2702 2829 2757 Si
2871 2708 3094 2772 peccata
3140 2696 3372 2755 subinde
3404 2697 3461 2753 in

1883 2800 2149 2856 memoria
2181 2798 2391 2864 volvas,
2415 2811 2694 2867 nunquam
2729 2792 3107 2850 recordaberis
3134 2790 3460 2860 iniuriarum

1873 2910 2009 2965 quas
2045 2892 2326 2963 proximus
2353 2901 2481 2946 tuus
2507 2890 2604 2945 tibi
2632 2888 2846 2955 fecerit,
2876 2899 3157 2956 nunquam
3183 2883 3461 2946 irasceris,

1872 2996 2151 3050 nunquam
2211 2978 2629 3045 conviciabcris,
2677 2992 2784 3032 non
2849 2977 3018 3030 altum
3085 2974 3284 3044 sapies,
3356 2987 3463 3026 non

193 3091 254 3150 οὗ
280 3065 588 3158 *πεῖριπεσεῖ
628 3087 790 3142 πάλιν
836 3065 950 3150 τοῖς
1001 3087 1207 3149 αὐτοῖς.
1253 3086 1381 3139 Ἐὰν
1424 3065 1538 3155 γὰρ
1584 3086 1678 3139 νῦν
1701 3081 1769 3160 ᾗς

1896 3074 2059 3129 lenuo
2111 3072 2169 3127 in
2223 3071 2442 3126 eosdem
2492 3084 2713 3125 errores
2749 3068 2978 3125 incides.
3026 3066 3161 3122 Nam
3220 3065 3266 3122 si
3319 3079 3466 3120 nunc

196 3182 380 3240 αὐτῶν
416 3181 791 3252 μεμνημένος,
824 3181 919 3234 καὶ
946 3179 1185 3250 συνεχῶς
1207 3179 1345 3233 αὐτὰ
1381 3179 1668 3249 προφέρῃς
1697 3178 1775 3250 τῷ

197 3274 337 3344 Θεῷ,
371 3273 466 3328 καὶ
507 3273 646 3345 ὑπὲρ
677 3272 857 3327 αὐτῶν
886 3272 1002 3343 δέῃ,
1039 3272 1246 3342 ταχέως
1276 3273 1582 3339 ἐξαλείφεις
1613 3274 1773 3329 αὐτά.

207 3368 336 3420 Ἐὰν
369 3367 425 3420 δὲ
454 3365 549 3420 νῦν
594 3365 851 3436 ἐπιλάϐῃ,
882 3366 1005 3418 τότε
1042 3365 1221 3417 αὐτῶν
1259 3368 1653 3438 ἀναμνησθήσῃ
1684 3370 1778 3423 καὶ

199 3457 351 3539 ᾇκων
400 3458 494 3511 ἐπὶ
532 3460 632 3528 τῆς
683 3458 1010 3528 οἰκουμένης
1048 3457 1269 3527 ἁπάσης
1312 3458 1391 3519 εἰς
1420 3454 1777 3528 μὲσον“φερο-

206 3551 387 3625 μένων
406 3548 605 3612 αὐτῶν,
624 3548 718 3601 καὶ
740 3547 928 3616 φίλων,
965 3549 1060 3600 καὶ
1109 3546 1340 3619 ἐχθρῶν,
1379 3549 1475 3600 καὶ
1505 3548 1772 3615 ἀγγέλων.

199 3644 273 3695 06
313 3642 424 3715 γὰρ
468 3641 533 3710 δὴ
571 3642 702 3715 πρὸς
735 3639 897 3695 Δαυῖδ
919 3639 1071 3707 ἔλεγε
1100 3640 1280 3710 μόνον,
1319 3658 1337 3690 ι
1372 3640 1438 3691 'A
1477 3642 1540 3692 σὺ
1590 3639 1779 3707 εποίη-

196 3751 294 3799 σας
321 3737 382 3789 ὲν
404 3737 608 3805 κρυφῇ,
632 3732 741 3803 ἐγὼ
773 3733 983 3805 ποιήσω
1010 3735 1143 3786 πᾶσι
1202 3732 1528 3801 κατάδηλον,
1567 3752 1586 3784 ι
1642 3731 1779 3785 ἀλλὰ

195 3830 290 3887 tut
316 3826 452 3899 πρὸς
482 3828 691 3891 πάντας
747 3826 916 3897 ἡμᾶς.
966 3822 1201 3891 Ἐλέγξω
1235 3825 1341 3894 γάρ
1366 3841 1446 3887 σε,
1465 3824 1649 3892 φησὶν,
1673 3822 1779 3876 ὑπὸ

190 3924 307 3984 τοῖς
339 3922 596 3981 ἁπάντων
629 3919 928 3991 ὀφθαλμοῗς
952 3916 1121 3982 τιθείς
1162 3931 1255 3973 σου
1308 3916 1704 3987 ἁμαρτήματα.

277 4111 491 4179 Ὠσπερ
534 4106 643 4177 γὰρ
685 4108 713 4160 6
754 4106 853 4175 τήν
883 4104 1054 4174 θύραν
1096 4099 1359 4156 εἰσελθὼν
1409 4101 1555 4155 ἔνδον
1603 4102 1775 4168 ἐστὶν,
1827 4133 1843 4147 ο

195 4202 376 4264 οὕτως
414 4203 445 4253 δ
474 4201 543 4253 τὰ
585 4201 758 4252 οἰκεῖα
802 4196 1150 4266 λογιζόμενος
1203 4195 1350 4248 κακὰ
1391 4194 1488 4248 καὶ
1541 4195 1635 4248 ἐπὶ
1679 4194 1778 4265 τὴν

198 4295 502 4367 θεραπείαν
539 4292 720 4346 αὐτῶν
748 4292 964 4351 πάντως
990 4290 1130 4360 ἥξει.
1167 4290 1265 4340 Ἂν
1290 4288 1345 4340 δὲ
1378 4285 1533 4357 λέγῃ,
1569 4287 1780 4356 Ἀμαρ-

196 4390 528 4459 τωλόςείμι,
564 4388 643 4459 μὴ
675 4387 1060 4454 ἀναλογίζεται
1090 4383 1146 4437 δὲ
1170 4383 1309 4435 αὐτὰ
1340 4382 1461 4436 κατ’
1490 4375 1652 4442 εἶδος.
1683 4381 1777 4459 καὶ
1810 4410 1813 4413 -

1880 3181 2072 3221 eorum
2102 3164 2446 3229 memineris,
2485 3170 2539 3217 et
2571 3163 2792 3219 assidue
2817 3175 3004 3215 coram
3036 3158 3147 3213 Deo
3174 3161 3291 3227 ipsa
3319 3172 3467 3212 com-

1881 3272 2175 3320 memores,
2225 3264 2279 3311 et
2319 3255 2530 3310 veniam
2569 3269 2719 3320 ores,
2751 3253 2933 3309 statim
2966 3252 3357 3307 abolebuntur.
3403 3247 3463 3304 Si

1881 3365 2011 3404 vero
2042 3364 2186 3403 nunc
2218 3363 2406 3403 eorum
2438 3345 2800 3411 obliviscaris,
2830 3346 2882 3399 in
2914 3344 3100 3400 futuro
3138 3342 3338 3399 szeCttlo
3383 3344 3465 3398 vel

1880 3439 2090 3495 invitus
2141 3438 2526 3493 recordaberis
2553 3452 2743 3491 eorum
2789 3452 2972 3491 coram
3024 3441 3282 3491 universo
3309 3436 3464 3502 orbe,

1879 3530 2076 3585 amicis
2126 3528 2292 3585 simul
2326 3537 2381 3582 ct
2420 3527 2665 3583 inimicis
2709 3539 2763 3582 et
2786 3529 2995 3597 angelis
3021 3527 3076 3581 in
3126 3527 3364 3583 medium
3403 3541 3466 3581 ea

1883 3619 2316 3690 proferentibus.
2352 3616 2470 3673 Non
2522 3621 2667 3674 enim
2699 3620 2765 3672 ad
2797 3622 2973 3673 solum
3025 3619 3279 3674 Davidem
3331 3618 3469 3671 dixit

1885 3713 2025 3767 Deus
2058 3712 2229 3778 :Qnte
2273 3721 2329 3765 tn
2363 3711 2533 3767 iecisti
2567 3711 2625 3765 in
2658 3710 2899 3776 occulto,
2934 3724 3036 3779 ego
3069 3710 3324 3765 omnibus
3351 3725 3467 3764 ma-

1882 3804 2082 3859 nifesta
2106 3802 2439 3865 faciam.sed
2467 3803 2632 3857 etiam
2665 3802 2733 3856 ad
2764 3815 2864 3855 nos
2885 3815 3096 3854 omnes.
3127 3801 3467 3870 Redarguam

1882 3897 2029 3957 enim
2068 3905 2120 3949 te
2160 3894 2382 3968 (inquit)
2416 3894 2663 3949 omnium
2688 3893 2868 3948 oculis
2893 3903 3116 3962 peccata
3137 3902 3240 3947 tua
3270 3906 3469 3962 prope.

1884 4005 2040 4045 nens.

1952 4082 2427 4152 Quemadmodum
2504 4095 2599 4150 per
2647 4077 2871 4148 ianuam
2934 4077 3216 4146 ingressus
3269 4074 3467 4145 aliquis

1882 4181 2034 4236 intus
2058 4178 2277 4244 existit;
2310 4178 2389 4233 sic
2430 4175 2521 4230 ille
2553 4173 2643 4243 qui
2694 4186 2881 4229 secum
2913 4184 3012 4226 sua
3056 4169 3197 4223 mala
3227 4174 3465 4237 reputat,

1884 4274 1950 4328 ad
1976 4286 2162 4327 curam
2208 4285 2398 4325 eorum
2449 4267 2671 4323 indubie
2716 4263 3022 4334 perveniet.
3053 4260 3110 4316 Si
3141 4276 3272 4317 vero
3299 4263 3465 4322 dicat.

1886 4366 2147 4419 Peccator
2180 4378 2321 4429 sum,
2368 4376 2476 4415 nor.
2509 4368 2690 4413 autem
2717 4356 2994 4426 sigillatim
3028 4361 3249 4424 peccata
3279 4366 3469 4407 recen-

190 4443 371 4552 Xéyet:
422 4443 667 4536 έτιιἸῖόδε
717 4479 811 4533 καὶ
1023 4476 1293 4547 ἥμαρτον,
1331 4472 1587 4527 οὐδέποτε
1638 4455 1779 4552 παύ-

1896 4465 1990 4521 set,
2015 4453 2279 4517 dicendo,‘
2308 4452 2420 4506 Hoc
2467 4461 2523 4504 et
2563 4448 2696 4503 illud
2735 4448 2976 4516 peccavi,
3012 4457 3286 4513 nunquam
3318 4443 3473 4513 quie-

196 4548 379 4641 σεται,
400 4575 491 4628 ἀεὶ
565 4572 664 4643 μὲν
713 4569 1013 4640 ὁμολογῶν,
1067 4567 1369 4637 φροντίζων
1427 4566 1483 4619 δὲ
1526 4548 1782 4618 οὐδέποτε

192 4667 298 4739 τῆς
334 4665 705 4738 διορθώσεως.
760 4662 873 4733 Τὴν
917 4662 1094 4731 ἀρχὴν
1141 4659 1237 4714 οὖν
1288 4656 1781 4727 κατασαλλώμεθα,

197 4764 295 4816 καὶ
324 4760 506 4814 πάντα
536 4755 733 4810 εὔκολα
767 4754 919 4808 ἔσται
953 4753 1048 4805 καὶ
1085 4751 1279 4823 ῥᾷστα.
1326 4748 1648 4820 ’Δρξώμεθα
1676 4748 1784 4800 τοί-

197 4871 318 4919 νυν,
344 4847 679 4922 παρακαλῶ,
710 4849 740 4901 6
777 4845 876 4916 μὲν
909 4843 1019 4897 ἀπὸ
1040 4842 1135 4895 τοῦ
1169 4842 1271 4902 τὰς
1299 4840 1464 4909 εὐχὰς
1494 4838 1784 4902 ἐπιτεῖναι,

199 4948 233 4999 6
252 4945 311 5001 δι
341 4942 454 4997 ἀπὺ
491 4938 588 4994 τοῦ
618 4938 879 5010 δακρύειν
915 4934 1180 5005 συνεχῶς,
1210 4937 1238 4988 6
1265 4933 1322 4986 δὲ
1355 4932 1464 4985 ἀπὸ
1493 4929 1590 4984 τοῦ
1617 4944 1789 4995 κατη-

197 5041 326 5106 φεῖν
352 5034 499 5105 (οὐδὲ
521 5034 634 5105 γὰρ
656 5031 780 5085 οὐδὲ
808 5029 970 5082 τοῦτο
997 5030 1059 5081 τδ
1088 5024 1236 5079 οὕτω
1263 5024 1460 5094 μικρὸν
1485 5020 1747 5090 ἀνόνητον
1769 5036 1783 5049 ·

196 5129 357 5186 Εἶδον
377 5129 508 5198 γὰρ,
526 5126 715 5195 φησὶν,
732 5124 816 5178 ὅτι
836 5120 1104 5191 ἐλυπήθη,
1125 5119 1219 5173 καὶ
1240 5115 1512 5185 ἔπορεύθη
1536 5113 1786 5181 στυγνὸς,

197 5223 296 5276 καὶ
323 5222 571 5291 ἰασάμην
596 5218 696 5281 τὰς
721 5215 873 5277 ὀδοὺς
903 5209 1121 5281 αὐτοῦ),
1152 5212 1179 5263 6
1212 5206 1269 5261 δὲ
1300 5208 1409 5260 ἀπὸ
1435 5205 1530 5259 τοῦ
1560 5205 1788 5275 ἑλεημο-

197 5315 374 5385 -τύνην
405 5312 606 5377 ποιεῖν,
631 5311 661 5363 6
697 5307 754 5361 δὲ
780 5305 894 5365 ἀπο
914 5302 1009 5356 τοῦ
1044 5301 1273 5370 ἀφιέναι
1296 5300 1409 5359 τοῖς
1460 5296 1690 5366 πλησίον
1716 5298 1786 5349 τὰ

200 5406 605 5488 ἁμαρτήματα,
652 5402 687 5483 6
723 5398 781 5453 δὶ
808 5385 916 5453 άπὸ
958 5395 1053 5449 τοῦ
1098 5392 1174 5464 μὴ
1218 5390 1601 5463 μνησικακεῖν,
1655 5388 1789 5463 μηδὲ

197 5494 535 5568 ἀμύνεσθαι.

281 5587 398 5641 οὐκ
443 5585 561 5638 ἔστι
614 5580 901 5654 προτροπή
957 5595 1041 5642 τις
1091 5574 1315 5646 τοιαύτη
1371 5571 1510 5644 πρὸς
1564 5568 1787 5644 ἀρετήν,

202 5675 317 5737 οἷον
348 5679 771 5750 ἁμαρτημάτων
794 5674 1126 5745 ἀνάμνησις.

294 5772 440 5837 Ὀδοὶ
469 5769 758 5851 μετανοίας
789 5768 954 5824 πέντε
978 5783 991 5799 ·
1026 5764 1219 5836 πρώτη
1242 5762 1279 5836 η
1306 5760 1651 5830 κατάγνωσις
1682 5758 1789 5814 τῶν

1890 4557 2024 4611 seet,
2053 4545 2181 4599 dum
2214 4558 2431 4612 semper
2456 4540 2768 4602 conﬁtetur,
2803 4550 3084 4607 nunquam
3129 4550 3258 4590 vero
3283 4549 3470 4589 θωρη-

1891 4639 2130 4696 dationis
2188 4651 2379 4693 curam
2448 4634 2630 4688 habet.
2691 4630 3029 4700 Principium
3096 4629 3260 4699 igitur
3327 4637 3474 4681 recte

1892 4733 2268 4798 instituamus,
2304 4737 2358 4783 et
2386 4727 2570 4782 omnia
2599 4725 2736 4780 levia
2777 4726 2901 4778 iieut
2929 4733 2985 4779 et
3007 4722 3285 4777 facillima.
3332 4720 3473 4775 luci-

1893 4825 2107 4896 piamus
2137 4838 2273 4892 ergo
2305 4822 2378 4875 ita
2417 4828 2477 4875 ut
2525 4819 2669 4874 alius
2722 4816 3028 4871 orationem
3074 4823 3290 4883 augeat.
3330 4813 3474 4868 alius

1894 4917 2129 4973 subinde
2168 4918 2519 4987 laerymetur,
2551 4914 2694 4968 alius
2725 4913 2878 4967 vultu
2930 4911 3176 4965 demisso
3226 4910 3476 4966 tri'stetur

1894 5011 2046 5083 (nam
2092 5026 2159 5064 ne
2216 5009 2321 5065 hoc
2370 5009 2617 5077 quidem,
2656 5019 2932 5074 utcunque
2980 5017 3231 5073 parvum,
3284 5001 3475 5056 inutile

1897 5105 2082 5160 fuerit.
2113 5101 2235 5157 Vidi
2265 5102 2412 5155 enim
2451 5101 2674 5170 (inquit)
2706 5099 2982 5153 tristatum
3019 5105 3073 5151 et
3101 5096 3471 5151 ambulantem

1897 5213 2022 5253 cum
2047 5192 2330 5259 maestitia,
2361 5200 2417 5247 et
2440 5193 2625 5247 sanavi
2657 5192 2777 5244 vias
2807 5188 2982 5260 ejus),
3011 5189 3149 5245 alius
3177 5188 3477 5255 eleemOsy-

1898 5307 2025 5347 nam
2071 5288 2256 5355 faciat,
2293 5289 2435 5343 alius
2479 5285 2592 5359 36
2617 5291 2838 5354 peccata
2871 5281 3137 5353 proximis
3182 5279 3473 5343 condonet,

1898 5387 2039 5441 alius
2068 5382 2303 5453 denique
2334 5380 2405 5435 ab
2447 5377 2725 5433 oblivione
2763 5376 3032 5429 malorum
3063 5380 3117 5427 et
3149 5368 3475 5438 injuriarum

1899 5477 2149 5547 deposito
2183 5472 2409 5530 ultionis
2441 5469 2642 5528 adecttt
2679 5465 2930 5537 incipiat.

1969 5569 2117 5624 Nihil
2158 5567 2292 5624 adeo
2319 5565 2574 5621 virtutem
2622 5565 2928 5633 promovet,
2963 5567 3127 5625 quam
3169 5548 3480 5608 recordatio

1900 5674 2268 5739 peccatorum.

1974 5754 2086 5814 Via:
2126 5751 2485 5827 paenitudinis
2525 5754 2656 5825 sunt
2702 5743 2945 5823 quinque
2978 5760 2991 5797 :
3033 5740 3235 5814 prima,
3276 5739 3484 5811 agnitio
