3960 6196
134 263 242 327 833

999 266 1168 327 LOCI
1214 263 1659 327 COMMUNES.
1698 290 1765 303 --
1806 267 2007 327 PARS
2036 268 2086 329 ιΙ.
2119 268 2386 328 SERMO
2428 270 2594 333 XIX.

3312 276 3420 338 834

140 386 233 437 καὶ
266 380 490 452 βλέπων
524 396 605 443 εις
633 380 702 434 τὰ
730 379 931 445 ὀπίσω,
960 381 1180 445 εὖοετός
1207 383 1356 435 ἐστιν
1391 383 1471 447 είς
1500 383 1598 451 τὴν
1631 382 1727 449 βα-

1849 389 2133 436 'etrorsum
2189 384 2348 437 vertit
2400 385 2610 451 oculos,
2662 385 2894 443 idoneus
2947 399 3029 442 cst
3068 388 3144 441 ad
3192 404 3417 456 regnum

138 474 350 526 σιλείαν
375 470 472 524 τοῦ
499 470 657 524 Θεοῦ.

204 562 480 632 Κρεῖσσόν
511 563 629 615 ἐστι
663 562 739 634 μὴ
789 564 1167 631 ἐπεγνωκέναι
1213 563 1317 632 τὴν
1344 565 1466 617 ὁδον
1494 564 1597 633 τῆς
1645 565 1725 617 δι·

136 654 463 723 καιοσύνης,
496 655 527 725 ἧ
563 656 857 722 ἐπιγνόντα
892 655 1222 726 ἐπιστρέψαι
1248 658 1311 710 ἐκ
1347 661 1445 729 τῆς
1486 659 1724 727 παραδοθ-

137 746 330 817 θείσης
364 745 519 816 αὐτῷ
547 746 711 813 ἁγίας
746 747 993 816 ἐντολῆς.

226 838 528 901 Ἑκουσίως
556 838 667 907 γὰρ
701 838 1125 909 ἁμαρτανόντων
1159 843 1341 911 ήμῶν,
1380 842 1519 913 μετά
1540 842 1602 896 τὸ
1629 842 1725 896 λα-

136 931 253 984 ϐεῖν
284 931 385 998 τὴν
414 929 715 997 ἐπίγνωσιν
741 930 839 999 τῆς
865 930 1145 1000 ἀληθείας,
1173 934 1357 987 οὐκέτι
1388 937 1518 1004 περὶ
1539 936 1725 1005 ἀμαρ-

134 1022 273 1075 τιῶν
307 1020 667 1073 ἀπολείπεται
698 1022 885 1086 θυσία,
926 1023 1132 1091 φοϐερὰ
1172 1025 1227 1078 δέ
1250 1041 1334 1087 τις
1367 1026 1563 1097 ἐκδοχὴ
1605 1026 1725 1096 κρί⁶

138 1125 317 1174 σεως,
382 1110 479 1162 καὶ
531 1110 705 1180 πυρὸς
762 1110 926 1179 ζῆλος
990 1111 1196 1166 ἐσθίειν
1252 1115 1540 1184 μέλλοντος
1596 1115 1725 1179 τοὺς

137 1199 527 1263 ὑπεναντίους.

209 1293 433 1364 Ὠσπερ
478 1293 627 1347 κύων
669 1295 800 1348 ὅταν
846 1295 1048 1368 ἐπέλθῃ
1083 1297 1176 1351 ἐπὶ
1205 1298 1298 1351 τὸν
1340 1300 1469 1353 ἴδιον
1508 1302 1720 1369 ἔμετον,

136 1388 229 1441 καὶ
262 1387 500 1458 μισητὺς
527 1388 785 1456 γένηται·
815 1387 993 1452 οὕτως
1018 1389 1210 1459 ἄφρων
1235 1394 1300 1461 τῇ
1331 1392 1527 1446 ἐαυτοῦ
1555 1394 1726 1464 κακίᾳ

135 1479 495 1551 ἀναστρέψας
520 1481 612 1532 ἐπὶ
643 1481 743 1550 τὴν
770 1480 970 1534 ἑαυτοῦ
1001 1482 1307 1554 ἁμαρτίαν.

216 1573 315 1627 Ἐν
356 1574 436 1643 τῷ
472 1575 847 1646 ἀποστρέφειν
892 1575 1106 1629 δίκαιον
1141 1579 1206 1630 ἐκ
1240 1579 1336 1645 τῆς
1369 1580 1725 1651 δικαιοσύνης

134 1666 328 1728 αὑτοῦ,
361 1666 459 1719 καὶ
512 1667 740 1735 ποιῆσαι
776 1666 1015 1734 ἀδικίαν,
1052 1668 1225 1722 πᾶσαι
1276 1671 1333 1723 at!
1381 1670 1723 1726 δικαιοσύναι

1832 470 1889 521 D.
1913 471 1949 523 i.

1900 564 2090 632 Apost.
2157 564 2387 621 Praestat
2445 583 2554 623 non
2616 572 2904 640 agnovisse
2956 574 3098 626 vium
3167 574 3418 641 iustitiae,

1828 666 1995 724 quam
2029 668 2151 726 post
2180 660 2514 729 agnitionem
2561 663 2707 718 illius
2741 681 2768 719 a
2811 677 3007 720 sancta
3032 667 3278 721 doctrina
3310 668 3423 721 sibi

1830 748 2027 804 tradita
2059 751 2291 807 resilire.

1908 840 2075 896 Hebr.
2127 859 2181 896 ιι.
2243 844 2377 898 Nam
2418 846 2463 901 si
2526 848 2769 904 volentes
2836 852 3243 919 peccaverimus
3297 861 3423 920 post

1829 942 2109 1002 acceptam
2150 936 2516 1004 ceguitionem
2554 943 2820 1006 veritatis,
2854 958 2957 994 non
2994 944 3128 996 ultra
3165 961 3260 1012 pro
3292 960 3416 1013 pec—

1827 1024 1965 1079 catis
2010 1026 2225 1095 reliqna
2272 1037 2357 1081 est
2405 1030 2603 1095 ltostia,
2640 1034 2731 1087 sed
2764 1032 3133 1089 formidabilis-
3166 1036 3411 1103 qua-dam

1826 1118 2159 1185 exspectatio
2192 1119 2499 1188 judicii,.ct
2534 1124 2673 1192 ignis
2714 1125 3079 1192 Vellemerttia,
3117 1128 3209 1195 qui
3248 1128 3416 1181 devo-

1831 1217 2053 1264 raturus
2084 1221 2168 1266 est
2197 1212 2565 1269 adversarios.

1901 1300 2059 1357 Prov.
2092 1320 2260 1359 xxvtt.
2310 1304 2782 1371 Quemadmodum
2839 1309 2991 1366 canis
3044 1327 3299 1367 reversus
3352 1313 3426 1365 ad

1828 1393 2109 1461 prOprium
2153 1394 2415 1448 vomitum
2458 1396 2843 1452 abominabilis
2893 1402 2971 1465 ιιι,
3016 1402 3095 1454 sic
3159 1402 3425 1471 insipiens

1826 1482 1918 1552 qui
1941 1496 2005 1535 ex
2045 1482 2249 1537 malitia
2281 1500 2375 1538 sua
2419 1486 2559 1540 redit
2596 1488 2660 1539 ad
2690 1498 2974 1557 peccatum
3016 1506 3201 1545 suum.

1898 1571 2089 1627 Ezeclt.
2126 1590 2278 1630 xvnt.
2308 1576 2443 1631 Cum
2468 1580 2653 1648 justus
2684 1584 2956 1636 avertitur
2987 1600 3016 1637 a
3043 1585 3257 1651 justitia
3321 1601 3427 1639 sua

1830 1672 1884 1716 et
1920 1664 2248 1733 injustitiam
2297 1670 2558 1737 admittit,
2590 1688 2785 1728 omnes
2828 1674 3057 1743 iustitiae
3088 1678 3209 1745 ejus
3240 1691 3270 1729 a
3305 1692 3420 1731 me—

134 1760 306 1813 αὓτοῦ
332 1759 395 1811 οὐ
429 1758 503 1828 μὴ
536 1758 877 1829 μνησθῶσινο
914 1758 973 1811 ἐν
1007 1762 1072 1828 τῇ
1106 1759 1353 1831 ἁμαρτίᾳ
1378 1762 1542 1814 αὑτοῦ
1584 1766 1722 1817 ἀποο

1849 1758 2001 1809 uoria
2052 1758 2270 1821 cadent,
2319 1762 2588 1816 morietur
2638 1765 2691 1817 in
2744 1776 2971 1833 peccatu
3026 1783 3148 1821 suo.
3207 1766 3418 1821 Unum-

134 1854 407 1907 θανεῖται.
438 1852 712 1905 Ἕκαστον
761 1850 905 1904 κατά
932 1851 1034 1920 τὴν
1061 1851 1180 1905 ὁδὸν
1221 1854 1386 1906 αὐτοῦ
1433 1856 1488 1907 ἐν
1576 1856 1727 1925 εὕρω

134 1948 325 2012 αὑτὸν,
351 1945 523 2016 κρινῶ
549 1944 734 2006 αὐτὸν,
753 1944 905 2012 λέγει
938 1944 1164 2013 Κύριος·
1192 1944 1289 1999 κα)⁸
1306 1948 1362 1999 ἐν
1451 1945 1516 1999 ἂν
1540 1949 1726 2018 ἡμέρᾳ

138 2039 449 2110 ἐπιστρέψῃ
483 2040 511 2092 ὁ
538 2038 742 2107 ἄνομος
777 2038 841 2090 ἐκ
874 2036 1068 2091 πασῶν
1108 2036 1218 2091 τῶν
1258 2039 1504 2109 ἀνομιῶν
1532 2039 1721 2106 αὐτοῦ,

136 2136 231 2189 καὶ
270 2134 480 2204 ποιήσῃ
513 2132 887 2203 δικαιοσύνην,
934 2131 996 2183 οὐ
1036 2132 1113 2203 μὴ
1164 2134 1390 2202 μνησθῶ
1431 2132 1512 2186 ἔτι
1549 2134 1726 2188 πάντα

134 2228 201 2280 τὰ
231 2224 660 2295 παραπτώματα
691 2224 883 2277 αὐτοῦ.

208 2315 539 2384 Δικαιοσύνη
577 2314 788 2367 δικαίου
818 2314 877 2366 οὐ
914 2313 989 2385 μὴ
1020 2312 1274 2385 ἐξέληται
1311 2314 1476 2368 αὐτὸν
1512 2318 1569 2368 ἐν
1602 2311 1726 2390 ᾖᾶν

137 2410 324 2480 ἡμέρα
368 2407 645 2477 πλανηθῇ*
690 2407 786 2459 καὶ
833 2406 1033 2476 ἀνομία
1084 2406 1320 2470 ἀσεϐοῦς
1366 2407 1427 2459 οὗ
1481 2405 1725 2459 κακώσει

135 2501 329 2565 αὑτὸν,
367 2501 426 2551 ἐν
457 2493 490 2573 ᾖ
524 2500 590 2552 ἂν
615 2498 805 2570 ἡμέρᾳ
832 2499 1161 2570 ἀποστραφῇ
1197 2500 1306 2553 ἀπὸ
1338 2502 1439 2567 τῆς
1488 2500 1727 2568 ἀνομίας

141 2593 333 2647 αὺτοῦ.
375 2594 650 2647 Ἐκαστον
683 2594 740 2646 ἐν
785 2594 908 2656 ταῖς
949 2594 1088 2657 ὁδοῖς
1134 2594 1298 2647 αὑτοῦ
1338 2593 1511 2665 κρινῶ
1559 2595 1724 2664 ὑμᾶς,

135 2680 289 2747 οἶκος
329 2684 574 2754 Ἰσραήλ.

219 2778 283 2829 '0
341 2780 399 2829 ἐν
448 2779 705 2848 προκοπῇ
748 2777 1046 2848 γενόμενος
1095 2778 1317 2847 ἀγαθῶν
1352 2777 1550 2847 ἔργων,
1606 2773 1726 2832 εἶτα

136 2869 585 2940 παλινδρομήσας
643 2870 779 2941 πρὸς
828 2868 928 2940 τὴν
983 2871 1218 2941 ἀρχαίαν
1292 2870 1615 2940 συνήθειαν,
1665 2871 1723 2923 οὐ

140 2957 304 3027 μόνον
332 2962 426 3010 τὸν
460 2958 550 3010 ἐπὶ
580 2960 695 3021 τοῖς
742 2959 1143 3029 πεπονημένοις
1177 2960 1370 3031 μισθὸν
1414 2960 1724 3031 ἐζημιώθη,

135 3052 281 3106 ἀλλὰ
313 3052 410 3104 καὶ
448 3050 760 3122 βαρυτέρας
789 3050 1037 3119 ἀξιοῦται
1071 3054 1169 3123 τῆς
1196 3054 1597 3124 κατακρίσεως.

218 3144 285 3199 ’0
323 3144 414 3196 ἐπὶ
439 3143 551 3203 τοῖς
580 3140 821 3213 πρώτοις
855 3143 1224 3214 ἁμαρτήμασι
1261 3143 1593 3211 παιδευθεὶς,
1630 3143 1723 3197 καὶ

133 3238 237 3306 τῆς
261 3237 514 3304 ἀφέσεως
541 3234 928 3301 καταξιωθεὶς,
958 3235 1055 3290 ἐὰν
1081 3236 1245 3291 πάλιν
1268 3237 1516 3308 ἁμάρτῃ,
1541 3239 1724 3309 χεῖρον

132 3326 232 3380 τοῦ
288 3327 561 3398 προτέρου
598 3325 1007 3391 κατασκευάζει
1061 3327 1236 3397 ἐαυτῷ
1299 3325 1361 3380 τὸ
1405 3328 1582 3395 κρίμα
1624 3326 1724 3388 τῆς

130 3421 330 3492 ἀργῆς.

209 3514 406 3567 Πολλοὶ
434 3514 865 3585 ἐπιστρέψαντες
895 3514 1003 3568 ἀπὸ
1039 3513 1294 3585 πονηρῶν
1324 3514 1525 3583 ἔργων,
1557 3516 1723 3569 οἱονεὶ

132 3607 235 3667 τὰς
288 3606 514 3675 μνήμας
560 3605 669 3659 τῶν
710 3606 955 3660 παλαιῶν
990 3606 1169 3677 ἔργων
1218 3610 1720 3677 παρακατέχοντες,

126 3698 202 3751 δι’
245 3697 431 3751 αὐτῶν
477 3699 741 3762 πολλάκις
790 3698 1145 3754 ἀνανεοῦνται
1191 3698 1291 3768 τήν
1336 3699 1722 3769 ήσυχάζουσαν

132 3791 441 3861 ἁμαρτίαν.

208 3884 525 3957 Ἄνθρωποι
560 3888 679 3948 ταῖς
728 3883 982 3951 νεφέλαις
1024 3884 1258 3951 ἐοίκασι,
1299 3884 1435 3954 πρὸς
1471 3885 1570 3948 τὰς
1611 3884 1721 3939 τῶν

131 3974 469 4043 πνευμάτων
505 3973 810 4044 μεταϐολὰς
855 3972 1048 4028 ἄλλοτε
1093 3973 1217 4027 κατ’
1250 3972 1381 4029 ἄλλο
1426 3974 1591 4044 μέρος
1626 3972 1721 4028 τοῦ

127 4065 298 4134 ἀέρος
332 4064 770 4135 ἐμφερομέναις.

736 4156 959 4211 ΛΟΓΟΣ
1011 4157 1116 4212 ιθν.

246 4250 385 4318 Περὶ
411 4249 533 4303 τῶν
556 4250 641 4316 είς
672 4250 1002 4320 μετάνοιαν
1024 4250 1111 4320 μὴ
1134 4251 1641 4322 ἐπιστρεφόντων.

213 4344 476 4414 Παρῆσαν
506 4343 563 4396 δέ
589 4360 736 4407 τινες
759 4343 907 4413 αύτῷ
934 4344 1011 4415 τῷ
1037 4344 1239 4414 καιρῷ,
1281 4346 1717 4414 ἀπαγγέλλοντες

1827 1862 2099 1917 quemque
2122 1849 2175 1904 in
2193 1850 2278 1904 via
2298 1867 2417 1918 sua,
2440 1855 2498 1907 in
2514 1869 2617 1924 qua
2644 1855 2903 1911 invenero
2920 1858 3121 1927 ipsum,
3140 1858 3417 1927 judicabo,

1828 1941 2008 2011 inquit
2094 1944 2383 2010 Dominus,
2443 1956 2499 2001 et
2553 1964 2882 2020 quocunque
2929 1952 3017 2005 die
3074 1952 3294 2019 iniquus
3350 1953 3428 2006 ab

1827 2035 2083 2090 omnibus
2112 2036 2493 2108 iniquitatibus
2523 2042 2638 2096 suis
2671 2058 2730 2097 se
2759 2045 3112 2110 converterit,
3145 2056 3197 2099 et
3230 2045 3423 2099 fecerit

1825 2124 2119 2194 justitiam,
2166 2144 2275 2183 non
2327 2131 2563 2201 amplius
2620 2136 2867 2189 omnium
2917 2137 3241 2191 delictorum
3299 2137 3422 2207 ejus

1828 2221 2181 2275 recordabor.

1904 2309 2046 2365 Ibid.
2081 2329 2275 2369 χχχιιι.
2306 2314 2524 2371 Justitia
2550 2318 2686 2387 justi
2721 2335 2827 2372 non
2864 2320 3116 2374 liberabit
3148 2334 3273 2375 eum
3312 2336 3423 2392 quo

1832 2410 2073 2471 tempore
2117 2405 2459 2461 aberraverit
2495 2426 2508 2461 :
2553 2418 2607 2463 ct
2655 2410 2916 2480 iniquitas
2972 2412 3122 2480 itttpii
3176 2429 3285 2466 nott
3321 2430 3422 2467 tto-

1829 2497 1971 2549 cebit
1995 2498 2067 2563 ei,
2095 2515 2206 2568 quo
2233 2500 2320 2555 die
2343 2515 2646 2557 conversus
2680 2502 2844 2557 fuerit
2869 2505 2938 2557 ab
2978 2504 3268 2573 iniquitate
3299 2522 3421 2560 sua.

1831 2584 2285 2659 Uuumquemque
2338 2599 2575 2645 vestrum
2634 2592 2687 2646 in
2728 2595 2828 2648 viis
2885 2595 3001 2648 suis
3053 2596 3334 2664 jttdieabo,
3388 2612 3429 2652 ο

1830 2680 2024 2734 domus
2060 2679 2250 2735 Israel.

1900 2768 2114 2825 Basilii.
2149 2772 2252 2838 Qui
2284 2783 2574 2845 postquam
2609 2776 2660 2830 itt
2695 2776 2852 2831 bonis
2884 2779 3144 2848 operibus
3170 2780 3420 2848 profecit,

1832 2861 2026 2916 iterum
2094 2864 2159 2917 ad
2219 2866 2503 2936 antiquam
2559 2870 3011 2924 consuetudinem
3086 2871 3251 2934 redit,
3312 2886 3420 2925 non

1830 2952 2010 3006 Solum
2084 2955 2263 3022 perdit
2315 2957 2585 3011 bonorum
2647 2974 2876 3029 operum
2944 2961 3273 3029 mercedem,
3323 2961 3421 3017 sed

1834 3046 2059 3116 insuper
2092 3048 2344 3117 graviore
2372 3049 2725 3106 damnatione
2749 3053 3034 3108 multatur.
3492 3042 3497 3047 ’

1903 3138 2217 3209 Castigatus
2272 3140 2473 3211 aliquis
2525 3151 2751 3213 propter
2813 3148 2989 3214 prima
3057 3156 3304 3215 peccata,
3365 3159 3423 3204 et

1828 3232 2040 3284 veniam
2071 3244 2355 3288 assecutus
2382 3235 2426 3289 si
2453 3237 2635 3291 denuo
2656 3248 2864 3307 peccet,
2883 3238 3103 3309 gravius
3124 3239 3306 3308 priore
3326 3241 3417 3311 ju-

1825 3323 2028 3379 dicium
2056 3326 2149 3381 irae
2176 3326 2277 3382 sibi
2305 3328 2557 3384 accersit.

1896 3508 2045 3563 Multi
2084 3526 2112 3564 a
2146 3511 2301 3566 malis
2336 3512 2591 3580 operibus
2626 3514 2904 3581 conversi,
2938 3516 3032 3569 sed
3057 3517 3237 3571 adhuc
3264 3527 3413 3571 vete-

1824 3618 1946 3656 rum
1978 3582 2284 3657 facinorum
2319 3604 2465 3673 apud
2496 3619 2555 3659 se
2585 3608 2901 3660 memoriam
2951 3618 3253 3681 servantes,
3291 3610 3416 3678 ejus

1825 3696 1984 3763 culpa
2010 3710 2115 3748 non
2143 3710 2266 3749 raro
2293 3697 2540 3766 quietum
2576 3708 2856 3765 peceatum
2887 3712 3175 3754 renovant.

1898 3874 2158 3931 Homines
2195 3876 2408 3931 nebulis
2440 3876 2651 3933 similes
2690 3885 2842 3941 sunt,
2874 3893 2995 3946 quae
3025 3876 3180 3945 juxta
3234 3889 3413 3935 muta-

1824 3970 2000 4064 tion‘es
2031 3968 2256 4022 ﬂatunm
2282 3983 2426 4024 nunc
2455 3971 2562 4024 huc
2589 3984 2734 4023 nunc
2762 3969 2891 4024 illuc
2927 3969 3200 4026 feruntur.

2185 4145 2419 4200 SERMO
2452 4145 2571 4200 XIX
2611 4098 2707 4219 [αί.
2744 4146 3055 4220 CLXXXI}.

1932 4244 2005 4297 De
2028 4242 2133 4297 illis
2173 4244 2262 4312 qui
2290 4247 2358 4295 ad
2389 4245 2745 4309 paenitentiam
2776 4258 2879 4295 non
2907 4252 3303 4297 convertuntur.

1894 4336 2022 4392 Luc.
2060 4351 2159 4390 ιιι.
2188 4336 2625 4389 Aderautautem
2651 4333 2876 4403 quidam
2904 4334 3095 4388 eodem
3162 4334 3215 4386 in
3274 4348 3406 4390 tem-

128 4436 281 4505 αὐτῷ
308 4437 438 4506 περὶ
462 4436 574 4489 τῶν
591 4435 917 4501 Γαλιλαίων,
942 4433 1017 4489 ὧν
1044 4438 1103 4489 τὸ
1128 4431 1270 4507 αἷμα
1303 4438 1528 4502 Πιλᾶτος
1558 4438 1711 4509 ἔμιξε

1849 4446 1950 4484 tore
1986 4430 2299 4483 nuntiantes
2327 4429 2401 4482 illi
2464 4428 2529 4481 de
2578 4427 2837 4490 Galilmis,
2872 4426 2985 4496 38
3013 4442 3243 4496 quorum
3281 4445 3409 4481 sau-

131 4526 273 4596 μετὰ
302 4525 414 4579 τῶν
447 4524 650 4579 θυσιῶν
694 4526 896 4581 αὐτῶν.
945 4527 1053 4580 Καὶ
1086 4527 1407 4598 ἀποκριθεὶς
1435 4530 1463 4580 ὁ
1508 4530 1716 4599 Ἰησοῦς

130 4613 287 4668 εἶπεν
320 4615 527 4678 αὐτοῖς’
568 4633 587 4666 ι
621 4618 841 4669 Δοκεῖτε
872 4617 952 4669 ὅτι
982 4619 1028 4668 οἱ
1063 4617 1339 4670 Γαλιλαῖοι
1363 4612 1507 4671 οὗτοι
1536 4618 1717 4687 ἁμαρ-

129 4710 428 4780 τιιιλότεροι
472 4710 626 4781 παρὰ
671 4711 882 4772 πάντας
912 4711 1037 4773 τοὺς
1082 4711 1400 4774 Γαλιλαίους
1448 4712 1715 4779 ἐγένοντο,

130 4801 213 4854 ὅτι
241 4797 473 4852 τοιαῦτα
520 4798 854 4853 πεπόνθασιν
879 4814 894 4861 ;
927 4798 1084 4869 Οὐχὶ,
1110 4799 1251 4867 λέγω
1285 4799 1412 4867 ὑμῖν
1436 4814 1448 4827 ο
1482 4797 1597 4849 ἀλλ’
1624 4800 1721 4849 ἐὰν

136 4891 214 4961 μὴ
263 4891 660 4962 μετανοήσητε,
713 4890 918 4952 πάντες
986 4888 1249 4950 ὡσαύτως
1298 4887 1612 4942 ἀπολεῖσθε.
1648 4891 1717 4941 Ἢ

72 4984 82 5007 ⁸
133 4986 334 5040 ἐκεῖνοι
363 4986 414 5038 οἱ
461 4985 592 5039 δέκα
642 4986 736 5038 καὶ
766 4984 934 5048 ὀκτὼ,
968 4985 1056 5054 ἐφ’
1095 4982 1189 5046 οὓς
1224 4984 1422 5035 ἔπεσεν
1452 4984 1479 5034 ὁ
1511 4982 1717 5051 πύργος

132 5080 191 5129 ἐν
226 5076 311 5147 τῷ
342 5075 583 5146 Σιλωὰμ,
636 5076 730 5128 κα)⁵
781 5076 1067 5128 ἀπώλεσεν
1113 5074 1309 5149 αὐτούς
1334 5090 1349 5105 ·
1393 5075 1602 5127 δοκεῖτε
1638 5074 1719 5127 ὅτι

131 5171 418 5241 ὀφειλέται
450 5171 701 5238 ἐγένοντο
754 5170 905 5237 παρὰ
964 5170 1174 5232 πάντας
1224 5166 1550 5236 ἀνθρώπους
1592 5167 1717 5229 τοὺς

132 5263 529 5325 κατοικοῦντας
591 5262 986 5332 Ὶερουσαλήμ;
1037 5263 1195 5332 Οὐχὶ,
1220 5261 1366 5329 λέγω
1414 5261 1565 5331 ὑμῖν*
1600 5258 1717 5313 ἀλλ’

132 5360 228 5410 ξαν
264 5357 784 5426 μὴμετανοήσητε,
822 5357 1025 5418 πάντες
1050 5354 1362 5408 ἀπολεῖσθε.

203 5451 380 5503 Ὅταν
428 5448 486 5501 δὲ
531 5448 768 5513 λέγωσιν
818 5447 1043 5517 εἰρήνην
1092 5447 1188 5498 καὶ
1222 5445 1549 5515 ἀσφάλειαν,
1597 5443 1718 5497 τότε

133 5542 401 5611 αἰφνίδιος
435 5540 621 5602 αὐτοῖς
655 5540 946 5604 ἐφίσταται
978 5538 1222 5608 ὖλεθρος.

205 5638 268 5689 Oi
308 5638 365 5687 ἐν
393 5634 690 5704 ἁμαρτίαις
725 5633 1033 5701 γενόμενοι,
1086 5634 1180 5685 καὶ
1213 5635 1288 5703 μὴ
1328 5633 1712 5702 μεταγνόντες,

169 5732 195 5780 ς,
266 5728 429 5797 μόνον
483 5727 583 5780 οὐκ
631 5726 1049 5780 εἰσακούσονται
1098 5727 1551 5796 προσευχόμενοι,
1579 5727 1716 5780 ἀλλὰ

1824 4522 2039 4592 guinem
2073 4522 2276 4574 Pilatus
2312 4522 2604 4575 miscuerat
2650 4535 2773 4574 cum
2808 4520 3090 4574 sacrificiis
3137 4521 3409 4590 ipsorum.

1824 4614 1889 4667 Et
1932 4613 2267 4681 respondens
2298 4611 2482 4673 Jesus,
2530 4612 2667 4664 dixit
2719 4611 2827 4666 illis
2865 4627 2881 4665 :
2917 4609 3130 4666 Putatis
3170 4612 3314 4679 quod
3352 4614 3409 4663 in

1822 4704 2027 4758 Galiltei
2090 4720 2199 4771 prae
2248 4703 2460 4756 cunctis
2515 4700 2751 4756 Galilaeis
2811 4712 3128 4772 peccatores
3178 4704 3413 4765 fuerint,

1824 4797 1953 4864 quia
1981 4796 2104 4847 talia
2136 4796 2281 4863 passi
2308 4794 2482 4849 sunt?
2514 4792 2653 4858 Non,
2681 4795 2802 4849 tlieo
2833 4795 3007 4859 vobis,
3050 4797 3159 4847 into
3186 4795 3287 4847 nisi
3322 4814 3413 4848 τρι

1823 4887 2120 4957 sipueritis,
2159 4901 2351 4941 omnes
2390 4886 2643 4941 similiter
2691 4886 3185 4955 peribitis.Autilli
3211 4889 3404 4941 chetn

1821 4997 1874 5034 et
1933 4990 2079 5037 octo.
2116 4993 2280 5047 supra
2330 4994 2466 5043 quos
2514 4979 2710 5032 cecidit
2780 4978 2947 5032 turris
3010 4979 3063 5031 in
3121 4978 3289 5040 Siloa,
3352 4994 3408 5033 et-

1823 5072 2021 5125 occidit
2073 5085 2188 5133 eos,
2242 5071 2446 5138 putatis
2493 5071 2636 5138 quod
2688 5070 2962 5125 debitores
3011 5072 3216 5126 fuerint
3268 5072 3409 5125 ultra

1823 5171 2051 5217 cunctos
2107 5160 2360 5215 homines
2411 5160 2720 5214 habitantes
2774 5159 3208 5234 Hierosolymis?
3264 5164 3410 5225 Non,

1822 5258 1946 5311 dico
1996 5256 2167 5317 vobis,
2224 5255 2333 5308 imo
2364 5254 2470 5309 nisi
2523 5254 2883 5322 rcsipueritis,
2920 5272 3112 5311 omnes
3156 5255 3406 5310 similiter

1821 5351 2085 5421 peribitis.

1893 5443 2082 5511 Apost.
2141 5441 2283 5497 Cum
2331 5450 2516 5497 autem
2548 5440 2785 5496 dixerint
2834 5456 3018 5511 pacem
3057 5450 3112 5495 et
3142 5438 3409 5495 securita-

1827 5547 1963 5599 tem,
1998 5546 2112 5589 tum
2140 5534 2461 5604 repentinus
2501 5536 2583 5588 eis
2619 5535 2867 5587 imminet
2894 5533 3175 5587 interitus.

1906 5629 2012 5692 Qui
2052 5629 2290 5680 intricati
2339 5627 2573 5695 peccatis
2612 5641 2719 5678 non
2786 5631 2950 5691 agunt
3005 5621 3405 5691 pmnitcntiam,

1826 5724 1897 5777 illi
1935 5740 2039 5778 non
2074 5724 2249 5779 solum
2288 5732 2510 5779 orantes
2553 5735 2660 5775 non
2695 5719 3056 5775 exattdicntttr
3080 5761 3094 5787 ,
3124 5717 3217 5774 sed
3252 5719 3403 5775 insu-
