3960 6196
233 271 347 342 837

1101 280 1272 342 LOCI
1316 282 1764 346 COMMUNES.
1811 305 1886 322 -·
1930 286 2130 348 PARS
2174 289 2225 350 Ι.
2272 290 2535 353 SERMO
2574 293 2704 354 XX.

3414 292 3522 359 838

311 390 528 458 Ὥσπερ
575 387 896 459 συλλέγεται
924 388 992 443 τὰ
1030 390 1267 457 ζιζάνια,
1299 393 1396 446 καὶ
1418 396 1566 464 -ηπυρὶ
1598 393 1838 460 καίεται,

2022 396 2168 453 Ibid.
2194 414 2312 454 κιιι.
2356 399 2829 466 Quemadmodum
2859 402 3200 475 colliguntur
3223 402 3433 461 zizania
3467 416 3523 458 et

230 482 415 543 οὕτως
441 481 596 537 ἔσται
646 483 707 536 ἐν
756 485 825 554 τῇ
875 484 1160 557 συντελείᾳ
1202 483 1299 541 τοῦ
1351 487 1552 552 αίῶνος
1605 489 1822 545 τούτου.

243 574 572 629 ’Δποστελεί
617 576 647 628 6
697 575 827 638 Υἱὸς
878 575 979 630 τοῦ
1027 575 1320 648 ἀνθρώπου
1372 579 1500 644 τοὺς
1558 581 1829 650 ἀγγέλους

234 668 435 731 αὐτοῦ,
490 669 586 723 καὶ
651 668 1001 734 συλλέξουσιν
1049 672 1114 725 ὲκ
1159 671 1261 742 τῆς
1321 671 1604 742 βασιλείας
1658 676 1826 730 αὑτοῦ

229 761 417 814 πάντα
447 760 515 814 τὰ
548 760 826 815 σκάνδαλα
856 761 1103 827 καὶτοὺς
1128 764 1421 829 ποιοῦντας
1445 766 1546 837 τὴν
1572 768 1824 839 ἀνομίαν,

232 853 335 905 καὶ
366 851 702 921 ἐμϐαλοῦσιν
733 853 936 918 αὐτοὺς
967 855 1047 920 είς
1080 855 1183 927 τὴν
1225 859 1459 929 κάμινον
1492 861 1587 915 τοῦ
1629 863 1825 933 πυρός.

243 946 400 998 Ἐκεῖ
443 944 599 999 ἔσται
627 945 657 998 6
695 946 999 1016 κλαυθμὸς,
1035 948 1132 1002 καὶ
1177 950 1207 1004 6
1254 950 1501 1021 βρυγμὸς
1531 953 1646 1007 τῶν
1674 956 1824 1010 ὀδόν-

227 1053 365 1091 των.

308 1128 448 1183 Τότε
473 1131 593 1201 ἐρεῖ
620 1132 646 1183 6
669 1130 929 1201 βασιλεὺς
952 1134 1050 1187 καὶ
1075 1136 1189 1199 τοῖς
1214 1134 1274 1202 ἐξ
1297 1135 1623 1209 εὐωνύμωνο
1662 1160 1680 1192 ι
1716 1142 1825 1197 Πο-

230 1223 466 1295 ρεύεσθε
501 1223 597 1278 ἀπ’
623 1224 782 1293 έμοῦ,
819 1226 871 1279 oi
898 1229 1295 1299 κατηραμένοι,
1325 1232 1407 1293 είς
1429 1233 1492 1285 τὸ
1520 1232 1634 1303 πῦρ
1652 1215 1717 1287 τὸ
1744 1237 1831 1288 αἰ-

230 1320 422 1384 ώνιον,
451 1319 515 1372 τὸ
549 1319 958 1389 ἡτοιμασμένον
986 1321 1069 1392 τῷ
1112 1322 1349 1390 διαϐόλῳ
1384 1326 1480 1379 καὶ
1501 1329 1615 1389 rei;
1650 1329 1826 1397 ἀγγέ-

230 1410 348 1470 λοις
394 1410 588 1464 αὐτοῦ.
637 1411 939 1467 Ἐπείνασα
984 1413 1116 1484 γὰρ,
1150 1416 1246 1469 καὶ
1298 1416 1401 1470 οὐκ
1456 1417 1697 1474 ἐδώκατὲ
1736 1439 1826 1491 μοι

232 1506 452 1573 φαγεῖν.
486 1524 507 1557 ι

306 1595 544 1666 Σόμπαν
570 1597 632 1652 τὸ
654 1598 869 1669 ποίημα
897 1599 1016 1666 ἄξει
1038 1603 1067 1655 6
1089 1600 1223 1665 Θεὸς
1248 1605 1328 1666 είς
1352 1605 1555 1674 κρίσιν,
1576 1609 1635 1660 έν
1660 1609 1827 1662 παντὶ

240 1689 683 1760 παρεωραμένον,
720 1691 815 1745 ἐὰν
845 1693 1073 1762 ἀγαθὸν,
1105 1695 1202 1748 ἐὰν
1234 1697 1498 1768 πονηρόν.

315 1869 583 1924 Ἐκᾶστου
616 1870 678 1924 τδ
728 1870 892 1942 ἔργον
950 1878 1187 1945 φανερὸν
1236 1876 1559 1946 γενήσεται.
1602 1876 1670 1931 Ἠ
1714 1878 1824 1950 γὰρ

232 1959 419 2030 ἡμέρα
450 1960 703 2029 δηλώσει,
737 1963 767 2018 ὃ
799 1981 851 2017 τι
901 1964 959 2019 ἐν
990 1967 1127 2038 πυρὶ
1172 1966 1665 2025 ἀποκαλύπτεταιο
1730 1950 1823 2027 καὶ

232 2054 470 2107 έκάστου
510 2048 571 2108 τδ
600 2055 764 2127 ἔργον
789 2057 973 2112 ὁποῖόν
1011 2060 1149 2125 ἐστι,
1174 2061 1237 2113 τὸ
1260 2060 1372 2132 πῦρ
1400 2061 1715 2130 δοκιμάσει.

316 2143 785 2214 Ἐξαναστησεται
837 2146 1063 2218 Κύριος,
1096 2148 1192 2202 καὶ
1235 2150 1613 2205 ἀνταποδώσει
1663 2155 1822 2219 πᾶσι,

234 2239 331 2292 καὶ
364 2236 432 2290 τὸ
455 2237 811 2310 ἀνταπόδομα
843 2239 1015 2294 αὐτοῦ
1053 2243 1134 2305 εἰς
1164 2243 1414 2312 κεφαλὰς
1445 2245 1627 2299 αὐτῶν
1660 2247 1825 2301 ἀντα-

234 2328 472 2384 ποδώσει

314 2421 456 2477 Ἰδοὺ
477 2425 664 2497 ἡμέρα
682 2425 893 2497 κυρίου
911 2427 1129 2497 ἔρχεται
1154 2426 1292 2497 μετὰ
1315 2425 1490 2498 θυμοῦ
1516 2432 1609 2486 καὶ
1630 2430 1821 2501 ὀργῆς,

237 2515 414 2569 οεῐναι
443 2516 544 2587 τὴν
576 2518 908 2590 οἰκουμένην
943 2519 1074 2590 ὅλην
1111 2518 1323 2591 ἔρημον
1354 2519 1453 2574 καὶ
1480 2522 1607 2585 τοὺς
1639 2523 1826 2594 ἁμαρ.

235 2610 443 2672 τωλοὺς
470 2609 737 2666 ἀπολέσαι
776 2611 835 2677 ἐξ
852 2611 1070 2680 ⁹αὐτῆς.

320 2700 381 2750 ὐ
415 2700 531 2771 γὰρ
554 2700 774 2772 σκώληξ
798 2702 987 2756 αὐτῶν
1013 2703 1074 2758 οὐ
1109 2703 1452 2776 τελευτήσει,
1490 2706 1586 2761 καὶ
1618 2708 1681 2761 τὸ
1713 2707 1828 2779 πῦρ

240 2792 425 2847 αὐτῶν
454 2794 514 2846 οὐ
551 2793 939 2867 σδεσθήσεται,
968 2796 1063 2850 καὶ
1091 2797 1309 2852 ἔσονται
1341 2800 1420 2863 είς
1449 2799 1643 2871 ὅρασιν
1672 2801 1827 2874 πάσῃ

240 2883 432 2937 σαρκί.

327 2970 663 3025 Ἑπλὰτυνεν
691 2971 720 3024 6
754 2970 887 3044 ᾅδης
918 2971 1017 3040 τὴν
1042 2969 1223 3043 ψυχὴν
1251 2972 1451 3040 αὐτοῦ,
1474 2977 1573 3031 καὶ
1591 2975 1825 3048 διήνοιξε

1943 485 2052 554 igni
2107 490 2531 555 comburuntur.
2598 494 2678 550 sic
2743 495 2851 551 erit
2920 496 2974 549 in
3035 499 3520 552 consummatione

1931 581 2115 636 s:reuli
2168 584 2351 655 huius.
2380 583 2552 641 Mittet
2613 586 2786 643 Filius
2832 589 3074 644 hominis
3104 591 3328 659 angelos
3363 604 3515 655 suos,

1930 680 1987 726 et
2027 673 2291 745 colligeut
2334 690 2366 730 e
2417 691 2589 747 regno
2624 678 2771 734 illius
2816 681 3003 735 omnia
3050 680 3413 744 oﬂendicula,
3459 692 3516 733 et
3570 712 3578 731 ρ

1929 779 2027 821 eos
2077 767 2169 836 qui
2210 778 2427 837 patraot
2460 769 2834 840 iniquitatem,
2871 789 2935 829 ac
2987 775 3206 830 mittent
3258 777 3385 831 illos
3453 776 3511 828 in

1930 859 2209 915 caminum
2268 862 2410 931 ignis
2441 877 2457 917 :
2494 861 2569 920 ibi
2597 864 2704 920 erit
2727 866 2975 935 ploratus
3018 868 3334 938 stridorque
3376 867 3512 922 deu-

1932 951 2095 1009 tium.

2002 1132 2147 1190 Ibid.
2174 1151 2296 1189 xxv.
2321 1133 2474 1190 Tunc
2499 1134 2643 1190 dicet
2669 1133 2780 1189 Rex
2817 1135 2982 1189 etiam
3012 1134 3119 1189 illis
3149 1136 3239 1204 qui
3273 1135 3342 1189 ad
3374 1137 3514 1190 sini-

1928 1234 2098 1280 stram
2131 1235 2301 1281 sunt:
2341 1242 2359 1277 ι
2401 1223 2673 1280 Discedite
2704 1239 2730 1277 a
2775 1240 2882 1285 me.
2924 1226 3226 1292 maledicti,
3252 1227 3304 1279 in
3335 1227 3520 1295 ignem

1930 1327 2225 1383 aeternum,
2259 1316 2479 1372 diabolo
2502 1324 2556 1371 et
2582 1316 2792 1384 angelis
2821 1317 2946 1386 ejus
2972 1327 3220 1385 paratum
3254 1336 3268 1370 :
3295 1318 3511 1374 esui-ivi.

1928 1415 2076 1471 enim
2109 1424 2166 1469 et
2194 1429 2300 1468 non
2329 1411 2561 1467 dedistis
2593 1409 2725 1464 mihi
2755 1411 2959 1464 cibmn.
2988 1430 3009 1462 ›

2002 1598 2176 1655 Eccli.
2206 1614 2305 1653 ιιι.
2338 1596 2481 1651 Dens
2508 1597 2562 1651 in
2590 1595 2861 1666 judicium
2888 1594 3119 1649 adducet
3160 1610 3322 1649 omne
3351 1610 3520 1667 opus,

1929 1707 2051 1744 cum
2086 1691 2237 1745 omni
2266 1690 2485 1745 occulta
2512 1703 2593 1753 re,
2615 1690 2732 1742 sive
2756 1687 2884 1757 quid
2915 1688 3138 1750 bonum,
3174 1689 3289 1742 sive
3313 1690 3514 1743 tnalum

1928 1783 2114 1839 fuerit.
3148 1763 3163 1777 ’

1998 1875 2281 1947 Cujnsque
2308 1891 2452 1947 opus
2478 1878 2826 1932 manifestum
2861 1876 2968 1930 (iet.
2998 1874 3122 1930 Dies
3151 1876 3296 1930 enim
3329 1876 3521 1930 decla-

1928 1973 2069 2028 rabit
2097 1974 2242 2043 quod
2269 1973 2322 2027 in
2356 1972 2479 2043 igne
2506 1972 2798 2038 revelatnr,
2823 1981 2875 2026 et
2898 1969 3162 2040 cujusque
3187 1985 3327 2040 Opus
3357 1972 3519 2041 quale

1923 2067 2000 2124 sit
2022 2065 2167 2135 ignis
2198 2065 2475 2136 probabit.

1999 2158 2206 2230 Surget
2240 2157 2514 2216 Dominus
2538 2197 2553 2219 .
2580 2168 2638 2213 et
2665 2158 2857 2213 reddet
2888 2157 3173 2219 omnibus,
3204 2170 3258 2210 et
3287 2154 3520 2212 retribu—

1925 2253 2130 2307 tionem
2155 2266 2313 2307 suam
2355 2249 2410 2305 in
2442 2252 2619 2321 capita
2651 2250 2896 2319 ipsorum
2933 2250 3216 2306 retribuet.

1998 2432 2114 2489 ha.
2144 2447 2267 2489 xm.
2314 2428 2454 2487 Ecce
2480 2427 2604 2486 dies
2635 2428 2849 2485 Domini
2879 2431 3028 2484 venit
3070 2444 3196 2484 cum
3230 2429 3310 2482 ira
3349 2438 3405 2485 et
3433 2427 3523 2482 fu-

1926 2540 2076 2592 rore,
2108 2532 2167 2579 ut
2205 2530 2380 2579 totum
2408 2522 2603 2579 orbem
2637 2522 2991 2577 habitabilem
3025 2522 3305 2579 desertum
3328 2521 3522 2588 faciat,

1927 2628 1983 2675 et
2014 2621 2333 2688 peccatores
2357 2617 2423 2670 de
2447 2629 2515 2670 eo
2553 2615 2768 2685 perdat.

1999 2710 2144 2765 Ibid.
2193 2706 2500 2765 uvr.Nam
2537 2708 2740 2762 vermis
2772 2721 2962 2761 eorum
2986 2721 3095 2760 non
3134 2708 3426 2770 morietur,
3469 2713 3529 2763 et

1929 2803 2073 2873 ignis
2107 2816 2302 2856 eorum
2346 2815 2456 2857 non
2492 2800 2902 2871 exstinguetur,
2941 2807 2997 2853 et
3025 2809 3190 2852 erunt
3218 2805 3346 2852 ante
3387 2812 3526 2853 con-

1933 2903 2191 2964 spectum
2230 2891 2412 2948 omnis
2444 2893 2648 2947 carnis.

1934 3040 1941 3048 ,
2006 2983 2149 3040 Ibid.
2186 3001 2240 3038 v.
2296 2981 2459 3039 inferi
2500 2981 2797 3051 ingluviem
2828 2995 2986 3035 suam
3025 2979 3279 3045 dilatant,
3315 2988 3374 3035 et
3427 2994 3532 3036 ore

241 3066 304 3118 τὸ
333 3064 512 3135 στόμα
543 3062 734 3132 αὐτοῦ,
785 3064 879 3119 τοῦ
911 3066 989 3136 μὴ
1024 3066 1320 3120 διαλιπεῖνο
1355 3068 1451 3122 καί
1489 3070 1830 3140 καταϐήσον·

1960 3091 2041 3132 luo
2066 3077 2189 3132 sine
2228 3075 2335 3131 ﬁne
2366 3074 2680 3137 dehiscunt,
2725 3081 2785 3126 ut
2831 3069 3167 3127 descendant
3197 3071 3251 3124 in
3285 3084 3385 3126 eos
3419 3070 3520 3126 bo-

243 3172 336 3209 ται
386 3156 471 3219 εἰς
518 3155 684 3209 αὐτὸν
742 3157 793 3210 oi
853 3155 1057 3219 ἔνδοξοι
1108 3158 1207 3212 καὶ
1267 3159 1317 3212 oi
1354 3159 1586 3229 μεγάλοι
1637 3164 1735 3216 καὶ
1785 3163 1836 3215 οἱ

246 3250 525 3315 πλούσιοι,
551 3253 646 3306 καὶ
674 3254 723 3305 οἱ
750 3251 906 3322 λιμοὶ
934 3251 1035 3322 τῆς
1066 3251 1193 3321 γῆς,
1225 3254 1324 3307 καὶ
1349 3254 1378 3307 6
1426 3254 1842 3325 ἀγαλλιώμενος

246 3344 306 3396 ὲν
332 3343 547 3410 αὐτοῖς,
577 3344 676 3397 καὶ
694 3342 973 3414 ὀφθαλμοὶ
998 3344 1052 3397 οἱ
1089 3347 1360 3417 μετέωροι
1402 3347 1843 3418 ταπεινωθήσονυ

247 3453 360 3492 ται.

318 3531 463 3594 Τοὺς
492 3531 595 3602 τῆς
628 3532 903 3602 ἁμαρτίας
933 3529 1218 3601 καμάτους
1244 3530 1306 3585 τὸ
1326 3533 1426 3604 τῆς
1454 3531 1681 3604 γεέννης
1714 3532 1841 3586 ἐπί-

254 3642 421 3679 πονον
449 3626 546 3679 καὶ
576 3624 904 3697 σκυθρωπὸν
943 3625 1229 3696 ἀναμένει.

326 3718 607 3782 Ἕκαστος
642 3718 744 3789 τῆς
781 3718 992 3782 οἰκείας
1025 3719 1293 3789 ἐργασίας
1325 3719 1387 3771 ὲν
1423 3721 1489 3788 τῇ
1524 3719 1716 3791 ἡμέρᾳ
1741 3720 1840 3790 τῆς

255 3810 667 3875 ἀνταποδόσεως
718 3811 844 3875 τοὺς
881 3811 1133 3881 καρποὺς
1166 3809 1556 3876 ὲπιγνὼτεται.

327 3903 490 3958 Κατὰ
534 3904 641 3974 γὰρ
669 3902 773 3957 τὸν
812 3904 993 3973 Ὠσηὲ,
1046 3902 1320 3958 κυκλώσει
1358 3903 1592 3958 ’ἑκαστον
1622 3902 1689 3957 τὰ
1726 3903 1843 3957 δια-

259 3994 451 4049 δούλια
475 3993 666 4048 αὐτοῦ.
716 3994 992 4065 Ὀψόμεθα
1029 3995 1139 4067 γὰρ
1169 3995 1287 4065 ἅμα
1328 3995 1507 4049 πάντα
1535 3994 1701 4048 οἱονεὶ
1737 4011 1843 4047 πα-

261 4086 514 4159 ρεστῶτα
542 4088 676 4156 ἡμῖν
706 4087 774 4141 τὰ
801 4087 961 4158 ἔργα,
993 4088 1085 4140 καὶ
1117 4087 1420 4156 φαινόμενα
1444 4085 1840 4155 ἀντιπρόσωπα

258 4182 326 4247 τῇ
361 4178 577 4249 διανοίᾳ
626 4177 808 4250 ἡμῶν,
849 4179 988 4249 μετὰ
1022 4179 1132 4233 τῶν
1171 4179 1316 4233 ἰδίων
1350 4178 1559 4243 τύπων,
1605 4178 1679 4241 ὡς
1711 4177 1842 4231 ἕκα-

263 4287 393 4323 στον
419 4271 762 4343 πέπρακται,
787 4272 823 4342 ἢ
849 4272 925 4335 ὡς
953 4270 1230 4326 λέλεκται.
1255 4272 1330 4325 Οὐ
1376 4270 1486 4342 μὴν
1518 4270 1745 4341 χρόνους
1776 4286 1840 4339 γε

259 4364 538 4433 προσήκει
562 4364 809 4435 νομίζειν
839 4364 1420 4435 καταναλωθήσεσθαι,
1443 4364 1525 4426 είς
1538 4362 1841 4417 τδῑκαστον

262 4456 396 4511 ίδεῖν
449 4456 644 4510 ἑαυτὸν
697 4456 835 4525 μετὰ
861 4456 989 4510 τῶν·
1021 4455 1217 4512 ἑαυτοῦ
1273 4456 1551 4527 πράξεων,
1607 4455 1705 4508 καὶ
1750 4453 1844 4508 τὸν

260 4550 482 4619 κριτὴν,
513 4529 706 4604 καθτὰ
738 4549 1014 4604 ἀκόλουθα
1046 4549 1123 4620 τῷ
1151 4549 1282 4620 Θείῳ
1310 4546 1671 4618 δικαστηρίῳ,
1701 4544 1843 4616 ἀφά-

257 4654 341 4707 τῳ
372 4637 606 4708 δυνάμει
659 4639 719 4691 έν
769 4640 914 4709 ῥοπῇ
970 4638 1168 4708 καιροῦ
1220 4636 1695 4707 φαντασιουμένου
1747 4635 1842 4690 τοῦ

260 4728 382 4795 νοῦ,
404 4730 503 4784 καὶ
547 4730 724 4785 πάντα
768 4728 1294 4802 ἀναζωγραφοῦντος
1320 4729 1524 4800 ἑαυτῷ,
1558 4729 1655 4784 καὶ
1680 4727 1845 4783 οἱονεὶ

261 4825 323 4876 ἐν
352 4822 674 4894 κατόπτρῳ,
708 4822 788 4894 τῷ
814 4825 1134 4895 ἠγεμοιικῷ
1160 4823 1454 4896 ἐνορῶντος
1482 4823 1611 4886 τοὺς
1638 4823 1846 4886 τύπους

259 4916 376 4968 τῶν
410 4914 840 4986 πεπραγμένων.

335 5006 400 5060 Oi
446 5005 519 5059 τὰ
562 5005 743 5077 φαῦλα
805 5006 1116 5078 πράξαντες
1171 5006 1253 5070 είς
1289 5005 1596 5076 ὀνειδισμὸν
1628 5007 1725 5060 καὶ
1765 5007 1848 5059 αί-

264 5099 479 5170 σχῦνην
533 5100 956 5170 ἀναστήσονται,
1014 5100 1315 5171 ἐνορῶντες
1375 5101 1437 5153 ὲν
1499 5101 1718 5164 έαυτοίς
1784 5097 1846 5152 τὸ

259 5185 456 5261 αἶσχος
506 5191 602 5244 καὶ
650 5192 778 5254 τοὺς
830 5191 1035 5254 τύπους
1095 5192 1204 5244 τῶν
1255 5190 1693 5262 ἡμαρτημένων.
1738 5188 1847 5242 Καὶ

260 5281 411 5354 τάχα
457 5282 818 5355 φοϐερωτέρα
874 5282 968 5336 τοῦ
1019 5284 1246 5346 σκότους
1297 5282 1517 5337 καὶτοῦ
1548 5281 1719 5353 πυρὸς
1750 5280 1847 5335 τοῦ

265 5372 495 5427 αἰωνίου
542 5374 577 5445 ἡ
620 5372 857 5444 αίσχύνη
883 5373 1053 5433 ἐστὶν,
1081 5366 1116 5447 ᾖ
1148 5372 1402 5440 μέλλουσι
1428 5371 1758 5437 διαιωνίζειν
1797 5370 1849 5425 οἱ

265 5465 615 5536 ἁμαρτωλοὶ,
645 5467 735 5520 ἀεὶ
762 5468 827 5521 ἐν
850 5464 1150 5535 ὀφθαλμοῖς
1177 5465 1393 5535 ἔχοντες
1414 5466 1483 5520 τὰ
1518 5466 1639 5536 ίχνη
1671 5467 1771 5537 τῆς
1791 5467 1849 5519 ἐν

267 5558 439 5628 capaci
468 5558 769 5629 ἁμαρτίας,
796 5558 958 5612 οἱονεὶ
990 5574 1136 5619 τινος
1173 5557 1353 5629 βαφῆς
1388 5558 1752 5613 ἁνεκπλύτου.

356 5653 446 5713 Ὠς
474 5650 681 5719 βέλτιον
729 5647 871 5705 εἶναι
931 5651 1030 5705 νῦν
1081 5650 1440 5722 παιδευθῆναι
1475 5653 1571 5703 καὶ
1620 5651 1850 5722 καθαρι-

266 5742 470 5811 αῦῆναι
501 5741 578 5811 ,ἢ
637 5746 704 5813 τῇ
769 5741 981 5797 ἐκεῖθεν
1051 5742 1270 5815 βασάνῳ
1337 5744 1852 5816 παραπεμρθῆναι,

266 5834 437 5905 ἡνίκα
482 5836 712 5906 κρίτιως
745 5835 962 5907 καιρὸς,
985 5834 1417 5907 οὐκαθάρσεως.

1944 3170 2122 3225 mines
2164 3167 2408 3238 gloriOsi,
2437 3166 2617 3237 magni
2653 3174 2706 3218 et
2769 3163 3035 3233 opulenti,
3068 3174 3122 3217 et
3150 3171 3327 3231 pestes
3359 3170 3527 3215 terra:

1942 3275 1997 3322 ct
2027 3266 2117 3337 qui
2151 3237 2204 3319 in
2237 3263 2324 3320 his
2353 3237 2652 3328 laetantur;
2680 3258 2825 3315 oculi
2860 3273 2989 3314 vero
3020 3257 3239 3328 superbi
3271 3254 3528 3310 humilia-

1944 3356 2175 3413 buntur.

2010 3534 2065 3589 S-
2105 3534 2316 3590 Basilii.
2364 3532 2579 3588 Peccati
2639 3532 2855 3588 labores
2931 3531 3117 3587 dolore
3188 3538 3245 3585 et
3303 3528 3531 3587 tristitia
3595 3556 3599 3561 -

1942 3627 2161 3698 plenum
2194 3629 2457 3695 gehennae
2484 3625 2814 3696 supplicium
2846 3630 3145 3694 exspectat.

2010 3717 2258 3787 Quisque
2318 3730 2548 3771 suorum
2595 3729 2826 3784 operum
2885 3713 2942 3770 in
2999 3714 3089 3769 die
3144 3711 3533 3768 retributionis

1941 3807 2158 3865 fructus
2196 3817 2482 3879 agnoscet.

2013 3899 2447 3959 Circumdabunt
2493 3911 2989 3966 unumquemque,
3035 3894 3339 3951 secundum
3388 3893 3529 3949 Osee

1943 3993 2290 4067 prophetam,
2316 3989 2548 4044 consilia
2577 3997 2634 4042 et
2655 3987 3012 4055 cogitationes
3035 3986 3178 4054 ejus.
3209 3981 3535 4041 Videbimus

1942 4086 2092 4142 enim
2144 4081 2331 4139 omnia
2379 4081 2608 4152 pariter,
2670 4088 2932 4151 tanquam
2993 4076 3311 4131 assistentia
3371 4073 3534 4130 nobis

1942 4191 2133 4247 opera,
2168 4183 2224 4230 et
2269 4173 2440 4228 animi
2468 4172 2643 4228 oculis
2668 4186 2763 4241 per
2792 4170 3000 4227 formas
3033 4167 3282 4243 preprias
3313 4167 3532 4239 objecta

1942 4267 2302 4329 intuebimur,
2340 4265 2414 4320 ita
2444 4271 2507 4319 ut
2534 4263 2756 4335 singula
2779 4261 2925 4317 facta
2960 4261 3175 4315 dictave
3214 4268 3366 4315 sunt.
3400 4258 3519 4314 Non

1944 4357 2400 4430 tamenjconveuit
2428 4356 2750 4413 existimare
2780 4354 2927 4425 quod
2950 4353 3131 4423 aliqua
3155 4350 3417 4422 temporis
3441 4350 3535 4405 fu-

1877 4440 1921 4496 ἶ)
1953 4462 2081 4507 tura
2102 4450 2173 4505 sit
2212 4463 2391 4514 mora,
2422 4455 2480 4501 ut
2508 4446 2745 4515 quisque
2781 4443 3023 4511 seipsmn
3053 4454 3174 4495 cum
3199 4437 3311 4512 [ιο
3359 4438 3536 4493 actio-

1949 4544 2117 4601 nibus
2144 4542 2286 4607 suis,
2312 4552 2367 4596 et
2392 4538 2661 4611 judicem,
2709 4545 2764 4591 et
2794 4549 2920 4606 quae.
2950 4542 3257 4604 sequuntur
3285 4532 3527 4587 divinum

1945 4634 2667 4708 judiciutn,videat:mens
2693 4630 2838 4684 enim
2889 4626 3245 4683 inenarrabili
3293 4624 3535 4695 quadam

1948 4730 2001 4784 vi
2054 4742 2173 4783 uno-
2199 4732 2478 4783 momento
2514 4721 2996 4793 imaginabitur,et
3024 4719 3210 4774 omnia
3228 4716 3333 4772 sibi
3358 4714 3531 4770 veluti

1949 4824 2096 4895 picta
2148 4826 2436 4891 proponet,
2476 4817 2594 4869 imo
2646 4823 2909 4883 tanquam
2952 4811 3008 4899 in
3061 4809 3288 4879 speculo
3321 4806 3539 4862 formas

1958 4914 2241 4969 actionum
2279 4911 2332 4965 in
2367 4909 2610 4979 principe
2640 4905 2898 4962 facultate
2935 4906 3133 4960 anima:
3165 4899 3494 4971 conspiciet.

2027 5006 2132 5074 Qui
2180 5003 2342 5059 malis
2383 5002 2641 5071 operibus
2692 4992 2960 5068 inquinati
3022 4994 3247 5057 fuerint.
3285 4995 3349 5049 ad
3382 4994 3540 5062 igno-

1953 5097 2183 5153 miniam
2229 5103 2287 5149 et
2329 5092 2711 5147 confusionem
2759 5096 3077 5158 resnrgent,
3130 5096 3419 5142 cernentes
3475 5086 3538 5138 in

1954 5188 2152 5259 seipsis
2200 5184 2600 5256 turpitudinem
2651 5191 2705 5237 et
2758 5180 2968 5235 formas
3036 5188 3411 5250 peccatorum.
3467 5172 3540 5230 Et

1953 5281 2098 5337 forte
2149 5282 2368 5352 gravior
2397 5288 2561 5347 quam
2613 5275 2852 5331 tenebrae
2885 5282 2941 5328 et
2989 5272 3133 5344 ignis
3178 5283 3416 5326 aeternus
3445 5267 3541 5321 hie'

1960 5378 2140 5448 pudor
2172 5376 2278 5431 erit
2301 5415 2318 5443 ,
2348 5372 2441 5444 qui
2474 5386 2693 5442 semper
2717 5365 3007 5424 inhaerebit
3035 5361 3440 5433 peccatoribus,
3473 5372 3533 5413 nt

1956 5485 2235 5541 nunquam
2264 5483 2372 5523 non
2407 5468 2478 5522 ob
2503 5465 2694 5520 oculos
2719 5463 2959 5517 habeant
2984 5454 3213 5524 vestigia
3255 5451 3542 5508 sceleratas

1957 5566 2101 5629 vitae,
2133 5573 2389 5631 tanquam
2431 5557 2731 5614 iueluibilis
2758 5551 2997 5621 alicujus
3034 5548 3309 5602 tinctum.

2033 5649 2282 5719 Theolog.
2338 5646 2569 5702 Praestat
2594 5647 2649 5699 in
2684 5641 2976 5714 prmsentia
3018 5636 3280 5706 castigari
3316 5643 3369 5689 et
3396 5648 3533 5704 pur-

1957 5741 2099 5812 gari,
2155 5755 2317 5809 quam
2375 5739 2427 5793 in
2480 5750 2709 5791 examen
2775 5732 3023 5787 futurum
3082 5728 3403 5795 transmitti,
3441 5726 3543 5782 ubi

1966 5842 2186 5905 tempus
2211 5831 2316 5887 erit
2343 5829 2560 5903 judicii,
2596 5841 2702 5882 non
2731 5821 3105 5899 purgationis.
