3960 6196
292 156 436 251 ηδιθ

1130 152 1305 216 1.001
1350 120 1798 215 consumas.
1838 174 1910 190 —
1934 147 2136 213 rans
2170 147 2224 211 ι.
2279 146 2541 210 saeuo
2581 147 2799 212 xx1v.

3477 138 3590 203 85.0

387 269 455 332 Ol
507 270 739 343 μεγάλοι
770 268 1011 324 κίνδυνοι
1058 270 1155 323 καὶ
1198 266 1327 332 τοὺς
1358 269 1459 337 τῆς
1489 266 1676 338 φιλίας
1709 263 1905 321 λύουσι

2081 261 2278 335 Magna
2311 262 2555 334 pericula
2588 261 2894 318 dissolvunt
2916 258 3080 314 etiam
3112 256 3369 312 amicitia:
3419 256 3592 327 leges.

319 368 383 421 νό
392 378 523 421 μου(
534 406 548 420 .

392 384 496 420 σου
534 406 548 420 .

390 386 475 513 τ’ίὸ
499 384 604 528 im
638 455 863 525 ἀγαπᾷν
895 452 1023 518 τοὺς
1054 452 1355 525 μισοῦντας
1385 453 1589 524 ἀρετῆς
1615 452 1711 507 καὶ
1735 451 1901 505 Θείον·

320 550 462 608 τδ³δὲ
514 553 641 614 τοὺς
687 543 1047 618 ἀγαπῶντας,
1079 548 1424 617 ἀνθρώπινον
1461 547 1556 600 καὶ
1588 541 1796 600 κοινόν·
1843 545 1903 601 τὺ

319 649 381 703 δὲ
429 647 611 717 μισεῖν
644 645 741 699 καὶ
782 642 914 706 τοὺς
945 640 1279 711 ἀγαπῶντας
1318 639 1440 694 οὐδὲ
1473 638 1684 710 Θηρίων
1716 633 1900 709 οἶμαι.

399 910 557 963 Φίλον
612 910 847 978 ἡγητέον
893 907 987 962 τὸν
1020 907 1239 979 βοηθεῖν
1284 907 1380 962 καὶ
1412 898 1747 977 ἀπωφελεῖν
1786 907 1907 962 ὲοέ-

327 1002 513 1067 λοντα,
561 1000 668 1056 κᾶν
697 1002 773 1074 μὴ
806 1001 1059 1072 δύνηται.

413 1170 502 1228 Ἐν
531 1175 628 1243 μὲν
677 1176 789 1239 τοῖς
816 1174 1001 1237 ἄλλοις
1028 1174 1089 1229 τδ
1118 1175 1320 1248 μέτρον
1358 1175 1584 1245 ἄριστον
1606 1189 1621 1207 ·
1656 1174 1716 1228 ιν
1748 1172 1806 1227 δὲ
1838 1175 1905 1243 τῇ

324 1269 525 1342 ἀγάπῃ
557 1267 588 1320 ό
619 1266 681 1321 τὸ
711 1267 898 1321 πλεῖον
922 1265 1064 1339 ἔχων
1092 1266 1527 1339 θεοφιλέστερος.

402 1451 606 1504 Ἵππου
641 1452 740 1521 μὲν
786 1450 995 1523 ἀρετὴν
1028 1452 1087 1506 ὲν
1133 1451 1383 1523 πολέμῳ,
1414 1448 1573 1521 φίλου
1624 1447 1682 1503 δὲ
1721 1448 1906 1501 πίστιν

322 1544 385 1596 ὲν
418 1544 620 1613 ἀτυχία
650 1542 935 1615 κρίνομεν.

2093 447 2269 502 Pltotii
2297 446 2634 516 patriarchae.
2671 443 2903 515 Diligere
2942 440 3063 496 illos
3103 437 3194 508 qui
3228 451 3330 490 nos
3389 434 3596 490 habent

2006 543 2154 605 odio,
2185 536 2372 595 divina
2412 539 2657 609 qumdam
2701 538 2877 592 virtus
2922 543 3010 589 est
3052 547 3066 586 :
3109 538 3356 586 amantes
3408 537 3592 581 autem

2010 632 2313 695 redamare,
2360 630 2661 683 humanum
2706 638 2761 683 ct‘
2797 628 3017 699 vulgare
3062 632 3197 679 est:
3257 621 3404 691 ipsos
3460 631 3594 672 vero

2008 725 2193 781 odisse
2230 719 2541 794 diligentes,
2575 736 2643 775 ne
2683 719 2879 776 belluis
2919 716 3143 789 quidem
3179 711 3479 769 convenire
3509 709 3592 764 vi-

2007 816 2191 872 detur.

2080 903 2348 963 Philonis.
2399 904 2623 959 Amicus
2673 898 2956 955 ducendus
3005 905 3110 965 est,
3164 897 3258 966 qui
3324 893 3591 950 auxilium

2007 1010 2063 1055 et
2090 1014 2310 1069 operam
2354 1008 2621 1061 mutuam,
2664 994 2712 1051 si
2747 1006 2806 1049 re
2840 991 2957 1063 ipsa
3001 1004 3109 1045 non
3158 997 3365 1059 petest,
3399 984 3596 1039 volun—
3622 986 3627 999 "

2012 1105 2117 1149 tate
2138 1092 2331 1148 saltem
2362 1099 2602 1160 praestat.

2085 1182 2278 1239 Firmi.
2310 1183 2367 1238 In
2399 1183 2615 1238 caeteris
2642 1179 2863 1252 quidem
2918 1176 3084 1232 rebus
3110 1172 3365 1228 laudatur
3391 1170 3596 1223 medio-

2008 1278 2175 1334 critas
2208 1295 2222 1332 :
2252 1278 2303 1331 in
2328 1290 2516 1331 amore
2576 1288 2709 1329 vero
2738 1272 2834 1343 qui
2881 1269 3178 1340 plurimum
3227 1262 3505 1328 habuerit,
3548 1262 3597 1316 is

2010 1373 2120 1428 Deo
2142 1370 2360 1426 charior
2404 1370 2481 1424 iit.

2084 1461 2389 1517 Plutarchi.
2434 1461 2569 1530 Equi
2609 1458 2910 1516 bonitatem
2961 1454 3014 1509 in
3054 1452 3220 1519 bello,
3262 1449 3425 1506 amici
3464 1462 3593 1502 vero

2014 1554 2173 1611 ﬁdem
2206 1555 2261 1609 in
2296 1554 2609 1610 calamitate
2629 1551 2969 1622 iudicamus.

396 1636 575 1707 Σκεόη
632 1636 733 1708 μὶν
772 1637 853 1706 ,τὰ
902 1635 1070 1691 καινὰ
1109 1636 1435 1709 κρείττονα,
1475 1636 1629 1709 φιλία
1650 1635 1708 1692 δὲ
1732 1637 1767 1708 ἠ
1798 1652 1905 1689 πα-

2075 1648 2219 1713 VaSa
2251 1648 2468 1717 quidem
2527 1646 2751 1702 meliora
2799 1650 2931 1700 sunt
2978 1655 3162 1697 nova:
3192 1637 3288 1696 sed
3343 1636 3588 1693 amicitia

323 1727 506 1781 λαιοτέ
516 1746 608 1799 ρα.

402 1821 597 1876 Πολλοὶ
632 1821 823 1891 φίλους
855 1821 1142 1894 αίροῦνται
1171 1821 1235 1878 οὐ
1284 1823 1414 1888 τοὺς
1442 1822 1728 1893 ἀρίστους,
1765 1821 1903 1877 ἀλλὰ

320 1914 453 1977 τοὺς
489 1914 879 1979 πλουτοῦντας.

409 2005 477 2060 Ἦ
508 2004 741 2079 ἀληθινὴ
783 2006 939 2078 φιλία
984 2007 1115 2080 τρία
1164 2008 1323 2079 ζητεῖ
1358 2006 1617 2079 μάλιστα·
1648 2010 1748 2081 τὴν
1774 2010 1904 2080 ἁρε-

329 2097 451 2167 τὴν,
478 2099 554 2161 ὡς
578 2099 764 2165 καλὸν,
797 2100 893 2153 καὶ
931 2099 1032 2170 τὴν
1066 2098 1382 2171 συνήθειαν,
1416 2100 1494 2165 ὡς
1524 2101 1645 2172 ἡδὺ,
1675 2101 1773 2156 καὶ
1802 2101 1902 2172 τὴν

328 2192 525 2263 χρείαν
550 2232 566 2258 ,
593 2192 667 2257 ὡς
694 2195 1021 2261 ἀναγκαῖον.

395 2286 651 2358 Βραδέως
699 2287 800 2359 μὲν
854 2287 1008 2359 φίλος
1066 2287 1261 2359 γίνου,
1295 2285 1592 2357 γενόμενος⁹
1636 2285 1694 2341 δὲ
1724 2287 1902 2359 πειρῶ

321 2376 622 2448 διαμένειν.
659 2378 893 2448 Ὁμοίως
923 2381 1033 2451 γὰρ
1054 2379 1283 2451 αίσχρδν
1316 2379 1522 2450 μηδένα
1551 2378 1704 2448 φίλον
1730 2378 1901 2450 ἔχειν,

322 2467 421 2519 καὶ
451 2465 679 2531 πολλοὺς
712 2469 963 2539 ἑταίρους
992 2469 1410 2540 μεταλλάττειν.

394 2560 669 2630 Δοκίμαζε
704 2562 831 2626 τοὺς
861 2563 1050 2633 φίλους
1088 2562 1287 2634 έκοτῆς
1331 2562 1465 2633 περὶ
1493 2562 1587 2616 τὸν
1623 2562 1738 2634 βίον
1767 2564 1904 2619 ἀτυ-

324 2653 449 2722 χίας
492 2654 589 2707 καὶ
641 2655 739 2725 τῆς
783 2655 841 2708 ὲν
879 2658 995 2720 τοῖς
1051 2656 1325 2721 κινδύνοις
1355 2658 1666 2720 κοινωνίας.
1696 2656 1772 2709 Τὸ
1805 2657 1904 2727 μὲν

330 2749 439 2815 γὰρ
478 2747 706 2819 χρυσίον
751 2749 810 2802 ἓν
845 2750 983 2819 πυρὶ
1028 2750 1425 2822 δοκιμάζομεν,
1466 2750 1596 2813 τοὺς
1619 2751 1677 2804 δὲ
1713 2750 1903 2819 φίλους

330 2844 388 2894 ὲν
412 2844 533 2905 ταῖς
560 2843 815 2912 ἀτυχίαις
843 2842 1215 2919 γινώσκομεν.

401 2935 524 2987 Τῶν
573 2934 828 2989 ἀπόντων
876 2936 1051 3007 φίλων
1086 2937 1336 3008 μέμνησο
1365 2939 1503 3010 πρὸς
1543 2937 1673 3002 τοὺς
1702 2937 1909 3011 παρόν-

329 3042 449 3093 τας,
485 3028 572 3084 ἴνα
594 3030 753 3103 δόξῃς
793 3029 930 3101 μηδὲ
962 3030 1075 3084 τῶν
1102 3031 1390 3101 παρόντων
1415 3031 1725 3103 ὀλιγωρεῖν.

396 3122 499 3175 Διὰ
540 3120 639 3193 μὲν
683 3123 793 3194 γὰρ
830 3124 941 3177 τῶν
970 3123 1272 3195 ὀφθαλμῶν
1306 3123 1461 3195 μόλις
1493 3127 1626 3197 όρᾷν
1672 3124 1788 3179 ἔστι
1829 3125 1901 3181 τὰ

329 3214 582 3287 ὲμέτοδὼν
607 3261 623 3285 ,
655 3220 743 3276 διὰ
793 3220 852 3276 δὲ
906 3220 1017 3275 τῶν
1068 3221 1242 3293 φίλων
1283 3222 1382 3276 καὶ
1406 3222 1475 3278 τὰ
1504 3223 1598 3278 ἐπὶ
1624 3224 1728 3296 γῆς
1754 3225 1902 3293 πέρα

327 3308 656 3369 θεάσασθαι.

396 3384 497 3436 Διὰ
548 3386 651 3453 μὲν
689 3384 801 3440 τῶν
852 3384 1013 3439 ὢτων
1066 3384 1168 3441 οὐκ
1201 3385 1268 3441 ἄν
1311 3402 1397 3451 τις
1432 3386 1665 3443 ἀκούσαι
1698 3388 1797 3444 καὶ
1834 3389 1905 3443 τὰ

332 3478 539 3545 σφόδρα
586 3477 859 3545 ἐγγύθεν·
893 3476 981 3531 διὰ
1030 3477 1089 3531 δὲ
1142 3478 1255 3532 τῶν
1300 3478 1471 3548 φίλων
1522 3480 1742 3545 οὐδενὸς
1793 3481 1939 3536 τῶν

326 3570 647 3640 ἀναγκαίων
679 3570 1012 3642 ὁποιδήποτε
1047 3571 1283 3642 ἀνήκοός
1312 3574 1453 3627 ἐστι.

412 3666 571 3735 Ῥᾷον
599 3666 666 3719 ἄν
716 3681 800 3727 τις
844 3664 1133 3734 συμφορὰν
1177 3667 1278 3736 τὴν
1322 3666 1720 3741 χαλεπωτάτην
1748 3671 1909 3743 φέρει

332 3759 472 3829 μετὰ
515 3758 686 3828 φίλων
712 3757 745 3826 ἢ
790 3757 950 3827 μόνος
982 3757 1242 3827 εὐτυχίαν
1266 3761 1367 3829 τὴν
1401 3761 1693 3830 μεγίστην.

401 3852 499 3915 Τίς
526 3852 829 3922 ἐπιτήδειος
851 3851 992 3922 πρὸς
1016 3849 1199 3921 φιλίαν
1221 3849 1314 3916 ;'0
1336 3852 1569 3909 πλεῖστα
1594 3855 1907 3911 ἀδικεῖσθαι

326 3945 651 4014 δυνάμενος.

401 4038 615 4103 ’Ὠσπερ
649 4030 794 4100 οἰνος
827 4035 1085 4107 κιρνᾶται
1138 4036 1254 4099 τοῖς
1309 4037 1420 4091 τῶν
1474 4037 1740 4093 πινόντων
1775 4038 1906 4111 τρό-

328 4128 642 4193 ποις,οὖτω
674 4129 767 4181 καὶ
798 4126 950 4197 φιλία
995 4127 1108 4189 τοῖς
1142 4126 1253 4179 τῶν
1281 4127 1587 4200 χρωμένων
1616 4128 1794 4200 ήθεσι.

398 4306 559 4362 Φίλον
580 4305 807 4378 γνήσιον
834 4306 894 4361 ὲν
916 4306 1107 4371 κακοῖς
1140 4305 1217 4379 μὴ
1252 4306 1447 4378 φοϐοῦ.

396 4496 505 4550 Τδν
533 4492 821 4549 σπουδαῖον
868 4491 1022 4561 φίλον
1061 4490 1199 4562 πρὸς
1259 4489 1361 4562 μὲν
1419 4488 1519 4554 τὰς
1568 4489 1911 4561 εὐφροσύνας

327 4586 599 4657 κληθέντα
653 4585 735 4640 δεῖ
767 4584 1025 4652 παρεῖναι
1054 4596 1069 4612 ο
1119 4579 1259 4652 πρὶς
1310 4578 1368 4633 δὲ
1413 4578 1515 4643 τὰς
1555 4577 1910 4648 περιστάσεις

324 4679 665 4749 αὐτόκλητον
687 4678 769 4730 δεῖ
798 4674 1204 4744 συμπαρεῖναι.

400 4764 467 4829 Ol
500 4771 746 4839 ἀληθινοὶ
796 4768 942 4838 φίλοι
968 4767 1064 4820 καὶ
1100 4766 1201 4826 τὰς
1229 4763 1415 4833 φιλίας
1441 4763 1653 4835 ἡδείας,
1682 4762 1777 4817 καὶ
1809 4761 1911 4827 τὰς

330 4864 621 4935 συμφορὰς
656 4863 1033 4932 ἐλαφροτέρας
1088 4857 1363 4924 ποιοῦσιν,
1414 4851 1490 4912 ὧν
1534 4856 1636 4928 μιν
1671 4872 1909 4911 συναπο-

325 4958 605 5021 λαύοντες,
643 4948 719 5010 ὧν
748 4955 807 5009 δὲ
843 4952 1377 5025 μεταλαμϐάνοντες.

407 5050 742 5119 Ἑπῖσταμαι
773 5048 832 5101 δὲ
878 5047 974 5100 καὶ
1010 5046 1357 5116 πεπείραμαι
1397 5044 1540 5109 λίαν,

404 5144 495 5207 Ὧς
520 5143 630 5196 τῶν
667 5140 901 5213 ἑχόντων
924 5139 1126 5201 πάντες
1158 5138 1439 5208 ἄνθρωποι
1490 5137 1659 5207 φίλοι.

392 5235 557 5289 Φίλον
593 5236 801 5288 ἔκείνον
832 5231 1043 5304 νόμιζε,
1085 5232 1235 5294 ὅστις
1264 5230 1429 5285 αὐτδν
1460 5230 1543 5296 σὲ,
1569 5230 1708 5284 ἀλλὰ
1733 5231 1807 5303 μὴ
1838 5230 1907 5285 τὰ

326 5329 461 5393 περὶ
494 5325 557 5379 σὲ
588 5326 803 5397 ἀγαπᾷ.

401 5421 621 5474 Βέλτιον
669 5419 841 5474 πολλὰ
888 5420 1147 5490 χρήματα
1191 5418 1579 5482 ἀπολέσαντα.
1624 5418 1723 5473 ενα
1752 5419 1907 5490 φίλον

330 5512 663 5582 κτήσασθαι,
688 5511 723 5583 ἢ
754 5511 850 5566 Eva
882 5513 1037 5581 φίλον
1064 5512 1435 5582 ἀπολέσαντα,
1464 5511 1639 5569 πολλὰ
1681 5513 1905 5586 χρήμαο

329 5621 399 5662 τα
429 5605 764 5673 κτήσασθαι.

2006 1753 2231 1815 praestat
2261 1758 2369 1813 quo
2398 1741 2687 1797 vetustior.

2073 1830 2300 1887 Amicos
2324 1831 2479 1887 multi
2507 1842 2616 1886 non
2647 1830 2906 1901 optimos,
2963 1826 3058 1883 sed
3104 1821 3304 1881 divites
3359 1819 3591 1890 eligunt.-

2076 2011 2217 2066 Vera
2251 2008 2491 2065 amicitia
2530 2008 2635 2064 tria
2677 2004 2955 2076 praecipue
2984 1999 3227 2072 requirit
3255 2014 3273 2054 :
3303 1997 3592 2063 virtutem,

2004 2113 2065 2158 ut
2105 2104 2436 2169 honestum;
2494 2099 2947 2161 familiaritatem,
3009 2102 3071 2151 ut
3120 2091 3471 2165 jucundum;
3525 2096 3583 2144 et

2004 2186 2322 2254 utilitatem,
2361 2198 2422 2243 ut
2443 2187 2843 2245 necessarium.

2083 2276 2363 2333 Isocratis.
2396 2277 2574 2335 Tarde
2602 2279 2823 2349 quidem
2861 2277 3015 2333 ineas
3050 2273 3366 2337 amicitiam,
3404 2269 3594 2325 initam

2002 2384 2135 2423 vero
2172 2377 2489 2425 constanter
2525 2384 2732 2425 serves.
2766 2368 2949 2439 IEque
2976 2367 3123 2422 enim
3154 2375 3310 2434 turpe
3337 2373 3423 2421 est
3454 2361 3596 2417 ami-

2004 2478 2127 2519 cum
2162 2478 2271 2517 non
2295 2462 2517 2528 habere,
2551 2476 2617 2519 ac
2652 2463 2705 2516 in
2742 2461 2980 2517 amicitia
3017 2460 3417 2515 inconstantem
3448 2466 3595 2511 esse.

2076 2554 2300 2610 Amicos
2328 2552 2583 2624 probabis
2601 2568 2665 2608 ex
2699 2552 3008 2607 calamitate
3030 2551 3085 2606 in
3112 2548 3224 2622 46
3246 2550 3352 2605 vita
3378 2554 3599 2603 θιιοοωη

2006 2646 2376 2703 municatione
2402 2647 2789 2716 periculorum.
2835 2646 3044 2700 Aurum
3092 2644 3246 2699 enim
3295 2642 3421 2709 igne
3456 2654 3600 2710 pri»

2006 2743 2227 2806 bamus,
2267 2739 2469 2797 amicus
2493 2739 2545 2794 in
2568 2740 2796 2795 adversa
2822 2738 3040 2794 fortuna
3069 2734 3481 2808 cognoscimus.

2081 2924 2402 2981 Absentiam
2434 2922 2737 2979 amicorum
2768 2920 2911 2993 apud
2940 2928 3236 2992 praesentes
3257 2917 3617 2975 mentionem»

1933 2987 1982 3054 δ
2016 3017 2204 3087 facito,
2238 3018 2483 3073 utetiam
2518 2987 2820 3087 praesentes
2840 2987 2953 3070 non
2997 3014 3235 3070 videaris
3294 3011 3596 3083 negligere.

2090 3105 2501 3163 Dionis.0culis
2529 3106 2753 3177 quidem
2792 3105 2884 3159 vix
2937 3117 3007 3159 ea
3057 3103 3245 3158 videre
3277 3102 3406 3158 licet
3472 3114 3598 3170 qua

2017 3202 2338 3282 antepedes
2369 3208 2496 3256 sunt
2537 3215 2552 3254 :
2587 3212 2685 3269 per
2708 3197 2919 3252 amicos
2943 3205 3129 3251 autem
3155 3193 3322 3250 etiam
3374 3191 3596 3263 longins

2020 3305 2228 3351 remota
2258 3292 2696 3362 conspiciuntur.

2091 3386 2369 3457 Chrysost.
2413 3383 2654 3440 Auribus
2716 3380 2936 3454 quidem
2999 3379 3092 3436 vix
3150 3392 3224 3434 ea
3258 3375 3599 3432 hauriuntur

2016 3496 2139 3552 qua:
2168 3479 2415 3550 proxima
2440 3486 2568 3533 sunt
2600 3492 2616 3531 :
2649 3490 2746 3545 per
2777 3473 2990 3530 amicos
3041 3470 3223 3527 omnia
3285 3468 3469 3525 ubivis
3500 3482 3598 3523 ne-

2014 3572 2254 3629 cessaria
2285 3569 2474 3624 audire
2506 3570 2691 3624 datur.

2093 3663 2329 3718 Facilius
2354 3660 2480 3729 quis
2526 3673 2651 3714 cum
2682 3656 2874 3711 amicis
2903 3654 3283 3725 gravissimam
3312 3650 3599 3708 calamita-

2020 3766 2128 3811 tem
2161 3754 2284 3816 l‘crt,
2316 3766 2481 3818 quam
2505 3749 2657 3805 solus
2694 3747 2782 3801 vel
2809 3747 3107 3801 maximam
3152 3744 3594 3814 prosperitatem.

2090 3847 2315 3904 Aristot.
2346 3842 2483 3910 Quis
2514 3842 2744 3897 idoneus
2770 3846 2857 3894 est
2885 3837 3142 3892 amicitia:
3159 3836 3182 3891 ἲ
3201 3835 3304 3903 Qui
3332 3835 3607 3906 plurimas

2017 3939 2248 4008 injurias
2278 3937 2422 3992 ferre
2456 3940 2658 4004 potest.

2088 4028 2476 4087 Demosthenis.
2512 4024 2677 4081 Sicut
2698 4023 2885 4079 vinum
2913 4030 3309 4092 attemperatur
3363 4019 3600 4091 ingeniis

2018 4122 2342 4192 bibentium,
2413 4121 2490 4176 ita
2538 4125 2594 4174 et
2625 4116 2866 4173 amicitia
2895 4130 2997 4188 pro
3027 4115 3279 4171 moribus
3326 4112 3598 4171 utentium

2016 4216 2213 4273 variat.

1934 4315 1988 4378 D
2083 4308 2346 4366 Socratis.
2376 4305 2633 4363 Amicum
2691 4302 2974 4362 sincerum
3010 4300 3067 4357 in
3116 4299 3283 4356 rebus
3348 4293 3600 4353 adversis

2012 4417 2081 4458 ne
2110 4403 2330 4457 timeas.

2082 4492 2398 4547 Democriti.
2458 4488 2699 4544 Probum
2779 4486 3022 4543 amicum
3083 4487 3300 4559 gaudiis
3372 4485 3607 4557 quidem.

2008 4599 2265 4645 vocatum
2321 4587 2515 4643 adesse
2580 4584 2758 4651 decet,
2826 4583 3075 4641 adversis
3137 4591 3322 4638 autem
3374 4581 3600 4638 casibus

2010 4697 2107 4738 ana
2133 4691 2349 4752 sponte.

2083 4773 2208 4829 Veri
2236 4774 2396 4829 amici
2436 4781 2551 4828 tum
2583 4789 2780 4830 suaves
2835 4769 3114 4825 amicitias
3157 4765 3416 4822 fruitione
3444 4779 3595 4821 com-

2012 4866 2188 4930 muni,
2226 4875 2341 4921 tum
2375 4865 2721 4923 calamitates
2753 4864 2983 4921 leviores
3016 4857 3442 4932 participatione
3493 4869 3596 4911 sua

2010 4956 2268 5012 reddunt.

2083 5048 2377 5120 Euripidis.
2409 5049 2523 5107 Hoc
2569 5051 2685 5107 scio
2714 5059 2769 5106 et
2796 5050 2954 5120 plane
2970 5057 3228 5121 expertus
3278 5060 3424 5114 sum,
3447 5042 3592 5115 quod

2010 5158 2205 5199 omnes
2237 5144 2398 5198 amici
2430 5144 2563 5198 liant
2592 5143 2877 5200 divitibus.

2078 5238 2333 5293 Amicum
2374 5236 2659 5293 cxiStimes
2682 5236 2774 5308 qui
2807 5239 3045 5310 teipsum
3068 5234 3267 5307 diligit,
3324 5247 3434 5288 non
3468 5240 3591 5289 tua.

2082 5419 2424 5477 Maschionis.
2452 5421 2641 5477 Satius
2684 5430 2768 5477 est
2826 5421 3017 5477 multis
3066 5416 3315 5489 pecuniis
3362 5416 3593 5475 amissis

2009 5528 2177 5569 unum
2214 5514 2451 5570 amicum
2482 5526 2801 5584 comparare
2822 5554 2839 5580 ,
2880 5526 3047 5584 quam
3080 5510 3257 5569 amico
3283 5525 3394 5569 uno
3412 5509 3584 5568 amis-

2004 5618 2070 5659 so
2104 5603 2305 5662 multas
2337 5603 2562 5676 adipisci
2600 5602 2885 5675 pecunias.
