3960 6196
261 231 372 298 853

344 348 506 403 Ἔστι
536 348 689 417 φίλος
714 349 941 420 ὀνόματι
970 348 1146 419 φίλος.

337 439 398 493 El
434 442 633 494 κτᾶσαι
666 442 843 510 φίλον,
887 443 948 495 ὲν
980 443 1274 515 πειρασμῷ
1306 442 1386 515 (ί)
1420 440 1620 513 κτῆσαι
1650 438 1838 503 αὐτὸν,

262 532 359 586 καὶ
392 534 466 602 μὴ
491 534 630 602 ταχὺ
657 533 1032 608 ιμπιστεύσῃς
1058 534 1230 607 αύτῷ.
1714 544 1719 548 ’

344 624 405 679 '0
433 624 710 691 ὀνειδίζων
735 628 890 695 φίλον
923 627 1091 682 αὑτοῦ
1124 628 1368 682 διαλύσει
1395 627 1601 698 φιλίαν.

329 803 396 860 Οί
428 803 721 859 ἀκόλαστοι
752 805 853 876 τὴν
893 806 1120 879 γνώμην
1152 806 1315 879 μέχρι
1363 806 1463 877 μὲν
1506 808 1565 859 ὲν
1599 804 1680 875 τῷ
1721 805 1840 858 στό-

260 913 394 967 ματι
446 896 626 950 αὐτῶν
658 898 727 951 τά
769 899 916 953 σιτία
962 902 1246 971 τυγχάνει,
1305 894 1641 971 εὐφημοῦσι,
1678 898 1840 951 κολα-

258 988 536 1052 κεύουσιν,
566 989 1111 1069 ύπερθαυμάζουσινξ
1146 993 1328 1061 ὀλίγον
1350 992 1405 1046 δι
1433 991 1531 1062 τῆς
1558 989 1840 1062 τραπέζης

257 1081 689 1153 ὑπερταθείσης,
726 1082 916 1154 ὥσπερ
960 1084 1073 1138 τισὶ
1115 1084 1303 1149 λίθοις,
1334 1086 1447 1148 τοῖς
1485 1082 1687 1150 λόγοις,
1718 1085 1839 1143 ταῖς

260 1170 644 1242 βλασφημίαις
693 1171 1002 1242 βάλλουσιν,
1051 1174 1113 1229 δν
1158 1175 1268 1248 πρὸ
1313 1173 1549 1246 βραχέος
1596 1173 1685 1228 τσα
1718 1171 1840 1243 Θεῷ

256 1261 347 1316 διὰ
381 1266 484 1332 τὴν
511 1264 709 1335 ἡδονὴν
744 1265 1143 1335 προσεκύνουν.

327 1354 565 1424 Φεύγειν
595 1356 678 1411 δεῖ
721 1360 822 1431 τὴν
848 1360 1055 1429 φιλίαν,
1083 1352 1159 1415 ὧν
1184 1360 1485 1432 ἀμφίϐολος
1513 1364 1546 1432 ἡ
1574 1360 1837 1426 διάθεσις.

284 1600 287 1601 ν
329 1535 553 1604 Μηδένα
585 1535 741 1606 φίλον
785 1537 969 1605 ποιοῦ,
1001 1540 1130 1610 πρὶν
1159 1540 1227 1613 ἂν
1269 1540 1537 1614 ὲξετάσῃς
1580 1542 1701 1607 πῶς
1744 1543 1839 1595 κέ-

252 1644 459 1698 χρηται
510 1630 622 1692 τοῖς
669 1628 938 1701 πρότερον
989 1632 1185 1699 φίλοις.
1226 1631 1458 1697 Ἕλπιζε
1516 1634 1625 1703 γὰρ
1671 1633 1838 1688 αὐτὸν

256 1695 351 1773 καὶ
382 1721 513 1790 περὶ
555 1720 614 1774 σὲ
645 1695 899 1789 γενέσθαι
940 1695 1200 1791 τοιοῦτον,
1231 1720 1344 1789 οἷος
1387 1695 1483 1778 καὶ
1523 1695 1653 1799 περὶ
1697 1726 1840 1780 ἑκεί-
1869 1695 1910 1751 Β

255 1829 382 1875 νους
416 1815 627 1881 γέγονε.
816 1886 819 1889 _

329 1905 404 1957 To
436 1908 612 1973 φιλεῖν
634 1908 881 1979 ἀκαίρως
915 1909 1032 1962 ἴσον
1060 1910 1179 1964 ἐστὶ
1208 1909 1283 1981 τῷ
1320 1912 1525 1979 μισεῖν.

328 1999 406 2051 Τὸ
439 1986 515 2069 μὴ
549 1999 811 2053 δύνασθαι
867 2000 1081 2072 βοηθεῖν
1111 2005 1224 2061 τοῖς
1262 2002 1438 2073 φίλοις
1486 2005 1747 2077 ἀπορίας,
1777 2005 1839 2058 τὸ

254 2091 311 2144 δὲ
341 2093 417 2161 μὴ
452 2092 743 2161 βούλεσθαι
775 2093 978 2157 κακίας
1008 2097 1338 2167 τεκμήριον.
1588 2148 1599 2161 ,

332 2186 573 2255 Ἀφροσι
629 2186 706 2255 μὴ
759 2184 877 2255 χρῶ
926 2186 1125 2254 φίλοις,
1173 2189 1296 2241 ἐπεὶ
1341 2188 1588 2263 κληθήσῃ
1643 2188 1839 2245 καὶσὺ

257 2278 540 2339 παντελῶς
575 2277 790 2348 ἄφρων.

341 2370 592 2425 Ἐλάσσω
642 2371 789 2426 κακὰ
844 2372 1149 2443 πάσχουσιν
1192 2372 1244 2427 οί
1290 2373 1569 2446 ἄνθρωποι
1597 2374 1703 2429 ὑπὸ
1731 2375 1843 2432 τῶν

257 2462 474 2533 ἐχθρῶν
513 2463 547 2535 ἦ
582 2465 687 2519 ὑπὸ
730 2466 840 2521 τῶν
886 2468 1078 2537 φίλων.
1118 2467 1259 2532 Τοὺς
1292 2467 1395 2538 μὲν
1455 2469 1566 2541 γὰρ
1612 2467 1845 2540 ἐχθροὺς

258 2556 496 2619 δεδιότες
547 2559 954 2628 φυλάσσονται·
1002 2564 1117 2625 τοῖς
1163 2562 1223 2615 δὲ
1274 2563 1452 2632 φίλοις
1496 2563 1844 2633 ἁνεῳγμένοι

257 2650 390 2714 sisi,
431 2649 527 2703 καὶ
556 2651 799 2719 γίνονται
837 2653 1100 2725 σφαλεροὶ
1131 2656 1229 2708 xui.
1258 2652 1730 2709 εὐεπιὸούλευτοι.

330 2834 653 2907 Μυστήριον
706 2836 766 2890 ὲν
814 2837 969 2909 φιλίᾳ
1022 2836 1307 2903 ἀκούσας,
1369 2837 1597 2909 ὕστερον
1647 2836 1845 2910 ἐχθρὸς

259 2926 563 2995 γενόμενος
598 2928 675 2998 μὴ
703 2930 970 3004 ἑκφάνῃς.
1002 2928 1238 2997 Ἀδικεῖς
1270 2930 1381 3001 γὰρ
1411 2930 1474 2984 ού
1505 2933 1597 2988 τὸν
1624 2931 1841 3003 ἐχθρὸν,

261 3017 405 3070 ἀλλὰ
426 3018 529 3088 τὴν
559 3018 764 3087 φιλίαν.

337 3110 431 3181 Μὴ
464 3111 661 3182 κτῆσαι
688 3112 864 3183 φίλον,
897 3104 942 3184 ᾧ
973 3115 1051 3187 μὴ
1078 3115 1256 3170 πάντα
1288 3116 1592 3181 πιστεύεις.

333 3294 405 3346 Αἱ
435 3293 500 3346 ἐκ
533 3293 706 3360 φίλων
743 3292 824 3357 είς
868 3293 1057 3362 φίλους
1103 3295 1399 3365 γενόμεναι
1446 3294 1615 3350 λύπαι
1656 3294 1846 3350 δυσθε-

226 3404 229 3411 ’
260 3390 536 3458 ράπευτοι
567 3388 688 3443 λίαν
713 3387 1069 3459 τυγχάνουσι,
1090 3388 1186 3441 καὶ
1216 3388 1439 3461 μείζους
1477 3390 1589 3445 τῶν
1631 3390 1848 3462 ἐχθρῶν

258 3482 454 3552 ἔχουσι
484 3478 582 3543 τὰς
609 3481 712 3551 ὲπη
722 3480 893 3551 ρείας.

333 3572 659 3643 Μυστήριόν
708 3590 803 3627 σου
860 3571 937 3643 μὴ
983 3573 1252 3645 κατείπῃς
1288 3572 1365 3645 τῷ
1419 3573 1580 3645 φίλῳ,
1628 3573 1727 3629 καὶ
1782 3572 1847 3627 ού

260 3667 565 3739 φοϐηθήσῃ
597 3666 760 3720 αὐτὸν
793 3665 991 3738 ἐχθρὸν
1021 3667 1336 3737 γενόμενον.

224 3776 227 3789 τ
352 3759 559 3829 Ὀργῆς
600 3758 765 3830 χάριν
811 3758 882 3813 τὰ
919 3760 1139 3829 κρυπτὰ
1189 3759 1266 3831 μὴ
1309 3760 1481 3831 φάνης
1509 3758 1688 3830 φίλου.
1719 3756 1849 3812 Ἔλ-

226 3872 229 3875 ·
260 3849 400 3913 suis
431 3850 479 3904 δ’
513 3850 676 3904 αὐτὸν
707 3850 868 3905 πάλιν
894 3847 1036 3905 εἷναί
1068 3868 1164 3905 σου
1196 3850 1374 3920 φίλον.

350 3942 553 3996 mam
586 3941 852 4005 πολλάκις
887 3943 1041 4011 φιλία
1073 3943 1214 4013 μετὰ
1236 3944 1335 4012 τὴν
1362 3943 1459 4013 τῆς
1483 3940 1685 4013 ἔχθρας
1714 3940 1849 3998 ὑπό-

262 4036 448 4101 θεσιν,
478 4032 637 4101 αὖθις
671 4035 750 4104 είς
785 4036 1137 4107 καταλλαγὴν
1165 4036 1420 4089 ἐλθοῦσα.

338 4128 572 4199 Φεύγειν
604 4130 685 4184 δεῖ
714 4130 903 4184 κακῶν
934 4134 1143 4200 φιλίας,
1174 4130 1270 4183 καὶ
1300 4126 1521 4198 ἀγαθῶν
1553 4125 1777 4200 ἔχθρας.

1080 234 1254 297 LOCI
1287 225 1735 296 COMMUNES.
1774 251 1843 266 --
1884 222 2080 287 PARS
2118 220 2169 282 Ι.
2214 220 2477 282 SERMO
2510 212 2727 282 XXVI.

1869 348 1917 406 Α
2021 338 2159 393 Ibid.
2190 353 2402 393 xssvn.
2433 337 2656 393 Amicus
2680 345 2763 393 est
2787 335 3007 393 nomine
3034 336 3269 392 amicus.

3402 220 3513 282 854

2017 430 2159 487 Ibid.
2196 442 2272 486 vt.
2306 430 2364 487 Si
2414 430 2615 500 quaeris
2668 430 2933 497 amicum,
2966 431 3019 485 in
3076 430 3239 484 rebus
3276 427 3520 485 adversis

1942 539 2067 580 eum
2103 522 2197 578 tibi
2224 536 2405 590 pares,
2436 531 2493 576 et
2526 536 2635 576 non
2661 521 2852 577 statim
2894 522 3195 579 credideris
3224 519 3273 577 ei
3306 519 3411 589 cl).

2014 610 2157 672 Ibid.
2190 615 2452 684 χιιι.ρυί
2491 617 2785 686 exprobrat
2844 616 3024 672 amico
3074 630 3210 682 suo,
3257 614 3520 671 dissolvet

1940 708 2261 764 amicitiam.

2011 800 2226 857 Basilii.
2260 800 2502 868 Quorum
2529 800 2902 871 intemperans
2920 801 3137 859 animus
3156 811 3260 869 est,
3280 804 3354 859 illi
3390 803 3517 857 dum

1941 896 2093 952 cibos
2121 904 2442 956 orctenent.
2473 903 2625 958 arata
2648 896 2814 949 verba
2845 894 3170 964 loquuntur,
3201 898 3519 957 adulantur,

1942 1001 1998 1045 et
2052 986 2349 1044 immodice
2382 986 2782 1042 admirantur;
2835 1002 3025 1041 mensa
3090 1002 3220 1042 vero
3275 989 3517 1058 aliquan-

1943 1082 2112 1153 tisper
2160 1079 2353 1146 dilata,
2391 1078 2575 1134 verbis
2623 1079 2868 1132 convicia
2924 1087 3183 1148 tanquam
3210 1080 3416 1150 lapides
3469 1083 3519 1136 in

1941 1172 2094 1227 illum
2122 1171 2430 1238 cﬁundunt,
2466 1186 2626 1247 quem
2664 1170 2832 1241 paulo
2885 1182 3012 1227 ante
3072 1172 3243 1228 instar
3270 1171 3361 1228 Dei
3400 1190 3521 1243 pro-

1943 1275 2063 1336 pter
2088 1264 2423 1333 voluptatem
2456 1263 2779 1319 adorabant.

2013 1354 2317 1410 Plutarchi.
2368 1354 2646 1425 Fugieuda
2684 1365 2767 1411 est
2824 1356 3066 1413 amicitia
3101 1358 3320 1415 illorum
3378 1375 3519 1429 quo-

1942 1465 2064 1505 rum
2087 1450 2306 1505 animus
2339 1451 2583 1505 incertus
2613 1460 2666 1505 et
2694 1448 2894 1507 dubius
2924 1460 3027 1507 est.

2000 1539 2281 1596 Isocratis.
2308 1537 2530 1596 Nullum
2559 1540 2655 1598 tibi
2680 1542 2917 1598 amicum
2944 1559 3155 1611 sumas,
3202 1544 3522 1615 priusquam

1942 1634 2317 1705 inquisiveris,
2376 1634 2651 1701 quomodo
2708 1650 2770 1692 se
2820 1650 2944 1691 cum
2991 1637 3269 1708 prioribus
3327 1639 3521 1694 amicis

1938 1726 2188 1795 gesserit.
2222 1725 2584 1795 Exspectabis
2623 1726 2771 1783 enim
2804 1727 2966 1783 talem
3004 1743 3134 1800 erga
3185 1737 3237 1785 te
3299 1744 3521 1801 quoque

1939 1815 2207 1883 futurum,
2238 1818 2418 1887 qualis
2444 1817 2548 1873 fuit
2576 1834 2704 1887 erga
2737 1820 2882 1875 illos.

2012 1907 2272 1966 Socratis.
2303 1910 2471 1966 Amor
2507 1910 2925 1981 intempestivus
2954 1911 3165 1968 similis.
3183 1922 3268 1968 est
3306 1913 3453 1969 odio.

2011 2001 2324 2057 Democriti.
2351 2001 2561 2059 Amicis
2600 2002 2896 2060 subvenire
2958 2018 3065 2059 non
3097 2019 3282 2075 posse,
3308 2006 3526 2077 inopiae,

1938 2108 2049 2150 non
2073 2096 2214 2151 velle
2245 2105 2456 2160 autem,
2490 2094 2719 2152 malitiae
2749 2096 2968 2166 signum
2989 2105 3098 2154 est.

2008 2185 2123 2258 48
2159 2184 2458 2243 Menandri.
2484 2186 2695 2242 Stultos
2730 2187 2789 2243 in
2811 2188 3111 2245 amicitiam
3147 2204 3229 2257 ne,
3250 2192 3507 2263 recipias.

1940 2278 2144 2347 alioqui
2179 2285 2236 2333 tu
2271 2280 2436 2334 etiam
2468 2278 2629 2349 plane
2668 2280 2876 2336 stultus
2900 2282 3208 2338 vocaberis.

2010 2368 2372 2425 Dcmonactis.
2424 2368 2693 2426 Pauciora
2721 2372 2865 2427 mala
2893 2374 3218 2444 contingunt
3272 2376 3515 2431 homini-

1943 2461 2045 2516 bus
2080 2462 2148 2515 ab
2179 2461 2442 2529 inimicis,
2483 2476 2647 2531 quam
2676 2462 2891 2520 amicis.
2921 2462 3179 2522 inimicos
3219 2466 3364 2521 enim
3397 2482 3525 2523 eum

1942 2560 2213 2617 metuant,
2250 2551 2320 2606 ab
2362 2551 2445 2607 eis
2487 2562 2721 2608 cavent:
2761 2554 2955 2609 amicis
3002 2570 3137 2611 vero
3163 2558 3335 2625 aperti
3373 2566 3525 2623 sunt,

1942 2644 2087 2699 unde
2110 2644 2370 2716 periculis
2401 2652 2776 2716 exponuntur,
2802 2654 2859 2701 et
2890 2647 3109 2704 insidiis
3159 2648 3404 2719 ipsorum
3440 2649 3525 2707 la-
3614 2702 3619 2707 .

1943 2733 2052 2789 cile
2082 2736 2401 2806 capiuntur,

2013 2827 2293 2884 Arcanum
2340 2831 2394 2884 in
2428 2829 2668 2887 amicitia
2698 2830 2968 2900 auditum,
3014 2832 3271 2892 inimicus
3325 2846 3517 2906 postea

1944 2916 2165 2989 factus,
2209 2935 2281 2977 ne
2309 2920 2549 2981 ell’eras:
2586 2922 2811 2981 laederes
2858 2924 3004 2980 enim
3047 2939 3156 2981 non
3208 2934 3319 2981 tam
3351 2927 3544 2995 ipsum.

1869 3034 1916 3098 ο
1948 3012 2188 3068 amicum
2210 3030 2383 3084 quam
2420 3016 2749 3075 amicitiam.

2023 3103 2103 3161 Ne
2134 3121 2293 3175 pares
2347 3109 2608 3181 amicum,
2663 3111 2753 3168 cui
2788 3125 2903 3166 non
2961 3110 3115 3167 ausis
3185 3125 3283 3181 per-
3342 3111 3546 3168 omnia:

1955 3198 2202 3254 credere.

2023 3291 2260 3349 Libanii.
2287 3294 2601 3351 Amicorum
2654 3295 2797 3352 inter
2852 3311 2913 3352 se
2975 3292 3311 3353 oﬂensiones
3358 3309 3531 3366 arger-

1954 3385 2095 3441 rime
2131 3386 2526 3455 conciliantur,
2562 3398 2618 3444 et
2650 3389 2952 3458 majoribus
2974 3388 3326 3446 contumeliis
3360 3404 3533 3462 agun-

1957 3486 2043 3533 tur
2063 3491 2227 3549 quam
2252 3478 2513 3535 hostium.

2026 3567 2308 3625 Secretum
2360 3580 2513 3624 tuum
2570 3570 2752 3627 amico
2802 3584 2873 3626 ne
2923 3571 3277 3641 iudicaveris,
3311 3582 3368 3630 et
3415 3589 3537 3632 non.

1957 3668 2169 3716 metues
2219 3661 2400 3729 ipsum
2438 3660 2724 3715 inimicum
2756 3661 2853 3716 tibi
2884 3661 3114 3719 factum.

2026 3752 2386 3808 Philistionis.
2434 3751 2513 3807 Ne
2559 3762 2779 3823 propter
2840 3753 2978 3807 iram
3037 3754 3255 3813 eﬂ‘utias
3329 3772 3532 3814 arcana

1957 3844 2145 3901 amici.
2182 3844 2327 3909 Quin
2359 3858 2546 3914 speres
2572 3844 2750 3914 ipsum
2784 3843 2965 3901 denuo
2996 3846 3233 3901 amicum
3267 3846 3366 3902 tibi
3394 3847 3532 3905 fore.

2027 3937 2181 4006 Sirpe
2201 3936 2496 4007 jucundior
2523 3937 2583 3991 lit
2604 3934 2871 4003 amicitia,
2888 3951 3010 4007 qua
3034 3936 3283 4008 deposita
3338 3940 3534 3996 simul-

1959 4037 2071 4085 tate
2100 4028 2169 4084 ad
2209 4028 2565 4085 concordiam
2608 4029 2791 4084 rediit.
3490 4078 3493 4081 ,

1925 4108 1934 4117 ’
2032 4117 2322 4188 Fugiendze
2350 4128 2479 4176 sunt
2530 4120 2800 4176 malorum
2845 4120 3142 4188 amicitiae,
3160 4132 3216 4179 et
3256 4122 3541 4180 bonorum

1808 4218 1809 4223 κ
1926 4282 1931 4295 1
1960 4207 2285 4267 inimicitiae.

864 4332 1085 4387 ΛΟΓΟΣ
1114 4288 1260 4399 κςνζ

308 4422 452 4519 Περὶ
480 4445 739 4522 ἀγάπης,
770 4447 870 4503 καί
893 4447 1202 4524 εἰρήνης..
1229 4445 1328 4501 καί
1374 4444 1684 4518 ὁμονοίας,
1712 4443 1814 4501 καί

606 4524 609 4527 ’
787 4567 794 4575 .
857 4520 1271 4586 ειρηνοποιῶν.

344 4654 590 4725 Ζήτησον
625 4655 868 4724 είρήνην,
901 4653 995 4707 καὶ
1033 4651 1223 4719 δίωξον
1255 4652 1449 4723 αὐτήν.

349 4747 541 4801 Ἔστιν
565 4746 982 4814 ἐγκατάλειμμα
1015 4744 1290 4815 ἀνθρώπῳ
1316 4744 1602 4817 είρηνικῷ.

344 4838 504 4893 Μετὰ
531 4835 643 4903 τῶν
694 4836 1001 4906 μισούντων
1033 4835 1135 4908 τὴν
1168 4836 1396 4907 εἰρήνην
1447 4836 1597 4909 ήμην
1644 4836 1852 4909 είρηνι-

276 4934 396 4996 κός.

356 5048 418 5102 Oi
450 5044 699 5110 θέλοντες
718 5044 818 5118 τὴν
851 5042 1078 5115 εἰρήνην
1104 5040 1600 5112 εὐφρανθήσονται.

347 5138 733 5194 Καλύπτουσιν
759 5137 959 5208 ἔχθραν
987 5135 1141 5207 χείλη
1169 5134 1373 5188 δίκαια.

376 5232 437 5285 Ὀ
468 5232 708 5304 ἐλέγχων
738 5230 881 5300 μετὰ
905 5228 1221 5301 παρρησίας
1247 5227 1605 5297 είρηνοποιεῖ.

349 5325 531 5395 Θυμδν
560 5324 751 5394 ἀνδρὸς
778 5324 1013 5397 πραΰνει
1040 5321 1293 5393 θεράπων
1327 5318 1576 5390 σιγηρός.

356 5421 453 5482 Ὃς
484 5418 717 5489 κρύπτει
739 5416 984 5487 ἀδίκημα
1006 5415 1162 5484 ζητεῖ
1192 5415 1399 5485 φιλίαν.

354 5514 572 5577 Πάντας
598 5512 727 5576 τοὺς
754 5510 832 5584 μὴ
857 5506 1301 5581 φιλονεικοῦντας
1326 5507 1560 5579 καλύψει
1592 5505 1767 5578 φιλία.

2375 4322 2610 4381 SERMO
2638 4321 2807 4383 XXVI
2838 4325 2935 4397 (al.
2969 4324 3132 4401 LVI).

2082 4440 2161 4497 De
2186 4440 2470 4511 charitatc,
2497 4460 2588 4498 seu
2614 4443 2912 4586 άὶίεεξὶριιε,
2942 4463 3092 4517 pace,
3128 4450 3423 4506 concordia

2114 4552 2117 4555 λ
2574 4524 2622 4568 ct
2650 4530 2773 4583 pacr
2816 4532 2912 4572 crs.

2114 4552 2117 4555 ι
2574 4524 2622 4568 ct
2650 4524 2912 4583 paciﬁcis.

1877 4391 1937 4452 Π

2028 4648 2235 4707 Psalm.
2270 4664 2453 4704 xuiv.
2479 4648 2673 4715 Quaere
2697 4666 2908 4721 pacem,
2941 4662 2995 4709 et
3018 4670 3137 4710 eam
3186 4668 3537 4724 persequere.

1928 4778 1931 4779 ν
2027 4739 2237 4796 Psalm.
2277 4754 2462 4794 xxxvt.
2495 4739 2591 4795 Est
2620 4741 2905 4800 derelictio
2938 4745 3146 4800 homini
3179 4745 3430 4816 paciﬁca.

2030 4833 2242 4891 Psalm.
2270 4846 2418 4889 cstx.
2451 4831 2588 4889 Cum
2619 4834 2687 4892 iis
2719 4838 2814 4907 qui
2848 4852 3039 4909 pacem
3089 4838 3345 4908 oderunt,
3384 4854 3535 4898 eram

1958 4926 2241 5000 paciﬁcus.

2036 5041 2310 5098 Salomon.
2341 5040 2640 5115 Cupientes
2665 5054 2858 5115 pacem
2890 5041 3078 5099 laetitia
3104 5039 3431 5099 adicientur.

2034 5137 2324 5193 Occultant
2360 5137 2707 5194 inimicitiam
2736 5136 2877 5193 labia
2900 5138 3072 5208 justa.

2034 5230 2230 5287 Libero
2253 5230 2663 5301 reprehendens
2692 5245 2885 5301 pacem
2914 5228 3193 5285 conciliat.

2037 5322 2180 5378 Iram
2215 5320 2318 5376 viri
2356 5322 2568 5393 mitigat
2596 5321 2835 5377 famulus
2866 5320 3203 5377 taciturnus.

2025 5415 2129 5482 Qui
2161 5412 2303 5471 celat
2332 5413 2611 5481 iniuriam,
2643 5414 2842 5486 quaerit
2872 5411 3195 5468 amicitiam.

2039 5510 2242 5565 Omnes
2269 5520 2379 5563 non
2415 5505 2795 5563 contentiosos
2828 5511 2971 5574 teget
2996 5497 3267 5557 amicitim

352 5698 432 5769 (Ι)
463 5699 522 5754 ιν
547 5698 843 5768 πειρασμῷ
869 5699 965 5758 αίὶί
1008 5708 1297 5765 manuni,
1332 5697 1687 5756 experimento
1712 5692 2023 5762 probatum.
