3980 6188
303 278 412 339 885

369 388 592 443 Πολλῶν
620 387 809 443 κακῶν
835 388 1199 458 ἐπικάλυμμά
1232 390 1379 440 ἐστιν
1407 388 1436 439 6
1471 384 1726 444 πλοῦτος.

372 484 492 537 Κᾶν
528 481 740 551 μυρίων
789 480 980 551 πηχῶν
1025 480 1131 551 γῆς
1161 480 1350 552 κύριος
1386 478 1661 548 ὑπάρχῃς,
1706 473 1887 532 Θανὼν

302 576 507 644 γενήσῃ
539 573 767 645 τρεῶνῆ
803 573 1105 642 τεσσάρων.

374 750 588 821 Ζημίαν
611 748 769 820 αίροῦ
804 748 1006 820 μᾶλλον
1032 748 1064 821 ἢ
1092 747 1281 819 κέρδος
1309 746 1539 819 αἰσχρόν
1560 759 1575 778 ο
1603 745 1637 818 ἠ
1661 743 1761 816 μὲν
1780 743 1888 816 γὰρ

306 843 456 909 ἅπαξ
498 860 557 895 σε
585 843 841 913 λυπήσει,
870 842 934 895 τὸ
965 840 1023 895 δὲ
1044 840 1363 905 διαπαντός.

378 1022 615 1086 Πλοῦτος
633 1022 833 1086 κακίας
854 1022 1108 1092 μᾶλλονῆ
1136 1019 1543 1090 καλοκαγαθίας
1564 1018 1713 1073 ἑστιν
1742 1020 1888 1091 ὑπη-

342 1120 494 1177 ἑτης.

342 1132 402 1169 ετ
447 1134 494 1177 ς.

305 1132 336 1188 Ρ
379 1135 444 1260 Tui
473 1210 589 1259 ἐστι
623 1203 854 1269 πλοῦτος
883 1222 898 1273 ;
934 1204 1219 1277 Θησαυρὸς
1253 1205 1463 1271 κακῶν,
1522 1203 1734 1275 ἑφόδιον
1762 1204 1892 1257 ἀτυ-

305 1317 374 1368 κη
384 1299 589 1367 μάτων,
623 1300 859 1368 χορηγία
888 1298 1184 1368 πονηρίας.
1404 1370 1409 1373 Δ

384 1389 620 1454 Πλοῦτος
655 1390 764 1444 ἀπὸ
794 1391 967 1455 κακῆς
1030 1390 1291 1461 ἐργασίας
1340 1390 1715 1462 ιπιγινόμινος
1767 1390 1889 1443 ἑπι-

310 1484 641 1555 φανέστερον
664 1483 866 1549 ὄνειδος
896 1483 1182 1552 κέκτηται.

906 1642 1130 1699 ΛΟΓΟΣ
1164 1643 1288 1698 AB’.

1069 268 1233 334 [ΟΕ-Ι
1271 262 1719 333 COMMUNES.
1755 289 1826 305 -·
1871 264 2070 325 PARS
2090 258 2417 323 LSERMO
2452 254 2705 317 XXXII.

1866 408 1883 413 «ν
1919 390 1960 443 Α
2064 374 2271 428 Divitis:
2313 372 2503 428 multis
2538 371 2697 427 malis
2722 383 2877 441 quasn
2911 367 3087 420 velum
3124 364 3453 431 praetexunt.

3468 248 3571 311 886

2065 468 2419 521 Philistionis.
2456 464 2715 531 Quamvis
2748 461 3007 517 dominus
3026 458 3103 514 sis
3128 453 3577 526 ιιιιιτῑιηωιειται.

1992 569 2045 616 et
2102 559 2346 614 infinitos
2398 557 2542 611 ruris
2597 556 2810 610 cubitos
2873 550 3178 624 possideas,
3230 550 3481 599 mortuus
3509 539 3576 591 ad

1991 660 2104 707 tres
2136 664 2229 705 aut
2271 658 2514 721 quatuor
2556 646 2841 717 redigcris.

2065 743 2327 801 Chilonis.
2369 742 2635 795 Damnum
2699 740 2881 809 potius
2941 750 3105 807 quam
3162 742 3322 802 turpe
3365 729 3577 782 lucrum

1991 838 2149 910 elige.
2213 835 2328 890 Hoc
2388 835 2535 890 enim
2594 840 2856 903 perpetuo
2885 840 2933 885 te
2968 828 3206 899 adliget,
3242 821 3375 877 illud
3409 814 3579 876 semel

1994 939 2227 984 tantum.

2067 1021 2278 1076 Divitiae
2317 1022 2493 1091 magis
2524 1018 2829 1074 inserviunt
2878 1014 3168 1085 improbis,
3226 1026 3388 1085 quam
3422 1005 3581 1063 bonis

1993 1125 2048 1171 et
2080 1116 2326 1171 honestis
2352 1114 2572 1170 Studiis.

2064 1208 2203 1275 Quid
2266 1216 2349 1264 est
2398 1204 2727 1277 opulentia?
2780 1202 3095 1258 Tlicsaurus
3150 1197 3445 1261 malorum,
3494 1210 3583 1249 ca-

1994 1298 2257 1355 lamitatis
2285 1298 2565 1363 viaticum,
2613 1294 2983 1362 improbitatis
3014 1290 3401 1362 suppeditatio.

2067 1392 2279 1447 Divitias
2330 1407 2393 1447 es
2446 1378 2888 1460 ttialoltriiicipio
2940 1398 3146 1458 paratae
3199 1384 3322 1456 plus
3384 1381 3586 1437 habent

1994 1482 2250 1539 infamiae.

2351 1643 2584 1701 SEIIMO
2639 1642 2835 1699 XXXII
2870 1641 2971 1715 [αι.
2996 1637 3228 1709 CXLII].

308 1758 451 1827 Περὶ
478 1761 793 1815 πλουσίων
815 1760 924 1834 οὐκ
945 1754 1017 1815 εὖ
1048 1760 1372 1834 βιούντων,
1406 1756 1507 1834 καὶ
1550 1758 1669 1813 τῶν
1710 1774 1889 1829 παρεε
1920 1733 1933 1793 Ῑ

2040 1774 2071 1818 ἐ
2102 1762 2347 1816 divitibus
2373 1765 2464 1834 qui
2496 1765 2633 1818 male
2663 1765 2862 1824 vivunt,
2893 1772 2941 1816 et
2975 1759 3039 1814 de
3069 1758 3222 1814 malis
3248 1771 3336 1814 eos
3360 1762 3584 1824 sequen-

704 1830 986 1898 πομένων
1029 1830 1235 1895 αὐτοῖς
1273 1829 1500 1885 κακῶν.

386 1939 551 1996 Εἶπεν
580 1944 609 1995 6
659 1944 864 2013 Κύριος
917 1944 1029 2005 τοίς
1097 1943 1292 1997 ἑαυτοῦ
1362 1942 1673 2014 μαθηταῖς·
1718 1940 1893 2014 Ἀμὴν

314 2037 460 2105 λέγω
528 2038 676 2105 ὑμὶν,
737 2037 820 2090 ὅτι
866 2030 1155 2100 ’δυσκόλως
1212 2035 1467 2098 πλούσιος
1520 2035 1893 2089 εἰσελεύσεται

313 2132 399 2192 ὠς
429 2128 525 2199 τὴν
547 2128 827 2199 βασιλείαν
853 2128 962 2181 τῶν
983 2129 1251 2199 οὐρανῶν.
1279 2128 1451 2182 Πάλιν
1482 2128 1538 2182 δὲ
1564 2127 1708 2195 λέγω
1741 2129 1891 2193 ὑμῖν,

310 2220 693 2291 εὐκοπώτερόν
733 2223 849 2275 ἐστι
875 2219 1124 2293 κάμηλον
1148 2219 1236 2275 διὰ
1261 2221 1624 2292 τρυπήματος
1667 2219 1895 2290 ῥαφίδος

316 2313 604 2379 εἰσελθεῖν,
655 2314 687 2384 ἦ
726 2313 987 2368 πλούσιον
1016 2316 1096 2377 είς
1145 2314 1247 2385 τὴν
1298 2311 1582 2383 βασιλείαν
1627 2310 1723 2365 τοῦ
1757 2308 1897 2363 Θεοῦ

313 2408 596 2463 εἰσελθεῖν.

390 2500 526 2554 Οὐαὶ
598 2499 826 2568 ύμῖν,οἰ
891 2496 1269 2563 πλουτοῦντες,
1327 2497 1409 2551 ὅτι
1477 2495 1787 2561 πεινάσετε,
1816 2494 1900 2547 ὅτι

315 2590 551 2661 ἀπέχετε
580 2592 674 2644 τὸν
706 2591 899 2661 μισθὸν
930 2591 1085 2659 ὑμῶν
1108 2592 1201 2645 καὶ
1235 2591 1335 2663 τὴν
1368 2577 1733 2661 παράκλησιν.

391 2682 453 2734 Οί
480 2683 741 2751 πλούσιοι,
765 2683 1063 2750 κλαύσατε,
1090 2681 1435 2747 ὀλολύζοντες
1463 2682 1556 2735 ἐπὶ
1576 2684 1695 2743 ταῖς
1718 2677 1903 2733 ταλαι-

321 2776 563 2845 πωρίαις
598 2776 755 2846 ὑμῶν
788 2778 909 2837 ταῖς
944 2774 1349 2846 ὑπερχομέναις
1372 2789 1388 2805 ⁶
1420 2776 1447 2828 6
1473 2771 1707 2833 πλοῦτος
1745 2772 1903 2842 ὑμῶν

323 2870 551 2939 σέσηπε,
590 2870 684 2924 καὶ
706 2871 777 2924 τὰ
807 2871 1007 2940 ἱμάτια
1038 2868 1194 2938 ὑμῶν
1226 2868 1549 2939 σητόσρωτα
1583 2865 1903 2935 ὲγένετο.⁶0

329 2969 531 3039 χρυσὸς
570 2964 722 3035 ὑμῶν
753 2964 846 3016 καὶ
871 2962 899 3013 6
924 2963 1166 3032 ἄργυρος
1194 2960 1483 3023 κατίωται,
1512 2961 1604 3013 καὶ
1629 2961 1657 3011 6
1689 2958 1765 3021 ἰὸς
1802 2957 1901 3011 αὖ-

2708 1834 2871 1888 tibus.

2070 1947 2268 2005 Matth.
2298 1967 2409 2005 sit.
2455 1948 2599 2002 Dixit
2646 1946 2910 2002 Dominus
2944 1946 3008 2001 ad
3042 1945 3342 2016 discipulos
3392 1960 3531 2001 suos
3570 1961 3583 1999 :

1998 2040 2141 2098 Verc
2165 2043 2288 2097 dico
2316 2042 2470 2097 vobis
2494 2040 2640 2110 quod
2665 2040 2817 2095 dives
2844 2039 3134 2094 difﬁculter
3168 2038 3501 2111 ingredietur
3533 2040 3585 2092 iu

1997 2148 2225 2204 regnum
2268 2134 2560 2189 caelorum.
2613 2132 2679 2188 Et
2708 2135 2905 2187 iterum
2937 2131 3059 2186 dico
3096 2131 3253 2186 vobis
3296 2147 3310 2185 :
3347 2128 3588 2185 Facilius

1998 2234 2082 2278 est
2114 2226 2383 2280 camelum
2420 2224 2633 2296 ingredi
2686 2240 2782 2295 per
2833 2223 3083 2279 foramen
3127 2237 3282 2290 acus,
3313 2235 3477 2294 quam
3504 2223 3585 2278 di-

2000 2315 2164 2373 vitem
2196 2318 2248 2371 in
2282 2334 2507 2388 regnum
2540 2317 2659 2372 Dei.

2075 2495 2205 2550 Luc.
2250 2511 2327 2550 vi.
2356 2495 2450 2551 Vae
2507 2496 2687 2562 vobis,
2724 2494 2938 2563 divites,
2991 2496 3118 2566 q'uia
3155 2495 3430 2566 esurietis,
3462 2496 3589 2566 quia

2005 2599 2316 2645 mercedem
2369 2600 2425 2644 et
2466 2590 2897 2645 consolationem
2941 2597 3180 2645 vestram
3231 2590 3535 2657 recepistis.

2074 2682 2198 2739 Jac.
2260 2701 2310 2737 v.
2358 2685 2517 2755 Agite
2564 2699 2737 2745 nunc.
2773 2683 2991 2749 divites,
3050 2684 3280 2753 plorate,
3320 2683 3591 2736 ululantes

2006 2797 2169 2851 super
2198 2776 2436 2833 miseriis
2473 2777 2671 2832 vestris
2700 2792 2817 2846 quae
2841 2776 3135 2830 advenient
3172 2775 3351 2829 vobis.
3377 2773 3592 2830 Divitiae

2004 2856 2199 2927 vestrm
2231 2868 2551 2940 putrefacta:
2578 2876 2726 2933 sunt,
2759 2867 3083 2922 veStimenta
3136 2874 3317 2921 vestra
3362 2882 3393 2921 a
3431 2867 3593 2921 tineis

2009 2964 2171 3034 plane
2198 2969 2515 3029 consumpta
2551 2969 2703 3015 sunt.
2723 2958 2931 3012 Aurum
2957 2967 3011 3012 et
3035 2967 3318 3027 argentum
3349 2968 3591 3013 vestrum

318 3066 430 3119 τῶν
450 3064 530 3124 είς
562 3058 864 3132 μαρτύριον
892 3056 1071 3122 ἔσται,
1098 3059 1193 3110 καὶ
1222 3053 1606 3121 καταφάγεται
1632 3050 1731 3114 τὰς
1765 3051 1897 3120 σὰρ-
1931 3106 1933 3120 η

2040 3056 2247 3125 :rugine
2286 3053 2533 3108 vitiatum
2569 3062 2674 3115 est,
2729 3060 2783 3105 et
2805 3065 2989 3119 aerugo
3039 3065 3232 3105 eorum
3271 3052 3323 3104 in
3353 3054 3598 3108 testimo-

322 3173 425 3221 κας
458 3155 632 3229 ὑμῶν,
664 3154 739 3214 ὠς
765 3150 900 3220 πῦρ.

268 3380 271 3381 ν
394 3335 488 3407 Μὴ
517 3297 684 3404 φοϐοοῢ
716 3333 846 3386 ὃταν
876 3328 1161 3399 πλουτήσῃ
1193 3325 1503 3397 ἄνθρωπος,
1537 3324 1571 3395 ἢ
1600 3322 1731 3377 ὅταν
1765 3321 1903 3392 πλη-

320 3427 496 3499 θυνθῇ
515 3430 549 3499 ὴ
582 3427 712 3493 δόξα
741 3425 835 3477 τοῦ
859 3423 1009 3476 οἴκου
1043 3418 1234 3474 αὐτοῦ.

397 3521 652 3590 κυνήγια
678 3518 907 3571 λεόντων
938 3515 1166 3584 δναγροι
1194 3516 1254 3567 ὲν
1283 3512 1477 3582 ἐρήμῳ
1495 3527 1509 3541 ο
1543 3508 1716 3572 οὓτως
1741 3506 1910 3576 νομαὶ⁸

321 3613 597 3669 πλουσίων
624 3611 847 3680 πτωχοί.

402 3707 667 3760 Πλουσίου
710 3703 1007 3774 σφαλέντος
1058 3701 1246 3755 πολλοὶ
1294 3698 1711 3769 ἀντιλήπτορες.

414 3796 709 3867 Ἑλάλησεν
732 3796 1050 3866 ἀπόρρητα,
1078 3797 1175 3849 καὶ
1202 3792 1531 3847 ἐδικαίωσαν
1572 3790 1755 3844 αὐτόν.

402 3890 666 3954 Πλούσιος
698 3890 950 3959 nam“,
984 3889 1080 3941 καὶ
1114 3888 1316 3949 πάντες
1360 3884 1647 3953 ισίγησαν,
1680 3884 1778 3937 καὶ
1814 3882 1909 3937 τὸν

326 3984 491 4052 λόγον
521 3982 691 4037 αὑτοῦ
724 3981 1015 4053 ἀνύψωταν
1039 3981 1147 4042 Ito;
1166 3980 1277 4034 τῶν
1307 3977 1571 4046 νεφελῶν.

412 4078 472 4130 '0
500 4076 685 4142 ἄδοξος
717 4078 775 4131 ιν
805 4076 1042 4146 πλούτῳ,
1073 4076 1132 4129 ὲν
1157 4073 1401 4145 πτωχείᾳ
1435 4071 1690 4143 ποσαχῶς
1716 4086 1732 4137 ;

418 4253 599 4320 ’Δνδρὶ
630 4252 942 4322 μικρολόγῳ
985 4251 1048 4304 ού
1081 4249 1246 4304 καλὸν
1274 4251 1302 4303 6
1329 4246 1582 4311 πλοῦτος.

421 4345 723 4415 Ἀγρυπνία
776 4344 1010 4398 πλούτου
1062 4344 1286 4413 ἐκτήκει
1321 4343 1552 4412 σάρκας,
1587 4342 1683 4394 καὶ
1730 4340 1764 4411 ἠ
1817 4337 1915 4409 μί-

337 4457 508 4510 ριμνα
539 4437 705 4492 αὑτοῦ
732 4438 937 4509 ἀφιστᾷ
958 4436 1155 4490 ὖπνον.

420 4532 479 4584 Ὀ
513 4529 738 4599 ἀγαπῶν
772 4529 863 4583 τὸν
896 4528 1127 4583 πλοῦτον
1155 4528 1216 4582 ού
1252 4526 1705 4593 δικαιωθήσεται.

422 4622 719 4691 Ἐμίσησεν
752 4622 787 4691 ἡ
813 4612 961 4691 ψυχῆ
992 4637 1094 4689 μου
1126 4620 1385 4674 πλούσιον
1412 4618 1680 4690 ψεύστην.

425 4805 661 4877 ’Δγαῦοὖ
715 4802 853 4856 Θεοῦ
884 4802 1141 4870 γέγονας,
1170 4799 1446 4870 ἄνθρωπε,
1488 4799 1794 4868 ὑπηρέτης,
1840 4799 1924 4852 oi-

341 4903 576 4969 κονὸμος
628 4899 735 4951 τῶν
765 4895 1091 4965 ὁμοδούλων,
1125 4895 1202 4964 μὴ
1240 4893 1418 4946 πάντα
1463 4892 1577 4945 οἵου
1611 4894 1677 4962 τῇ
1729 4894 1796 4962 σῇ
1826 4908 1924 4960 γα-

346 4995 471 5062 στρὶ
520 4987 996 5061 παρεσκευάσθαι.
1035 4987 1120 5049 Ὠς
1166 4986 1296 5055 περὶ
1325 4983 1626 5055 ἀλλοτρίων
1661 4984 1921 5056 βουλεύου

352 5087 483 5156 περὶ
530 5085 639 5136 τῶν
686 5084 739 5135 ὲν
771 5081 951 5153 χερσί.
1000 5079 1211 5148 Μικρὸν
1263 5078 1548 5148 εὐφραίνει
1600 5094 1660 5131 σε
1708 5078 1922 5148 χρόνον,

342 5177 471 5232 εἶτα
496 5178 889 5247 παραρρυέντα
913 5174 1197 5241 οἰχήσεται
1220 5188 1234 5202 ·
1264 5172 1357 5225 τὸν
1379 5172 1437 5226 δὲ
1455 5170 1542 5224 ἐπ’
1558 5171 1742 5235 αὐτοῖς
1768 5169 1925 5240 λόγιῑν

346 5271 702 5342 ἁπαιτηθήσῃ
732 5269 870 5337 μετὰ
903 5264 1213 5337 ἀκριϐείας.

428 5453 487 5505 '0
519 5450 772 5514 πλούσιος
804 5448 960 5503 οὔπω
994 5447 1236 5517 ζηλωτός
1268 5448 1383 5502 ἔστι
1413 5446 1501 5499 διὰ
1530 5446 1621 5499 τδν
1664 5446 1921 5514 πλούτον,

343 5544 444 5614 οὐχ
462 5546 489 5596 6
510 5543 779 5611 δυνάστης
800 5542 887 5595 διὰ
916 5542 1005 5595 τὸν
1022 5540 1186 5608 ὄγκον
1202 5538 1296 5592 τοῦ
1320 5537 1654 5607 ἀξιώματος.
1682 5538 1927 5610 Ὄργανα

347 5638 457 5708 γάρ
481 5638 599 5691 ἐστι
627 5635 801 5690 ταῦτα
834 5635 931 5706 τῆς
959 5633 1164 5703 ἀρετῆς
1186 5634 1299 5693 τοῖς
1323 5631 1503 5693 καλῶς
1534 5624 1921 5702 κεχρημένοις,

351 5732 453 5785 οὐκ
513 5730 653 5784 αύτὰ
678 5730 742 5784 ὲν
768 5730 979 5792 ἑαυτοῖς
1027 5725 1219 5796 ἔχοντα
1264 5722 1327 5778 τὸ
1381 5724 1674 5795 μακάριον.
1714 5725 1777 5779 Ὀ
1825 5728 1927 5796 μὲν

2010 3149 2158 3201 nium
2208 3146 2364 3201 vobis
2404 3146 2532 3211 erit,
2586 3157 2639 3201 et
2701 3144 2898 3200 exedet
2937 3158 3132 3199 carnes
3178 3154 3394 3201 vestras
3452 3147 3598 3203 sicut

2009 3240 2169 3309 ignis.

2084 3331 2277 3387 David.
2318 3330 2397 3386 Ne
2430 3332 2626 3387 timeas
2658 3346 2783 3387 cum
2817 3330 3024 3387 ditatus
3073 3330 3241 3387 fuerit
3287 3331 3476 3400 homo,
3512 3334 3595 3386 vel

2010 3434 2171 3480 aucta
2198 3425 2369 3494 gloria
2401 3424 2621 3479 familiae
2654 3424 2853 3494 ipsius.

2088 3517 2258 3572 Eccli.
2302 3534 2463 3573 xxut.
2498 3518 2744 3573 Leonum
2772 3518 2991 3573 venatio
3029 3530 3155 3574 sunt
3190 3518 3380 3589 onagri
3412 3517 3465 3571 in
3511 3526 3601 3573 so-

2014 3611 2245 3665 litudine
2278 3632 2293 3667 :
2324 3611 2403 3667 sic
2440 3611 2605 3666 etiam
2639 3612 2886 3681 opulenti
2911 3611 3282 3678 depascuntur
3304 3627 3598 3682 pauperes.

2087 3701 2228 3756 Ibid.
2260 3701 2450 3757 Divitis
2481 3703 2618 3770 lapsi
2647 3703 2801 3756 multi
2846 3711 2974 3756 sunt.
3005 3704 3307 3770 adjutores.

2087 3789 2326 3846 Locutus
2348 3801 2433 3845 est
2462 3801 2694 3854 secreta,
2724 3800 2779 3846 ct
2813 3791 3164 3845 absolverunt
3215 3806 3341 3846 eum
3363 3830 3379 3846 .

2086 3882 2228 3936 Ibid.
2260 3880 2422 3937 Dives
2450 3881 2668 3937 locutus
2695 3891 2777 3937 est
2808 3923 2823 3949 ,
2857 3892 2911 3936 et
2954 3896 3150 3937 omnes
3188 3892 3503 3947 tacuerunt,
3541 3896 3603 3943 et

2016 3976 2331 4030 extulerunt
2358 3990 2665 4031 sermonem
2698 3976 2817 4045 ejus
2843 3991 3013 4043 usque
3043 3977 3108 4030 ad
3140 3977 3335 4033 nubes.

2087 4068 2221 4125 Ibid.
2255 4082 2332 4124 si.
2364 4068 2589 4123 Infantis
2613 4069 2666 4123 in
2692 4069 2921 4136 divitiis,
2956 4077 3165 4141 quanto
3204 4071 3341 4128 foret
3376 4072 3431 4128 in
3465 4086 3600 4145 paus-

2008 4171 2227 4232 pertate
2257 4162 2429 4233 inagis
2455 4159 2479 4215 I

2092 4254 2379 4311 Hominem
2418 4255 2701 4311 sordidum
2737 4268 2846 4312 non
2875 4258 3067 4312 decent
3094 4257 3326 4314 divitias.

2093 4345 2238 4401 Ibid.
2263 4346 2679 4418 usm.Vigiliae
2698 4348 3013 4403 divitiarum
3031 4349 3367 4406 labefaciunt
3382 4365 3603 4417 carnes.

1948 4436 1993 4490 D
2020 4447 2077 4493 ct
2098 4438 2409 4494 sollicitudo
2438 4454 2629 4493 earum
2664 4439 2858 4493 avertit
2887 4453 3163 4495 somnum.

2095 4528 2201 4595 Qui
2230 4530 2407 4600 diligit
2437 4531 2684 4593 divitias,
2724 4546 2834 4584 non
2854 4530 3279 4601 justiﬂcabitur.

2107 4621 2245 4677 Ibid.
2276 4639 2401 4678 xxv.
2437 4622 2669 4677 Animus
2723 4638 2874 4679 meus
2917 4622 3033 4680 odit
3081 4625 3304 4680 divitem
3365 4628 3607 4682 mcnda-g

2027 4729 2169 4770 cem.

2097 4806 2208 4878 64
2245 4804 2447 4860 Incerti
2497 4807 2771 4861 auctoris.
2803 4798 2937 4863 Boni
2991 4808 3080 4863 Dei
3138 4808 3391 4863 minister
3430 4808 3608 4867 factus

2027 4915 2109 4967 es,
2165 4915 2198 4955 ο
2233 4899 2419 4962 homo,
2471 4914 2794 4956 (economus
2863 4914 3301 4970 conservorum,
3342 4917 3410 4957 ne
3455 4910 3609 4972 putes

2028 4992 2216 5046 omnia
2276 5000 2367 5045 tuo
2411 4993 2587 5046 ventri
2626 5002 2813 5062 parata
2851 5007 2994 5048 esse.
3031 4992 3106 5047 De
3136 4992 3301 5049 rebus
3343 4994 3448 5050 illis
3469 5009 3608 5065 quas

2032 5085 2286 5138 manibus
2348 5094 2596 5150 tractas,
2663 5095 2922 5155 tauquam
2982 5088 3047 5141 dc
3096 5087 3292 5144 alienis
3333 5089 3606 5142 consulta.

2030 5176 2190 5232 Brevi
2248 5185 2493 5246 tempore
2523 5186 2575 5231 te
2610 5176 2909 5244 oblectant,
2953 5178 3149 5234 deinde
3180 5178 3610 5249 prieterlluentes

2034 5269 2381 5324 interibunt:
2419 5278 2475 5323 tu
2511 5284 2643 5326 vero
2678 5271 3013 5341 exquisitam
3055 5273 3122 5327 de
3156 5271 3290 5341 ipsis
3341 5268 3611 5323 rationem

2035 5360 2262 5417 reddere
2283 5362 2588 5431 jubeberis.

2103 5451 2264 5508 Dives
2282 5469 2391 5508 non
2418 5454 2702 5510 habendus
2730 5464 2814 5511 est
2854 5454 2979 5510 felix
3008 5462 3229 5524 propter
3255 5452 3493 5520 divitias,
3521 5469 3613 5509 ne-

2034 5558 2141 5613 que
2188 5545 2443 5615 princeps
2475 5554 2698 5615 propter
2726 5545 3103 5600 excellentiam
3135 5543 3446 5613 dignitatis.
3486 5542 3614 5600 Haec

2036 5636 2240 5690 etenim
2304 5637 2669 5692 instrumenta
2722 5638 2941 5691 virtutis
2996 5644 3148 5703 sunt,
3185 5638 3230 5693 si
3284 5647 3429 5693 recte
3463 5637 3615 5695 aditi-

2041 5728 2260 5796 bcntur,
2302 5742 2409 5784 non
2438 5737 2619 5785 autem
2645 5728 2760 5799 ipsa
2796 5727 3108 5785 felicitatem
3137 5729 3195 5785 in
3227 5744 3288 5788 se
3316 5731 3615 5788 continenti
