3960 6196
267 233 380 296 889

1069 230 1236 304 LOCI
1280 230 1817 312 commeass-
1864 250 2080 312 rans.
2132 254 2174 314 t;
2219 257 2474 318 sermo
2507 251 2784 322 XXXIII.

3426 260 3533 334 890

343 345 579 410 Πλοῦτος
657 349 850 412 κακίας
913 353 1112 419 ιμᾶιλον
1164 354 1196 424 ἢ
1263 355 1666 426 καλοκαγαθίας
1715 361 1827 414 ἐστὶ

2043 359 2308 418 Philonis.
2339 363 2546 422 Divitiae
2572 369 2746 447 magis
2779 370 3113 441 improbitati
3169 389 3332 444 quam
3359 376 3530 433 hone-

275 439 573 511 ἷιπηρέτης.

872 537 1091 592 ΛΟΓΟΣ
1118 537 1242 595 Al".

620 628 757 696 Περὶ
788 631 1040 698 πτωχῶν
1071 633 1169 686 καὶ
1205 635 1498 704 πενήτων,

340 719 608 790 Κραυγὴν
645 722 881 791 πένητος
927 727 1024 778 καὶ
1050 728 1302 797 κραυγήν
1330 731 1554 801 πτωχοῦ
1601 733 1853 788 εἰσακού-

265 831 424 867 σεται
452 811 681 884 Κύριος.

339 903 456 957 Ούκ
511 905 592 966 είς
625 902 775 967 τέλος
823 906 1250 980 ἐπιλησθήσεται
1278 913 1306 962 ὁ
1331 915 1560 982 πτωχός.
1611 914 1674 968 Ἥ
1713 913 1846 972 ὕπο-

265 995 404 1064 μονὴ
435 994 542 1048 τῶν
569 997 822 1067 πενήτων
846 999 946 1051 οὐκ
981 1001 1268 1055 ἀπολεῖται
1309 1005 1390 1067 είς
1418 1005 1592 1069 τέλος,

334 1089 530 1158 Κρινεῖ
565 1091 693 1151 τοὺς
750 1091 1000 1159 πτωχοὺς
1034 1093 1130 1146 τοῦ
1177 1093 1331 1162 λαοῦ,
1363 1097 1457 1149 καὶ
1512 1100 1677 1155 σώσει
1719 1104 1845 1168 τοὺς

262 1181 416 1242 υἱοὺς
447 1180 552 1232 τῶν
582 1180 854 1251 πενήτων.

339 1271 555 1337 Ἐγνων
577 1271 657 1324 ὅτι
682 1271 902 1339 ποιήσει
946 1273 1151 1343 Κύριος
1181 1274 1282 1346 τὴν
1326 1280 1514 1348 κρίσιν
1544 1283 1654 1338 τῶν
1696 1301 1845 1342 πτω-

260 1366 396 1436 χῶν,
436 1366 530 1419 καὶ
562 1366 662 1432 τὴν
697 1365 854 1433 δίκην
883 1369 990 1419 τῶν
1025 1370 1294 1438 πενήτων.

350 1457 409 1510 '0
436 1456 726 1526 ἀτιμάζων
755 1459 967 1527 πένητα
997 1459 1330 1529 ἁμαρτάνει.

342 1546 408 1602 ’0
439 1547 790 1617 συκοφαντῶν
839 1550 1046 1621 πένητα
1096 1551 1387 1624 παροξύνει
1417 1555 1510 1609 τὸν
1541 1561 1841 1631 ποιήσαντα

261 1639 450 1694 αὐτόν.

335 1732 502 1786 Πενία
522 1732 693 1802 ἄνδρα
717 1737 982 1790 ταπεινοί.

334 1823 602 1876 Πλουσίου
636 1825 848 1894 πτωχὸς
873 1827 970 1895 οὐχ
1014 1825 1302 1894 ὑφίσταται
1329 1830 1587 1901 ἀπειλήν.

335 1916 522 1969 Πάντα
578 1917 646 1970 τά
687 1917 824 1988 ἔργα
869 1918 964 1970 τοῦ
1013 1919 1230 1990 πτωχοῦ
1282 1924 1495 1994 φανερά
1551 1926 1705 1997 παρά
1757 1925 1835 1999 τῷ

260 2007 410 2076 Θεῷ.

339 2099 436 2160 ’ος
467 2097 811 2168 ἀποφράσσει
861 2098 930 2154 τὰ
979 2096 1095 2155 ὦτα
1141 2103 1308 2157 αὐτοῦ
1354 2104 1448 2158 τοῦ
1483 2108 1557 2177 μὴ
1603 2107 1834 2165 ἀκοῦσαι

259 2191 501 2262 πτωχοῦ,
553 2190 654 2260 τῆς
707 2191 946 2263 δεήσεως
996 2195 1163 2249 αὑτοῦ
1215 2197 1315 2250 οὐκ
1382 2201 1769 2258 είοαιιούσεται
1807 2205 1835 2257 ὁ

259 2284 417 2344 Θεός.

346 2370 413 2424 Ἢ
439 2370 605 2438 σοφία
634 2369 728 2452 τοῦ
753 2373 986 2442 πένητος
1027 2373 1452 2448 ἐξουθενημένη,
1487 2359 1583 2433 καὶ
1612 2381 1662 2434 οί
1685 2380 1833 2451 λόγοι

262 2461 434 2544 αὑτοῦ
461 2463 561 2516 οὐκ
585 2460 724 2516 είσὶν
764 2461 1112 2540 ἀκουόμενοι.

329 2554 773 2626 Βοσκηθήσονται
817 2559 1022 2629 πτωχοὶ
1050 2558 1136 2613 διά
1190 2561 1422 2631 Κυρίου,
1479 2563 1715 2634 πένητες
1771 2565 1830 2620 δὲ

249 2627 532 2717 ἀνθρωττοι
566 2638 659 2702 ἐπ’
686 2650 909 2721 εἰρήνης
935 2627 1364 2710 ἀναπαύσονται.

324 2741 597 2805 Ταπεινὸς
637 2724 849 2813 ἐσφάλη
878 2782 894 2809 ,
948 2739 1042 2796 κάι
1095 2745 1582 2818 προσεπετίμησαν
1637 2750 1825 2820 αὐτῷ’

246 2831 558 2903 ἐφθέγξατο
592 2832 826 2900 σύνεσιν,
860 2834 953 2887 καὶ
987 2835 1085 2887 οὐκ
1117 2825 1271 2907 ἐδόθη
1303 2837 1454 2908 αὐτῷ
1484 2839 1670 2903 τόπος.

1955 448 2079 500 stati
2109 452 2432 506 inserviunt.

2281 541 2515 616 SERMO
2563 547 2782 603 XXXIII
2837 549 2939 622 [αι.
2970 551 3224 625 CXLIII].

2395 637 2472 691 De
2497 641 2670 708 egenis
2701 653 2748 694 et
2766 646 3103 713 pauperibus.

2018 725 2144 780 Job.
2174 725 2480 784 Clamorem
2510 735 2766 802 pauperis
2837 746 2891 791 ct
2919 739 3211 794 clamorem
3239 741 3390 812 egeni
3423 743 3528 797 Do-

1951 813 2132 870 minus
2155 818 2429 874 exaudiet.
3331 848 3334 850 ‘

2027 904 2172 958 Psnl.
2201 924 2276 966 Ix.
2300 907 2414 963 Non
2447 911 2497 964 in
2521 915 2776 981 perpetua
2797 910 3066 970 oblivione
3082 917 3527 990 jacebitegeuus.

1948 994 2212 1052 Patientia
2248 1015 2544 1070 pauperum
2570 1018 2677 1058 non
2732 1020 2947 1075 semper
2979 1007 3356 1065 frustrabitur.

2016 1085 2262 1144 Ibid.vu.
2289 1088 2564 1146 Judicabit
2594 1092 2787 1163 inepes
2819 1096 3030 1166 pepuli,
3072 1109 3125 1152 et
3152 1100 3290 1154 lilios
3322 1118 3524 1170 paupe-

1946 1192 2065 1230 rum
2095 1181 2355 1234 servabit.

2014 1264 2159 1322 Ibid.
2184 1284 2408 1325 cxxxtx.
2440 1270 2680 1342 Cognovi
2723 1275 2866 1343 quod
2901 1275 3157 1332 Domines
3189 1290 3410 1335 acturus
3441 1289 3525 1336 est

1943 1372 2167 1412 causam
2195 1359 2446 1430 inopum,
2485 1363 2827 1432 etjudicium
2876 1371 3202 1437 pauperuin.

2014 1447 2173 1532 I’rov.
2207 1465 2336 1506 xvu.
2365 1449 2468 1518 Qui
2515 1455 2726 1522 spernit
2786 1471 3102 1526 pauperem,
3139 1469 3344 1528 peccat.

2014 1539 2116 1606 Qui
2165 1557 2458 1612 pauperem
2550 1546 2938 1614 calumniatur,
2985 1548 3164 1603 irritat
3220 1562 3519 1607 creatorem

1941 1651 2080 1706 epis.

1864 1703 1912 1764 Β
1972 1703 1983 1706 -
2017 1727 2314 1796 Paupertas
2349 1727 2602 1806 humiliat
2629 1727 2825 1783 virum.

1985 1816 2170 1890 .Proo.
2205 1833 2321 1871 xui.
2353 1815 2565 1886 Pauper
2592 1833 2700 1872 non
2729 1818 2966 1876 sustinet
2995 1819 3171 1874 minas
3203 1822 3410 1878 divitis.

2009 1893 2205 1965 Omnia
2240 1925 2406 1981 opera
2433 1911 2612 1980 inopis
2641 1912 2934 1968 manifesta
2969 1924 3098 1968 sunt
3128 1917 3270 1983 apud
3305 1915 3497 1972 Deum;

2015 2089 2168 2146 Prov.
2197 2107 2310 2145 XXI.
2363 2079 2464 2156 Qui
2529 2090 2766 2146 obstruit
2823 2096 2986 2148 aures
3034 2110 3164 2150 suas
3217 2098 3516 2154 neandiat

1933 2192 2204 2254 egentem,
2236 2183 2387 2238 illius
2415 2198 2606 2253 preces
2634 2198 2743 2237 non
2799 2185 3054 2239 exaudiet
3086 2186 3373 2244 Dominus.

2007 2359 2186 2417 Eccte.
2221 2378 2294 2417 Ix.
2323 2361 2600 2433 Sapientia
2627 2363 2882 2433 pauperis
2935 2366 3070 2421 nihil
3125 2380 3428 2439 reputatur,
3456 2381 3514 2428 et

1934 2453 2098 2509 verba
2129 2453 2247 2522 ejus
2287 2455 2392 2508 non
2441 2457 2758 2512 audiuntur.

2005 2532 2119 2598 Isa.
2156 2561 2263 2599 xiv.
2296 2545 2488 2614 Inopes
2511 2561 2540 2600 a
2564 2547 2794 2604 Domino
2827 2561 3140 2621 pascentur,
3175 2563 3228 2606 et
3264 2553 3512 2609 homines

1932 2650 2198 2706 pauperes
2234 2636 2286 2690 in
2326 2652 2460 2706 pace
2496 2640 2799 2708 quiescent.

2007 2725 2175 2782 Echi.
2199 2731 2315 2785 xiu.
2341 2727 2575 2786 Humilis
2599 2731 2866 2803 quispiam
2888 2733 3106 2798 erravit,
3128 2742 3182 2788 et
3201 2736 3510 2803 increpatns

1931 2821 2013 2872 est
2043 2834 2059 2885 ;
2092 2818 2308 2876 locutus
2353 2832 2438 2877 est
2465 2822 2760 2892 sapienter,
2787 2833 2839 2878 et
2877 2830 2982 2877 neu
3016 2826 3175 2880 datus
3207 2834 3290 2880 est
3318 2827 3365 2880 ei
3427 2829 3502 2881 lo-

1929 2925 2051 2965 cus.

321 3013 612 3084 Προσευχὴ
653 3012 911 3068 ταπεινοῦ
949 3013 1177 3083 νεφέλας
1232 2984 1441 3083 διῆλθε,
1494 3016 1590 3071 καὶ
1637 3017 1700 3071 οὐ
1747 3018 1823 3090 μὴ

1999 2999 2138 3055 Ibid.
2169 3018 2332 3057 xxxv.
2363 2994 2552 3059 Oratio
2607 3001 2829 3060 humilis
2880 3004 2974 3076 per
3024 3002 3197 3061 nubes
3235 3007 3505 3075 transivit,

241 3100 607 3177 παρακληθῇ,
635 3105 738 3190 ἔως
770 3106 837 3160 ἂν
866 3106 1228 3176 ὲπισκέψηται
1259 3105 1553 3178 ’Υψιστος.

313 3283 492 3352 Σοφία
520 3282 778 3338 ταπεινοῦ
815 3282 1093 3352 ἀνυψώσει
1140 3285 1386 3356 κεφαλὴν
1416 3283 1608 3354 αὐτοῦ,
1639 3287 1736 3342 καὶ
1763 3289 1821 3345 ὲν

239 3376 408 3446 μέσῳ
447 3375 789 3446 μεγιστάνων
823 3373 1009 3428 καθιεῖ
1036 3376 1218 3437 αὐτόν.

317 3462 544 3532 Πτωχὸς
574 3457 854 3527 δοξάζεται
890 3459 958 3514 δι’
993 3463 1302 3535 ἐπιστήμην
1346 3466 1442 3520 καὶ
1495 3467 1784 3523 εὐλάϐειαν
1807 3483 1822 3499 ⁸

235 3561 264 3613 ὁ
294 3553 660 3626 δοξαζόμενος
695 3557 752 3608 ἐν
784 3554 1049 3625 πτωχείᾳ,
1083 3549 1337 3625 ποσαχῶς
1367 3559 1424 3611 ὲν
1456 3558 1670 3632 πλούτῳ
1702 3562 1716 3615 l

315 3732 414 3806 Μὴ
443 3733 800 3804 παρεκτείνου
842 3730 1012 3804 πένης
1037 3727 1112 3787 ὢν
1137 3727 1400 3804 πλουσίῳ,
1428 3720 1494 3806 τῇ
1540 3724 1597 3789 δὲ
1633 3719 1701 3808 σῇ
1735 3737 1823 3791 εὐ-

239 3832 372 3901 νοίᾳ
410 3829 676 3898 ἅπόσχου.

333 3915 631 3987 Ἐμίσησεν
655 3919 688 3988 ἡ
716 3916 862 3988 ψυχή
897 3933 1004 3986 μου,
1030 3915 1242 3986 πτωχὸν
1283 3910 1651 3988 ὑπερήφανον.

312 4001 646 4081 Πτωχεΰων,
685 4007 959 4082 ἄνθρωπε,
996 4005 1314 4079 εὐφραίνου,
1345 4009 1427 4064 ὅτι
1459 4011 1713 4081 Λαζάρου
1752 4004 1815 4064 σε

237 4106 311 4158 τὰ
343 4101 530 4171 ἁγαθά
561 4101 883 4167 διαδέξεται.

316 4192 591 4262 Οὐδεμίαν
623 4191 888 4261 αἰσχύνην
917 4190 978 4242 τὸ
1005 4189 1262 4244 πένεσθαι
1294 4190 1567 4262 προξενεῖ.

329 4285 448 4337 Ἑνὶ
487 4283 664 4352 τούτῳ
708 4282 1040 4350 διαφέρομεν
1075 4283 1186 4336 τῶν
1223 4277 1600 4337 πλουτούντων
1633 4274 1681 4337 oi
1715 4277 1817 4336 πέ-

239 4376 443 4445 νητες,
493 4375 560 4442 τῇ
628 4369 934 4441 ἀμεριμνίᾳ.
970 4387 984 4401 ·
1038 4371 1133 4425 καὶ
1191 4369 1584 4443 καταγελῶμεν
1644 4369 1824 4425 αὐτῶν

241 4463 697 4534 ἀγρυπνούντων,
727 4459 881 4513 αὐτοὶ
913 4460 1290 4525 καθεύδοντες.

317 4556 488 4608 Πενία
523 4553 662 4623 μετά
688 4550 948 4621 ἀληθείας
973 4552 1152 4623 πάσης
1183 4553 1536 4617 ἀπολαύσεως
1563 4554 1677 4617 τοῖς
1712 4568 1822 4606 σω·

243 4648 507 4720 φρονοῦσι
541 4645 866 4715 τιμιωτέρα.

316 4736 394 4793 Ub
446 4740 508 4790 τὸ
538 4737 797 4791 πένεσθαι
831 4737 1224 4800 ἐπονείδιστον,
1256 4736 1396 4789 ἀλλά
1428 4735 1490 4789 τὺ
1525 4735 1599 4806 μὴ
1633 4731 1820 4808 φέρειν

244 4830 605 4900 εὐγνωμόνως
634 4830 735 4900 τὴν
761 4830 972 4884 πενίαν.

317 4922 497 4989 nam;
537 4921 611 4990 μὴ
637 4919 948 4990 ἀθυμήσῃς.
986 4917 1050 4971 'H
1083 4918 1192 4986 γὰρ
1220 4917 1303 4980 εἰς
1350 4917 1495 4984 ἄγαν
1547 4917 1820 4987 κατήφεια

243 5015 460 5081 γίνεται
493 5010 592 5079 τῆς
619 5011 894 5080 ἁμαρτίας
925 5009 1074 5063 αἰτία
1101 5035 1117 5074 -,
1145 5012 1242 5078 τῆς
1278 5009 1376 5078 μὲν
1421 5007 1595 5078 λύπης
1629 5009 1818 5077 βαπτι-

246 5107 453 5175 ζούσης
490 5104 582 5155 τὸν
629 5102 774 5167 νοῦν,
810 5102 905 5155 καὶ
940 5101 1253 5170 ἀμηχανίας
1287 5100 1546 5172 ποιούσης
1576 5101 1816 5169 ἴλιγγον,

242 5199 345 5266 τῆς
375 5197 434 5249 δὲ
467 5194 703 5265 ἀπορίας
734 5193 846 5247 τῶν
869 5191 1152 5262 λογισμῶν
1176 5191 1277 5263 τὴν
1322 5193 1649 5262 ἀχαριστίαν
1679 5193 1818 5245 ἀπο-

1928 3098 1983 3146 et
2043 3107 2151 3146 non
2207 3093 2438 3163 accipiet
2503 3095 2784 3160 solatium,
2842 3096 3013 3152 donec
3067 3099 3251 3154 visitet
3285 3102 3506 3157 Altissi-

1930 3197 2075 3237 "HIS.

1998 3275 2140 3330 Ibid.
2169 3291 2332 3332 xxxv.
2350 3274 2621 3347 Sapientia
2641 3277 2861 3333 humilis
2878 3280 3098 3336 extollet
3115 3285 3280 3354 caput
3305 3283 3502 3354 ipsius,

1923 3375 1978 3419 et
2004 3364 2290 3419 collocabit
2317 3382 2440 3418 eum
2496 3366 2641 3421 inter
2696 3369 2998 3439 principes.

1997 3455 2140 3510 Ibid.
2175 3473 2227 3512 x.
2260 3455 2472 3526 Pauper
2501 3458 2752 3514 laudatur
2801 3464 2868 3514 ob
2918 3463 3198 3518 scientiam
3234 3477 3286 3518 et
3320 3467 3505 3521 mode;-
3547 3459 3564 3477 ί

1926 3546 2085 3600 stiam
2121 3562 2134 3597 :
2166 3547 2256 3614 qui
2283 3545 2445 3616 igitur
2474 3551 2677 3621 pauper
2711 3548 3010 3604 honoratus
3043 3561 3146 3618 est,
3186 3564 3388 3621 quanto
3421 3555 3503 3609 di-

1926 3652 2016 3691 ves
2049 3636 2191 3690 idem
2221 3645 2366 3690 esset
2420 3638 2738 3691 honoratior
2775 3638 2788 3690 ι

1997 3725 2149 3780 Prov.
2175 3742 2306 3779 xxn.
2339 3725 2555 3794 Pauper
2585 3741 2708 3780 cum
2736 3727 2812 3782 sis
2860 3742 2926 3783 ne
2947 3730 3244 3786 contendas
3267 3745 3392 3786 cum
3420 3734 3502 3787 di-

1920 3815 2051 3880 vite,
2072 3816 2166 3870 sed
2194 3830 2290 3885 per
2313 3815 2657 3885 prudentiam
2692 3825 2838 3869 mam
2873 3817 3110 3871 abstine.

1991 3907 2119 3962 Odit
2148 3894 2330 3961 anima
2378 3917 2497 3961 mea
2531 3907 2746 3975 inopem
2779 3907 3090 3976 superbum.

1991 3994 2050 4052 S.
2077 3995 2289 4050 Basilii.
2315 3994 2634 4061 Gaudeas,o
2661 3995 2844 4060 homo,
2874 3997 2924 4049 in
2963 3996 3212 4066 penuria,
3236 3999 3494 4068 quoniam

1918 4084 2107 4140 Lazari
2143 4088 2282 4140 bona
2309 4095 2357 4140 te
2375 4095 2695 4156 sequentur.

1991 4179 2204 4233 Nullum
2234 4179 2470 4233 dedecus
2508 4185 2802 4246 paupertas
2829 4178 3101 4246 producit.

1988 4267 2100 4322 Hoc
2128 4282 2237 4321 uno
2265 4276 2530 4338 pauperes
2555 4279 2582 4317 a
2607 4265 2866 4319 divitibus
2894 4265 3186 4331 distamus,
3211 4267 3322 4338 66
3344 4274 3495 4321 trans

1925 4360 2196 4429 quiliitate
2233 4359 2404 4414 animi
2439 4377 2452 4414 :
2485 4364 2543 4413 et
2573 4355 2788 4423 vigilias
2833 4356 3077 4425 ipsorum
3109 4359 3352 4415 ridemus
3382 4360 3489 4430 ipsi

1925 4451 2276 4507 durmientes.
3103 4467 3106 4469 λ

1993 4540 2295 4611 Paupertas
2327 4553 2452 4594 cum
2479 4539 2710 4592 veritate
2765 4538 2957 4606 quavis
3005 4539 3265 4594 fruitione
3290 4539 3494 4607 pretio-

1921 4635 2034 4690 sior
2057 4643 2142 4688 est
2165 4633 2308 4701 apud
2341 4632 2654 4701 prudentes.

1990 4727 2109 4783 Non
2135 4736 2290 4796 turpe
2313 4735 2397 4780 est
2423 4739 2546 4780 esse
2578 4739 2897 4796 pauperem,
2931 4728 3026 4781 sed
3056 4741 3161 4780 non
3191 4738 3346 4794 aequo
3371 4726 3493 4780 aul-

1920 4833 2011 4873 mo
2040 4817 2180 4872 ferre
2209 4825 2602 4886 paupertatem.

1989 4906 2201 4976 Pauper
2223 4908 2350 4962 dum
2379 4921 2438 4962 es
2485 4921 2555 4960 ne
2594 4906 2819 4978 abjieias
2851 4907 3118 4960 animum.
3139 4905 3314 4961 Nimia
3347 4909 3490 4963 enim

1924 4997 2148 5053 tristitia
2183 4998 2353 5068 gignit
2385 5007 2689 5066 peccatum,
2733 5000 2788 5050 in
2815 5013 2920 5064 qua
2945 5012 3148 5052 mmror
3187 4997 3490 5069 submergit

1919 5097 2175 5150 mentem,
2206 5095 2261 5142 et
2291 5087 2456 5141 veluti
2489 5085 2812 5155 vertiginem
2842 5087 2975 5142 facit
3001 5088 3113 5157 ipsa
3138 5088 3486 5159 perplexitas,

1919 5188 1974 5235 et
2021 5178 2374 5235 consiliorum
2424 5177 2652 5244 penuria
2701 5177 3150 5247 iugratitudinem
3209 5177 3483 5249 producit.

247 5285 553 5354 γεννώσης.
609 5283 700 5354 Μὴ
738 5283 848 5352 γὰρ
896 5282 996 5334 οὐκ
1032 5279 1316 5334 meum
1351 5282 1454 5350 τὴν
1505 5283 1762 5336 στένωσιν
1789 5283 1817 5334 δ

1977 5289 1999 5326 ιι
2034 5279 2187 5340 putas
2222 5269 2389 5324 Deum
2426 5282 2533 5323 non
2564 5268 2767 5323 intueri
2793 5271 3097 5339 angustiam
3165 5268 3357 5324 tuam?
3383 5266 3484 5321 At-

245 5377 417 5444 836;;
452 5376 608 5445 Ἔχει
637 5375 734 5445 τὴν
785 5373 991 5443 τροφὴν
1020 5373 1079 5425 ἐν
1111 5373 1258 5443 χερὶ,
1311 5373 1405 5425 καὶ
1458 5372 1818 5427 ἀναϐάλλεται

243 5468 347 5539 τὴν
371 5468 541 5531 δόσιν,
566 5465 653 5520 ἵνα
683 5483 778 5520 σου
807 5465 1081 5536 δοκιμάσῃ
1107 5463 1168 5516 τὸ
1203 5463 1445 5534 βέσαιον.

317 5559 486 5614 Οὐδὲν
521 5553 602 5629 τῷ
642 5556 760 5628 Θεῷ
829 5556 1006 5628 μέγα,
1058 5554 1086 5609 ὃ
1126 5553 1202 5626 μὴ
1236 5552 1329 5608 καὶ
1376 5552 1569 5627 πένησι
1612 5554 1812 5614 δίδωσι.

1920 5365 2011 5432 qui
2041 5363 2130 5419 ille
2151 5375 2274 5417 cum
2307 5360 2505 5416 victum
2534 5361 2588 5415 in
2617 5359 2872 5416 manibus
2905 5362 3118 5425 habeat,
3138 5358 3322 5428 largiri
3351 5367 3485 5414 cuu-

1918 5459 2116 5518 ctatur,
2142 5459 2202 5506 nt
2231 5453 2550 5515 constantia:
2575 5459 2680 5506 tua:
2712 5450 3142 5518 experimentum
3174 5456 3373 5501 sumat.

1915 5568 1950 5606 γ’
1991 5540 2261 5612 Theotogi.
2289 5541 2434 5598 Nihil
2468 5541 2651 5613 magni
2691 5539 2935 5611 possidet
2993 5538 3156 5607 Deus,
3194 5538 3334 5610 quod
3368 5536 3478 5595 nuit

1917 5641 2082 5697 etiam
2111 5637 2440 5710 pauperibus
2468 5631 2747 5705 largiatur;
