3980 6188
455 265 565 330 895

527 378 830 442 Plutarchi.
869 373 1155 430 Siliccrnio
1187 387 1285 428 seu
1317 369 1531 426 funebri
1591 369 1847 424 convivio
1877 368 2029 424 simi-
2059 377 2107 432 Α

457 472 522 528 lis
538 472 753 526 estvita
796 469 1036 525 hominis
1064 468 1260 531 avari,
1300 480 1424 518 nam
1457 478 1584 518 cum
1611 462 1747 516 nihil
1789 476 1895 516 non
1931 461 2032 515 ha-

460 564 572 629 bet,
604 563 987 620 oblectandum
1020 559 1293 616 neminem
1330 557 1517 613 habet.

528 653 638 710 Nec
666 669 696 708 a
734 660 950 707 mortuo
981 651 1335 719 colloquium,
1367 664 1471 706 nec
1493 647 1562 703 ab
1613 661 1778 702 avaro
1830 642 2036 700 beneﬁ-

458 745 604 800 cium
633 743 922 813 petendum
957 749 1062 796 est.

529 836 668 890 Potu
702 834 1058 902 restinguitur
1094 828 1372 900 appetitus
1397 826 1638 890 bibendi,
1671 835 1724 881 et
1754 823 1912 880 cibus
1941 822 2039 877 de-

458 925 662 982 siderio
687 924 796 979 cibi
820 924 1065 978 medetur
1107 918 1438 974 :avaritiain
1494 931 1623 972 vero
1675 930 1785 970 non
1837 928 2034 969 aurum

459 1034 558 1074 ncc
583 1026 866 1086 argentum
900 1013 1222 1082 exstinguit.

532 1112 806 1180 Diogenes.
837 1108 1103 1179 Diogenes
1134 1108 1370 1178 Cynicus
1396 1104 1777 1175 'phiIOSOphus
1803 1104 2040 1157 interro-

459 1215 616 1274 gatus
643 1217 672 1254 a
703 1202 938 1271 quodam
970 1216 1069 1255 cur
1101 1214 1294 1253 aurum
1330 1198 1575 1267 palleret,
1627 1196 1770 1250 dixit
1804 1208 1820 1247 :
1891 1194 2043 1260 Quo-

458 1297 603 1350 niam
637 1292 985 1350 insidiatores
1020 1290 1223 1345 multos
1272 1289 1462 1344 habet.

529 1388 786 1442 Socratis.
814 1386 1120 1439 Avarorum
1151 1382 1373 1446 divitias,
1403 1389 1461 1435 ut
1485 1379 1568 1436 sol
1596 1387 1722 1450 post
1751 1391 2031 1442 occasum,

458 1481 732 1534 neminem
773 1475 1082 1530 mortalium
1113 1472 1414 1527 oblectant.

535 1569 774 1626 Diodori.
815 1567 946 1633 Quae
975 1572 1255 1634 nequeunt
1280 1564 1451 1619 armis
1507 1563 1651 1634 capi,
1683 1562 1842 1618 facile
1865 1575 2042 1631 expu-

459 1674 696 1734 gnantur
725 1677 881 1716 auro.
912 1657 1058 1713 Nihil
1091 1667 1218 1712 non'
1255 1655 1547 1725 subjicitur
1571 1663 1820 1726 argento.

540 1844 757 1911 Diphili.
791 1841 849 1896 Si
881 1840 1129 1908 accipere
1157 1838 1291 1892 nihil
1315 1845 1483 1905 esset,
1507 1851 1668 1892 nemo
1689 1835 1828 1889 foret
1853 1835 2047 1890 malus.

535 1937 680 1992 Istud
717 1945 800 1989 est
832 1933 1086 1995 avaritia,
1115 1946 1243 1986 cum
1278 1932 1466 1985 relicta
1503 1928 1944 1986 consideratione

536 2028 698 2091 Justi,
724 2027 878 2080 lucro
904 2038 1000 2092 per
1021 2021 1201 2075 omnia
1234 2021 1436 2074 servis.

540 2119 677 2172 Mala
712 2119 861 2172 lucra
897 2114 1206 2182 voluptates
1231 2111 1449 2182 quidem
1470 2109 1685 2176 breves,
1715 2109 1886 2178 longa:
1920 2121 2050 2162 vero
2099 2103 2102 2107 ’

466 2224 505 2270 ιι
522 2211 702 2269 istitia:
749 2214 1078 2278 sequuntur.

849 2317 1086 2376 SERMO
1120 2313 1318 2369 xxxv
1363 2312 1464 2386 [αι.
1506 2310 1673 2384 XLI].

467 2419 545 2474 De
577 2415 829 2481 avaritia,
859 2422 910 2466 et
949 2409 1267 2481 qualibetjn
1298 2408 1498 2481 replus
1524 2405 1714 2458 habere
1753 2402 2050 2457 volentibus

1101 2489 1150 2533 et
1183 2478 1420 2546 injustis.

539 2579 667 2634 Luc.
700 2591 798 2632 xit.
825 2574 1020 2632 Videte
1056 2581 1110 2627 et
1133 2579 1324 2625 cavete
1353 2568 1422 2623 ab
1439 2566 1693 2632 avaritia,
1746 2579 1854 2619 non
1903 2565 2050 2620 enim

466 2675 522 2728 in
568 2667 902 2737 abundantia
919 2665 1246 2735 cujusquam
1277 2662 1388 2716 vita
1423 2661 1542 2732 ejus
1571 2666 1656 2714 est
1687 2673 1753 2713 ex
1779 2658 1864 2712 his
1924 2671 2052 2726 qua:

466 2763 735 2835 possidet.

537 2855 564 2910 ι
591 2857 720 2911 Cor.
753 2867 830 2906 vt.
860 2850 972 2906 Cur
1005 2863 1115 2904 non
1145 2846 1328 2918 potius
1352 2843 1613 2914 injuriam
1641 2839 1930 2912 patimini?
1957 2853 2054 2892 cur

464 2965 577 3003 nun
615 2947 800 3017 potius
841 2944 1104 2998 damnum
1139 2936 1433 3008 accipitis?
1477 2935 1594 2989 lmo
1641 2949 1736 2989 vos
1793 2932 2052 3002 injuriani

465 3041 668 3102 facitis,
703 3047 761 3092 et
783 3037 984 3091 damno
1013 3032 1250 3096 aliicltis,
1291 3030 1454 3098 idque
1489 3025 1730 3082 fratres?
1753 3026 1834 3078 An
1871 3023 2052 3079 nesci-
2079 3062 2123 3117 α

471 3135 560 3196 tis,
598 3133 742 3199 quod
779 3127 966 3197 injusti
1009 3123 1163 3195 regni
1195 3121 1286 3178 Dei
1325 3119 1696 3175 haereditatem
1718 3131 1828 3172 non
1857 3130 2048 3171 conse-

467 3222 750 3296 quentur‘t

539 3313 724 3388 ωλι
761 3312 831 3367 ad
861 3311 1042 3365 Titum
1082 3323 1122 3364 ι.
1159 3307 1397 3366 Desistat
1442 3306 1512 3362 ab
1554 3303 1818 3376 iniustitia
1865 3301 2050 3357 omnis

468 3423 559 3477 qui
595 3407 792 3458 nomen
829 3401 921 3455 Dei
955 3401 1222 3454 nominat.

542 3496 710 3550 Novit
769 3494 1034 3567 Dominus
1096 3491 1280 3560 justos
1339 3504 1372 3543 a
1431 3486 1728 3542 tentatioue
1789 3483 2047 3546 liberare,

467 3589 706 3658 injustos
772 3600 903 3640 vero
965 3583 1034 3639 ad
1081 3583 1226 3637 diem
1283 3570 1477 3651 jndicii
1540 3576 1850 3648 puniendos
1922 3589 2047 3630 ser-

469 3697 617 3736 vare.

539 3774 600 3826 11
635 3773 784 3829 Petr.
811 3786 871 3826 ιι.
899 3770 1002 3836 Qui
1037 3768 1212 3840 diligit
1242 3764 1593 3838 iniustitiam,
1641 3761 1758 3817 odit
1806 3759 2045 3815 animam

466 3884 646 3924 suam.

543 3958 700 4013 Psal.
731 3969 926 4012 xxxiii.
959 3953 1150 4010 Facies
1174 3949 1392 4005 Domini
1420 3964 1588 4020 super
1611 3948 1872 4005 iacientes
1903 3947 2049 4003 mala

470 4062 528 4106 nt
555 4053 772 4106 aboleat
801 4063 832 4101 a
855 4057 1002 4100 terra
1035 4043 1356 4097 memoriam
1393 4056 1612 4097 eorum.

539 4144 706 4197 Prov.
740 4155 794 4193 ι.
820 4137 1010 4192 Virum
1040 4136 1305 4205 injustum
1333 4136 1474 4189 mala
1495 4133 1800 4204 corripient
1826 4133 1894 4189 ad
1923 4148 2047 4205 per-

469 4235 696 4289 niciem.
2026 4241 2032 4248 -

546 4321 812 4378 Thesauri
841 4336 947 4376 non
979 4319 1250 4389 iuvabunt
1280 4319 1519 4389 iniquos.

542 4413 770 4486 lnjustis
790 4412 976 4467 omnia
1007 4411 1060 4466 in
1089 4412 1273 4466 sinum
1308 4411 1666 4482 colliguntur.

545 4504 711 4560 Prov.
744 4519 836 4558 xx.
876 4503 1180 4557 Hereditas
1222 4516 1566 4573 praepropera
1604 4497 1879 4574 principio
1933 4510 2052 4556 tan-

470 4603 594 4656 dem
628 4614 738 4653 non
779 4595 1151 4651 henedicctur.

541 4693 689 4747 Ibid.
742 4703 866 4746 xm.
924 4687 1068 4758 Opes
1116 4687 1430 4758 iniquitatis
1483 4685 1668 4741 studio
1721 4697 2052 4756 comparate

469 4788 818 4842 minuuntur.

543 4879 653 4946 Sap
702 4877 890 4947 lnjnsti
917 4876 1027 4931 cito
1048 4875 1330 4945 peribunt.

545 4969 736 5024 Gentis
767 4971 977 5040 iniustae
994 4969 1201 5038 obliqui
1238 4975 1366 5022 sunt
1403 4966 1554 5021 anni.

543 5060 828 5115 Salomon.
877 5058 956 5112 Ne
979 5059 1218 5126 gaudeas
1268 5057 1342 5110 ob
1398 5055 1659 5126 injustam
1721 5053 2046 5126 pecuniam:

468 5150 606 5207 nihil
629 5149 772 5204 enim
804 5147 1015 5218 juvabit
1045 5148 1098 5200 in
1129 5147 1219 5201 die
1243 5145 1584 5201 aﬂlictionis.

541 5243 714 5298 Eccli.
741 5256 906 5296 xxxv.
928 5238 1114 5294 Oratio
1134 5241 1390 5310 patientis
1418 5239 1674 5309 iniuriam
1701 5237 2044 5293 exaudictur.

539 5337 642 5404 Qui
671 5336 896 5392 domum
929 5347 1086 5388 suam
1123 5332 1358 5387 aediﬁcat
1406 5331 1662 5402 pecuniis
1717 5331 1934 5392 alienis,
1971 5332 2046 5385 sis-

469 5431 618 5485 ‘milis
637 5439 721 5484 est
751 5424 1072 5498 congerenti
1091 5424 1300 5496 lapides
1341 5425 1394 5479 in
1429 5423 1697 5480 tumulum
1751 5422 2047 5492 sepulturae

471 5534 607 5576 suze.
1189 5515 1198 5524 ’

543 5610 688 5665 Ibid.
719 5616 876 5666 xxiii.
903 5609 1014 5667 Leo
1039 5607 1331 5666 insidiatur
1357 5606 1659 5676 venationi,
1687 5608 1874 5665 itidem
1913 5623 2044 5680 pec.

467 5707 654 5759 satum
679 5703 1006 5764 facientibus
1034 5704 1240 5775 iniqua.
1579 5705 1582 5708 ’

1718 249 2044 320 ANTONII
2088 258 2437 317 MELISSJS

3628 242 3742 312 896

2210 370 2426 422 Ἔοικεν
2474 369 2502 419 ὁ
2530 365 2640 419 τῶν
2684 362 3037 442 φιλαργύρων
3088 360 3205 432 βίος
3249 359 3450 432 νεκροῦ
3485 361 3743 434 δείπνφο

2137 460 2316 513 πάντα
2342 457 2451 528 γὰρ
2479 456 2620 528 ἔχων
2651 455 2742 510 τὸν
2765 447 3285 525 εύφρανθησόμενον
3313 452 3418 506 οῦκ
3452 451 3602 523 ἔχει.

2205 635 2342 692 Οὔτε
2370 634 2519 705 παρὰ
2547 627 2742 703 νεκροῦ
2771 632 3014 704 ὁμιλίαν,
3050 623 3174 687 οὔτε
3210 633 3366 704 παρά
3389 633 3755 707 φιλαργύρου

2138 733 2301 802 χάριν
2337 732 2418 784 δεῖ
2453 729 2755 802 ἐπιζητεῖν.

2212 824 2379 876 Ποτὺν
2431 823 2529 892 μὲν
2562 822 2755 875 ἔσϐεσε
2810 821 2912 892 τὴν
2957 819 3126 876 ποτοῦ
3161 822 3343 892 ὄρεξιν
3368 862 3384 886 ,
3431 821 3533 876 καὶ
3565 823 3762 892 τροφὴ

2138 913 2236 987 τὴν
2289 907 2495 986 τροφῆς
2525 914 2818 1000 ἐπιθυμίαν
2871 916 3149 984 ἠκέσατο·
3184 915 3563 987 φιλαργυρίαν
3597 916 3661 969 δὲ
3693 917 3756 969 οὗ

2140 1007 2426 1060 σϐέννυσιν
2453 1006 2718 1076 ἀργύριον
2744 1005 2777 1076 ἢ
2807 1005 3051 1076 χρυσίον.

2212 1098 2468 1167 Διογένης
2495 1100 2523 1150 ὀ
2548 1083 2787 1161 Κυνικὸς
2807 1097 3098 1166 φιλόσοφος
3123 1097 3422 1170 ἐρωτηθεὶς
3441 1099 3554 1168 ύπᾷ
3579 1118 3760 1167 τινος,

2139 1190 2282 1244 διατί
2311 1191 2372 1242 τὸ
2428 1191 2652 1260 χρυσίον
2682 1189 2894 1259 χλωρόν
2927 1190 3098 1256 ἐστιν,
3172 1191 3302 1260 ἔφη,
3353 1191 3484 1244 Ὀτι
3515 1192 3765 1254 πολλοὺς

2141 1280 2460 1344 ἐπιϐούλους
2491 1280 2627 1350 ἔχει.

2224 1370 2283 1426 Ὀ
2322 1371 2432 1425 τῶν
2465 1369 2821 1440 φιλαργύρων
2853 1369 3106 1435 πλοῦτος,
3141 1371 3334 1443 ὥσπερ
3383 1375 3414 1426 ὸ
3448 1374 3623 1446 ἥλιος
3655 1393 3764 1430 κα-

2143 1465 2304 1526 ταδὺς
2336 1466 2416 1526 είς
2441 1466 2539 1532 τὴν
2567 1466 2692 1533 γῆν,
2725 1464 2916 1518 οὐδένα
2945 1464 3055 1517 τῶν
3084 1464 3306 1529 ζώντων
3328 1465 3661 1536 εὐφραίνει.

2208 1557 2290 1609 Τά
2357 1557 2471 1620 τοῖς
2521 1554 2712 1617 ὅπλοις
2761 1556 2999 1610 ἀδύνατα
3045 1558 3378 1627 χειρωθῆναι
3431 1558 3518 1628 τῷ
3555 1561 3771 1631 χρυσῷ

2149 1648 2328 1720 ῥᾴδιόν
2347 1650 2462 1702 ἑστι
2488 1648 2968 1719 καταπολεμῆσαι.
3016 1645 3109 1718 Τῷ
3141 1650 3397 1722 ἀργυρίῳ
3424 1651 3770 1708 ὑποτάσσε-

2149 1756 2240 1792 ται
2269 1738 2339 1791 τά
2366 1739 2686 1808 σύμπαντα.

2223 1831 2286 1884 Ei
2317 1830 2393 1901 μὴ
2423 1830 2484 1883 τὸ
2515 1829 2703 1883 λαὸεἴν
2735 1824 2824 1900 ἦν,
2851 1830 2975 1885 οὐδὲ
2998 1824 3078 1894 εἷς
3101 1833 3340 1902 πονηρὸς
3368 1818 3463 1902 ἦν.

2223 1922 2562 1993 Φιλαργυρία
2589 1923 2734 1978 τοῦτ’
2759 1923 2928 1988 ἔστιν,
2959 1926 3088 1979 ὅταν
3121 1926 3268 1998 ἀφῇς
3312 1931 3545 1982 σκοπεῖν

2225 2016 2306 2070 Τὰ
2338 2016 2545 2083 δίκαια,
2576 2016 2672 2070 τοῦ
2707 2016 2934 2087 κέρδους
2964 2018 3258 2083 διαπαντὸς
3287 2021 3474 2086 δοῦλος
3502 2017 3616 2085 εἷς.

2227 2109 2307 2163 Τὰ
2339 2108 2561 2178 πονηρά
2616 2109 2784 2179 κέρδη
2832 2110 2934 2174 τὰς
2987 2111 3087 2180 μὲν
3114 2111 3308 2183 ἡδονὰς
3359 2114 3476 2184 ἔχει
3511 2118 3773 2188 μητρὶς,

2151 2199 2251 2265 τὰς
2282 2198 2339 2254 δὲ
2369 2199 2549 2264 λύπας
2583 2201 2825 2272 μακράς.

2749 2316 2970 2370 ΛΟΓΟΣ
3008 2319 3135 2373 ΔΕ’.

2322 2405 2464 2476 Περὶ
2490 2408 2874 2474 πλεονεξίας,
2906 2409 3442 2464 πλεονεκτούντων
3471 2413 3574 2466 καί

2745 2477 3146 2534 ἀδικούντων.

2240 2571 2438 2641 Ὁρᾶτε
2473 2572 2568 2625 καὶ
2610 2572 2951 2641 φυλάττεσθε
2997 2573 3107 2627 ἀπὸ
3153 2573 3258 2643 τῆς
3284 2574 3638 2642 πλεονεξίας,
3675 2578 3774 2630 ὅτι

2153 2662 2256 2717 οὐκ
2284 2664 2344 2716 ἐν
2394 2664 2472 2733 τῷ
2522 2664 2876 2734 περισσεύειν
2906 2666 3012 2720 τινὶ
3052 2667 3084 2736 ὴ
3119 2665 3236 2738 ζωὴ
3281 2668 3432 2737 αὐτῴ
3475 2670 3648 2722 ἐστιν
3701 2674 3777 2724 ἐκ

2154 2755 2263 2808 τῶν
2297 2755 2663 2826 ὑπαρχόντων
2688 2757 2881 2812 αὑτοῦ.

2221 2846 2373 2899 Διατί
2412 2846 2533 2915 οὐχὶ
2587 2847 2790 2916 μᾶλλον
2823 2848 3144 2915 ἀδικεῖσθες
3187 2850 3332 2904 διατί
3370 2851 3493 2919 ούχὶ
3537 2853 3774 2921 μᾶλλον

2153 2938 2357 2993 ἁποστε
2368 2939 2581 3006 ρεῖσθες
2625 2940 2742 2994 ἀλλ’
2775 2941 2936 3006 ὑμεῖς
2964 2941 3204 2996 ἀδικεῖτε
3232 2943 3326 2996 καὶ
3349 2946 3766 3014 ἀποστερεῖτε,

2160 3029 2254 3082 καὶ
2283 3030 2457 3082 ταῦτα
2487 3031 2784 3098 ἀδελφούς;
2817 3031 2888 3085 Ἢ
2911 3031 3011 3087 οὐκ
3039 3032 3221 3086 οἴδατε
3255 3035 3338 3088 ὃτι
3367 3035 3548 3090 ἄδικοι
3572 3035 3766 3105 βασι-

2157 3119 2308 3174 λείαν
2338 3120 2473 3175 Θεοῦ
2501 3123 2560 3175 ού
2598 3121 3145 3192 κληρονομήσουσιν;

2239 3301 2560 3371 ’Δποστήτω
2593 3299 2702 3355 ἀπὸ
2727 3300 2940 3364 ἀδικίας
2964 3301 3073 3365 πᾶς
3098 3302 3127 3354 ὁ
3162 3300 3448 3371 ὀνομάζων
3476 3301 3545 3355 sb
3563 3302 3765 3375 ὄνομα

2156 3393 2384 3465 Κυρίου.

2229 3484 2388 3542 Οἶδεν
2433 3489 2639 3558 Κύριος
2699 3487 2949 3552 εὐσεϐεῖς
2991 3488 3059 3543 ἐκ
3119 3489 3433 3562 πειρασμοῦ
3487 3491 3765 3558 ῥύεσθαι,

2155 3580 2376 3645 ἀδίκους
2430 3581 2486 3635 δὲ
2519 3581 2600 3645 είς
2642 3582 2859 3652 ἡμέραν
2903 3582 3144 3653 κρίσεως
3185 3582 3592 3650 κολαζομένους
3651 3599 3764 3653 τη-

2195 3677 2296 3729 εἶν.

2195 3690 2296 3729 ειν.

2158 3690 2190 3746 ρ
2245 3767 2304 3820 '0
2347 3767 2579 3836 ἀγαπῶν
2626 3767 2728 3838 τὴν
2781 3766 2998 3821 ἀδικίαν
3051 3769 3203 3839 μισεῖ
3251 3768 3352 3838 τὴν
3401 3769 3605 3822 ἑαυτοῦ
3647 3770 3760 3840 ψυ-

2193 3861 2281 3916 ἦν.

2193 3878 2281 3916 τν.

2154 3878 2188 3930 χ
2213 3899 2526 4020 ⁸[Ιρόσιινιιον
2573 3951 2784 4021 Κυρίου
2831 3950 2923 4003 ἐπὶ
2953 3949 3247 4014 ποιοῦντας
3291 3950 3463 4016 κακὰ,
3491 3951 3592 4005 τοῦ
3625 3953 3755 4018 ἐξο-

2154 4042 2444 4112 λοθρεῦσαι
2465 4043 2531 4095 ικ
2560 4041 2667 4112 γῆς
2709 4041 2771 4094 τὺ
2806 4043 3152 4113 μνημόσυνον
3180 4042 3387 4096 αὐτῶν.

2229 4134 2433 4205 ’Δνδρα
2462 4134 2650 4189 ἄδικον
2683 4135 2832 4188 κακά
2861 4132 3121 4207 θηρεύσει
3154 4136 3234 4198 είς
3263 4134 3597 4205 διαφθοράν.

2229 4317 2342 4370 Ούκ
2373 4315 2715 4386 ὠφελήσουσι
2746 4314 3015 4384 θησαυροὶ
3053 4315 3309 4384 ἀνόμους.

2079 4417 2125 4476 D
2189 4414 2198 4428 '
2228 4411 2320 4474 Είς
2350 4411 2588 4473 κόλπους
2610 4410 2905 4480 ἐπέρχεται
2942 4411 3124 4462 πάντα
3158 4408 3388 4468 ἀδίκοις.

2238 4506 2414 4576 Μερὶς
2441 4501 2957 4570 ὲπισπουδαζομένη
2984 4503 3041 4553 ἐν
3063 4500 3304 4570 πρώτοις
3337 4501 3397 4552 ἓν
3421 4501 3538 4562 τοῖς
3557 4498 3746 4554 {elev-

2151 4597 2324 4658 ταίοις
2356 4596 2459 4648 οὐκ
2487 4593 2945 4665 εύλογηθήσεται.
3119 4576 3123 4579 ’

2224 4684 2496 4757 Ὕπαρξις
2521 4681 3030 4753 έπισπουδαζομένη
3058 4683 3199 4752 μετά
3225 4682 3464 4752 ἀνομίας
3487 4683 3743 4738 ἐλάσσων

2151 4781 2387 4848 γίνεται.

2151 4899 2167 4914 -
2229 4870 2441 4925 ’Λδικοι
2471 4870 2800 4925 ἀπολοῦνται
2825 4868 3133 4939 συντόμως.

2224 4963 2425 5026 Γενεάς
2452 4962 2641 5018 ἀδίκου
2673 4961 2865 5015 σκολιά
2885 4961 2955 5015 τὰ
2980 4959 3098 5029 ἔτη.

2223 5056 2315 5127 Μὴ
2346 5056 2599 5126 ὲπίχαιρε
2624 5055 2716 5108 έπὶ
2742 5055 3026 5124 χρήμασιν
3048 5051 3282 5116 ἀδίκοις.
3316 5050 3494 5104 Οὐδὲν
3523 5051 3640 5122 γὰρ
3668 5047 3742 5104 ὦ·

2153 5145 2481 5215 φελήσουσιν
2513 5147 2571 5199 ὲν
2602 5143 2788 5214 ἡμέρᾳ
2818 5143 3142 5213 ἐπαγωγῆς.

2224 5239 2417 5307 Δέησις
2452 5236 2816 5305 ἀδικουμένου
2847 5235 3362 5303 είσακουσθήσεται.

2234 5331 2294 5383 '0
2325 5330 2625 5400 οἰκοδομῶν
2646 5329 2746 5401 τὴν
2774 5328 2953 5382 οίκίαν
2987 5326 3152 5381 αὐτοῦ
3186 5328 3243 5379 έν
3261 5327 3556 5397 χρήμασιν
3586 5327 3745 5380 ἀλλοι

2149 5419 2321 5491 τρίοις
2352 5421 2429 5484 ὡς
2457 5423 2486 5474 ὁ
2511 5421 2765 5489 συνάγων
2801 5420 2931 5484 τοὺς
2967 5417 3152 5483 λίθους
3185 5417 3354 5471 αὐτοῦ
3395 5419 3480 5482 εἰς
3507 5420 3607 5472 τὸν
3632 5433 3749 5489 χει.

2154 5514 2421 5583 μάῤῥουν.

2221 5607 2374 5660 Λέων
2411 5604 2682 5674 ὲνεδρεύει
2711 5603 2908 5677 θήραν,
2939 5600 3112 5668 οὕτως
3143 5599 3397 5680 ἁμαρτία
3421 5601 3558 5666 τοὺς
3582 5603 3753 5673 ἔργε-

2039 5727 2049 5734 -
2151 5696 2414 5768 ζομένους
2446 5697 2627 5752 ἄδικα.
3165 5716 3179 5729 ·
