3960 6196
242 301 348 368 921

1067 305 1240 366 LOCI
1281 302 1725 365 COMMUNES.
1761 322 1824 338 -·
1862 299 2062 362 PARS
2107 302 2146 365 Ι.
2188 301 2453 362 SERMO
2487 302 2718 365 XLIII.

3401 307 3510 374 922

315 413 415 479 Εἷς
454 416 554 488 μὲν
593 416 624 471 ὁ
653 415 844 484 ὕπνος,
894 415 1096 481 πολλὰς
1118 416 1186 468 δὲ.
1209 416 1306 480 τὰς
1339 415 1624 476 ὑποθέσεις
1657 414 1753 467 καὶ
1795 414 1828 485 ή

2004 413 2168 470 Unus-
2189 416 2405 484 quidem
2435 431 2663 473 somnus
2697 424 2801 482 est,
2829 415 3028 471 multas
3059 431 3192 473 vero
3224 416 3348 488 ejus
3383 435 3507 476 car-

244 511 515 580 ἀπιθυμία
547 509 659 580 ἔχει
679 526 693 541 ·
722 511 865 576 λέγω
895 509 978 580 δὴ,
1009 511 1072 563 ὲκ
1118 511 1356 577 φύσεως,
1393 512 1456 563 ἐκ
1487 508 1822 579 βρωμάτων,

244 604 312 656 ἐκ
343 602 639 672 δαιμόνων,
691 601 724 671 ἦ
758 600 900 670 τάχα
949 603 1046 655 καὶ
1084 600 1144 665 ἐξ
1174 602 1347 672 ἄκρας
1377 601 1468 652 κοιλ⁵
1496 598 1828 666 ἐπιτεταμέ-

243 709 345 762 νης
383 691 662 762 νηστείας,
713 691 770 755 ἐξ
807 688 872 762 ἧς
903 690 1232 756 ὲξττονοῦσα
1275 692 1309 758 ἡ
1367 689 1524 760 σὰρξ,
1561 688 1630 742 δι’
1653 687 1826 742 ὕπνου

241 784 432 836 λοιπὶν
469 783 671 852 ἑαυτὴν
706 782 1221 853 παραμυθήσασθαι
1259 779 1534 853 βούλεται.
1706 809 1718 839 ι

319 871 532 943 Ὠστπερ
579 876 612 944 ἡ
667 875 1010 929 πολυπλασία
1047 875 1310 943 συνήθεια
1365 875 1604 944 εἴρηται,
1653 873 1828 936 οὕτως

240 971 338 1022 καὶ
372 969 405 1038 ἡ
438 967 766 1022 πολυυπνία.
815 967 1069 1021 Χαλεπὸν
1123 962 1217 1022 οὖν
1266 965 1560 1038 συνήθειαν
1609 966 1826 1037 μακράν

246 1060 529 1114 ἰάσασθαι.

333 1152 659 1223 Ἦμερήσιοι
700 1151 859 1205 ὕπνοι
908 1151 941 1221 ἢ
986 1151 1235 1222 σώματος
1263 1149 1583 1222 ὕχλησιν,ἢ
1637 1148 1824 1219 ψυχῆς

247 1241 605 1312 ἀδημοσύνην
635 1281 652 1308 ,
703 1241 736 1310 ἦ
793 1239 1034 1312 ἀργίαν,
1090 1240 1124 1311 ἢ
1199 1238 1564 1295 ἀπαιδευσίαν
1624 1239 1825 1308 σημαί-

244 1347 453 1386 νουσιν.

317 1423 394 1476 Τὸ
427 1422 606 1494 πέραν
639 1420 927 1477 καθεύδειν
976 1422 1072 1476 τοῦ
1118 1421 1419 1493 πρέποντος
1464 1422 1579 1486 τοῖς
1631 1417 1825 1489 τεθνη-

245 1515 367 1569 κόσι
399 1515 602 1585 μᾶλλον
628 1515 773 1588 ἥπερ
804 1518 923 1580 τοῖς
951 1515 1117 1580 ζῶσιν
1146 1514 1434 1585 ἁρμόδιον.

830 1608 1052 1663 ΛΟΓΟΣ
1099 1607 1142 1660 Μ
1155 1609 1226 1662 Γ’.

787 1702 929 1768 Περὶ
961 1701 1292 1754 ἐνυπνίων.

315 1791 504 1862 Μηδέν
536 1807 620 1845 σοι
647 1791 746 1845 καὶ
772 1752 1068 1861 ’τῶ-δικαίῳ
1102 1752 1316 1862 iung;-
1347 1790 1521 1846 πολλὰ
1551 1807 1660 1862 γαρ
1692 1789 1826 1845 ἐπα·
1856 1752 1898 1806 Β

244 1883 339 1938 θον
371 1886 610 1955 σήμερον
648 1883 773 1937 κατ’
803 1884 937 1954 ὄναρ
988 1882 1058 1936 δι’
1097 1883 1288 1938 αὐτόν.

323 1971 436 2035 Ἦν
463 1975 519 2028 δέ
550 1989 636 2035 τις
668 1971 917 2043 μαθητὴς
961 1973 1020 2026 ὲν
1063 1971 1361 2043 Δαμασκῷ,
1397 1971 1624 2041 ὀνόματι
1666 1973 1826 2027 Ἀνα-

243 2066 387 2129 νίας,
435 2064 530 2118 καὶ
584 2059 706 2137 εἷπε
766 2061 906 2132 πρὸς
960 2061 1124 2117 αὑτὸν
1156 2064 1185 2118 ὁ
1220 2063 1425 2134 Κύριος
1456 2065 1516 2117 ἐν
1548 2064 1820 2134 ὁράματι,

244 2175 299 2212 κ.
327 2174 381 2211 τ.
411 2157 464 2212 λ.

315 2245 687 2319 Παραγίνεται
719 2245 978 2301 ἐνύπνιον
1004 2247 1065 2300 ὲν
1100 2243 1302 2316 πλήθει
1344 2245 1687 2316 πειρασμοῦ.

334 2424 428 2489 Ὠς
475 2426 505 2480 ὁ
556 2423 923 2496 δρασσόμενος
950 2422 1132 2486 σκιᾶς,
1174 2419 1272 2474 καὶ
1316 2418 1533 2474 διώκων
1561 2417 1820 2490 ἀνέμους,

251 2516 426 2580 οὕτως
476 2518 506 2570 ὁ
540 2516 823 2587 προσέχων
855 2513 1148 2576 ἐνυπνίοις.

331 2607 423 2672 Ὠς
455 2609 562 2678 γὰρ
601 2607 698 2660 ἐπὶ
747 2605 887 2659 πολὺ
947 2605 1017 2658 τὰ
1073 2604 1198 2658 καθ’
1235 2603 1405 2658 ὕπνον
1451 2605 1823 2675 φαντάσματα

246 2698 354 2754 τῶν
390 2696 778 2768 μεθημερινῶν
811 2697 1033 2751 ἐννοιῶν
1086 2699 1226 2750 εἰσιν
1276 2697 1645 2769 ὰπηχήματα.

324 2792 610 2860 Πεφύκασι
649 2791 758 2861 γάρ
784 2807 903 2853 πως
932 2791 988 2842 αἱ
1041 2789 1164 2844 καθ’
1195 2789 1363 2844 ὕπνον
1403 2790 1718 2861 φαντασίαι,
1750 2791 1826 2854 ὡς

245 2887 316 2941 τὰ
347 2882 521 2937 πολλὰ
544 2882 893 2965 ἀπηχήματα
928 2875 1069 2934 εἶναι
1099 2881 1207 2933 τῶν
1240 2881 1628 2954 μεθημερινῶν
1661 2900 1826 2953 φρονο

1933 505 2096 575 pendi
2151 509 2522 576 suggestiones
2566 510 2836 579 cupiditas
2896 510 3100 564 habet:
3149 511 3424 577 videlicet,
3473 529 3506 569 a

1929 609 2148 662 natura,
2192 613 2220 652 a
2259 598 2418 661 cibis,
2454 616 2482 653 a
2523 601 2882 666 daemonibus,
2937 610 2993 656 et
3053 601 3196 657 forte
3249 601 3415 659 etiam
3473 617 3505 659 a

1930 704 2148 746 summo
2175 699 2230 745 et
2265 691 2483 746 intenso
2527 691 2758 762 jejunio,
2809 708 2920 763 quo
2971 693 3254 751 debilitata
3308 705 3504 753 natura

1930 797 2124 837 somno
2153 782 2338 838 statim
2369 798 2430 838 se
2459 797 2707 838 recreare
2737 784 2912 853 cupit.

2005 873 2477 938 Quemadmodum
2545 874 2902 930 vinolentiam
2972 889 3239 934 vocamus
3302 877 3504 933 malam

1927 967 2218 1036 quamdam
2237 968 2707 1032 consuetudinem,
2739 968 2820 1022 sic
2848 975 2902 1022 et
2920 969 3362 1024 soinnolentiam.
3392 969 3508 1025 Dii-

1929 1059 2070 1113 licile
2101 1069 2184 1114 est
2219 1069 2399 1114 autem
2428 1060 2814 1116 consuetudini
2842 1059 3014 1131 longae
3050 1061 3278 1115 mederi.

2004 1150 2192 1204 Diurni
2228 1151 2407 1206 somni
2456 1161 2550 1206 aut
2600 1153 2849 1222 col-poris
2896 1152 3204 1208 molestiam
3240 1153 3503 1222 aliquam,

1927 1249 2022 1295 aut
2065 1242 2264 1296 animat
2310 1245 2661 1312 anxietatem,
2703 1252 2794 1299 aut
2828 1245 3140 1315 segnitiem,
3196 1254 3290 1299 aut
3337 1245 3507 1314 impe-

1927 1333 2104 1387 ritiam
2131 1342 2390 1404 arguunt.

1992 1424 2283 1480 disc/linis.
2315 1427 2554 1482 Somnus
2585 1427 2898 1482 diuturnior
2923 1442 3085 1496 quam
3109 1427 3317 1494 deceat,
3359 1443 3506 1482 mor-

1926 1516 2034 1572 tuis
2071 1518 2252 1586 potius
2281 1532 2443 1586 qnam
2472 1517 2611 1572 vivis
2643 1517 2919 1573 convenit.

2309 1609 2542 1666 SEltMO
2588 1608 2747 1664 XLIII
2785 1609 2884 1682 [αι.
2934 1609 3120 1682 LXX].

2512 1700 2586 1754 De
2617 1701 2914 1754 insomniis.

2004 1789 2201 1844 Matth.
2234 1807 2401 1847 xxvii.
2447 1791 2592 1846 Nihil
2623 1792 2724 1846 tibi
2751 1802 2803 1846 et
2828 1791 2978 1859 justo
3003 1791 3116 1855 illi;
3157 1791 3324 1845 multa
3355 1792 3500 1846 enim

1929 1893 2124 1947 passus
2155 1897 2274 1936 sum
2310 1883 2468 1936 hodie
2498 1883 2554 1936 in
2594 1881 2807 1938 somnis
2838 1892 3055 1951 propter
3088 1882 3290 1949 ipsum.

1999 1973 2116 2024 Act.
2152 1988 2226 2026 ιι.
2274 1973 2401 2027 Erat
2443 1984 2624 2027 autem
2671 1973 2977 2041 discipulus
3011 1972 3064 2026 in
3099 1971 3366 2026 Damasco
3401 1986 3502 2023 no-

1925 2064 2072 2118 mine
2099 2064 2360 2132 Anauias,
2397 2075 2450 2121 et
2483 2067 2622 2121 dixit
2644 2066 2710 2121 ad
2737 2082 2860 2122 eum
2887 2064 3150 2121 Dominus
3182 2063 3235 2118 in
3265 2061 3500 2131 visione,

1925 2163 2034 2210 CIC.

1994 2245 2271 2302 Salomon.
2306 2248 2640 2305 lnsomnium
2663 2249 2885 2305 accedit
2913 2249 2966 2304 in
3002 2247 3351 2304 multitudine
3383 2257 3505 2304 ten-

1926 2335 2168 2389 tationis.

1996 2422 2167 2479 Eccli.
2201 2440 2386 2479 xxxiv.
2425 2425 2528 2492 Qui
2577 2427 2829 2482 observat
2863 2427 3156 2494 insomnia,
3188 2424 3386 2482 similis
3413 2435 3505 2480 est

1922 2515 2158 2586 captanti
2196 2518 2444 2572 umbram
2477 2526 2532 2572 et
2562 2527 2752 2573 ventos
2786 2519 3153 2587 persequenti.

1992 2609 2100 2679 83
2134 2610 2346 2664 Basilii.
2400 2610 2822 2679 Imaginationes
2856 2609 2908 2663 in
2959 2608 3171 2663 somnis
3217 2619 3277 2664 ut
3328 2607 3502 2679 pluri-

1924 2711 2072 2754 mum
2104 2701 2316 2774 diurnis
2346 2702 2765 2773 cogitationibus
2796 2700 3152 2786 respondent.

1997 2793 2183 2848 Solent
2237 2796 2382 2848 enim
2454 2793 2568 2849 fere
2615 2793 3035 2864 imaginationcs
3069 2796 3118 2846 in
3157 2793 3390 2858 Samnis,
3442 2802 3506 2849 ut

1927 2883 2222 2953 plurimum
2281 2885 2610 2952 respondere
2644 2883 2790 2938 curis
2829 2882 3063 2937 diurnis.
3104 2883 3295 2948 Qualia
3351 2885 3503 2937 enim

243 2978 428 3033 τίδων.
471 2975 666 3028 Ὀποία
719 2973 829 3041 γάρ
878 2972 947 3026 ἂν
1077 2973 1152 3026 τὰ
1199 2973 1343 3027 κατὰ
1377 2974 1470 3027 τὸν
1518 2973 1633 3043 βίον
1667 2973 1825 3044 ἡμῶν

1976 2975 2135 3030 Ierint
2185 2977 2308 3029 vitae
2344 2984 2545 3032 nostra:
2597 2975 2798 3040 studia,
2827 2976 2953 3031 talia
2979 2977 3294 3032 necessu-io
3334 2978 3501 3032 etiam

241 3067 660 3140 ἐπιτηδεύματα
685 3104 701 3131 ,
747 3063 975 3119 τοιαῦτα
1023 3065 1238 3136 ἀνάγκη
1284 3059 1424 3119 εἶναι
1457 3066 1552 3119 καὶ⁵
1591 3065 1662 3119 τὰ
1701 3065 1822 3118 ἐνύ-

1976 3067 2201 3122 ιεοιιῑιιὶθ
2236 3067 2379 3120 lient.
2972 3077 2978 3083 '

239 3177 404 3219 πνια.

321 3254 394 3308 Ai
438 3252 638 3317 νύκτες
693 3249 794 3316 τὰς
864 3234 1245 3321 μεθημερινὰς
1297 3248 1589 3320 φροντίδας
1644 3265 1824 3321 παρα-

240 3343 500 3412 λαϐοῦσι,
540 3347 598 3400 ὲν
643 3346 765 3408 ταῖς
815 3341 1001 3398 αὐτῶν
1029 3341 1357 3412 φαντασίαις
1389 3339 1702 3407 ἐξαπατῶσι
1731 3341 1824 3396 τὸν

239 3439 398 3493 νοῦν.

315 3531 397 3584 Τὸ
427 3528 549 3584 κατ’
569 3528 702 3600 ὄναρ
736 3529 864 3584 ἰδεῖν
885 3527 956 3584 τὰ
979 3525 1315 3594 ποθούμενα,
1351 3527 1507 3598 φέρει
1537 3529 1652 3590 τοῖς
1683 3527 1823 3596 ἀγα-

241 3623 400 3676 πιῖισι
427 3623 805 3692 παραμυθίαν.

322 3717 391 3770 Oi
425 3716 566 3787 μέθῃ
613 3716 711 3770 καὶ
765 3713 1046 3785 ἀδηφαγίᾳ
1074 3711 1470 3782 δεδουλωμένοι
1499 3710 1624 3765 οὕτε
1653 3710 1824 3766 ὕπνον

240 3808 542 3880 αἱροῦνται
572 3810 793 3880 γνήσιον
850 3807 945 3861 καὶ
999 3806 1269 3874 εἰλικρινῆ
1297 3843 1313 3871 ,
1361 3800 1485 3856 οὕτε
1530 3802 1826 3873 ὀνειράτων

242 3903 686 3959 ἀπαλλάττονται
719 3901 991 3970 φοϐερῶν.

334 3991 398 4045 '0
431 3994 543 4055 τοῖς
589 3991 823 4062 ὀνείροις
880 3988 1172 4060 προσέχων
1220 3987 1370 4041 ἔοικε
1415 3985 1493 4056 τῷ
1533 3983 1632 4057 τὴν
1664 3985 1826 4040 σκιὰν

244 4084 423 4142 αὐτοῦ
464 4082 876 4138 καταδιώκοντι.

334 4179 576 4233 Ὀπόταν
627 4178 685 4231 ὲν
721 4178 835 4240 τοῖς
878 4174 1074 4238 ὕπνοις
1121 4173 1235 4237 τοῖς
1267 4171 1490 4243 δαίμοσι
1540 4169 1826 4225 πείθεσθαι

250 4271 552 4342 ἀρξώμεθα
577 4308 593 4336 ,
632 4269 754 4322 τότε
806 4268 992 4322 λοιπὸν
1024 4266 1139 4330 ,καὶ
1196 4265 1571 4338 ἐγρηγορότας
1618 4263 1825 4334 ἐμπαίο

251 4367 464 4433 ζουσιν.

843 4452 1061 4508 ΛΟΓΟΣ
1106 4451 1236 4505 MA'.

814 4543 953 4614 Περὶ
982 4544 1264 4607 πίστεως.

321 4642 545 4712 Χάριτι.
579 4642 701 4692 ἐστε
751 4638 1078 4707 σεσωσμένοι
1135 4637 1225 4690 διὰ
1269 4637 1366 4705 τῆς
1415 4634 1672 4700 πίστεως,
1727 4631 1819 4690 καί

260 4736 417 4790 τοῦτο
441 4733 543 4786 οὐκ
574 4732 630 4797 εξ
651 4730 830 4800 ὑμῶν·
853 4728 988 4783 Θεοῦ
1009 4729 1070 4782 τὸ
1092 4727 1285 4795 δῶρον,
1307 4726 1407 4779 οὐκ
1430 4725 1488 4790 ἐξ
1517 4726 1716 4796 ἔργων,
1737 4727 1826 4778 ἵνα

258 4830 333 4898 μή
360 4844 442 4889 τις
470 4825 838 4893 καυχήσηται.

333 4916 526 4978 Πίστις
568 4915 713 4966 ἐστὶν
735 4912 1107 4982 ἐλπιζομένων
1137 4911 1458 4972 ὑπόστασις,
1484 4905 1829 4977 πραγμάτων

254 5009 484 5076 ἔλεγχος
506 5007 567 5059 οὐ
597 5006 965 5076 βλεπομένων.

339 5099 822 5169 Ἐπιδεικνυμένην
872 5097 1057 5148 πίστιν
1113 5092 1407 5160 ἀναγγελεῖ
1464 5090 1686 5151 δίκαιος.

326 5257 559 5332 Πιίστευε
589 5276 666 5346 τῷ
691 5275 901 5345 Κυρίῳ,
942 5273 1034 5326 καὶ
1067 5271 1272 5341 ἔμμενε
1306 5268 1386 5334 τῷ
1417 5266 1564 5329 πόνῳ
1601 5280 1716 5325 σου,
1750 5264 1834 5315 ὅτι

245 5372 461 5438 κοῦφον
516 5371 574 5421 ἐν
637 5367 938 5436 ὁφθιλμοίς
1005 5362 1208 5432 Κυρίου
1258 5359 1491 5424 ἐξάπινα
1544 5355 1830 5407 πλουτίσαι

241 5463 489 5532 πένητα.
519 5460 674 5523 Δὸσις
705 5458 912 5529 Κυρίου
945 5455 1248 5524 παραμενεί
1281 5448 1553 5503 εὐσεϐέσι.

330 5553 406 5606 Τὸ
429 5553 538 5621 γὰρ
564 5551 664 5603 οὐκ
693 5549 934 5619 ἐφικτὸν,
961 5547 1081 5602 οὐδὲ
1109 5546 1300 5598 πιστόν
1331 5559 1444 5605 πως
1474 5539 1563 5593 διὰ
1589 5539 1679 5591 τὸν
1701 5537 1833 5607 φθὸ-

1856 4412 1904 4467 D

1997 3242 2198 3297 Noctes
2253 3244 2531 3314 excipiunt
2567 3259 2730 3302 curas
2779 3246 3017 3310 dierum,
3057 3260 3262 3314 easque
3310 3245 3504 3318 imagi-

1929 3336 2109 3392 nando
2141 3335 2378 3390 illudunt
2409 3337 2630 3394 animis.

1997 3511 2054 3565 In
2101 3511 2309 3568 somnis
2345 3511 2530 3568 videre
2579 3526 2679 3568 sua
2731 3509 3029 3576 desideria,
3078 3510 3337 3568 solatium
3397 3508 3503 3568 l'ert

1927 3604 2265 3657 amantibus.

2003 3693 2121 3748 Nili
2162 3694 2263 3760 Qui
2281 3693 2448 3750 dediti
2473 3701 2605 3748 sunt
2623 3690 2871 3746 ebrietati
2889 3698 2944 3745 et
2962 3689 3122 3760 gulae,
3145 3690 3224 3744 illi
3246 3705 3502 3745 somnum

1927 3793 2220 3861 genuinum
2257 3788 2641 3856 sincerumque
2667 3800 2778 3842 non
2808 3786 3054 3855 capiunt,
3083 3793 3140 3841 et
3166 3785 3507 3840 terribilibus

1930 3881 2218 3937 insmmtiis
2245 3881 2571 3935 alliciuntut‘.

1999 3976 2101 4042 Qui
2133 3971 2700 4033 observatinsomnia,
2731 3969 2924 4026 similis
2950 3977 3036 4026 est
3068 3969 3315 4024 umbram
3343 3982 3504 4023 suam

1930 4067 2299 4140 persequenti.

2004 4160 2232 4228 Quando
2255 4160 2309 4214 in
2335 4157 2543 4214 somnis
2571 4155 2913 4212 daemonibus
2935 4153 3158 4210 obedire
3179 4151 3504 4223 incipimus,

1929 4262 2062 4310 tunc
2088 4254 2250 4310 etiam
2283 4251 2568 4321 vigilantes
2601 4251 2859 4320 deinceps
2887 4246 3145 4302 illudunt.

2315 4427 2548 4486 SERMO
2575 4426 2738 4482 xuv
2775 4424 2876 4499 [αι.
2905 4424 3114 4498 CLIX].

2553 4522 2629 4576 De
2657 4522 2763 4590 ﬁde
2784 4521 2884 4592 (ι).

2005 4618 2194 4685 Ephes.
2247 4632 2309 4670 ιι.
2346 4615 2530 4671 Gratia
2563 4613 2760 4668 servati
2794 4615 2927 4668 estis
2976 4626 3072 4682 per
3130 4610 3288 4664 iidem
3339 4608 3504 4678 idque

1931 4726 2041 4766 non
2096 4725 2164 4764 cx
2214 4709 2369 4762 vobis
2399 4725 2414 4761 :
2443 4707 2534 4762 Dei
2585 4707 2784 4759 donum
2816 4715 2936 4772 est,
2987 4719 3094 4758 non
3125 4718 3188 4755 ex
3225 4701 3504 4770 operibus,

1931 4819 2000 4859 ne
2036 4804 2160 4872 quis
2189 4801 2470 4873 glorietur.

2003 4895 2170 4949 Hebr.
2207 4909 2280 4948 χι.
2313 4891 2474 4946 Fides
2502 4900 2585 4945 est
2625 4889 3018 4958 spcrandorum
3053 4884 3382 4951 substantia,
3411 4896 3504 4936 ar-

1932 4995 2246 5059 gumentum
2281 4999 2462 5040 rerum
2487 4999 2606 5051 qua:
2640 4997 2744 5037 non
2781 4989 3063 5050 apparent.

2005 5082 2277 5136 Sa!omon.
2305 5079 2522 5133 Ccrtam
2555 5087 2608 5131 et
2635 5075 2934 5130 exliibiiam
2974 5073 3132 5126 iidem
3161 5071 3505 5140 protitcbitur

1931 5175 2133 5244 justus.

2011 5265 2178 5318 Eccli.
2207 5281 2282 5318 xi.
2315 5261 2486 5316 Crede
2520 5261 2769 5318 Domino,
2796 5266 2848 5310 et
2879 5269 3034 5308 mane
3065 5255 3118 5306 in
3155 5253 3341 5304 labore
3370 5257 3503 5300 tuo:

1939 5355 2194 5425 quoniam
2233 5353 2390 5406 facile
2422 5327 2505 5406 est
2533 5365 2712 5404 coram
2749 5347 2976 5398 Dimiino
3006 5351 3297 5411 pauperum
3330 5333 3512 5388 θυιιίιο

1941 5449 2136 5501 ditare.
2168 5442 2410 5512 Largitio
2445 5440 2654 5494 Domini
2688 5437 2825 5506 apud
2857 5450 2970 5504 pios
3003 5425 3365 5499 permanebit.

2014 5511 2469 5603 Tlteologi.rQuod
2526 5529 2725 5600 aliquis
2777 5542 2882 5579 non
2934 5527 3109 5592 potest
3160 5513 3403 5586 assequi,
3451 5511 3506 5569 id

333 5733 412 5805 (l)
439 5734 658 5790 Inerant
688 5749 792 5790 non
813 5746 980 5804 pauca
1007 5737 1126 5800 quae
1159 5730 1322 5784 etiam
1357 5724 1624 5797 habentur
1655 5731 1821 5789 supra
1861 5719 2030 5788 prima
2064 5731 2312 5772 sermone
2345 5731 2358 5766 :
2401 5728 2462 5767 ea
2499 5711 2584 5766 hic
2619 5707 2922 5763 mnisﬁnus.
