3960 6196
1058 309 1228 371 LOCI
1272 308 1713 374 COMM‘UN‘ES.
1757 334 1826 347 -
1858 308 2057 370 PARS
2084 307 2134 372 Ι.
2175 306 2433 368 SERMO
2478 307 2685 371 XLIX.

3383 308 3493 371 930

301 423 472 479 Οὐδὲν
497 419 690 492 ὄφελος
715 422 1100 494 κατηχήσεως,
1128 426 1259 480 ὅταν
1290 427 1322 497 ἡ
1352 425 1443 478 διὰ
1489 426 1599 481 τῶν
1629 424 1808 496 ἔργων
1839 450 1849 484 Α

1980 419 2295 490 Nihiljuvat
2326 419 2594 476 institutio
2616 418 2800 475 verbis
2831 390 2995 481 facta,
3024 415 3130 472 nisi
3160 416 3335 488 ipsius
3361 433 3494 489 ope-

232 513 501 580 ἐπίδειξις
537 514 613 586 μὴ
643 514 919 585 συμδαίνῃ
946 517 1059 578 τοῖς
1087 516 1422 587 λεγομένοις.

308 608 613 679 Βουλοίμην
656 608 701 660 δ’
741 609 809 663 ἂν
856 608 967 677 ἐγὼ
1018 609 1126 663 τῶν
1170 609 1392 678 ἀγαθῶν
1442 628 1497 664 τι
1542 610 1814 681 λεγόντων

230 698 459 753 ἀκούειν
490 698 714 766 μᾶλλον,
740 699 775 769 ἢ
804 699 982 769 λέγειν
1009 700 1193 764 αὐτός.

303 788 573 860 Περισσὸς
616 791 726 852 πᾶς
770 788 930 857 λόγος
969 789 1106 860 πρὸς
1139 790 1448 859 διόρθωσιν,
1480 792 1610 844 ὅταν
1638 791 1673 861 ἡ
1702 790 1813 844 τῶν

231 881 544 935 ἀκουόντων
577 880 717 953 πρὸς
738 883 796 935 τδ
828 886 1013 953 χεῖρον
1048 882 1276 937 νεύουσα
1305 885 1509 954 σπουδὴ
1537 885 1646 950 τοῖς
1671 882 1813 954 μετά

234 970 554 1054 συμβουλὴν
578 972 896 1042 λεγομένοις
927 972 1186 1037 ἐναντίως
1210 974 1510 1029 διάκειται.

302 1148 648 1218 Κατόπτροις
678 1148 923 1202 ἐοίκασιν
951 1150 1003 1203 oi
1034 1150 1207 1220 λόγοι,
1238 1150 1337 1206 καὶ
1353 1149 1546 1222 ῶσπερ
1571 1151 1630 1205 ὲν
1669 1149 1815 1204 ὲκεί-

230 1256 350 1303 νοις
395 1242 424 1293 ό
474 1239 569 1293 τοῦ
606 1241 860 1310 σώματος
905 1241 1001 1296 καὶ
1042 1242 1143 1312 τῆς
1191 1245 1409 1314 μορφῆς
1453 1240 1815 1311 ἐμφανίζεται

231 1329 428 1395 τύπος,
462 1328 636 1392 οὕτως
680 1330 740 1383 ἐν
780 1333 899 1393 ταῖς
945 1331 1185 1400 ὁμιλίαις
1214 1331 1276 1385 τὸ
1305 1332 1403 1402 τῆς
1439 1330 1620 1403 ψυχῆς
1671 1326 1816 1395 εἶδος

233 1423 782 1494 χαρακτηριζόμενον
808 1423 1134 1494 καθορᾶται.

303 1514 437 1569 Τότε
461 1515 616 1569 ἀνύει
638 1513 973 1580 διδάσκαλος,
1002 1518 1095 1569 καὶ
1120 1515 1435 1571 πιστεύεται
1464 1515 1660 1586 λέγων,
1685 1516 1816 1571 ὅταν

233 1609 330 1678 ἀφ’
370 1601 450 1662 ὧν
499 1609 730 1681 πράττει
761 1610 1015 1684 παιδεὺῃ,
1045 1611 1188 1665 κατά
1222 1611 1283 1664 τό
1308 1627 1323 1643 ·
1371 1629 1392 1664 ι
1421 1605 1524 1665 Ὧν
1553 1609 1757 1682 ἠρξαὶο
1785 1612 1815 1663 ὁ

246 1700 458 1771 Ἰησοῦς
497 1704 674 1757 ποιεῖν
700 1720 758 1757 τε
789 1705 883 1758 καὶ
914 1703 1243 1769 διδάσκειν..
1618 1691 1622 1696 ’

1917 514 1995 570 ris
2022 512 2288 569 exhibitio
2323 512 2488 568 dictis
2525 512 2769 568 accedat.

1988 605 2143 674 (ἔτερ.
2182 603 2411 674 Nyssen.
2452 604 2633 659 Malim
2685 604 2941 675 equidem
3003 603 3194 659 audire
3249 603 3494 665 dicentes

1914 698 2119 769 aliquid
2153 697 2306 758 boni.
2335 711 2499 767 quam
2532 697 2644 765 ipse
2668 698 2871 752 dicere.

1989 789 2128 845 Nili.
2169 787 2391 846 Frustra
2426 788 2777 843 insumuntur
2803 790 2987 846 omnia
3019 792 3179 846 verba
3214 792 3279 847 ad
3304 807 3491 847 emen-

1914 882 2218 949 dationem,
2250 879 2474 951 quando
2506 880 2724 934 animus
2755 882 3096 937 audientium
3125 887 3189 937 ad
3221 885 3489 943 deteriora

1917 975 2216 1040 inclinans,
2246 974 2583 1030 contrarium
2606 975 2939 1045 consultoris
2976 977 3225 1047 sermoni
3271 979 3494 1032 institu-

1918 1075 2031 1121 tum
2058 1067 2243 1120 habet.

1994 1154 2170 1211 Photii
2199 1154 2543 1224 patriarcha'.
2578 1153 2811 1224 Speculo
2861 1155 3057 1211 similis
3103 1166 3187 1212 est
3213 1172 3416 1222 svrmo,
3444 1165 3498 1211 et

1918 1249 2061 1305 sicut
2110 1248 2167 1303 in
2198 1248 2307 1302 illis
2346 1257 2769 1317 reprtesentatur
2801 1249 3010 1317 species
3032 1249 3278 1317 corporis
3306 1259 3362 1304 et
3391 1250 3499 1303 ror-

1916 1354 2042 1403 ωσι,
2075 1338 2152 1394 ita
2178 1337 2232 1392 in
2253 1336 2544 1407 colloquiis
2571 1336 2768 1391 animae
2790 1335 2965 1391 forma
2999 1352 3255 1408 expressa
3281 1340 3499 1408 conspi-

1920 1431 2087 1488 citur.

1992 1521 2233 1593 Didymi.
2271 1521 2411 1577 Tum
2441 1520 2659 1591 prolicit
2685 1520 2968 1588 magister,
2994 1529 3048 1575 et
3082 1519 3240 1574 [idem
3267 1519 3497 1583 dicendo

1919 1610 2071 1678 facit,
2094 1627 2223 1668 eum
2256 1614 2375 1667 suis
2401 1611 2668 1682 operibus
2714 1611 2895 1678 docet,
2919 1610 3071 1679 juxta
3104 1610 3272 1665 illud:
3321 1629 3339 1663 ι
3368 1609 3499 1675 Quae

1917 1706 2084 1775 empit
2110 1705 2273 1760 Jesus
2291 1704 2470 1759 facere
2491 1713 2545 1759 et
2574 1708 2792 1758 docere.
2824 1721 2844 1756 ι

309 1795 432 1858 Βίας
455 1795 585 1849 ἄνευ
616 1795 775 1864 λόγου
818 1796 1022 1867 μᾶλλον
1054 1796 1285 1867 ὠφελεῖν
1313 1797 1567 1865 πέφυκεν
1595 1798 1629 1869 ἢ
1654 1796 1813 1864 λόγος
1844 1779 1849 1834 ἶ

1989 1795 2189 1850 lsidori
2224 1795 2533 1850 Pelusium.
2573 1793 2693 1848 Vita
2722 1795 2840 1849 sine
2874 1810 3130 1851 sermone
3159 1796 3276 1862 plus
3307 1795 3499 1865 iuvare

235 1885 365 1939 ἄνευ
404 1884 522 1954 βίου
550 1900 563 1914 ·
606 1884 635 1938 ὁ
668 1886 767 1956 μὲν
800 1887 905 1956 γὰρ
933 1886 1029 1941 καὶ
1077 1887 1248 1954 σιγῶν
1277 1885 1506 1957 ὠφελεῖ,
1533 1888 1561 1940 ό
1587 1885 1644 1939 δὲ
1675 1884 1815 1955 βοῶν

235 1975 469 2047 ἐνοχλεῖ.
501 1973 563 2029 El
597 1978 653 2030 δὲ
682 1978 775 2030 καὶ
799 1977 956 2046 λόγος
997 1976 1093 2030 καὶ
1133 1976 1251 2045 βίος
1285 1978 1638 2049 συνδράμειε,
1667 1977 1819 2045 φιλο-

239 2068 434 2136 σοφίας
466 2067 687 2137 ἀπάσης
724 2067 1149 2135 ἀποτελέσουσιν
1184 2068 1433 2140 ἄγαλμα.

312 2247 529 2317 Πρᾶττε
556 2244 816 2315 λογικῶς,
847 2246 943 2301 καὶ
968 2246 1096 2316 λέγε
1126 2247 1475 2317 πρακτικῶς.
1653 2272 1657 2275 τ

319 2340 558 2396 Ἐσθλῶν
594 2341 693 2411 μὶν
725 2340 834 2408 γὰρ
878 2339 975 2395 ἀπ’
1009 2338 1176 2393 ἐσθλὰ
1217 2339 1490 2406 διδάξεαι*
1525 2338 1592 2393 ἂν
1630 2339 1688 2393 δὲ
1718 2355 1818 2393 κα-

1579 2427 1750 2501 [κοῖσι

395 2526 713 2596 Συμμιγῇς,
740 2522 963 2593 ἀπολεῖς
991 2523 1089 2579 καὶ
1115 2523 1211 2577 τὸν
1242 2521 1402 2577 ἐόντα
1421 2521 1562 2576 νόον.

310 2619 395 2673 Τά
439 2618 540 2688 μὲν
570 2618 680 2688 γὰρ
721 2615 950 2687 σώματα
996 2618 1112 2680 τοῖς
1157 2616 1500 2686 συμμέτροις
1551 2613 1756 2680 πόνοις.
1782 2612 1817 2682 ἡ

236 2714 299 2767 δὲ
341 2712 494 2786 ψυχὴ
530 2715 644 2777 τοῖς
681 2711 994 2777 σπουδαίοις
1026 2709 1211 2779 λόγοις
1253 2706 1518 2774 αὔξεσθαι
1548 2707 1813 2777 πέφυκεν.

329 2803 424 2860 Ἑν
454 2804 554 2874 μὲν
598 2807 710 2869 τοῖς
750 2803 1038 2875 ἐσόπτροις
1081 2803 1110 2856 ό
1145 2801 1245 2872 τῆς
1278 2800 1475 2871 ὅψεως,
1521 2800 1582 2852 ὲν
1608 2799 1666 2854 δὲ
1697 2800 1818 2862 ταῖς

236 2895 483 2966 ὁμιλίαις
516 2895 546 2948 ό
572 2894 675 2968 τῆς
702 2892 881 2966 ψυχῆς
913 2893 1201 2965 χαρακτὴρ
1225 2892 1507 2963 βλέπεται.

329 2985 421 3039 Ἐν
457 2985 700 3057 συλλόγῳ
728 2985 946 3055 πρῶτος
987 2985 1167 3053 λέγειν
1199 2983 1274 3056 μὴ
1318 2983 1625 3054 ὲπιτήδευε.
1658 2983 1817 3038 Μετά

234 3078 352 3152 γὰρ
379 3077 629 3143 πλείονας
652 3076 850 3147 λέγων,
867 3076 989 3148 ὕψει
1014 3076 1215 3149 μᾶλλον
1234 3075 1306 3129 τὰ
1332 3076 1705 3146 συμφέροντα.

310 3250 379 3304 Δί
412 3247 515 3321 μὲν
540 3248 812 3320 χελιδόνες
856 3246 1040 3304 εὐδίαν
1066 3247 1199 3317 ἡμῖν
1233 3243 1726 3317 προσημαίνουσιν,
1770 3242 1821 3296 oi

232 3343 296 3398 δὲ
331 3343 396 3396 εκ
421 3341 741 3412 φιλοσοφίας
767 3342 918 3412 λόγοι
947 3339 1205 3396 ἀλυπίαν.

310 3522 479 3581 Mm?»
508 3524 773 3595 πονηρὸν,
800 3522 1037 3595 χρηστὸν
1069 3520 1201 3576 ὅταν
1232 3520 1362 3592 εἴπῃ
1393 3519 1570 3588 λόγον.

311 3619 398 3673 Td
427 3612 546 3673 ῶτά
589 3635 686 3673 σου
722 3618 799 3688 μὴ
845 3617 1012 3670 πᾶσιν
1057 3614 1225 3686 ὕπεχε
1254 3614 1459 3685 λόγοις.
1494 3615 1678 3684 Λόγος
1708 3613 1819 3685 γάρ

236 3711 413 3775 κακὸς
445 3710 633 3765 κακῶν
661 3710 838 3781 ἔργων
864 3708 1111 3782 ἡγεμών.
1660 3714 1683 3739 λ

308 3803 461 3855 Ἴσον
507 3801 688 3854 ἑκείνο
717 3799 850 3871 παρ’
887 3801 1013 3870 ἐμοὶ
1045 3801 1317 3870 κέκριται,
1348 3797 1599 3853 ωοονέειν
1628 3813 1689 3851 τε
1732 3789 1819 3863 εὖ,

237 3895 339 3952 καὶ
369 3893 451 3966 τῷ
477 3894 689 3962 λέγοντι
719 3893 933 3962 χρηστά
958 3890 1266 3945 πείθεσθαι.

321 3984 700 4057 Δῖρετώοτερόν
724 4001 808 4039 σοι
833 3983 978 4039 ἔστω
1024 3982 1173 4036 λίθον
1203 3982 1324 4053 εἰκῆ
1368 3979 1555 4053 βαλεῖν
1584 3982 1618 4053 ἢ
1651 3979 1822 4051 ἀργὸν

238 4082 428 4149 λόγον.

325 4173 641 4244 θίνοπίδης,
689 4170 851 4226 ὁποία
904 4172 940 4243 ἡ
1000 4171 1164 4241 φύσις
1195 4170 1293 4225 τοῦ
1342 4168 1634 4240 ἀνθρώπου
1680 4167 1817 4234 ἐστὶ,

240 4265 488 4320 τοιοῦτον
516 4263 755 4333 ἔφασκεν
781 4257 923 4315 εἴναι
951 4264 1047 4315 καὶ
1069 4262 1164 4317 τὸν
1190 4261 1373 4330 λόγον.

322 4356 604 4429 Ῥωμύλος
630 4355 722 4409 τὸν
752 4354 853 4422 μὲν
884 4353 1126 4422 κέραμον
1153 4353 1218 4405 ὲκ
1255 4350 1349 4405 τοῦ
1378 4349 1548 4403 κόπου
1590 4350 1698 4420 ἔφη
1729 4348 1818 4403 δο-

242 4448 604 4524 κιμάζεσθαι,
630 4448 722 4501 τὸν
749 4447 807 4500 ει
836 4445 1125 4515 ἄνθρωπον
1153 4444 1220 4497 ὲκ
1247 4442 1341 4496 τοῦ
1375 4443 1558 4511 λόγου.

333 4538 553 4608 ’Δνδρὺς
581 4535 868 4606 χαρακτὴρ
892 4536 956 4587 εκ
978 4534 1138 4601 λόγου
1166 4532 1518 4601 γνωρίζεται.

315 4632 397 4686 οὗ
431 4627 642 4684 πώποτ’
673 4626 838 4699 ἔργου
871 4624 1074 4697 μᾶλλον
1102 4623 1332 4692 εἱλόμην
1356 4623 1571 4692 λόγους.

840 4845 1058 4900 ΛΟΓΟΣ
1092 4846 1226 4901 ΜΘ’.

777 4962 918 5031 Περὶ
950 4962 1295 5029 νουθεσίας.

208 5070 215 5085 “
329 5077 432 5133 ’ἰδὲ
456 5076 620 5149 ὑγιὴς
646 5075 908 5147 γέγονας,
929 5074 1131 5147 μηκέτι
1155 5074 1467 5148 ἁμάρτανε.
1494 5074 1585 5131 ἵνα
1613 5074 1690 5147 μὴ
1713 5076 1823 5148 χεῖ-

246 5170 342 5243 ρόν
367 5168 422 5223 τί
451 5187 536 5224 σοι
567 5169 802 5239 γένοιτο.

318 5256 759 5332 Παρακαλοῦμεν
807 5257 974 5328 ὑμᾶς,
1001 5255 1273 5326 (ἀδελφοὶ,
1329 5256 1636 5311 νουθετεῖτε
1695 5255 1824 5317 τοὺς

249 5351 537 5417 ἀτάκτους,
568 5347 981 5420 παραμυθεῖσθε
1000 5350 1127 5412 τοὺς
1148 5347 1531 5420 ὀλιγοψύχους,
1553 5347 1649 5403 καὶ
1670 5346 1829 5402 ἀντέ-

245 5441 414 5514 χεσθε
438 5441 545 5495 τῶν
570 5439 964 5507 ἀσθενούντων,
991 5439 1406 5511 μακροθυμεῖτε
1427 5439 1565 5509 πρὸς
1596 5437 1824 5501 πάντας.

257 5533 465 5606 ὐρᾶτε
498 5534 575 5605 μή
624 5550 708 5598 τις
736 5534 906 5589 κακὸν
936 5534 1061 5589 ἀντὶ
1091 5532 1264 5593 κακοῦ
1291 5549 1398 5587 τινι
1435 5529 1643 5603 ἀποδῷ,
1689 5529 1830 5586 ἀλλά

247 5625 488 5682 πάντοτε
512 5626 576 5681 τὸ
597 5625 801 5697 ἀγαθὸν
824 5625 1096 5686 διώκετε.»

322 5716 515 5774 Βίαιον
542 5716 643 5791 μὲν
674 5718 785 5790 γὰρ
813 5717 1042 5791 μάθημα
1088 5720 1149 5774 οὗ
1196 5718 1409 5789 πέφυκε
1438 5717 1782 5789 παραμένειν
1807 5734 1824 5753 ο

1921 1894 2120 1959 potest,
2180 1901 2349 1957 quam
2405 1886 2590 1941 sermo
2644 1884 2766 1941 sine
2819 1886 2952 1941 vita.
2977 1884 3096 1941 Vita
3150 1886 3295 1941 enim
3347 1886 3503 1955 juvat

1918 1981 2084 2037 etiam
2134 1980 2330 2049 tacita,
2385 1993 2568 2035 sermo
2596 1986 2778 2034 autem
2816 1978 3058 2032 clamore
3103 1993 3206 2033 suo
3238 1977 3501 2032 uiolestus

1917 2083 2026 2128 est.
2059 2071 2219 2139 Quod
2246 2072 2294 2128 si
2324 2085 2511 2127 sermo
2532 2080 2588 2128 et
2618 2070 2726 2126 vita
2752 2072 3106 2136 conveniant,
3136 2072 3302 2125 totius
3329 2071 3501 2140 philo-

1919 2164 2133 2235 sophiae
2158 2164 2521 2220 simulacrum
2552 2162 2864 2233 perﬁcient.

1988 2255 2152 2324 Agito
2181 2268 2309 2309 cum
2340 2268 2623 2321 sermone,
2655 2262 2708 2308 et
2740 2253 2908 2308 dicito
2942 2267 3063 2307 eum
3099 2251 3336 2308 actione.
3434 2306 3441 2312 .

1994 2341 2331 2413 Theognidis.
2389 2343 2432 2397 A
2462 2344 2625 2398 bonis
2650 2343 2852 2397 etenim
2886 2343 3025 2397 bona
3054 2341 3268 2398 disces:
3302 2342 3349 2397 si
3374 2358 3503 2398 vero

3236 2432 3425 2504 [malis

1992 2524 2312 2593 Miscearis,
2370 2527 2592 2582 amittes
2646 2540 2865 2596 quoque
2912 2525 3198 2596 pristinam
3238 2535 3499 2582 mentem.

1991 2613 2234 2686 Corpora
2259 2615 2562 2672 moderatis
2587 2615 2870 2671 laboribus
2888 2616 3074 2685 augeri
3098 2616 3298 2684 solent,
3319 2617 3502 2671 anima

1920 2721 2054 2764 vero
2074 2708 2319 2763 honestis
2352 2707 2700 2764 sermonibus
2734 2707 2972 2777 prolicit.
3090 2702 3103 2711 “

1984 2798 2046 2854 In
2061 2798 2297 2869 speculis
2320 2798 2540 2869 quidem
2576 2797 2757 2864 faciei,
2803 2799 2856 2852 in
2903 2796 3195 2869 colloquiis
3251 2798 3366 2869 88
3400 2811 3499 2852 au-

1921 2898 2029 2946 tem
2069 2876 2266 2944 animae
2292 2889 2579 2945 character
2610 2889 2849 2945 videtur.

1992 2977 2268 3034 Clitarchi.
2293 2977 2351 3034 lu
2388 2988 2659 3037 conventu
2712 2995 2779 3035 ne
2806 2979 3026 3036 studeas
3051 2980 3260 3052 primus
3317 2980 3502 3035 dicere

1841 3106 1890 3168 ϐ
1920 3071 2244 3128 sententiam
2272 3081 2440 3127 tuam.
2463 3069 2598 3126 Nam
2621 3070 2667 3125 si
2694 3081 2815 3143 post
2844 3071 3028 3143 plures
3059 3072 3296 3141 dixeris,
3328 3072 3502 3144 magis

1923 3161 2134 3218 videbis
2153 3176 2275 3232 qua:
2304 3160 2453 3216 utilia
2479 3170 2630 3217 sunt.

1987 3254 2318 3311 Hirundines
2343 3246 2565 3325 quidem
2606 3253 2961 3310 serenitatem
2998 3253 3158 3310 nobis
3208 3251 3326 3308 fore
3357 3269 3499 3324 pra:-

1922 3347 2163 3416 sagiunt,
2203 3361 2488 3402 sermones
2530 3356 2713 3401 autem
2761 3345 3127 3416 philosophici
3173 3346 3500 3400 vacuitatem

1923 3436 2178 3493 tristitiae.

1991 3530 2091 3587 Odi
2114 3531 2318 3587 malum
2350 3529 2573 3603 quando
2596 3531 2798 3585 bonum
2824 3544 3134 3586 sermonem
3167 3528 3323 3585 dicit.

1992 3621 2170 3676 Aures
2223 3630 2343 3676 tuas
2394 3638 2503 3677 non
2556 3624 2734 3678 cuivis
2771 3625 3013 3679 sermoni
3069 3625 3285 3694 praebe;
3327 3626 3503 3681 malus

1921 3710 2067 3766 enim
2092 3726 2275 3766 sermo
2299 3712 2565 3767 malorum
2591 3727 2817 3783 operum
2846 3716 2956 3770 dux
3000 3724 3103 3771 est.

1993 3799 2272 3856 Herodoti.
2325 3800 2559 3872 [Equale
2599 3805 2704 3858 hoc
2756 3805 2899 3874 apud
2947 3818 3034 3858 me
3069 3804 3499 3873 judicatur,tum

1920 3891 2062 3949 bene
2085 3908 2299 3962 sapere,
2325 3902 2438 3949 tum
2472 3897 2615 3950 bona
2652 3894 2855 3950 dicenti
2887 3897 3289 3963 obtemperare.

2000 3981 2342 4054 Pythagorea.
2374 3983 2636 4054 Lapidem
2666 3985 2852 4054 potius
2877 3994 3082 4040 temere
3115 3984 3380 4055 projicere
3408 3984 3503 4040 de-

1921 4078 2040 4144 bes,
2070 4090 2235 4145 quam
2277 4078 2516 4131 otiosum
2550 4090 2887 4133 sermonem.

1993 4164 2310 4235 (Enopidis.
2359 4165 2674 4232 (Enopides
2724 4167 2883 4223 talem
2926 4167 3139 4224 dicebat
3190 4182 3497 4226 sermonem

1919 4270 2044 4313 esse
2083 4256 2344 4325 hominis,
2368 4258 2549 4328 qualis
2578 4257 2698 4326 ejus
2730 4268 2925 4313 natura
2958 4269 3122 4316 esset.
3481 4252 3485 4267 '

1990 4347 2222 4419 Romyli.
2281 4348 2543 4420 Romylus
2592 4364 2690 4406 vas
2740 4350 2904 4406 ﬁctile
2952 4351 3060 4406 ictu
3103 4357 3157 4406 et
3194 4364 3352 4415 sono,
3402 4352 3502 4408 ho-

1846 4432 1896 4511 ι)
1924 4442 2125 4497 minem
2157 4458 2410 4498 sermone
2435 4441 2652 4513 probari
2676 4441 2913 4498 dicebat.

1996 4535 2113 4591 Viri
2143 4536 2432 4592 character
2456 4552 2523 4591 ex
2549 4536 2733 4590 verbis
2760 4535 2879 4603 ejus
2913 4536 3177 4593 noscitur.

1995 4626 2289 4699 Nunquam
2341 4629 2505 4684 verba
2561 4628 2743 4697 potius
2800 4642 2966 4699 quam
3010 4643 3124 4685 rem
3174 4628 3347 4700 ipsam
3377 4643 3504 4700 pro-

1929 4718 2074 4775 bavi.
2804 4742 2813 4747 ’

2390 4851 2622 4911 SERMO
2655 4852 2824 4909 XLIX
2852 4854 2953 4926 [ιιι.
2982 4852 3075 4926 L1.

2478 4966 2558 5022 De
2593 4966 2976 5024 admonitione.

1999 5077 2160 5133 Joan.
2214 5090 2270 5133 ν.
2314 5074 2456 5134 Ecce
2502 5084 2729 5135 sanatus
2776 5089 2876 5143 es,
2943 5075 3055 5132 noli
3107 5077 3340 5149 amplius
3380 5094 3506 5151 pec-

1929 5184 1990 5225 ea
1997 5185 2074 5224 re.
3244 5227 3246 5230 ,

1999 5260 2063 5316 ΙΙ
2090 5260 2340 5317 Tltess.v.
2372 5259 2741 5317 Obsecramus
2769 5269 2950 5317 autem
2984 5275 3104 5330 vos,
3138 5261 3355 5329 fratres,
3388 5277 3507 5317 mo-

1928 5360 2053 5409 nete
2085 5353 2443 5418 inordinatos,
2471 5352 2834 5408 consolamini
2877 5351 3281 5423 pusillanimes,
3318 5352 3504 5405 suble-

1931 5453 2056 5499 vate
2080 5441 2352 5511 intirmos,
2384 5442 2655 5513 patientes
2683 5449 2860 5498 estote
2882 5456 3007 5511 erga
3038 5454 3250 5506 omnes,
3269 5448 3379 5496 etc.
3416 5439 3505 5495 Vi-

1928 5532 2050 5591 dete
2083 5550 2150 5591 ne
2178 5534 2305 5605 quis
2341 5535 2546 5589 malum
2577 5548 2678 5604 pro
2705 5532 2850 5587 malo
2876 5532 3113 5601 cuipiam
3167 5529 3380 5598 reddat,
3404 5532 3502 5588 sed

1930 5640 2146 5695 semper
2173 5626 2320 5697 quod
2358 5626 2560 5682 bonum
2591 5633 2678 5680 est
2700 5620 3004 5678 sectemiui.

2006 5714 2066 5769 S.
2098 5713 2307 5772 Basilii.
2343 5713 2604 5773 Doctrina
2631 5710 2874 5769 violenta
2902 5723 3009 5766 non
3055 5708 3195 5768 solet
3216 5724 3505 5782 permane.
