3980 6188
239 288 354 350 933

1177 286 1351 348 LOCI
1385 285 1834 351 COMMUNES.
1872 308 1938 324 —-
1979 253 2176 346 PARS
2213 286 2264 347 I.
2309 286 2570 349 sensu)
2602 285 2668 352 L.

3408 255 3566 348 ονε

328 402 489 472 Ἐμοὶ
528 400 586 456 at
616 401 835 471 γένοιτο
863 401 1027 460 πέντε
1065 403 1261 472 λόγους
1304 405 1365 458 ὲν
1415 402 1687 475 ἐκκλησίᾳ
1733 403 1818 456 λα·

2006 400 2072 457 II
2108 399 2233 455 Cor.
2267 418 2379 458 xiv.
2407 403 2537 459 Mihi
2562 417 2691 461 vero
2723 402 3008 474 contingat
3045 366 3229 473 potius
3282 398 3530 469 qulltquc

239 496 407 565 λῆσαι
444 496 585 567 μετὰ
618 496 886 561 συνέσεως
914 496 949 569 ἢ
986 497 1214 568 μυρίους
1241 499 1303 551 ὲν
1330 496 1572 569 γλώσσῃ.

316 675 394 730 Ού
442 675 554 744 γὰρ
588 676 622 730 ό
657 675 715 730 ἑν
743 674 928 747 λόγοις
961 677 1150 746 σοφὸς,
1181 671 1340 742 οὗτός
1371 695 1464 751 μοι
1493 678 1680 749 σοφὸς,
1713 680 1826 735 οὐδ’

237 769 393 832 ὅστις
425 768 685 838 γλῶσσαν
720 770 824 841 μὲν
859 768 1159 843 εὔστροφον
1186 771 1321 842 ἔχει,
1350 773 1530 844 ψυχὴν
1568 774 1625 828 δὲ
1656 775 1824 829 ἄστα-

233 879 334 917 τον
363 863 457 915 καὶ
485 864 835 916 ἀπαίδευτον·
867 863 982 917 ἀλλ’
1009 865 1159 925 ὅστις
1192 863 1351 932 ὀλίγα
1388 865 1488 935 μὲν
1527 866 1658 935 περὶ
1688 866 1823 935 ἀρε-

233 955 337 1022 τῆς
367 953 690 1022 φθέγγεται,
722 954 895 1010 πολλὰ
928 955 985 1009 δὲ
1019 951 1099 1020 οἷς
1140 959 1356 1028 ἐνεργεῖ
1403 957 1821 1029 παραδεξκνυσι,

230 1050 333 1101 καὶ
363 1047 426 1098 τὸ
453 1047 774 1111 ἀξιόπιστον
822 1046 901 1118 τῷ
939 1048 1086 1119 λόγῳ
1113 1048 1202 1101 διὰ
1228 1047 1327 1101 τοῦ
1358 1047 1477 1118 βίου
1520 1049 1823 1118 προστίθη-

236 1154 346 1193 σιν.
375 1138 665 1208 Κρείσσων
698 1136 810 1208 γὰρ
842 1138 1119 1210 εὐμορφία
1147 1140 1502 1210 θεωρουμὲνη
1549 1139 1647 1210 τῆς
1677 1139 1822 1211 λόγῳ

234 1227 743 1300 ξωγραφουμένηςο
772 1231 870 1285 καὶ
900 1229 1131 1295 πλοῦτος
1162 1231 1224 1285 δν
1263 1231 1320 1285 αί
1349 1234 1533 1303 χεῖρες
1558 1233 1815 1303 κατέχουο

235 1336 346 1385 σιν,
376 1319 410 1388 ἢ
445 1320 650 1383 ὄνειροι
682 1318 984 1374 πλάττουσι
1006 1336 1023 1352 ·
1054 1323 1152 1375 καὶ
1184 1323 1352 1389 σοφία
1377 1321 1476 1391 ούχ
1507 1324 1542 1393 η
1572 1323 1649 1392 τῷ
1677 1322 1822 1391 λόγῳ

231 1411 688 1483 λαμπρυνομένη,
720 1411 836 1466 ἀλλ’
876 1413 909 1483 ἡ
941 1411 1027 1468 διὰ
1058 1414 1168 1469 τῶν
1222 1414 1403 1485 ἔργων
1457 1414 1817 1485 ἐλεγχομένη.

233 1504 463 1567 Σύνεσις
514 1506 624 1574 γὰρ
656 1505 843 1578 ἀγαθὴ
876 1508 1014 1563 πᾶσι
1047 1510 1163 1570 τοῖς
1209 1507 1460 1561 ποιοῦσιν
1489 1510 1665 1580 αὐτὴν
1691 1510 1821 1581 (φη-

233 1598 369 1664 σὶν),
402 1597 520 1653 ἀλλ’
549 1599 612 1653 οὺ
639 1603 753 1664 τοῖς
779 1601 1136 1670 κηρύττουσι.

312 1690 383 1745 Ἦ
433 1691 542 1761 γὰρ
578 1692 1014 1763 φιλοσοφητέον,
1068 1696 1101 1766 ἢ
1154 1696 1417 1768 τιμητέον
1471 1697 1810 1768 φιλοσοφίαν,

223 1782 392 1853 εἴπερ
432 1785 510 1853 μὴ
561 1783 855 1855 μέλλοιμεν
900 1787 1185 1851 παντελῶς
1218 1789 1324 1855 ἐξω
1379 1789 1475 1844 τοῦ
1509 1789 1676 1844 καλοῦ
1714 1791 1813 1841 πί-

226 1887 408 1941 πτειν,
430 1874 565 1946 μηδὲ
589 1874 814 1943 ἀλογίαν
830 1880 1363 1952 κατακριθήσεσθαι,
1405 1880 1618 1950 λογικοὶ
1646 1897 1811 1949 γεγοι

224 1966 405 2031 νότες,
435 1968 532 2022 καὶ
563 1968 653 2022 διὰ
690 1968 854 2038 λόγου
882 1970 1020 2043 πρὸς
1042 1971 1200 2041 λόγον
1225 1972 1569 2037 σπεύδοντες.

301 2143 611 2215 Σοφὼτεροι
646 2148 757 2216 γὰρ
803 2147 914 2200 τῶν
951 2148 1163 2204 πολλῶν
1191 2151 1243 2204 oi
1287 2151 1500 2222 κόσμου
1533 2153 1810 2224 χωρίσαν-

221 2254 319 2300 τες
353 2237 607 2305 ἑαυτοὺς,
644 2239 744 2293 καὶ
791 2240 872 2309 τῷ
920 2241 1042 2314 Θεῷ
1070 2242 1162 2297 τὸν
1192 2242 1313 2313 βίον
1341 2245 1808 2316 καθιερώσαντες.

303 2329 473 2384 Οὐδὲν
505 2331 914 2403 ἁναλωτότερον
942 2336 1294 2406 φιλοσοφίας,
1329 2338 1487 2392 οὐδὲν
1532 2337 1813 2394 ἁλυκώτε-

222 2439 412 2493 τερον.
457 2424 642 2479 Πάντα
684 2426 907 2481 ἐνδώσει
951 2429 1223 2499 πρότερον
1263 2429 1297 2500 ἢ
1358 2429 1669 2501 φιλόσοφος.
1705 2433 1812 2486 Δύο

220 2515 406 2569 ταῦτα
434 2516 804 2588 δυσκράτητα,
846 2520 978 2583 θές
999 2521 1095 2572 καὶ
1126 2520 1378 2589 ἄγγελος,
1417 2523 1596 2576 καὶτὸ
1625 2506 1809 2594 τρίτον

245 2608 554 2678 φιλοσοφία,
578 2609 744 2674 ἄῦλος
774 2612 835 2664 ἐν
869 2610 1088 2684 ὖλη.;ὲν
1129 2612 1343 2683 σώματι
1375 2614 1809 2688 ἀπερίγραπτος,

224 2699 325 2753 ἐπὶ
350 2698 456 2769 γῆς
487 2700 762 2772 οὐράνιος,
789 2704 848 2755 ἐν
875 2701 1106 2756 πάθεσιν
1126 2702 1364 2775 ἀπαθὴς,
1395 2706 1613 2760 πάντων
1641 2706 1813 2775 ἡττώ-

227 2807 397 2861 μενος
453 2793 595 2863 πλὴν
650 2782 1020 2865 φρονήματος,
1076 2795 1244 2849 νικῶν
1299 2797 1362 2848 τὸ
1392 2798 1648 2854 νικᾶσθαι
1683 2800 1813 2862 τοὺς

224 2885 459 2954 κρατεῖν
485 2884 830 2954 νομίζοντας.
914 2938 924 2946 .

1929 491 2098 546 verba
2130 494 2183 547 in
2217 493 2451 548 ecclesia
2482 495 2627 565 loqui
2661 510 2787 550 eum
2816 494 3117 560 intellectu,
3144 507 3309 564 quam
3337 495 3524 552 decem

1929 583 2099 638 millia
2125 598 2223 654 per
2240 583 2506 655 linguam.
3480 606 3487 627 ς

1998 673 2122 730 Non
2159 674 2315 732 illum
2341 676 2438 748 qui
2462 677 2648 734 verbis
2676 679 2820 749 sapit
2840 681 3029 751 judico
3050 682 3375 752 sapientem,
3412 695 3526 737 -ue-

1926 782 2035 837 que
2067 767 2220 823 illum
2247 770 2333 823 cui
2367 768 2549 839 lingua
2571 769 2846 835 volubilis,
2871 773 3088 828 animus
3114 781 3298 826 autem
3330 772 3522 826 incon-

1926 870 2085 916 stans
2105 871 2211 927 est,
2234 859 2330 916 sed
2346 861 2440 931 qui
2474 876 2666 931 parum
2686 862 2905 932 quidem
2935 865 3002 918 de
3024 865 3228 919 virtute
3253 863 3521 932 loquitur,

1925 951 2098 1007 multa
2129 967 2260 1007 vero
2283 970 2341 1008 re
2369 954 2488 1024 ipsa
2518 961 2762 1021 praestat,
2788 962 2842 1008 et
2870 956 3114 1010 sermoni
3148 970 3250 1010 suo
3272 956 3384 1010 vita
3437 954 3521 1009 te.

1923 1043 2137 1114 ctisque
2168 1046 2327 1101 ﬁdem
2352 1047 2638 1101 conciliat.
2661 1046 2797 1101 Nam
2819 1055 2873 1102 ct
2899 1046 3253 1118 pulchritudo
3273 1049 3520 1117 subjecta

1923 1137 2100 1193 oculis
2126 1146 2351 1208 prasstat
2393 1138 2684 1209 descripta:
2706 1139 2910 1207 verbis,
2951 1147 3007 1194 et
3047 1139 3248 1194 divitim
3270 1139 3521 1194 manibus

1922 1229 2355 1299 comprehensae,
2387 1246 2484 1302 per
2511 1232 2786 1287 somnium
2834 1231 3244 1302 apparentibus.
3307 1230 3372 1284 Et
3426 1246 3520 1286 sa—

1924 1321 2124 1389 picutia
2152 1336 2265 1377 non
2295 1338 2417 1393 qua
2442 1324 2624 1379 verbis
2657 1324 2988 1389 illuStratur,
3021 1324 3115 1380 sed
3140 1338 3262 1395 qua:
3304 1324 3359 1378 in
3392 1338 3521 1392 ope-

1925 1414 2079 1471 ribus
2108 1416 2553 1485 deprehenditur,
2601 1417 2965 1487 praestabilior
3028 1426 3131 1471 est.
3194 1416 3509 1470 intellectus

1927 1506 2152 1579 (inquit)
2186 1508 2364 1563 bonus
2391 1516 2479 1563 est
2506 1509 2724 1564 cunctis
2778 1524 2839 1564 re
2865 1518 2922 1564 et
2944 1522 3112 1580 opere
3182 1508 3520 1563 declaranti-

1925 1598 2028 1654 bus
2051 1614 2201 1664 eum,
2233 1615 2341 1654 non
2361 1609 2545 1655 autem
2566 1615 2846 1656 sermone.

1991 1691 2102 1745 Aut
2127 1691 2500 1762 philosOphari
2543 1700 2780 1762 oportet,
2831 1701 2929 1747 aut
2962 1692 3235 1748 honorare
3275 1692 3520 1763 philosu~

1916 1783 2123 1853 phiam,
2142 1784 2191 1840 si
2207 1800 2313 1839 non
2333 1799 2557 1854 prorsus
2569 1785 2639 1841 ab
2656 1787 2886 1840 honesto
2900 1784 3154 1841 excidere
3175 1783 3406 1839 velimus
3428 1800 3439 1836 :
3462 1789 3520 1837 et

1915 1890 2039 1941 cum
2052 1876 2347 1932 rationales
2373 1875 2499 1931 lacti
2525 1877 2722 1941 simus,
2754 1884 2808 1932 et
2826 1876 3042 1931 ratione
3067 1874 3309 1929 feramur
3327 1874 3394 1928 ad
3423 1874 3514 1928 in-

1914 1966 2217 2038 degendam
2274 1967 2568 2033 rationem,
2604 1968 2864 2038 neglecta:
2906 1966 3234 2038 amissaeque
3285 1964 3516 2021 rationis

1910 2058 2112 2114 merito
2146 2058 2421 2114 damnari.

1986 2148 2087 2216 Qui
2110 2165 2170 2206 se
2191 2165 2223 2205 a
2242 2150 2450 2205 mundo
2466 2159 2846 2223 scgregaruut,
2863 2160 2917 2207 et
2936 2151 3049 2223 90
3070 2150 3234 2206 vitam
3254 2148 3363 2204 Deo
3383 2161 3518 2205 eon-

1914 2253 2229 2306 secrarunt.
2265 2244 2550 2299 hominum
2584 2245 2747 2315 vulgo
2780 2244 3144 2314 sapientiores
3166 2249 3318 2299 sunt.

1986 2335 2128 2390 Nihil
2160 2336 2642 2407 inexpttgnabiiius
2694 2336 3059 2407 philosophia,
3087 2334 3223 2390 nihil
3249 2331 3518 2402 tranquil.

1916 2429 2043 2485 lius.
2099 2427 2295 2484 Omnia
2318 2428 2486 2497 prius
2518 2429 2714 2484 cedent
2743 2443 2912 2497 quam
2959 2428 3343 2498 philosophus.
3398 2425 3515 2479 Duo

1912 2530 2042 2575 sunt
2072 2519 2295 2582 invicta,
2333 2521 2473 2575 Deus
2517 2530 2571 2573 et
2616 2519 2877 2590 angelus;
2911 2529 2966 2576 et
3013 2518 3232 2574 tertium
3274 2517 3517 2587 philoso-

1911 2613 2064 2683 phia.
2102 2611 2194 2668 Est
2241 2612 2389 2667 enim
2430 2612 2787 2682 philosophus
2816 2612 3040 2683 quidem
3072 2625 3182 2666 non
3218 2608 3517 2671 materialis

1915 2707 1971 2760 in
2010 2705 2261 2769 materia,
2314 2705 2369 2759 in
2398 2718 2631 2773 corpore
2674 2712 2859 2760 autem
2895 2701 3424 2772 incircumscriptus,
3456 2699 3512 2753 in

1917 2807 2060 2852 terra
2116 2796 2379 2862 cmlestis,
2434 2796 2487 2850 in
2554 2794 2840 2852 affectibus
2894 2794 3344 2864 imperturbatus,
3394 2789 3515 2845 ubi-

1912 2904 2019 2959 que
2056 2886 2286 2943 inferior
2330 2888 2541 2943 caeteris
2614 2894 2973 2957 pmterquam
3009 2884 3178 2940 animi
3245 2884 3515 2954 magnitu-

1914 2978 2062 3041 dine,
2089 2985 2143 3034 et
2173 2977 2416 3033 cedendo
2445 2977 2674 3034 vincens
2693 2977 2815 3033 illos
2832 2977 2923 3048 qui
2951 2991 3010 3033 se
3041 2976 3269 3032 vincere
3296 2980 3511 3045 putant.

321 3061 468 3133 Ἐγὼ
492 3062 625 3133 μίαν
664 3061 863 3130 σοφίαν
888 3058 1028 3126 οἶδα,
1053 3060 1115 3114 τὸ
1135 3061 1420 3131 φοϐεῖσθαι
1449 3064 1610 3120 Θεόν.
1643 3066 1811 3138 Ἀρχὴ

1990 3068 2165 3125 Unam
2192 3083 2294 3141 ego
2323 3068 2647 3138 sapientiam
2681 3070 2830 3137 novi,
2865 3070 3057 3124 timere
3077 3070 3266 3126 lleum.
3298 3068 3511 3124 Etenim

167 3205 171 3207 .
229 3173 296 3210 τε
337 3158 445 3227 γὰρ
477 3154 675 3224 σοφίας
712 3153 878 3223 φόϐοι
927 3154 1137 3223 Κυρίου
1157 3172 1172 3186 ο
1204 3156 1325 3221 καὶ,
1354 3154 1524 3220 Τέλος
1552 3155 1716 3225 λόγου
1750 3158 1815 3212 τδ

1951 3162 2202 3234 spientis:
2249 3163 2469 3218 initium
2522 3171 2608 3218 est
2660 3163 2826 3218 timor
2889 3162 3130 3218 Domini.
3191 3161 3256 3218 Et
3332 3162 3514 3218 alibi:

227 3246 347 3299 πᾶν
395 3246 588 3309 ἄκουε,
620 3244 712 3298 τὸν
742 3242 876 3297 Θεὸν
907 3238 1107 3311 φοόοὖ,
1134 3243 1230 3297 καὶ
1258 3244 1355 3309 τὰς
1386 3246 1609 3312 ἐντολὰς
1650 3248 1816 3302 αὑτοῦ

228 3335 509 3404 φύλασσε.

314 3428 551 3483 Ἐπεται
601 3428 669 3499 τῇ
706 3425 909 3497 γνώσει
955 3426 1025 3480 τὰ
1076 3425 1258 3499 ἔργα,
1305 3426 1383 3492 ὡς
1415 3428 1493 3500 τῷ
1540 3428 1753 3501 σώματι
1784 3433 1818 3502 ἡ

232 3520 392 3575 σκιά.

318 3611 635 3685 Ἀμήχανον
675 3612 746 3667 τὰ
783 3614 1000 3684 μεγάλα
1046 3612 1154 3687 πρὸ
1198 3613 1308 3669 τῶν
1344 3616 1561 3689 μικρῶν
1596 3618 1819 3673 παιδευ-

230 3704 421 3776 θῆναι.

310 3799 528 3870 Ὠσπερ
554 3799 661 3872 γὰρ
689 3801 718 3854 ό
760 3800 912 3871 ἥλιος
942 3800 1202 3856 ἁπάντων
1227 3800 1350 3857 ἐστὶ
1380 3801 1498 3872 φῶς
1522 3803 1635 3857 τῶν
1664 3803 1819 3868 ὄψεις

232 3891 496 3962 ἑχόντων,
535 3890 685 3947 οὕτω
714 3892 812 3948 καὶ
839 3894 869 3947 ό
896 3894 1060 3964 σοφὸς
1089 3892 1201 3949 τῶν
1229 3892 1347 3948 ὅσοι
1379 3894 1606 3965 λογικῆς
1638 3912 1819 3952 κεκοι-

230 3986 438 4053 vitam
471 3984 708 4054 φύσεως.

322 4078 551 4150 Ὀνεξρῳ
599 4077 778 4133 ἔοικεν
833 4079 863 4131 ό
906 4077 1019 4135 τῶν
1062 4081 1408 4140 ἀπαιδεύτων
1456 4083 1594 4157 βίος,
1653 4081 1819 4147 κενὰς

232 4168 381 4239 ἔχων
410 4170 737 4238 φαντασίας.

312 4258 631 4315 Βύπλαστον
674 4261 767 4315 καὶ
808 4261 979 4334 ὑγρὸν
1025 4265 1060 4335 ἢ
1102 4264 1315 4336 νεότης,
1347 4264 1446 4320 καὶ
1475 4267 1597 4329 ταῖς
1622 4266 1820 4319 νεωτέ-

236 4372 371 4427 ραις
409 4354 615 4425 ψυχαῖς
648 4356 887 4421 ἁπαλαῖς
915 4356 997 4412 ἔτι
1045 4358 1114 4412 τὰ
1155 4359 1457 4430 μαθήματα
1488 4358 1813 4414 ἑντίκτεται.

240 4449 365 4501 Πᾶν
391 4446 449 4502 δὲ
475 4446 536 4501 τὸ
580 4449 817 4520 σκληρὸν
848 4448 1102 4519 χαλεπῶς
1138 4450 1497 4520 μαλάττεται.

314 4537 392 4594 τὸ
443 4540 612 4594 πᾶσιν
662 4524 1054 4611 ἀπολογεῖσθαι
1112 4539 1514 4615 θεραπευτικὸν
1575 4540 1670 4595 καὶ
1720 4541 1825 4596 οὐκ

234 4633 619 4704 ἀξιωματικόν
639 4649 655 4666 ·
690 4634 754 4688 τὸ
779 4634 839 4689 δὲ
876 4634 1100 4689 πάντων
1134 4637 1504 4707 καταφρονεῖν
1535 4635 1825 4708 ὑπερήφα-

233 4740 332 4777 νον
358 4725 454 4779 καὶ
479 4725 728 4798 ἀνόητον.
1607 4769 1610 4773 ~

307 4818 385 4871 Τδ
407 4818 609 4874 ειδέναι
642 4819 766 4874 τινὰ
796 4818 880 4874 ὅτι
901 4818 1092 4889 ἀγνοεῖ
1120 4821 1319 4894 σοφίας
1347 4822 1517 4890 ἐστὶν,
1541 4823 1617 4888 ὡς
1639 4822 1734 4877 καὶ
1764 4822 1824 4876 τὸ

234 4908 445 4972 εἰδέναι
467 4913 552 4966 δτι
585 4912 815 4984 ἠδίκησε
846 4912 1216 4987 δικαιοσύνης.

313 5003 421 5058 Τδν
450 5005 754 5072 γνωστικὺν
776 5004 1035 5061 οὐδέποτε
1054 5006 1117 5060 τὸ
1141 5008 1398 5062 πλουτεῖν
1429 5008 1626 5081 γήθειν
1653 5009 1821 5076 ποιεῖ,

236 5097 364 5152 οὐδὲ
397 5098 459 5151 τὸ
490 5097 793 5169 χρημάτων
821 5099 1052 5170 ἀπορεῖν
1078 5100 1159 5164 εἰς
1182 5101 1516 5155 ταπείνωσιν
1544 5101 1694 5171 ἄγει,
1721 5100 1823 5169 τῆς

237 5189 441 5260 ἀρετῆς
474 5189 572 5243 καὶ
603 5192 798 5257 σοφίας
848 5189 1008 5245 αὑτὸν
1043 5190 1433 5264 ύπερυψούσης
1456 5232 1479 5258 ,
1507 5192 1604 5248 καὶ
1650 5193 1825 5264 ὑπερ-

237 5282 355 5336 άνω
399 5279 582 5336 αὐτῶν
615 5280 875 5337 ἵστασθαι
906 5281 1472 5354 παρασκευαζούσης.

314 5374 476 5429 Πᾶσα
510 5373 710 5446 ιπιστή
720 5391 820 5445 μη,
846 5373 1202 5448 χωριζομένη
1223 5374 1573 5446 δικαιοσύνης
1604 5375 1699 5429 καὶ
1724 5374 1825 5443 τῆς

243 5465 415 5539 ἄλλης
465 5467 694 5540 ἀρετῆς,
745 5467 1100 5543 πανουργία,
1149 5465 1267 5523 ἀλλ’
1300 5468 1361 5523 οὐ
1419 5468 1585 5539 σοφία
1640 5467 1827 5538 φαίνε-

238 5576 354 5615 ται.

324 5654 678 5727 Ἀντισθένης
708 5656 1032 5730 ἐρωτηθεὶς,
1071 5657 1124 5712 τί
1151 5656 1343 5728 δήποτ’
1373 5656 1472 5730 οὐχ
1499 5659 1547 5712 οἱ
1580 5656 1826 5718 πλούσιοι

242 5747 381 5819 πρὸς
423 5748 550 5813 τοὺς
599 5750 801 5821 σοφοὺς
858 5751 1108 5817 ἀπίασιν,
1146 5751 1264 5805 ἀλλ’
1292 5749 1601 5817 ἀνάπαλιν,
1646 5746 1822 5815 εἶπεν,

1920 3253 2063 3309 Audi
2110 3269 2384 3311 summam
2436 3252 2730 3317 sermonis,
2768 3253 2940 3309 Deum
2972 3252 3128 3319 time,
3162 3258 3217 3306 et
3245 3256 3514 3322 praecepta

1918 3346 2038 3415 ejus
2092 3346 2351 3402 observa.

1986 3433 2294 3490 Clementis.
2310 3434 2690 3506 Cognitionem
2712 3448 2877 3505 opera
2898 3441 3228 3506 sequuntur,
3246 3440 3305 3488 ut
3322 3429 3515 3486 umbra

1919 3541 2142 3596 curpus.

1993 3619 2261 3673 Philonis.
2290 3617 2407 3673 Non
2441 3620 2557 3674 fieri
2578 3627 2756 3690 potest
2787 3628 2848 3674 ut
2871 3630 3069 3688 magna
3089 3616 3372 3672 discantur
3387 3624 3514 3669 ante

1919 3722 2107 3783 parva.

1992 3802 2143 3858 Sicut
2177 3801 2258 3855 sol
2291 3799 2535 3856 omnium
2559 3800 2734 3855 oculis
2760 3798 3112 3870 praeditorum
3143 3797 3234 3851 lux
3264 3805 3371 3862 est,
3427 3795 3511 3850 sic

1918 3896 2081 3949 etiam
2117 3893 2335 3964 sapiens
2358 3894 2605 3948 omnium
2630 3882 2738 3963 qui
2764 3891 3020 3946 rationali
3050 3898 3245 3945 natura
3291 3890 3510 3961 pertici-

1921 3992 2070 4057 paul.

1993 4076 2212 4134 Isidort'.
2249 4079 2479 4135 Somnio
2512 4077 2706 4135 similis
2739 4087 2819 4135 cst
2852 4078 3231 4149 imperitorum
3263 4080 3398 4145 vita,
3419 4096 3509 4135 va-

1921 4186 2021 4227 nas
2050 4170 2467 4243 imaginatioucs
2498 4173 2723 4227 habens.

1993 4262 2253 4320 Formatu
2284 4264 2529 4320 faciliset
2554 4265 2733 4321 mollis
2770 4273 2854 4322 est
2910 4265 3316 4332 adolescentia;
3342 4273 3393 4320 et
3420 4264 3510 4335 ju-

1921 4358 2172 4415 nioribus
2222 4360 2460 4432 ingeniis
2519 4361 2697 4416 adhuc
2748 4361 2953 4417 teneris
3005 4360 3306 4431 disciplime
3356 4359 3511 4414 inna-

1851 4446 1896 4503 D
1924 4460 2172 4507 scuntur.
2200 4450 2374 4508 Omne
2402 4460 2584 4508 autem
2621 4453 2818 4507 durum
2848 4468 2991 4523 αισι-ο
3022 4454 3288 4508 mollitur.

1997 4544 2263 4600 Omnibus
2299 4545 2567 4621 rationem
2596 4543 2845 4608 reddere,
2874 4544 3071 4600 servile
3100 4552 3262 4600 estet
3295 4544 3363 4599 ab
3410 4559 3508 4598 au-

1925 4638 2175 4694 ctoritate
2201 4637 2701 4694 alienummmnes
2748 4648 2930 4693 autem
2983 4645 3359 4701 contemnam,
3409 4634 3510 4689 bo-

1926 4728 2092 4785 niiuis
2120 4739 2205 4784 est
2228 4730 2449 4799 superbi
2472 4737 2526 4783 et
2549 4728 2754 4784 stolidi.

2002 4820 2237 4890 Didymi.
2291 4819 2447 4877 Scire
2496 4822 2646 4892 quod
2703 4821 2939 4885 nescias,
2994 4819 3237 4875 scicntia:
3286 4825 3405 4884 est,-
3448 4829 3509 4874 ut

1929 4927 2226 4984 agnoscere
2255 4928 2410 4968 suam
2443 4910 2799 4982 iniustitiam,
2835 4911 3081 4981 iustitiae.

2000 5005 2274 5077 Sapientis
2305 5008 2549 5062 animum
2606 5007 2786 5077 inopia
2840 5004 3086 5075 pecunia:
3136 5017 3245 5058 non
3297 5000 3504 5073 dejicit,

1927 5115 2051 5155 cum
2075 5100 2251 5154 virtus
2274 5108 2329 5155 et
2358 5099 2625 5169 sapientia
2655 5098 2830 5170 ipsum
2861 5097 3144 5166 extollunt,
3174 5108 3225 5154 et
3256 5096 3500 5153 altiorem

1927 5192 2156 5264 pecunia
2185 5192 2473 5249 collucent.

1999 5376 2483 5437 Platonis.0mnis
2514 5377 2745 5435 scientia
2779 5379 2822 5433 si
2873 5386 3156 5449 separetur
3203 5391 3231 5430 a
3290 5373 3506 5443 iustitia

1926 5480 1980 5528 et
1996 5471 2201 5545 reliqua
2220 5469 2440 5540 virtute,
2454 5471 2747 5538 calliditas,
2763 5482 2937 5528 etnon
2964 5468 3229 5540 sapientia
3251 5464 3503 5523 elﬁcitur.

2000 5652 2345 5709 Antisthenis.
2405 5652 2757 5711 Antisthenes
2816 5650 3184 5722 interrogatus
3241 5646 3508 5719 quamob—

1929 5763 2041 5805 rem
2074 5748 2268 5803 divites
2297 5761 2405 5803 nou
2448 5748 2592 5802 irent
2626 5748 2691 5799 ad
2725 5745 3019 5812 sapientes,
3048 5744 3146 5801 sed
3173 5742 3229 5800 hi
3260 5742 3327 5799 ad
3354 5740 3503 5802 illos.
