3960 6196
503 245 688 336 ἰηδ

1799 233 2175 333 ἈΝΤΟΝΗ

2281 272 2562 334 Εῐιιὸὃιὶζ
3657 268 3734 329 99.0

573 383 715 440 dixit
744 401 759 438 :
784 381 1052 448 Ouoniam
1091 383 1363 455 sapientes
1395 384 1579 439 sciunt
1609 382 1741 454 quid
1775 382 1854 438 eis
1908 397 2163 438 necessa-

2281 388 2393 441 Ὀτι
2425 387 2474 439 οί
2507 384 2664 452 σοφοὶ
2719 383 2819 453 μὲν
2872 383 3056 438 ῖσασιν
3111 369 3189 435 ὧν
3234 379 3370 433 ἔστιν
3423 375 3580 439 αὐτοῖς
3625 379 3737 446 χρεία

575 475 717 530 rium
749 476 818 531 sit
848 476 915 531 ad
942 476 1128 542 vitam,
1165 477 1236 531 illi
1274 491 1404 531 vero
1468 476 1762 531 nesciunt:
1804 489 1966 530 secus
2019 473 2167 529 enim

578 567 862 634 sapientiae
892 569 1073 636 potius
1095 583 1257 637 quam
1285 568 1533 636 pecunia:
1567 567 1870 622 studerent.

653 659 877 713 Aristot.
925 659 1322 715 Demosthenes
1370 660 1505 714 dixit
1559 659 1806 714 radicem
1859 657 2170 729 disciplina:

574 764 823 806 amarunt
853 765 995 811 esse.
1030 751 1238 806 fructus
1261 760 1438 806 autem
1471 751 1680 806 dulces.

652 840 959 897 Democriti.
993 843 1281 911 Disciplina
1311 842 1603 897 fortunatis
1633 842 1851 912 quidem
1876 856 2169 896 ornamen-

575 939 690 987 tum
719 945 822 996 est,
857 932 1211 988 iulortuuatis
1234 942 1416 988 autem
1455 934 1750 1001 refugium.

649 1024 907 1082 Civitates
945 1037 1138 1080 ornant
1180 1026 1552 1092 anathemata,
1621 1026 1833 1081 animas
1878 1041 2006 1082 vero
2059 1015 2168 1080 nia-

577 1116 841 1171 themata.

649 1204 910 1262 Socratis.
975 1209 1229 1266 Socrates
1279 1210 1637 1279 interroganti
1694 1213 1968 1282 quodnam
2027 1222 2174 1268 esset

579 1298 1010 1366 pulcherrimum
1075 1303 1298 1370 animal,
1352 1303 1530 1359 dixit:
1563 1304 1738 1361 llomo
1781 1306 2026 1361 doctrina
2079 1321 2173 1362 or-

579 1399 762 1445 natus.
1792 1452 1802 1461 _

650 1482 795 1537 ldem
845 1499 969 1539 cum
1025 1485 1075 1540 ei
1131 1503 1313 1543 sermo
1363 1489 1640 1546 barbarus
1689 1494 2168 1560 exprobraretur:

579 1571 690 1642 Ego
719 1576 962 1644 quidem,
989 1577 1146 1644 dixit,
1177 1580 1445 1636 barbarus
1474 1597 1596 1636 sum
1625 1581 1821 1649 verbis,
1856 1596 1953 1638 vos
1993 1591 2172 1638 autem

584 1666 858 1723 moribus.

2275 478 2411 548 πρὸς
2455 476 2550 530 τὸν
2585 477 2724 548 βίον,
2759 477 2808 529 οῖ
2867 475 2923 529 δὲ
2964 475 3065 529 οὐκ
3105 474 3299 536 ἴσασιν,
3349 470 3460 524 ἐπεὶ
3488 469 3650 540 μᾶλλον
3675 487 3738 522 σου

2272 570 2402 640 φίας
2432 569 2464 640 ἦ
2491 569 2795 639 χρημάτων
2826 566 3213 638 ἀπεμελοῦντο.

2357 660 2734 734 Ἀριστοτέλης
2784 658 2883 729 τὴν
2949 659 3047 728 μὲν
3083 657 3236 728 ῥίζαν
3284 655 3378 724 τῆς
3431 651 3636 714 παιδείας
3667 652 3741 723 EH

2272 749 2413 807 slva:
2443 753 2671 822 πικρὰν,
2705 749 2831 811 τοὺς
2851 749 2906 802 δὲ
2938 748 3187 819 καρποὺς
3211 746 3441 812 γλυκεῖς.

2347 841 2578 897 Παιδεία
2610 837 2900 910 εὐτυχοῦσι
2940 838 3039 909 μὲν
3069 837 3184 889 ἔστι
3215 835 3428 904 κόσμος,
3478 828 3742 902 ἀτυχοῦαιδὲ

2273 934 2632 1004 καταφύγιον.

2344 1027 2458 1090 Τάς
2486 1025 2586 1097 μὲν
2625 1025 2813 1087 πόλεις
2843 1021 3175 1093 ἀναθήμασι,
3211 1017 3306 1080 τὰς
3347 1016 3400 1069 δὲ
3440 1013 3593 1084 ψυχὰς
3622 1011 3744 1081 μαθή-

2277 1138 2410 1190 μασι
2441 1120 2522 1172 δεῖ
2547 1121 2798 1190 κοσμεῖν.

2348 1209 2645 1278 Σωκράτης
2695 1205 2996 1279 ἑρωτηθεὶς
3022 1244 3040 1272 ,
3091 1203 3146 1255 τί
3187 1200 3293 1254 τῶν
3329 1199 3473 1264 ζώων
3515 1195 3746 1255 κάλλιστον,

2275 1301 2403 1372 ἔφη·
2440 1300 2764 1372 Ἀνθρωπος
2804 1297 3026 1369 παιδείᾳ
3061 1293 3484 1364 κεκοσμημένος.

2356 1496 2415 1552 '0
2446 1497 2607 1560 αὐτὸς
2634 1495 3028 1566 ὀνειδιζόμενος
3067 1493 3176 1548 ὑπό
3205 1508 3348 1553 τινος
3379 1490 3456 1542 ὅτι
3484 1481 3750 1556 βαρεαρῐξειν

2277 1586 2402 1660 ἔφη’
2448 1586 2591 1657 Ἐγὼ
2619 1587 2719 1659 μὲν
2753 1585 2832 1659 τῷ
2859 1585 3028 1657 λόγῳ,
3071 1585 3231 1654 ὑμεῖς
3260 1581 3314 1634 δὲ
3346 1580 3415 1650 τῷ
3443 1577 3621 1647 τρόπῳ.

656 1757 838 1816 Solon.
873 1761 1060 1818 Soloni
1091 1779 1214 1819 c-um
1247 1765 1580 1835 objieeretur
1602 1765 1745 1836 quod
1770 1781 1895 1821 cum
1941 1765 2174 1822 haberet

2354 1767 2533 1821 Σόλων
2558 1765 2956 1834 ὀνειδιζόμενός
2987 1779 3119 1817 ποτε
3149 1763 3236 1816 ὅτι
3264 1760 3412 1829 δίκην
3438 1757 3559 1827 ἔχων
3580 1753 3754 1824 ὲμισθώ·

582 1843 798 1907 forense
826 1856 1123 1923 negotium,
1146 1859 1494 1913 conduxisset
1522 1859 1626 1927 91
1648 1868 1918 1913 oratorem
1949 1877 1962 1913 :
1989 1859 2175 1930 Atqui,

584 1942 742 2006 dixit,
773 1960 896 2000 cum
926 1947 1099 2002 habeo
1133 1951 1465 2012 convivium,
1491 1964 1727 2018 coquum
1763 1950 2032 2006 conduco.

657 2033 942 2090 Cleanthis.
988 2037 1280 2093 Cleanthes
1324 2040 1538 2093 diccbat
1589 2039 1838 2094 homines
1892 2040 2178 2110 imperitos

585 2123 700 2177 Sola
732 2123 905 2179 lorma
949 2127 1165 2181 ἀίσσει-,ε
1189 2143 1218 2181 a
1246 2129 1456 2183 bestiis.

660 2212 1016 2282 Empedoclis.
1062 2216 1415 2288 Empedocles
1443 2218 1509 2274 ad
1557 2221 1848 2290 quemdam
1904 2221 2176 2278 dicentem

587 2303 736 2374 quod
763 2307 970 2361 nullum
1003 2309 1303 2376 sapientem
1339 2310 1577 2378 reperire
1637 2321 1820 2379 posset
1853 2330 1866 2366 :
1898 2310 2020 2366 Non
2071 2313 2176 2366 mi-

587 2413 710 2452 rum
733 2406 838 2466 est,
863 2399 998 2454 dixit
1035 2417 1050 2453 ε
1081 2411 1294 2470 oportet
1324 2413 1381 2456 ut
1409 2402 1500 2458 ille
1530 2404 1770 2472 primum
1839 2406 2038 2475 sapiat,
2085 2415 2180 2474 qui

590 2490 897 2559 sapientem
957 2495 1174 2562 quaerit.

669 2578 954 2638 Theocriti.
1001 2583 1329 2642 Theocritus
1364 2587 1537 2646 Chius
1592 2589 1838 2658 ineptum
1889 2584 2178 2659 quemdam

593 2678 808 2739 poetam
838 2673 1156 2729 recitantem
1177 2678 1493 2733 auscultans
1524 2687 1577 2733 et
1608 2677 1982 2748 interrogatus
2002 2675 2072 2732 ab
2091 2688 2178 2740 eo.

593 2775 842 2830 quzcnam
877 2763 926 2818 ei
961 2763 1236 2832 placerent
1262 2765 1284 2819 i
1312 2767 1596 2837 respondit
1633 2783 1648 2821 :
1680 2766 1812 2833 Quae
1843 2763 2100 2820 omisisti.

651 2851 1016 2926 Philosophus
1043 2857 1264 2927 quidam
1289 2873 1415 2914 cum
1439 2860 1577 2916 duos
1610 2859 1913 2927 discipulos
1936 2859 2180 2923 haberet,

591 2945 824 3000 alterum
853 2946 1074 3016 quidem
1118 2948 1476 3014 laboriosum,
1525 2951 1623 3004 sed
1675 2949 1885 3004 hebetis
1949 2945 2178 3018 ingenii,

2283 1874 2416 1913 σατο
2444 1859 2674 1928 ῥήτορα,
2704 1856 2818 1911 Καὶ
2845 1856 2980 1928 γάρ,
3016 1854 3144 1926 ἔφη,
3195 1855 3321 1908 ὅταν
3348 1853 3542 1904 δεῖπνον
3563 1847 3666 1917 ἔχω,
3687 1846 3757 1914 μά-

2279 1965 2464 2020 γειρον
2499 1946 2822 2019 μισθοῦμαι.

2354 2041 2637 2114 Κλεάνθης
2665 2042 2794 2105 τοὺς
2833 2040 3201 2103 ἀπαιδεύτους
3246 2036 3350 2109 ἔφη
3396 2035 3520 2108 μόνῃ
3549 2036 3603 2104 τῇ
3629 2028 3761 2100 impii

2279 2131 2387 2185 τῶν
2418 2131 2627 2203 Θηρίων
2649 2131 2952 2202 διαφέρειν.

2361 2218 2732 2291 Ἐμπεδοκλῆς
2766 2221 2902 2290 πρὸς
2936 2218 3028 2274 τὸν
3057 2218 3312 2288 λέγοντα,
3339 2217 3418 2270 ὅτι
3443 2212 3618 2268 Οὐδένα
3645 2205 3759 2276 cosio

2281 2307 2464 2377 εὑρεῖν
2491 2307 2748 2378 δύναμαι,
2777 2311 2937 2363 Κατά
2957 2307 3146 2376 λόγον,
3177 2305 3318 2361 εἴπεο
3347 2308 3434 2359 τὸν
3459 2307 3552 2373 γὰρ
3569 2301 3762 2369 ζητοῦντι

2283 2396 2446 2467 σοφὸν
2492 2399 2656 2452 αὑτὸν
2701 2400 2967 2471 πρότερον
3005 2396 3151 2453 εἶναι
3181 2400 3260 2454 δεῖ
3286 2398 3460 2467 σοφόν.

2281 2612 2300 2627 υ
2349 2583 2645 2654 Θεόκριτος
2668 2586 2697 2638 ὁ
2723 2585 2856 2647 Χῖος
2888 2585 3098 2653 ἀφυοῦς
3123 2584 3354 2654 ποιητοῦ
3381 2583 3611 2654 ἀκρόασιν
3634 2578 3766 2633 ποιοὺ-

2287 2690 2470 2743 μενος,
2501 2675 2860 2746 ἐρωτώμενος
2897 2676 2991 2730 ὑπ’
3017 2678 3188 2732 αὑτοῦ
3221 2677 3346 2731 ποῖά
3386 2679 3521 2728 ἐστιν
3547 2675 3605 2726 τὰ
3638 2669 3768 2730 καλῶς

2282 2765 2572 2836 εἰρημένα,
2600 2765 2726 2836 ἔφη’
2764 2769 2831 2821 Ἀ
2863 2769 3197 2838 παρέλιπες.

2352 2856 2646 2926 Φιλόσοφος
2679 2859 2821 2928 ἔχων
2852 2861 2947 2914 δύο
2986 2862 3268 2932 μαθητὰς,
3303 2863 3397 2916 ἕνα
3427 2860 3519 2928 μὲν
3545 2855 3685 2924 ἀφυῆ,
3711 2867 3770 2918 9⁸·

2282 2949 2505 3004 λόπονον
2531 2951 2610 3015 δὲ,
2640 2951 2829 3024 ἕτερον
2857 2954 2914 3007 δὲ
2945 2954 3148 3025 εὐφυῆ,
3182 2956 3347 3026 ἀργὸν
3376 2953 3450 3017 δὲ,
3481 2945 3638 3005 εἶπεν·
3677 2946 3772 3010 Ἀμ-

591 3040 820 3093 alterum
851 3039 1218 3110 ingeniosum,
1251 3043 1343 3098 sed
1376 3042 1629 3111 ignavum
1667 3058 1681 3095 :
1719 3040 1916 3106 Ambo,
1941 3040 2175 3109 dicebat,

2285 3045 2506 3115 φότεροι
2545 3044 2862 3099 ἀπόλοισθε·
2922 3046 3002 3100 ὅτι
3059 3046 3127 3100 σὺ
3185 3047 3284 3118 μὲν
3313 3046 3474 3100 θέλων
3501 3043 3555 3096 οὔ
3580 3039 3699 3108 δύνῃ.
3727 3033 3772 3086 σὺ

592 3134 872 3201 pereatis;
904 3133 1158 3202 quoniam
1189 3145 1247 3189 tu
1277 3148 1402 3189 cum
1426 3134 1582 3200 velis,
1605 3149 1714 3189 non
1747 3142 1928 3204 potes,
1961 3143 2018 3189 tu
2053 3148 2178 3192 vero

2284 3133 2342 3187 δὲ
2367 3133 2661 3205 δυνάμενος
2685 3136 2745 3190 οὗ
2772 3136 2979 3201 θέλεις.

594 3237 720 3277 cum
752 3223 950 3292 possis,
1009 3239 1118 3280 non
1146 3225 1252 3280 vis.

669 3317 898 3372 Praestat
927 3331 1076 3382 sero,
1102 3332 1264 3388 quam
1286 3317 1420 3374 nihil
1447 3316 1683 3377 discere.

664 3408 920 3479 Agricola
943 3417 1168 3475 terram,
1193 3408 1554 3480 philosOphus
1579 3408 1861 3480 ingenium
1885 3409 2110 3466 excolit.

672 3590 985 3649 Democriti.
1009 3589 1337 3649 Civitatibus
1385 3590 1610 3658 mmnia,
1632 3590 1832 3647 animis
1873 3604 2004 3646 vero
2029 3605 2184 3646 mens

599 3701 694 3757 per
712 3683 1058 3756 disciplinam
1083 3685 1301 3742 exculta
1339 3684 1506 3741 decus
1529 3692 1582 3740 et
1620 3682 2020 3739 munimentum
2051 3697 2187 3752 pran-

601 3784 769 3834 Stant.

671 3870 808 3926 Cum
835 3868 1052 3938 juvenis
1085 3867 1138 3923 in
1175 3867 1389 3924 theatro
1416 3869 1769 3940 gloriaretur,
1804 3879 1858 3925 et
1882 3868 2184 3939 sapientem

602 3979 661 4018 se
687 3961 1028 4032 prmdicaret,
1052 3969 1112 4014 ut
1135 3960 1226 4031 qui
1262 3961 1446 4015 multis
1468 3961 1806 4031 sapientibus
1831 3971 2188 4016 conversatus

601 4066 767 4122 esset,
799 4055 1081 4124 respondit
1106 4053 1327 4123 quidam
1362 4071 1376 4107 :
1408 4053 1476 4108 Et
1523 4069 1624 4124 ego
1683 4053 1870 4109 multis
1927 4053 2188 4109 divitibus

603 4157 978 4209 cnnversatus,
1015 4159 1124 4199 non
1153 4154 1334 4198 tamen
1358 4145 1508 4199 dives
1548 4161 1692 4200 sum.

675 4240 820 4294 Idem
856 4235 1038 4292 dixit:
1074 4234 1190 4289 Non
1245 4235 1401 4290 decet
1461 4235 1686 4289 doctum
1737 4234 1882 4289 inter
1940 4232 2188 4289 indoctos

606 4331 776 4402 loqui,
807 4339 866 4384 ut
894 4345 1069 4400 neque
1088 4327 1332 4383 sobrium
1352 4327 1495 4381 inter
1521 4326 1726 4381 ebrios.

680 4516 996 4584 0Enopidis.
1024 4513 1335 4584 OEnopides
1366 4527 1494 4568 cum
1525 4511 1731 4568 videret
1782 4510 2184 4567 adolescentem

611 4611 812 4668 multos
830 4610 997 4664 libros
1017 4608 1362 4678 conquirere,
1389 4606 1530 4662 dixit
1555 4623 1571 4665 :
1597 4604 1716 4661 Non
1749 4605 1920 4672 cistas,
1954 4605 2046 4660 sed
2065 4619 2190 4674 pec-

610 4706 739 4760 turi.

685 4800 941 4856 Socratis.
967 4796 1219 4851 Socrates
1248 4796 1614 4860 interrogatus
1643 4791 1787 4862 quod
1818 4790 1874 4846 in
1907 4789 2018 4844 vita
2068 4804 2192 4844 sua-

611 4894 894 4949 vissimum
923 4899 1086 4954 esset,
1113 4886 1249 4941 dixit
1278 4903 1291 4938 :
1326 4882 1618 4951 Disciplina
1649 4890 1703 4938 et
1723 4883 1916 4946 virtus,
1938 4891 1990 4936 et
2008 4895 2190 4934 rerum

613 4982 1012 5052 incognitarum
1043 4977 1300 5048 cognitio.

682 5074 830 5127 Lasi.
877 5071 1051 5127 Lasus
1105 5071 1474 5137 interrogatus
1524 5066 1656 5138 quid
1723 5065 2189 5135 sapientissimum

613 5173 757 5224 esset
789 5181 803 5219 :
837 5159 1200 5230 Experientia,
1231 5158 1389 5214 dixit.

686 5255 831 5312 idem
865 5265 989 5307 cum
1054 5248 1309 5304 indoctus
1359 5247 1576 5318 quidem
1633 5249 1807 5316 pictor
1839 5250 1886 5302 ei
1947 5247 2190 5303 diceret:

613 5353 789 5424 Opere
831 5343 1228 5404 tectorioilline
1247 5342 1468 5396 domum
1499 5353 1673 5409 tuam,
1705 5351 1762 5397 ut
1797 5342 1968 5412 ipsam
2006 5341 2195 5408 depin-

613 5461 758 5516 gam,
787 5439 1070 5512 respondit
1101 5457 1115 5493 :
1145 5437 1386 5502 Minime,
1412 5436 1505 5492 sed
1539 5445 1594 5491 tu
1628 5439 1780 5505 prius
1801 5450 1918 5492 eam
1943 5433 2193 5504 depinge,

615 5547 675 5593 ut
701 5537 905 5592 illinam
929 5542 1137 5604 postea.

686 5626 959 5683 Demadis.
985 5625 1188 5682 Rerum
1207 5625 1448 5696 ipsarum
1465 5619 1794 5693 experientia
1812 5625 2034 5690 praestat
2048 5615 2196 5674 omni

616 5717 928 5786 sophistica:
961 5719 1242 5775 doctrina}.

2356 3319 2575 3375 Βέλτιον
2601 3319 2844 3392 ὀψιμαθῆ
2867 3321 3186 3388 καλεῖσθαι,
3214 3322 3246 3393 ἢ
3275 3320 3475 3391 ἀμαθῆ.

2370 3411 2435 3465 '0
2484 3413 2584 3482 μὶν
2634 3412 2886 3483 γεωργὸς
2943 3413 3042 3485 τὴν
3091 3417 3226 3487 γῆν,
3260 3417 3289 3470 ό
3335 3415 3388 3469 δὲ
3436 3410 3678 3484 φιλόσοφος
3707 3403 3776 3475 τὴν

2284 3501 2468 3575 ψυχὴν
2517 3504 2614 3576 ὲξη
2623 3523 2690 3576 με
2699 3509 2804 3577 ροῐ.

2357 3595 2494 3659 Ταῖς
2525 3597 2623 3666 μὲν
2666 3597 2854 3651 πόλεσι
2905 3598 2970 3652 τὰ
3021 3599 3203 3672 τείχη,
3232 3601 3353 3664 ταῖς
3399 3598 3452 3654 δὲ
3495 3595 3662 3668 ψυχαῖς
3691 3587 3775 3643 δέκ

2289 3689 2538 3753 παιδείας
2573 3688 2702 3768 νοῦς,
2726 3690 2930 3762 κόσμον
2973 3693 3069 3746 καὶ
3111 3693 3416 3763 ἀσφάλειαν
3463 3686 3724 3758 παρέχεται.

2360 3871 2667 3926 Νεανίσκου
2727 3873 2787 3926 ἐν
2834 3872 3050 3943 θεάτρῳ
3111 3872 3569 3945 ἑναὸρυνομένου,
3600 3865 3672 3919 καὶ
3711 3858 3771 3910 λέ·

2289 3981 2480 4033 γοντος
2527 3964 2688 4034 σοφὸς
2738 3958 2900 4032 εῖναι,
2934 3965 3158 4030 πολλοῖς
3189 3965 3454 4036 ὁμιλήσας
3492 3959 3662 4026 σοφοῖς,
3689 3947 3773 4004 εἷπέ

2309 4073 2416 4119 τις·
2455 4055 2628 4124 Κάγὼ
2679 4055 2890 4120 πολλοῖς
2937 4056 3239 4121 πλουσίοις,
3273 4057 3405 4110 ἀλλὰ
3455 4050 3671 4108 πλούσιος
3707 4040 3775 4093 οὒκ

2293 4145 2431 4216 εἰμί.

2377 4238 2438 4292 '0
2466 4238 2629 4302 αὐτὸς
2655 4239 2758 4308 ἔφη
2782 4255 2796 4270 ο
2829 4239 2903 4293 Οὐ
2941 4238 3106 4292 καλὸν
3154 4236 3568 4305 πεπαιδευμένον
3593 4233 3638 4283 ὲν
3661 4225 3777 4278 ἀπαι-

2300 4331 2515 4394 δεύτοις
2554 4330 2920 4400 διαλέγεσθαι,
2975 4330 3169 4402 ὥσπερ
3226 4331 3349 4386 οὐδὲ
3379 4329 3593 4401 νήφοντα
3615 4314 3778 4391 μεθύον·

2210 4427 2264 4487 D
2292 4443 2400 4478 σιν.

2369 4516 2658 4586 οἰνοπίδης
2703 4516 2850 4586 ὁρῶν
2888 4515 3180 4586 μειράκιον
3228 4515 3396 4569 πολλά
3441 4509 3600 4584 βιϐλία
3624 4497 3772 4568 κτώμε·

2293 4626 2403 4674 νον,
2436 4608 2561 4678 ἔφη·
2589 4605 2681 4677 Μὴ
2705 4609 2768 4678 τῇ
2801 4606 3040 4676 κιϐωτῷ,
3071 4607 3213 4662 ἀλλά
3257 4607 3336 4677 τῷ
3363 4605 3552 4674 στήθει.

2370 4789 2672 4860 Σωκράτης
2711 4786 3010 4858 ἐρωτηθεὶς
3042 4787 3094 4840 τί
3130 4787 3350 4857 ἥδιστον
3384 4787 3440 4838 ἐν
3466 4782 3536 4851 τῷ
3559 4777 3654 4847 βίῳ,
3675 4769 3777 4836 ἔφη’

2293 4879 2520 4933 Παιδεία
2557 4878 2650 4931 καὶ
2678 4877 2869 4948 ἀρετὴ,
2904 4878 2998 4930 καὶ
3034 4876 3250 4946 ἱστορία
3271 4876 3380 4929 τῶν
3401 4867 3731 4941 ἀγνοουμένων.

2371 5063 2552 5124 Λάσος
2587 5059 2890 5131 ἐρωτηθεὶς
2950 5055 3056 5110 ὑπό
3110 5073 3259 5120 τινος
3314 5054 3368 5107 τί
3411 5054 3491 5122 εἴη
3530 5043 3776 5113 σοφώτατον,

2297 5159 2489 5227 Πεῖρα,
2516 5156 2642 5224 ἔφη.

2380 5216 2440 5302 'D
2475 5216 2659 5310 αὐτὸς,
2685 5242 2895 5314 ἀφυοῦς
2934 5243 3230 5312 ζωγράφου
3265 5239 3503 5309 λέγοντος
3550 5223 3692 5325 αὗτῷζ

2299 5337 2484 5394 νίασόν
2513 5353 2606 5389 σου
2630 5335 2728 5404 τὴν
2769 5334 2969 5399 οἰκίαν,
3000 5334 3088 5386 ἵνα
3119 5331 3294 5402 αὐτὴν
3325 5315 3775 5395 {inﬂuebat-13??

2300 5427 2599 5498 Οὑμενοῦν,
2661 5425 2798 5480 ἀλλά
2836 5424 2901 5476 σὺ
2953 5424 3219 5493 πρότερον
3277 5420 3440 5487 αὐτὴν
3481 5407 3778 5479 ζωγράφησονι

2302 5524 2386 5576 ἵνα
2420 5520 2558 5590 μετά
2585 5518 2760 5572 ταῦτα
2788 5515 2898 5584 ἐγὼ
2928 5514 3096 5584 αὐτὴν
3121 5512 3380 5566 κονιάσω.
3747 5576 3756 5590 ν

2387 5613 2451 5664 ,ιι
2495 5611 2586 5664 διὰ
2638 5608 2748 5662 τῶν
2783 5606 3124 5676 πραγμάτων
3173 5602 3436 5673 ιμπειρῐα
3467 5595 3687 5668 κρείττων
3704 5592 3782 5633 πα.

2307 5721 2403 5772 σης
2444 5699 2764 5770 σοφιστικῆς
2797 5697 3139 5757 διδασκαλίας
3172 5694 3308 5748 ἔστί.
