3976 6214
261 257 370 320 953
1081 257 1254 316 LOCI
1293 257 1442 316 (ΣοΜ
1459 255 1740 317 MUNES.
1784 279 1848 290 -
1888 253 2087 313 PARS
2110 255 2154 316 Ι.
2201 255 2463 317 SERMO
2504 258 2694 321 LVII.
3426 260 3533 324 954

258 393 398 440 τως,
434 374 573 428 ἀλλὰ
626 373 718 426 τὸν
773 375 946 445 μηδὲν
981 377 1059 440 εἰς
1087 375 1356 446 ὠφέλειαν
1405 377 1720 447 ἀνηκόντων
1755 376 1840 430 καὶ

1966 378 2176 430 omnino
2203 387 2379 445 curat,
2416 377 2512 434 sed
2542 379 2633 450 qui
2677 378 2812 434 nihil
2851 393 3040 435 eorum
3080 391 3202 448 quae
3231 375 3296 432 ad
3329 376 3534 434 utilita-

258 468 565 538 θεραπείαν
594 463 1015 536 παραλείποντα.

1966 474 2064 523 tem
2087 469 2215 536 aegri
2244 477 2300 524 et
2327 484 2516 524 curam
2547 472 2825 540 pertinent
2849 469 3075 528 omittit.

334 558 544 629 ’ἰατρὸν
597 559 695 614 καὶ
727 557 885 630 φίλον
935 559 1071 632 ήγοῦ
1104 560 1230 626 τοὺς
1259 561 1320 615 ἑν
1364 560 1636 631 ἀνάγκαις
1683 579 1840 617 σπου-

2028 559 2298 617 Hieronis.
2347 559 2616 614 Medicum
2650 570 2705 616 et
2737 562 2971 618 amicum
2997 560 3328 627 existimato,
3355 557 3448 630 qui
3477 559 3532 614 in

253 650 463 712 δαίους.
1831 663 1838 670 ·
1954 651 2276 707 necessitate
2304 651 2592 723 diligentes
2618 652 2840 710 iuerint.

330 743 608 814 Νικοκλῆς
657 743 784 806 τοὺς
835 742 1059 813 ίατροῦς
1089 744 1338 816 εὐτυχεῖς
1381 746 1592 816 ἔλεγεν,
1623 745 1706 799 ὅτι
1747 745 1840 810 τάς

2027 743 2284 802 Nicoclis.
2333 743 2588 801 Nicocles
2617 745 2860 802 medicos
2896 744 3086 801 felices
3127 745 3362 810 dicebat,
3395 759 3534 815 quoa

258 835 362 903 μὶν
390 834 680 904 ἐπιτυχίας
712 833 893 888 αὐτῶν
921 834 950 887 ὁ
983 835 1136 907 ἣλιος
1179 837 1304 908 ὁρᾷ,
1336 839 1434 900 τὰς
1461 838 1518 892 δὲ
1545 837 1840 907 ἀποτυχίας

1966 835 2102 890 niam
2135 849 2423 893 successus
2445 837 2664 905 quidem
2695 836 2939 907 ipsorum
2975 837 3056 892 sol
3090 836 3353 901 intuetur,
3381 849 3535 892 erro-

255 927 292 994 η
322 926 393 994 γῆ
427 926 721 979 καλύπτει.

1966 942 2044 983 res
2073 937 2253 984 autem
2287 928 2450 984 tellus
2479 929 2681 998 operit.

333 1019 695 1088 Στρατόνικος
747 1018 934 1085 ίατρδν
977 1018 1290 1072 κολακεύων
1323 1019 1534 1088 ἔλεγεν,
1599 1025 1840 1080 Ἐπαινῶ

2033 1022 2350 1078 Stratonici.
2402 1022 2749 1079 Stratonicus
2798 1021 3030 1077 adulans
3080 1021 3332 1086 medico,
3379 1020 3533 1075 dice-

256 1127 355 1162 σου
392 1111 491 1180 τὴν
524 1112 839 1179 ἐμπειρίαν,
876 1111 958 1163 ὅτι
995 1111 1094 1164 οὐκ
1117 1113 1210 1182 ἐᾷς
1238 1116 1365 1176 τοὺς
1391 1115 1710 1184 ἀρρώστους
1744 1134 1840 1172 κα-

1966 1123 2045 1170 ιειι
2077 1131 2092 1170 :
2132 1114 2326 1170 Laudo
2353 1123 2501 1171 tuam
2533 1115 2945 1192 experientiam,
2983 1113 3108 1184 quia
3144 1127 3253 1166 non
3284 1112 3420 1167 sinis
3453 1112 3533 1165 in-

255 1203 596 1271 τασαπῆναι,
630 1203 824 1274 τάχιον
852 1203 1048 1266 αὐτοὺς
1080 1206 1176 1256 τοῦ
1213 1193 1312 1274 ζῇν
1341 1207 1735 1266 ἀπαλλάσσων.

1966 1207 2143 1262 Firmos
2176 1215 2646 1276 eomputrescere,
2694 1205 2880 1261 statim
2931 1221 3080 1260 eosa
3110 1205 3214 1258 vita
3267 1203 3532 1256 liberans.

331 1295 459 1359 Τοῖς
483 1295 914 1365 Ἀσκληπιάδαις
948 1297 1153 1366 μείζων
1187 1298 1459 1366 ὀφείλεται
1491 1301 1649 1371 χάρις
1675 1303 1840 1374 ἐπερ-

2018 1300 2290 1356 Demadis.
2321 1299 2494 1371 Major
2523 1300 2698 1371 gratia
2733 1299 2966 1365 medicis
3007 1297 3240 1353 debetur
3275 1299 3537 1365 ingruen-

253 1387 497 1457 χομένην
534 1387 923 1442 ἁναστέλλουσι
976 1390 1189 1456 νόσονῆ
1225 1393 1659 1462 παραπεσοῦσαν
1688 1397 1840 1450 ίασα-

1966 1405 2060 1451 Lem
2100 1394 2351 1448 morbum
2401 1393 2741 1460 arcentibus,
2792 1406 2956 1461 quam
3009 1391 3368 1445 constitutum
3416 1386 3529 1454 jam

253 1478 465 1548 μένοις.
508 1478 614 1531 Τοῦ
649 1479 756 1553 γὰρ
790 1479 1140 1551 ἀπηλλάχθαι
1187 1484 1360 1537 κακοῦ
1392 1483 1454 1536 τὸ
1499 1483 1574 1555 μὴ
1607 1487 1840 1558 πάσχειν

1966 1487 2372 1544 nedicantibus.
2402 1483 2611 1556 Quippe
2637 1486 2816 1556 magis
2837 1483 3132 1554 optandum
3162 1491 3246 1538 est
3271 1496 3376 1535 non
3395 1480 3530 1550 pati,

254 1570 656 1642 αἱρετώτερον.
1597 1637 1600 1640 γ

327 1663 453 1726 Τοῖς
506 1663 604 1730 μὲν
633 1663 883 1718 νοσοῦσιν
935 1665 1179 1736 ίατροίις,
1217 1668 1332 1730 τοῖς
1360 1667 1416 1721 δὲ
1459 1668 1723 1740 ἀτυχοῦσι
1749 1671 1840 1742 φί-

247 1753 378 1816 λους
409 1755 491 1808 δεῖ
521 1758 915 1825 συμπαρεῖναι.
1720 1749 1726 1752 ’

330 1812 439 1900 ttat
461 1812 647 1919 ίατρὲν
667 1812 758 1902 ab
779 1849 934 1916 φίλον
957 1849 1016 1901 οὐ
1035 1849 1126 1904 τδν
1153 1851 1282 1904 ίδιον
1302 1850 1366 1923 [ί.
1389 1850 1568 1924 ﬁdite],
1590 1851 1726 1908 ἀλλὰ
1749 1812 1842 1909 τὸν

247 1937 576 2012 ὦφελιμώτε
587 1960 676 2012 ρον
704 1942 786 1994 δεῖ
813 1943 1164 2010 ἰκλέγεσθαι.

326 2033 497 2098 Σοῳδς
536 2033 777 2097 ἀκούσας
813 2036 966 2102 παρᾶ
997 2035 1210 2089 ἰδιώτου
1267 2037 1480 2106 ίατροῦ,
1534 2041 1618 2094 ὅτι
1653 2041 1840 2114 Γέρων

247 2122 504 2193 γέγονας,
539 2122 644 2198 ἔφη
667 2141 680 2152 °
712 2126 833 2178 Ὀτι
870 2125 974 2178 οῦκ
1005 2127 1333 2200 ἐχρησάμην
1365 2132 1556 2202 ίατρῷ.

851 2304 1074 2364 ΛΟΓΟΣ
1109 2304 1234 2362 NZ'.

755 2397 895 2465 Περὶ
929 2399 1300 2456 νοσούντων.

320 2488 659 2559 Ἦσθένησα,
688 2491 783 2543 καὶ
812 2491 1190 2560 ἐπεσκέψασθέ
1229 2509 1319 2561 με.

322 2579 716 2651 Μιμνήσκεσθε
753 2580 861 2635 τῶν
893 2581 1154 2652 δεσμίων,
1201 2583 1277 2646 ὡς
1308 2583 1690 2655 συνδεδεμένοι
1733 2585 1842 2641 τῶν

244 2670 518 2735 ἀσθενῶν,
547 2671 622 2735 ὼς
647 2673 742 2726 καὶ
769 2673 924 2726 αὐτοὶ
949 2672 1102 2739 ὄντες
1122 2674 1178 2728 ἑν
1205 2673 1441 2746 σώματι.
1836 2673 1842 2678 ’

316 2855 414 2916 Ὃς
437 2853 670 2924 φράσσει
693 2853 760 2906 τὰ
779 2847 893 2907 ὦτα
912 2851 1076 2906 αὐτοῦ
1097 2853 1188 2908 τοῦ
1211 2853 1286 2924 μὴ
1307 2853 1536 2916 ἀκοῦσαι
1555 2854 1837 2919 ἀσθενοῦς,

249 2947 354 2997 καὶ
388 2946 552 3008 αὐτὸς
581 2945 993 3011 ὲπικαλέσεται,
1027 2947 1122 2999 καὶ
1175 2946 1277 2998 οὐκ
1334 2945 1487 3000 ἔσται
1537 2948 1565 3000 ὁ
1592 2947 1828 3004 ἀκούων.

323 3037 418 3105 Μὴ
447 3036 597 3090 ὄκνει
631 3037 1063 3090 ἐπισκέπτεσθαι
1093 3035 1432 3108 ἀρρώστους.

1949 1595 2114 1650 quam
2139 1580 2359 1634 liberari
2385 1579 2547 1635 malo.

2030 1669 2260 1726 Demetr.
2325 1670 2514 1746 IEgtjis
2576 1668 2861 1737 medicos,
2921 1667 3274 1724 infortunatis
3325 1668 3530 1722 amicos

1878 1749 1921 1806 Β
1948 1760 2143 1816 adesse
2176 1770 2412 1832 oportet.

2020 1847 2084 1901 Et
2113 1849 2364 1905 medicus
2392 1857 2446 1905 et
2475 1848 2708 1914 amicus,
2740 1862 2847 1903 non
2879 1846 3197 1918 jucundior,
3224 1845 3318 1900 sed
3346 1843 3534 1900 utilior

1955 1936 2235 2009 eligendus
2265 1950 2368 1996 est.

2020 2030 2253 2102 Sapiens
2302 2033 2550 2104 quidam,
2613 2048 2739 2088 cum
2808 2030 3096 2101 imperitus
3156 2028 3403 2084 medicus
3441 2023 3531 2083 'ci

1945 2123 2198 2200 dixisset,
2233 2123 2413 2182 Senex
2470 2124 2646 2182 factus
2712 2139 2796 2191 es,
2852 2121 3178 2192 respondit:
3231 2119 3368 2187 Quia
3419 2133 3528 2176 non

1947 2211 2080 2287 usus
2110 2231 2234 2271 sum
2271 2207 2505 2272 medico.

2325 2305 2560 2363 senno
2592 2304 2732 2361 Lvn
2757 2304 2780 2378 [
2807 2306 2882 2360 al.
2914 2304 3146 2380 exn].

2409 2387 2411 2390 ί
2467 2399 2548 2455 De
2587 2399 2992 2470 wgrotantt'bus.

2012 2492 2212 2554 Matth.
2242 2509 2369 2550 xxv.
2397 2491 2698 2564 Egrotavi,
2726 2500 2782 2547 ct
2808 2491 3077 2546 visitastis
3103 2505 3208 2548 me.

2018 2583 2187 2640 Hebr.
2228 2599 2352 2640 xm.
2387 2583 2656 2640 Memores
2701 2591 2880 2638 estote
2925 2582 3232 2637 vinctorum
3266 2592 3525 2650 tauquam

1944 2693 2051 2733 una
2101 2695 2224 2735 cum
2271 2679 2382 2734 illis
2417 2677 2584 2734 vincti
2618 2696 2632 2733 :
2674 2691 2863 2732 eorum
2905 2677 2998 2749 qui
3037 2675 3374 2749 afﬂiguntur,
3407 2687 3527 2732 tan-

1942 2785 2105 2841 quam
2124 2772 2239 2842 ipsi
2270 2787 2490 2842 quoque
2507 2779 2789 2828 versantes
2821 2770 2876 2824 in
2903 2785 3150 2841 corpore.

2015 2861 2118 2929 Qui
2151 2863 2378 2919 obturat
2405 2878 2567 2919 aures
2597 2878 2725 2919 suas
2764 2878 2832 2918 ne
2861 2863 3047 2918 audiat
3085 2861 3384 2932 inﬁrmum,
3411 2862 3528 2935 ipse

1943 2970 2163 3025 quoque
2194 2954 2489 3020 invocabit,
2518 2963 2571 3010 ct
2600 2970 2632 3011 a
2665 2954 2884 3010 nomine
2916 2954 3190 3009 audietur.

2019 3043 2188 3100 Ecrh’.
2217 3061 2316 3100 vn.
2352 3043 2430 3099 Ne
2454 3045 2730 3101 cuncteris
2757 3045 2994 3100 invisere
3023 3045 3294 3100 inﬁrmos.

322 3090 550 3193 Τέκνον,
591 3129 649 3180 ἐν
681 3127 1086 3199 ἀρῤωστήμασί
1114 3090 1210 3181 σου
1241 3127 1317 3200 μὴ
1347 3090 1688 3200 παράϐλεπε,
1719 3129 1837 3186 ἀλλ’

2015 3137 2153 3194 Ibid.
2171 3152 2402 3192 xxxvm.
2433 3133 2559 3204 Fili,
2585 3137 2640 3191 in
2671 3136 2876 3192 morbis
2893 3137 3001 3216 tuis
3025 3151 3094 3192 ne
3121 3136 3198 3192 sis
3218 3136 3523 3208 negligens,

247 3224 405 3292 εὖξαι
460 3223 666 3294 Κυρίῳ,
731 3221 828 3276 καὶ
868 3222 1029 3286 αὐτὸς
1093 3221 1306 3277 ἰάσεταί
1367 3240 1448 3276 σε.
1499 3222 1837 3293 Ἀπόστησον

247 3315 666 3386 πλημμέλειαν,
701 3316 798 3367 καὶ
857 3313 1083 3368 εῦθυνον
1135 3316 1348 3386 χεῖρας,
1381 3316 1474 3368 καὶ
1506 3315 1613 3368 ἀπὸ
1656 3316 1838 3384 πάσης

248 3409 533 3479 ἁμαρτίας
597 3408 900 3478 καθάρισον
962 3407 1210 3478 καρδίαν.
1282 3407 1394 3463 Καὶ
1460 3408 1838 3477 μνημόνευσον

248 3500 611 3568 σεμιδάλεως,
661 3483 756 3552 καί
789 3497 962 3568 ίατρῷ
991 3498 1080 3560 δὸς
1129 3499 1319 3562 τόπον,
1375 3499 1470 3553 καὶ
1522 3500 1634 3570 γὰρ
1671 3497 1838 3553 αὐτοῦ

249 3593 436 3665 χρεία.
467 3593 577 3646 Καὶ
613 3591 692 3661 μὴ
718 3592 1013 3660 άποστήτω
1046 3607 1139 3644 σου
1162 3607 1178 3623 ο
1215 3592 1312 3644 καὶ
1340 3591 1450 3661 γὰρ
1483 3592 1650 3645 αὺτδν
1689 3591 1840 3646 ἑκτι-

251 3704 347 3739 σεν
374 3686 404 3736 ὁ
449 3683 670 3753 Κύριος.
709 3683 865 3734 Ἔστι
889 3681 1082 3753 καιρὸς
1106 3683 1194 3734 ὅτε
1242 3681 1336 3734 καὶ
1363 3685 1420 3736 ὲν
1445 3683 1638 3752 χερσὶν
1662 3671 1841 3734 αὐτῶν

253 3776 456 3830 εὐοδία.
484 3776 595 3829 Καὶ
633 3774 743 3845 γὰρ
793 3773 948 3826 αὐτοὶ
983 3774 1191 3842 Κυρίου
1231 3772 1605 3844 δεηθήσονται,
1635 3773 1724 3825 ἵνα
1765 3770 1842 3842 δῷ

253 3869 438 3930 αὐτοῖς
485 3867 791 3919 ἀνάπαυσιν
833 3863 926 3917 καὶ
981 3865 1128 3917 ἴασιν
1179 3864 1341 3935 χάριν
1394 3853 1735 3932 ὲμϐιώσεως.
1780 3863 1841 3918 Ὀ

250 3960 587 4032 ἁμαρτάνων
621 3957 799 4011 ἔναντι
819 3956 914 4017 τοῦ
948 3957 1275 4028 ποιήσαντος
1322 3957 1488 4011 αὐτὸν
1515 3957 1841 4026 ἐμπεσεῖται

249 4056 330 4114 εἰς
357 4053 545 4120 χεῖρας
575 4047 789 4118 ίατροῦ.
823 4053 825 4055 ’
1299 4035 1302 4038 ’

323 4141 498 4209 ’Ύλην
525 4141 726 4211 ἀρετῆς
760 4139 916 4194 ποιοῦ
953 4129 1048 4210 τὴν
1081 4137 1386 4191 ἀσθένειαν.

307 4233 596 4302 ,Πολλάκις
630 4234 724 4286 καὶ
762 4233 1027 4302 μάστιγες
1055 4230 1479 4306 ἁμαρτημάτων
1514 4221 1624 4280 εἰσὶ
1645 4227 1714 4280 τά
1743 4228 1844 4299 άρο

253 4324 610 4394 ρωστήματα.
643 4323 741 4374 Ὃν
767 4323 876 4390 γὰρ
908 4321 1100 4391 ἀγαπᾷ
1131 4319 1357 4390 Κύριος,
1384 4317 1658 4373 παιδεύει.

1941 3233 2034 3290 sed
2079 3247 2178 3287 ora
2213 3229 2530 3296 Dominum,
2561 3231 2616 3285 et
2654 3229 2773 3300 ipse
2814 3230 3033 3285 sanabit
3065 3238 3138 3285 te.
3179 3229 3403 3285 Missum
3440 3231 3526 3286 lac

1941 3324 2224 3388 delictum,
2269 3336 2577 3392 manusque
2631 3330 2812 3376 rectas
2859 3321 3078 3387 exhibe,
3145 3330 3312 3392 atque
3375 3322 3523 3376 omni

1940 3423 2166 3487 peccato
2229 3427 2328 3469 cor
2395 3423 2546 3468 tuum
2604 3413 2874 3481 emunda,
2913 3422 3098 3468 tamen
3154 3413 3524 3468 sullimentum

1945 3507 2141 3573 adole,
2199 3501 2813 3575 commendatitiamqne
2861 3503 3226 3575 similaginem
3265 3523 3281 3560 :
3332 3503 3527 3560 deinde

1941 3599 2122 3654 locum
2149 3598 2248 3653 des
2269 3597 2505 3664 medico,
2529 3606 2589 3652 ut
2615 3596 2773 3665 cujus
2797 3593 3061 3650 Dominus
3089 3605 3282 3650 auctor
3311 3596 3403 3660 sit,
3425 3609 3527 3649 nec

1941 3689 2186 3759 discedat
2212 3688 2311 3745 abs
2336 3698 2410 3756 te,
2426 3687 2554 3759 quia
2577 3688 2751 3758 ipsius
2772 3685 3003 3756 indiges.
3029 3685 3124 3740 Est
3144 3701 3268 3740 cum
3295 3685 3528 3740 medico-

1942 3798 2062 3838 rum
2087 3794 2308 3852 quoque
2327 3795 2525 3835 manus
2549 3791 2866 3834 successum
2885 3785 3315 3846 consequantur;
3335 3791 3454 3828 nam
3474 3785 3528 3830 et

1942 3874 2044 3944 ipsi
2072 3872 2360 3929 Dominum
2386 3880 2566 3937 orant,
2602 3880 2662 3924 ut
2690 3868 3045 3923 lenimentum
3101 3869 3364 3921 secundet
3395 3867 3524 3932 sibi,

1946 3965 2182 4036 vitaeque
2225 3979 2393 4020 causa
2426 3964 2789 4019 curationem.
2817 3961 2919 4030 Qui
2951 3962 3005 4016 in
3036 3971 3336 4017 creatorem
3365 3977 3524 4016 suum

1944 4055 2276 4130 peccaverit,
2303 4055 2357 4109 in
2391 4070 2587 4110 manus
2618 4055 2812 4108 medici
2847 4055 2985 4109 solet
3017 4053 3283 4108 incidere.

1976 4141 1978 4143 ’
2013 4149 2069 4203 8.
2113 4147 2330 4206 Basilii.
2364 4147 2743 4202 Infirmitatem
2778 4145 2948 4202 facito
2974 4147 3188 4202 virtutis
3219 4147 3525 4202 materiam.

2011 4238 2190 4294 Morbi
2221 4255 2365 4309 sarpe
2413 4237 2622 4312 ﬂagella
2668 4248 2798 4293 sunt
2835 4246 3212 4310 peccatorum.
3261 4236 3528 4292 Dominus

1942 4333 2088 4388 enim
2121 4333 2536 4402 castigatqucm
2582 4330 2782 4401 diligit.
2819 4319 2856 4326 ”
2901 4327 2904 4330 ’

331 4413 611 4482 Ἔπρεπεν
645 4414 778 4482 ἡμῖν
832 4411 906 4484 μὴ
933 4411 1358 4482 μακαρίζεσθαι,
1412 4411 1547 4481 μηδὲ
1584 4411 1839 4480 κάμπτε-

2025 4423 2298 4494 Tlteolagi.
2365 4423 2600 4480 Decebat
2643 4437 2743 4476 nos
2791 4435 2892 4476 nec
2942 4421 3291 4492 applauderc,
3351 4437 3527 4492 neque

254 4505 378 4558 σθαι
413 4504 549 4574 πρὸς
579 4506 646 4556 τά
693 4504 863 4572 πάθη,
922 4501 1060 4555 ἀλλὰ
1111 4503 1462 4572 περιφρονεῖν
1523 4501 1836 4571 τὺνξπηλόνο

254 4599 348 4650 καὶ
375 4597 435 4650 τὸ
458 4596 557 4666 μὲν
584 4597 746 4665 σῶμα
773 4597 869 4666 ὲᾷν
906 4595 1140 4666 πάσχειν
1173 4596 1235 4648 τὸ
1261 4595 1483 4658 ἑαυτοῦ,
1534 4599 1755 4659 πάντως
1803 4595 1837 4664 ἢ

254 4686 543 4757 ’ὑστερονῆ
578 4686 674 4740 νῦν
703 4687 1074 4758 λυθησὸμενον
1099 4687 1249 4758 νόμῳ
1289 4688 1506 4755 φύσεως
1534 4687 1842 4756 (οἰχήσεται

252 4779 423 4850 γὰρῆ
454 4779 594 4849 νόσῳ
643 4780 873 4850 κάμνον,
909 4781 939 4850 ἢ
986 4781 1209 4851 χρόνῳ),
1248 4781 1395 4850 ἡμᾶς
1451 4779 1506 4830 δὲ
1562 4779 1697 4846 ὑψοῦ
1741 4779 1840 4848 τὴν

251 4870 435 4941 ψυχὴν
465 4870 630 4942 ἔχειν,
668 4876 762 4924 καὶ
810 4873 952 4942 μετὰ
999 4871 1092 4924 τοῦ
1124 4869 1259 4926 Θεοῦ
1290 4870 1588 4925 τάττεσθαι
1613 4874 1725 4934 τοῖς
1757 4872 1845 4923 λο-

253 4966 508 5033 γισμοῖς.

329 5057 454 5110 Ἐάν
481 5057 651 5128 μηδὲν
683 5059 810 5130 ἔχῃς
854 5058 1100 5125 ἐνεγκεῖν
1138 5055 1216 5128 τῷ
1266 5056 1586 5112 ἀσθενοῦντι
1611 5055 1702 5110 διὰ
1741 5056 1842 5126 τὴν

253 5149 473 5217 πενίαν,
505 5149 702 5202 σαυτὸν
730 5151 1012 5218 εἰσάγαγε,
1044 5149 1142 5208 καὶ
1171 5149 1269 5221 τὴν
1301 5150 1408 5202 ἀπὸ
1432 5149 1541 5202 τῶν
1578 5148 1844 5220 ῥημάτων

255 5242 440 5295 αὐτῶν
494 5242 854 5312 παραμυθίαν
912 5242 1288 5312 προσένεγκεο
1357 5239 1529 5304 οὕτως
1581 5242 1691 5308 γὰρ
1751 5241 1844 5293 καὶ

255 5333 380 5387 κατ’
399 5333 611 5403 εκείνην
632 5333 841 5406 ἀκούσῃ
863 5334 962 5405 τὴν
978 5333 1215 5404 ἡμέραν,
1242 5335 1525 5405 «Ἁσθενὴς
1551 5336 1724 5406 ήμην,
1750 5335 1845 5387 καὶ

257 5423 639 5494 ἐπεσκέψασθέ
677 5441 766 5495 με.
796 5443 816 5476 ι

337 5515 606 5579 Πολλάκις
644 5517 738 5570 καὶ
763 5517 923 5587 φύσις
958 5518 1135 5589 ἀέρων
1167 5519 1370 5590 ἤρκεσε
1415 5519 1550 5587 μόνη
1582 5517 1720 5588 πρὸς
1745 5518 1845 5591 τὴν

257 5607 356 5661 τοῦ
382 5609 682 5679 κάμνοντος
709 5611 901 5678 ὑγείαν
921 5626 933 5639 ·
955 5611 1070 5663 ἔστι
1099 5609 1156 5663 δὲ
1177 5612 1312 5663 ὅπου
1331 5609 1427 5662 καὶ
1452 5608 1605 5668 θπνο,
1624 5647 1640 5676 ,
1670 5627 1846 5680 προσ-

261 5700 448 5754 πεσὼν
493 5702 630 5772 προς
677 5703 910 5774 καιρὸν,
960 5703 1164 5766 παντὸς
1224 5700 1507 5771 ἀπήλλαξε
1561 5703 1726 5755 πόνου
1752 5702 1844 5757 τὸν

270 5792 470 5864 ἰατρόν.

1944 4518 2084 4574 ﬂecti
2110 4518 2482 4588 passionibus,
2517 4518 2610 4570 sed
2633 4521 2990 4569 contemnere
3011 4514 3182 4567 lutum
3205 4531 3219 4567 :
3243 4520 3295 4568 et
3325 4527 3526 4582 corpus

1945 4613 2163 4683 quidem
2187 4620 2432 4665 nostrum
2456 4608 2568 4680 pati
2594 4608 2748 4680 101
2765 4611 2965 4669 sinere,
2988 4614 3171 4676 utpote
3190 4607 3525 4669 necessario,

1946 4706 2061 4760 sive
2092 4719 2260 4769 nunc,
2290 4702 2406 4758 sive
2429 4717 2534 4755 non
2564 4700 2734 4756 multo
2758 4708 2903 4770 post,
2935 4713 3032 4769 pro
3048 4699 3165 4767 lege
3185 4706 3393 4750 natura:
3423 4696 3530 4750 dis-

1947 4797 2268 4852 solvendum
2294 4793 2514 4865 (peribit
2541 4794 2688 4848 enim
2721 4799 2817 4848 aut
2849 4791 3042 4845 morbo
3073 4800 3168 4843 aut
3197 4789 3362 4858 longo
3390 4797 3528 4842 tem-

1945 4904 2077 4960 pore
2109 4884 2466 4955 confectum),
2502 4901 2601 4942 nos
2631 4901 2757 4940 vero
2796 4884 3032 4937 animam
3063 4881 3116 4935 in
3153 4880 3382 4935 sublime
3424 4880 3530 4933 tolo

1951 4981 2068 5035 lere
2097 4989 2155 5035 et
2187 4964 2610 5050 cogitationibus
2643 4977 2953 5032 conversari
2992 4976 3124 5031 Deo.

2017 5070 2075 5126 S.
2110 5071 2380 5142 Clarysost.
2424 5071 2480 5125 Si
2531 5087 2628 5141 per
2671 5071 2908 5140 inopiam
2956 5069 3088 5123 nihil
3136 5068 3230 5124 tibi
3278 5068 3352 5124 sit
3389 5067 3530 5138 quod

1947 5163 2142 5219 aﬂ‘cras
2192 5172 2420 5232 aegroto,
2480 5164 2713 5232 teipsum
2766 5162 2816 5216 ei
2870 5161 3088 5226 exhibe,
3138 5172 3191 5216 ct
3241 5162 3530 5214 verborum

1947 5255 2379 5312 consolationem
2411 5254 2560 5310 οσον.
2598 5253 2689 5309 Sic
2720 5257 2865 5310 enim
2915 5258 3078 5310 etiam
3135 5251 3323 5306 audies
3352 5248 3479 5302 olim
3512 5263 3530 5304 :

1952 5366 1972 5400 ι
2009 5349 2260 5403 lnlirmus
2297 5362 2469 5411 eram,
2493 5355 2548 5402 et
2576 5347 2838 5403 visitastis
2869 5361 3009 5400 me.)

2019 5529 2173 5596 Saepe
2203 5527 2286 5581 vel
2311 5527 2427 5582 sola
2457 5537 2650 5581 natura
2682 5525 2824 5580 aeris
2855 5521 2992 5578 satis
3014 5519 3116 5575 luit
3140 5517 3208 5574 ad
3233 5514 3528 5572 sanitatem

1951 5618 2140 5687 aegroti
2172 5641 2185 5673 :
2220 5619 2493 5675 interdum
2521 5629 2576 5674 et
2607 5631 2835 5673 somnus
2862 5613 3158 5671 obveniens
3213 5609 3534 5681 tempestive

1950 5713 2098 5768 omni
2129 5713 2316 5770 labore
2344 5714 2613 5770 medicum
2637 5710 2906 5767 liberavit.
