  <div class='ocr_page' id='page_1' title='image "/cluster/home/n/w/nwhite01/storage/ocr_20150623/136/hvd.32044054100201/488.png"; bbox 0 0 3976 6214; ppageno 0'>
   <div class='ocr_carea' id='block_1_1' title="bbox 274 314 383 379">
    <p class='ocr_par' dir='ltr' id='par_1_1' title="bbox 274 314 383 379">
     <span class='ocr_line' id='line_1_1' title="bbox 274 314 383 379; baseline 0 -1"><span class='ocrx_word' id='word_1_1' title='bbox 274 314 383 379; x_wconf 72' lang='grc' dir='ltr'>οδι</span> 
     </span>
    </p>
   </div>
   <div class='ocr_carea' id='block_1_2' title="bbox 346 420 1539 494">
    <p class='ocr_par' dir='ltr' id='par_1_2' title="bbox 346 420 1539 494">
     <span class='ocr_line' id='line_1_2' title="bbox 346 420 1539 494; baseline -0.004 -15"><span class='ocrx_word' id='word_1_2' title='bbox 346 425 574 487; x_wconf 82' lang='grc' dir='ltr'>-Κάλλος</span> <span class='ocrx_word' id='word_1_3' title='bbox 614 420 913 494; x_wconf 78' lang='grc' dir='ltr'><strong>προσώπου</strong></span> <span class='ocrx_word' id='word_1_4' title='bbox 940 422 1035 476; x_wconf 72' lang='grc' dir='ltr'><strong>ἐπὶ</strong></span> <span class='ocrx_word' id='word_1_5' title='bbox 1061 423 1243 493; x_wconf 76' lang='grc' dir='ltr'>ἡλικίᾳ</span> <span class='ocrx_word' id='word_1_6' title='bbox 1275 423 1539 491; x_wconf 75' lang='grc' dir='ltr'>στασίμῃ.</span> 
     </span>
    </p>
   </div>
   <div class='ocr_carea' id='block_1_3' title="bbox 348 598 1862 674">
    <p class='ocr_par' dir='ltr' id='par_1_3' title="bbox 348 598 1862 674">
     <span class='ocr_line' id='line_1_3' title="bbox 348 598 1862 674; baseline -0.019 2"><span class='ocrx_word' id='word_1_7' title='bbox 348 603 441 674; x_wconf 68' lang='grc' dir='ltr'><strong>Μὴ</strong></span> <span class='ocrx_word' id='word_1_8' title='bbox 476 602 705 672; x_wconf 80' lang='grc' dir='ltr'>βδελύεῃ</span> <span class='ocrx_word' id='word_1_9' title='bbox 740 602 909 670; x_wconf 76' lang='grc' dir='ltr'>ἄνδρα</span> <span class='ocrx_word' id='word_1_10' title='bbox 933 604 992 653; x_wconf 76' lang='grc' dir='ltr'>ἑν</span> <span class='ocrx_word' id='word_1_11' title='bbox 1020 602 1209 672; x_wconf 72' lang='grc' dir='ltr'>ὁράσει</span> <span class='ocrx_word' id='word_1_12' title='bbox 1240 601 1432 665; x_wconf 82' lang='grc' dir='ltr'>αὑτοῦ,</span> <span class='ocrx_word' id='word_1_13' title='bbox 1469 599 1604 669; x_wconf 66' lang='grc' dir='ltr'>μηδὲ</span> <span class='ocrx_word' id='word_1_14' title='bbox 1637 598 1862 668; x_wconf 68' lang='grc' dir='ltr'>αἰνέσῃς</span> 
     </span>
    </p>
   </div>
   <div class='ocr_carea' id='block_1_4' title="bbox 276 694 973 764">
    <p class='ocr_par' dir='ltr' id='par_1_4' title="bbox 276 694 973 764">
     <span class='ocr_line' id='line_1_4' title="bbox 276 694 973 764; baseline -0.006 -14"><span class='ocrx_word' id='word_1_15' title='bbox 276 695 447 764; x_wconf 74' lang='grc' dir='ltr'>ἄνδρα</span> <span class='ocrx_word' id='word_1_16' title='bbox 471 696 530 747; x_wconf 79' lang='grc' dir='ltr'>ὲν</span> <span class='ocrx_word' id='word_1_17' title='bbox 564 694 753 748; x_wconf 82' lang='grc' dir='ltr'>κάλλει</span> <span class='ocrx_word' id='word_1_18' title='bbox 784 694 973 746; x_wconf 83' lang='grc' dir='ltr'>αὐτοῦ.</span> 
     </span>
    </p>
   </div>
   <div class='ocr_carea' id='block_1_5' title="bbox 353 784 1861 857">
    <p class='ocr_par' dir='ltr' id='par_1_5' title="bbox 353 784 1861 857">
     <span class='ocr_line' id='line_1_5' title="bbox 353 784 1861 857; baseline -0.001 -17"><span class='ocrx_word' id='word_1_19' title='bbox 353 787 569 849; x_wconf 80' lang='grc' dir='ltr'>Κάλλος</span> <span class='ocrx_word' id='word_1_20' title='bbox 607 787 728 838; x_wconf 68' lang='grc' dir='ltr'><strong>ἐστὶ</strong></span> <span class='ocrx_word' id='word_1_21' title='bbox 756 787 815 838; x_wconf 80' lang='grc' dir='ltr'><strong>τὸ</strong></span> <span class='ocrx_word' id='word_1_22' title='bbox 856 789 913 839; x_wconf 87' lang='grc' dir='ltr'><strong>ὲν</strong></span> <span class='ocrx_word' id='word_1_23' title='bbox 962 788 1027 857; x_wconf 83' lang='grc' dir='ltr'>τῇ</span> <span class='ocrx_word' id='word_1_24' title='bbox 1066 787 1317 840; x_wconf 78' lang='grc' dir='ltr'><strong>συνθέσει</strong></span> <span class='ocrx_word' id='word_1_25' title='bbox 1340 786 1450 839; x_wconf 82' lang='grc' dir='ltr'><strong>τῶν</strong></span> <span class='ocrx_word' id='word_1_26' title='bbox 1484 786 1662 855; x_wconf 79' lang='grc' dir='ltr'>μελῶν</span> <span class='ocrx_word' id='word_1_27' title='bbox 1692 784 1861 855; x_wconf 82' lang='grc' dir='ltr'>εὐάρ·</span> 
     </span>
    </p>
   </div>
   <div class='ocr_carea' id='block_1_6' title="bbox 264 877 1542 950">
    <p class='ocr_par' dir='ltr' id='par_1_6' title="bbox 264 877 1542 950">
     <span class='ocr_line' id='line_1_6' title="bbox 264 877 1542 950; baseline 0.002 -19"><span class='ocrx_word' id='word_1_28' title='bbox 264 893 501 950; x_wconf 81' lang='grc' dir='ltr'>μοστον,</span> <span class='ocrx_word' id='word_1_29' title='bbox 532 877 877 932; x_wconf 71' lang='grc' dir='ltr'><strong>ἐπανθοῦσαν</strong></span> <span class='ocrx_word' id='word_1_30' title='bbox 904 879 1053 948; x_wconf 84' lang='grc' dir='ltr'><strong>αὑτῷ</strong></span> <span class='ocrx_word' id='word_1_31' title='bbox 1077 880 1175 948; x_wconf 80' lang='grc' dir='ltr'>τὴν</span> <span class='ocrx_word' id='word_1_32' title='bbox 1204 880 1366 949; x_wconf 80' lang='grc' dir='ltr'><strong>χάριν</strong></span> <span class='ocrx_word' id='word_1_33' title='bbox 1395 878 1542 949; x_wconf 77' lang='grc' dir='ltr'><strong>ἔχον.</strong></span> 
     </span>
    </p>
   </div>
   <div class='ocr_carea' id='block_1_7' title="bbox 343 1056 1508 1127">
    <p class='ocr_par' dir='ltr' id='par_1_7' title="bbox 343 1056 1508 1127">
     <span class='ocr_line' id='line_1_7' title="bbox 343 1056 1508 1127; baseline -0.003 -14"><span class='ocrx_word' id='word_1_34' title='bbox 343 1058 558 1121; x_wconf 77' lang='grc' dir='ltr'><strong>Κάλλας</strong></span> <span class='ocrx_word' id='word_1_35' title='bbox 584 1058 780 1127; x_wconf 78' lang='grc' dir='ltr'>νόμιζε</span> <span class='ocrx_word' id='word_1_36' title='bbox 807 1057 908 1126; x_wconf 83' lang='grc' dir='ltr'><strong>τὴν</strong></span> <span class='ocrx_word' id='word_1_37' title='bbox 939 1056 1155 1127; x_wconf 83' lang='grc' dir='ltr'>φρενῶν</span> <span class='ocrx_word' id='word_1_38' title='bbox 1178 1056 1508 1126; x_wconf 78' lang='grc' dir='ltr'><strong>εὐκοσμίαν.</strong></span> 
     </span>
    </p>
   </div>
   <div class='ocr_carea' id='block_1_8' title="bbox 351 1233 1864 1306">
    <p class='ocr_par' dir='ltr' id='par_1_8' title="bbox 351 1233 1864 1306">
     <span class='ocr_line' id='line_1_8' title="bbox 351 1233 1864 1306; baseline 0.001 -20"><span class='ocrx_word' id='word_1_39' title='bbox 351 1234 465 1286; x_wconf 84' lang='grc' dir='ltr'><strong>Οὐκ</strong></span> <span class='ocrx_word' id='word_1_40' title='bbox 496 1234 608 1288; x_wconf 78' lang='grc' dir='ltr'><strong>ἀπὸ</strong></span> <span class='ocrx_word' id='word_1_41' title='bbox 637 1235 737 1304; x_wconf 83' lang='grc' dir='ltr'>τῆς</span> <span class='ocrx_word' id='word_1_42' title='bbox 784 1233 1152 1298; x_wconf 81' lang='grc' dir='ltr'>διαπλάσεως,</span> <span class='ocrx_word' id='word_1_43' title='bbox 1183 1235 1302 1288; x_wconf 81' lang='grc' dir='ltr'>ἀλλ’</span> <span class='ocrx_word' id='word_1_44' title='bbox 1333 1235 1457 1302; x_wconf 74' lang='grc' dir='ltr'><strong>ίὰπὸ</strong></span> <span class='ocrx_word' id='word_1_45' title='bbox 1500 1234 1610 1288; x_wconf 83' lang='grc' dir='ltr'><strong>τῶν</strong></span> <span class='ocrx_word' id='word_1_46' title='bbox 1640 1234 1864 1306; x_wconf 86' lang='grc' dir='ltr'>τρόπων</span> 
     </span>
    </p>
   </div>
   <div class='ocr_carea' id='block_1_9' title="bbox 275 1325 1738 1398">
    <p class='ocr_par' dir='ltr' id='par_1_9' title="bbox 275 1325 1738 1398">
     <span class='ocr_line' id='line_1_9' title="bbox 275 1325 1738 1398; baseline 0.002 -19"><span class='ocrx_word' id='word_1_47' title='bbox 275 1328 370 1379; x_wconf 82' lang='grc' dir='ltr'><strong>καὶ</strong></span> <span class='ocrx_word' id='word_1_48' title='bbox 400 1326 499 1394; x_wconf 82' lang='grc' dir='ltr'><strong>τῆς</strong></span> <span class='ocrx_word' id='word_1_49' title='bbox 528 1326 897 1395; x_wconf 85' lang='grc' dir='ltr'>κοσμιότητος</span> <span class='ocrx_word' id='word_1_50' title='bbox 925 1326 985 1378; x_wconf 81' lang='grc' dir='ltr'><strong>τὸ</strong></span> <span class='ocrx_word' id='word_1_51' title='bbox 1016 1327 1213 1389; x_wconf 81' lang='grc' dir='ltr'>κάλλος</span> <span class='ocrx_word' id='word_1_52' title='bbox 1245 1325 1738 1398; x_wconf 72' lang='grc' dir='ltr'><strong>χαρακτηρίζεται.</strong></span> 
     </span>
    </p>
   </div>
   <div class='ocr_carea' id='block_1_10' title="bbox 342 1417 1863 1489">
    <p class='ocr_par' dir='ltr' id='par_1_10' title="bbox 342 1417 1863 1489">
     <span class='ocr_line' id='line_1_10' title="bbox 342 1417 1863 1489; baseline -0.003 -15"><span class='ocrx_word' id='word_1_53' title='bbox 342 1422 437 1482; x_wconf 68' lang='grc' dir='ltr'><strong>Εἰς</strong></span> <span class='ocrx_word' id='word_1_54' title='bbox 467 1420 778 1489; x_wconf 72' lang='grc' dir='ltr'><strong>κάτοπτρον</strong></span> <span class='ocrx_word' id='word_1_55' title='bbox 821 1418 1024 1485; x_wconf 81' lang='grc' dir='ltr'><strong>κύψας,</strong></span> <span class='ocrx_word' id='word_1_56' title='bbox 1057 1418 1255 1488; x_wconf 60' lang='lat' dir='ltr'><strong>Oedip.“</strong></span> <span class='ocrx_word' id='word_1_57' title='bbox 1277 1433 1294 1449; x_wconf 82' lang='lat'><strong>&#39;</strong></span> <span class='ocrx_word' id='word_1_58' title='bbox 1339 1420 1434 1472; x_wconf 73' lang='grc' dir='ltr'><strong>καὶ</strong></span> <span class='ocrx_word' id='word_1_59' title='bbox 1464 1420 1514 1472; x_wconf 76' lang='grc' dir='ltr'><strong>ει</strong></span> <span class='ocrx_word' id='word_1_60' title='bbox 1548 1419 1651 1489; x_wconf 75' lang='grc' dir='ltr'><strong>μὲν</strong></span> <span class='ocrx_word' id='word_1_61' title='bbox 1696 1417 1863 1481; x_wconf 73' lang='grc' dir='ltr'>καλὸς</span> 
     </span>
    </p>
   </div>
   <div class='ocr_carea' id='block_1_11' title="bbox 273 1510 1862 1582">
    <p class='ocr_par' dir='ltr' id='par_1_11' title="bbox 273 1510 1862 1582">
     <span class='ocr_line' id='line_1_11' title="bbox 273 1510 1862 1582; baseline 0 -18"><span class='ocrx_word' id='word_1_62' title='bbox 273 1514 475 1581; x_wconf 78' lang='grc' dir='ltr'><strong>φαίνει,</strong></span> <span class='ocrx_word' id='word_1_63' title='bbox 514 1512 641 1576; x_wconf 77' lang='grc' dir='ltr'>ἄξια</span> <span class='ocrx_word' id='word_1_64' title='bbox 668 1511 862 1564; x_wconf 76' lang='grc' dir='ltr'>τούτου</span> <span class='ocrx_word' id='word_1_65' title='bbox 915 1512 1121 1582; x_wconf 81' lang='grc' dir='ltr'>πρᾶττε</span> <span class='ocrx_word' id='word_1_66' title='bbox 1146 1527 1160 1541; x_wconf 81' lang='lat'><strong>&#39;</strong></span> <span class='ocrx_word' id='word_1_67' title='bbox 1196 1514 1246 1565; x_wconf 77' lang='lat' dir='ltr'><strong>el</strong></span> <span class='ocrx_word' id='word_1_68' title='bbox 1286 1511 1345 1564; x_wconf 81' lang='grc' dir='ltr'>δὲ</span> <span class='ocrx_word' id='word_1_69' title='bbox 1390 1512 1640 1581; x_wconf 70' lang='grc' dir='ltr'>αἱσχρὸς,</span> <span class='ocrx_word' id='word_1_70' title='bbox 1673 1510 1734 1564; x_wconf 80' lang='grc' dir='ltr'><strong>τὸ</strong></span> <span class='ocrx_word' id='word_1_71' title='bbox 1761 1510 1862 1581; x_wconf 82' lang='grc' dir='ltr'><strong>τῆς</strong></span> 
     </span>
    </p>
   </div>
   <div class='ocr_carea' id='block_1_12' title="bbox 272 1604 1403 1676">
    <p class='ocr_par' dir='ltr' id='par_1_12' title="bbox 272 1604 1403 1676">
     <span class='ocr_line' id='line_1_12' title="bbox 272 1604 1403 1676; baseline -0.002 -16"><span class='ocrx_word' id='word_1_72' title='bbox 272 1608 451 1676; x_wconf 76' lang='grc' dir='ltr'>ὂψεως</span> <span class='ocrx_word' id='word_1_73' title='bbox 483 1606 733 1667; x_wconf 63' lang='lat' dir='ltr'><strong>meme;</strong></span> <span class='ocrx_word' id='word_1_74' title='bbox 762 1604 968 1676; x_wconf 78' lang='grc' dir='ltr'>ὼράῖζε</span> <span class='ocrx_word' id='word_1_75' title='bbox 1001 1604 1403 1674; x_wconf 76' lang='grc' dir='ltr'>καλοκάγαθίᾳ.</span> 
     </span>
    </p>
   </div>
   <div class='ocr_carea' id='block_1_13' title="bbox 1088 300 2671 373">
    <p class='ocr_par' dir='ltr' id='par_1_13' title="bbox 1088 300 2671 373">
     <span class='ocr_line' id='line_1_13' title="bbox 1088 300 2671 373; baseline -0.001 -3"><span class='ocrx_word' id='word_1_76' title='bbox 1088 311 1256 371; x_wconf 88' lang='lat' dir='ltr'><strong>LOCl</strong></span> <span class='ocrx_word' id='word_1_77' title='bbox 1293 300 1853 373; x_wconf 72' lang='lat' dir='ltr'><strong>COMMUNES.&#39;.—</strong></span> <span class='ocrx_word' id='word_1_78' title='bbox 1886 306 2172 368; x_wconf 66' lang='lat' dir='ltr'><strong>PARSOI.</strong></span> <span class='ocrx_word' id='word_1_79' title='bbox 2216 306 2477 367; x_wconf 83' lang='lat' dir='ltr'><strong>SERMO</strong></span> <span class='ocrx_word' id='word_1_80' title='bbox 2520 308 2671 370; x_wconf 75' lang='lat' dir='ltr'><strong>LXI.</strong></span> 
     </span>
    </p>
   </div>
   <div class='ocr_carea' id='block_1_14' title="bbox 3431 311 3539 375">
    <p class='ocr_par' dir='ltr' id='par_1_14' title="bbox 3431 311 3539 375">
     <span class='ocr_line' id='line_1_14' title="bbox 3431 311 3539 375; baseline 0.019 -2"><span class='ocrx_word' id='word_1_81' title='bbox 3431 311 3539 375; x_wconf 71' lang='lat'><strong>962</strong></span> 
     </span>
    </p>
   </div>
   <div class='ocr_carea' id='block_1_15' title="bbox 1885 418 3540 493">
    <p class='ocr_par' dir='ltr' id='par_1_15' title="bbox 1885 418 3540 493">
     <span class='ocr_line' id='line_1_15' title="bbox 1885 418 3540 493; baseline 0.001 -19"><span class='ocrx_word' id='word_1_82' title='bbox 1885 422 1942 481; x_wconf 74' lang='grc' dir='ltr'><strong>Α</strong></span> <span class='ocrx_word' id='word_1_83' title='bbox 2043 418 2209 474; x_wconf 71' lang='lat' dir='ltr'><strong>Eccli.</strong></span> <span class='ocrx_word' id='word_1_84' title='bbox 2258 436 2403 475; x_wconf 79' lang='lat' dir='ltr'><strong>xxvr.</strong></span> <span class='ocrx_word' id='word_1_85' title='bbox 2466 420 2738 476; x_wconf 74' lang='lat' dir='ltr'><strong>Venustas</strong></span> <span class='ocrx_word' id='word_1_86' title='bbox 2784 420 2944 476; x_wconf 81' lang='lat' dir='ltr'><strong>faciei</strong></span> <span class='ocrx_word' id='word_1_87' title='bbox 3005 418 3060 475; x_wconf 84' lang='lat' dir='ltr'><strong>in</strong></span> <span class='ocrx_word' id='word_1_88' title='bbox 3121 418 3300 477; x_wconf 66' lang='lat' dir='ltr'><strong>aetatis</strong></span> <span class='ocrx_word' id='word_1_89' title='bbox 3355 421 3540 493; x_wconf 69' lang='lat' dir='ltr'><strong>vigore</strong></span> 
     </span>
    </p>
   </div>
   <div class='ocr_carea' id='block_1_16' title="bbox 1966 511 2721 582">
    <p class='ocr_par' dir='ltr' id='par_1_16' title="bbox 1966 511 2721 582">
     <span class='ocr_line' id='line_1_16' title="bbox 1966 511 2721 582; baseline 0.003 -17"><span class='ocrx_word' id='word_1_90' title='bbox 1966 511 2101 582; x_wconf 88' lang='lat' dir='ltr'><strong>(vel,</strong></span> <span class='ocrx_word' id='word_1_91' title='bbox 2125 511 2179 564; x_wconf 89' lang='lat' dir='ltr'><strong>in</strong></span> <span class='ocrx_word' id='word_1_92' title='bbox 2206 521 2369 566; x_wconf 68' lang='lat' dir='ltr'><strong>aetate</strong></span> <span class='ocrx_word' id='word_1_93' title='bbox 2395 512 2721 580; x_wconf 84' lang='lat' dir='ltr'><strong>constanti).</strong></span> 
     </span>
    </p>
   </div>
   <div class='ocr_carea' id='block_1_17' title="bbox 2038 601 3540 673">
    <p class='ocr_par' dir='ltr' id='par_1_17' title="bbox 2038 601 3540 673">
     <span class='ocr_line' id='line_1_17' title="bbox 2038 601 3540 673; baseline 0.001 -19"><span class='ocrx_word' id='word_1_94' title='bbox 2038 601 2180 657; x_wconf 85' lang='lat' dir='ltr'><strong>Ibid.</strong></span> <span class='ocrx_word' id='word_1_95' title='bbox 2210 618 2283 656; x_wconf 86' lang='lat' dir='ltr'><strong>xt.</strong></span> <span class='ocrx_word' id='word_1_96' title='bbox 2310 601 2387 657; x_wconf 85' lang='lat' dir='ltr'><strong>Ne</strong></span> <span class='ocrx_word' id='word_1_97' title='bbox 2413 604 2747 658; x_wconf 81' lang='lat' dir='ltr'><strong>abomineris</strong></span> <span class='ocrx_word' id='word_1_98' title='bbox 2778 620 3110 673; x_wconf 84' lang='lat' dir='ltr'><strong>quemquam</strong></span> <span class='ocrx_word' id='word_1_99' title='bbox 3142 604 3195 656; x_wconf 93' lang='lat' dir='ltr'><strong>in</strong></span> <span class='ocrx_word' id='word_1_100' title='bbox 3223 603 3370 656; x_wconf 88' lang='lat' dir='ltr'><strong>vultu</strong></span> <span class='ocrx_word' id='word_1_101' title='bbox 3397 602 3540 673; x_wconf 69' lang='lat' dir='ltr'><strong>ejus,</strong></span> 
     </span>
    </p>
   </div>
   <div class='ocr_carea' id='block_1_18' title="bbox 1964 693 3397 764">
    <p class='ocr_par' dir='ltr' id='par_1_18' title="bbox 1964 693 3397 764">
     <span class='ocr_line' id='line_1_18' title="bbox 1964 693 3397 764; baseline -0.002 -17"><span class='ocrx_word' id='word_1_102' title='bbox 1964 708 2147 761; x_wconf 83' lang='lat' dir='ltr'><strong>neque</strong></span> <span class='ocrx_word' id='word_1_103' title='bbox 2179 693 2494 749; x_wconf 82' lang='lat' dir='ltr'><strong>laudaveris</strong></span> <span class='ocrx_word' id='word_1_104' title='bbox 2516 695 2693 747; x_wconf 88' lang='lat' dir='ltr'><strong>virum</strong></span> <span class='ocrx_word' id='word_1_105' title='bbox 2730 695 2784 748; x_wconf 91' lang='lat' dir='ltr'><strong>in</strong></span> <span class='ocrx_word' id='word_1_106' title='bbox 2814 696 3225 764; x_wconf 72' lang='lat' dir='ltr'><strong>pulchritudine</strong></span> <span class='ocrx_word' id='word_1_107' title='bbox 3253 695 3397 763; x_wconf 83' lang='lat' dir='ltr'><strong>ejus.</strong></span> 
     </span>
    </p>
   </div>
   <div class='ocr_carea' id='block_1_19' title="bbox 2035 784 3540 852">
    <p class='ocr_par' dir='ltr' id='par_1_19' title="bbox 2035 784 3540 852">
     <span class='ocr_line' id='line_1_19' title="bbox 2035 784 3540 852; baseline -0.002 -14"><span class='ocrx_word' id='word_1_108' title='bbox 2035 784 2396 840; x_wconf 87' lang='lat' dir='ltr'><strong>Pulchritudo</strong></span> <span class='ocrx_word' id='word_1_109' title='bbox 2423 794 2511 842; x_wconf 81' lang='lat' dir='ltr'><strong>est</strong></span> <span class='ocrx_word' id='word_1_110' title='bbox 2532 786 2678 840; x_wconf 91' lang='lat' dir='ltr'><strong>bona</strong></span> <span class='ocrx_word' id='word_1_111' title='bbox 2702 786 2793 839; x_wconf 91' lang='lat' dir='ltr'><strong>illa</strong></span> <span class='ocrx_word' id='word_1_112' title='bbox 2823 787 3165 841; x_wconf 75' lang='lat' dir='ltr'><strong>concinnitas</strong></span> <span class='ocrx_word' id='word_1_113' title='bbox 3200 787 3253 839; x_wconf 91' lang='lat' dir='ltr'><strong>in</strong></span> <span class='ocrx_word' id='word_1_114' title='bbox 3312 797 3540 852; x_wconf 86' lang='lat' dir='ltr'><strong>compo-</strong></span> 
     </span>
    </p>
   </div>
   <div class='ocr_carea' id='block_1_20' title="bbox 1954 874 3541 945">
    <p class='ocr_par' dir='ltr' id='par_1_20' title="bbox 1954 874 3541 945">
     <span class='ocr_line' id='line_1_20' title="bbox 1954 874 3541 945; baseline -0.003 -13"><span class='ocrx_word' id='word_1_115' title='bbox 1954 877 2169 932; x_wconf 86' lang='lat' dir='ltr'><strong>sitione</strong></span> <span class='ocrx_word' id='word_1_116' title='bbox 2226 878 2619 941; x_wconf 83' lang='lat' dir='ltr'><strong>membrorum,</strong></span> <span class='ocrx_word' id='word_1_117' title='bbox 2664 874 2816 932; x_wconf 79' lang='lat' dir='ltr'><strong>ﬂoris</strong></span> <span class='ocrx_word' id='word_1_118' title='bbox 2855 878 3031 933; x_wconf 84' lang='lat' dir='ltr'><strong>instar</strong></span> <span class='ocrx_word' id='word_1_119' title='bbox 3094 876 3541 945; x_wconf 73' lang='lat' dir='ltr'><strong>superinductum</strong></span> 
     </span>
    </p>
   </div>
   <div class='ocr_carea' id='block_1_21' title="bbox 1965 968 3065 1039">
    <p class='ocr_par' dir='ltr' id='par_1_21' title="bbox 1965 968 3065 1039">
     <span class='ocr_line' id='line_1_21' title="bbox 1965 968 3065 1039; baseline 0 -15"><span class='ocrx_word' id='word_1_120' title='bbox 1965 969 2069 1024; x_wconf 89' lang='lat' dir='ltr'><strong>sibi</strong></span> <span class='ocrx_word' id='word_1_121' title='bbox 2102 970 2333 1039; x_wconf 74' lang='lat' dir='ltr'><strong>gratiam</strong></span> <span class='ocrx_word' id='word_1_122' title='bbox 2362 968 2591 1024; x_wconf 90' lang='lat' dir='ltr'><strong>habens.</strong></span> <span class='ocrx_word' id='word_1_123' title='bbox 3055 1014 3065 1024; x_wconf 86' lang='lat'><strong>.</strong></span> 
     </span>
    </p>
   </div>
   <div class='ocr_carea' id='block_1_22' title="bbox 2038 1057 3528 1130">
    <p class='ocr_par' dir='ltr' id='par_1_22' title="bbox 2038 1057 3528 1130">
     <span class='ocr_line' id='line_1_22' title="bbox 2038 1057 3528 1130; baseline -0.003 -15"><span class='ocrx_word' id='word_1_124' title='bbox 2038 1060 2311 1130; x_wconf 79' lang='lat' dir='ltr'><strong>Theologi.</strong></span> <span class='ocrx_word' id='word_1_125' title='bbox 2384 1059 2860 1117; x_wconf 85' lang='lat' dir='ltr'><strong>Pulchritudinem</strong></span> <span class='ocrx_word' id='word_1_126' title='bbox 2931 1057 3185 1115; x_wconf 83' lang='lat' dir='ltr'><strong>existima</strong></span> <span class='ocrx_word' id='word_1_127' title='bbox 3274 1065 3528 1111; x_wconf 88' lang='lat' dir='ltr'><strong>ornatum</strong></span> 
     </span>
    </p>
   </div>
   <div class='ocr_carea' id='block_1_23' title="bbox 1971 1151 2166 1205">
    <p class='ocr_par' dir='ltr' id='par_1_23' title="bbox 1971 1151 2166 1205">
     <span class='ocr_line' id='line_1_23' title="bbox 1971 1151 2166 1205; baseline 0.005 -1"><span class='ocrx_word' id='word_1_128' title='bbox 1971 1151 2166 1205; x_wconf 90' lang='lat' dir='ltr'><strong>animi.</strong></span> 
     </span>
    </p>
   </div>
   <div class='ocr_carea' id='block_1_24' title="bbox 2039 1240 3543 1312">
    <p class='ocr_par' dir='ltr' id='par_1_24' title="bbox 2039 1240 3543 1312">
     <span class='ocr_line' id='line_1_24' title="bbox 2039 1240 3543 1312; baseline -0.002 -14"><span class='ocrx_word' id='word_1_129' title='bbox 2039 1242 2100 1298; x_wconf 90' lang='lat' dir='ltr'><strong>S.</strong></span> <span class='ocrx_word' id='word_1_130' title='bbox 2135 1241 2408 1312; x_wconf 70' lang='lat' dir='ltr'><strong>Chryaost.</strong></span> <span class='ocrx_word' id='word_1_131' title='bbox 2440 1241 2559 1296; x_wconf 84' lang='lat' dir='ltr'><strong>Non</strong></span> <span class='ocrx_word' id='word_1_132' title='bbox 2588 1243 2644 1298; x_wconf 91' lang='lat' dir='ltr'><strong>in</strong></span> <span class='ocrx_word' id='word_1_133' title='bbox 2689 1241 2943 1311; x_wconf 80' lang='lat' dir='ltr'><strong>corporis</strong></span> <span class='ocrx_word' id='word_1_134' title='bbox 2981 1241 3181 1306; x_wconf 86' lang='lat' dir='ltr'><strong>forma,</strong></span> <span class='ocrx_word' id='word_1_135' title='bbox 3210 1240 3305 1296; x_wconf 86' lang='lat' dir='ltr'><strong>sed</strong></span> <span class='ocrx_word' id='word_1_136' title='bbox 3341 1241 3393 1295; x_wconf 92' lang='lat' dir='ltr'><strong>in</strong></span> <span class='ocrx_word' id='word_1_137' title='bbox 3424 1255 3543 1295; x_wconf 87' lang='lat' dir='ltr'><strong>mo-</strong></span> 
     </span>
    </p>
   </div>
   <div class='ocr_carea' id='block_1_25' title="bbox 1968 1334 3509 1404">
    <p class='ocr_par' dir='ltr' id='par_1_25' title="bbox 1968 1334 3509 1404">
     <span class='ocr_line' id='line_1_25' title="bbox 1968 1334 3509 1404; baseline -0.001 -16"><span class='ocrx_word' id='word_1_138' title='bbox 1968 1335 2126 1390; x_wconf 86' lang='lat' dir='ltr'><strong>ribus</strong></span> <span class='ocrx_word' id='word_1_139' title='bbox 2156 1344 2211 1390; x_wconf 87' lang='lat' dir='ltr'><strong>et</strong></span> <span class='ocrx_word' id='word_1_140' title='bbox 2243 1336 2508 1389; x_wconf 80' lang='lat' dir='ltr'><strong>modestia</strong></span> <span class='ocrx_word' id='word_1_141' title='bbox 2536 1334 2895 1404; x_wconf 85' lang='lat' dir='ltr'><strong>pulchritudo</strong></span> <span class='ocrx_word' id='word_1_142' title='bbox 2923 1334 3027 1388; x_wconf 90' lang='lat' dir='ltr'><strong>sita</strong></span> <span class='ocrx_word' id='word_1_143' title='bbox 3051 1343 3155 1388; x_wconf 88' lang='lat' dir='ltr'><strong>est.</strong></span> <span class='ocrx_word' id='word_1_144' title='bbox 3506 1400 3509 1401; x_wconf 17' lang='grc' dir='ltr'><em>ν</em></span> 
     </span>
    </p>
   </div>
   <div class='ocr_carea' id='block_1_26' title="bbox 2037 1421 3532 1494">
    <p class='ocr_par' dir='ltr' id='par_1_26' title="bbox 2037 1421 3532 1494">
     <span class='ocr_line' id='line_1_26' title="bbox 2037 1421 3532 1494; baseline -0.004 -15"><span class='ocrx_word' id='word_1_145' title='bbox 2037 1424 2337 1481; x_wconf 72' lang='lat' dir='ltr'><strong>Plutarchi.</strong></span> <span class='ocrx_word' id='word_1_146' title='bbox 2371 1426 2431 1479; x_wconf 87' lang='lat' dir='ltr'><strong>In</strong></span> <span class='ocrx_word' id='word_1_147' title='bbox 2479 1426 2701 1494; x_wconf 87' lang='lat' dir='ltr'><strong>speculo</strong></span> <span class='ocrx_word' id='word_1_148' title='bbox 2734 1434 2785 1489; x_wconf 84' lang='lat' dir='ltr'><strong>te</strong></span> <span class='ocrx_word' id='word_1_149' title='bbox 2814 1425 3205 1494; x_wconf 81' lang='lat' dir='ltr'><strong>contemplare,</strong></span> <span class='ocrx_word' id='word_1_150' title='bbox 3237 1434 3290 1477; x_wconf 87' lang='lat' dir='ltr'><strong>et</strong></span> <span class='ocrx_word' id='word_1_151' title='bbox 3317 1421 3362 1476; x_wconf 83' lang='lat' dir='ltr'><strong>si</strong></span> <span class='ocrx_word' id='word_1_152' title='bbox 3415 1421 3532 1490; x_wconf 87' lang='lat' dir='ltr'><strong>pul-</strong></span> 
     </span>
    </p>
   </div>
   <div class='ocr_carea' id='block_1_27' title="bbox 1967 1513 3540 1586">
    <p class='ocr_par' dir='ltr' id='par_1_27' title="bbox 1967 1513 3540 1586">
     <span class='ocr_line' id='line_1_27' title="bbox 1967 1513 3540 1586; baseline -0.004 -15"><span class='ocrx_word' id='word_1_153' title='bbox 1967 1518 2098 1571; x_wconf 87' lang='lat' dir='ltr'><strong>cher</strong></span> <span class='ocrx_word' id='word_1_154' title='bbox 2129 1533 2412 1586; x_wconf 83' lang='lat' dir='ltr'><strong>appareas,</strong></span> <span class='ocrx_word' id='word_1_155' title='bbox 2453 1532 2518 1571; x_wconf 91' lang='lat' dir='ltr'><strong>ea</strong></span> <span class='ocrx_word' id='word_1_156' title='bbox 2569 1516 2655 1571; x_wconf 84' lang='lat' dir='ltr'><strong>fac</strong></span> <span class='ocrx_word' id='word_1_157' title='bbox 2695 1531 2814 1585; x_wconf 78' lang='lat' dir='ltr'><strong>quae</strong></span> <span class='ocrx_word' id='word_1_158' title='bbox 2859 1516 3054 1569; x_wconf 85' lang='lat' dir='ltr'><strong>decent</strong></span> <span class='ocrx_word' id='word_1_159' title='bbox 3099 1515 3425 1584; x_wconf 79' lang='lat' dir='ltr'><strong>pulchrum;</strong></span> <span class='ocrx_word' id='word_1_160' title='bbox 3458 1513 3540 1566; x_wconf 90' lang='lat' dir='ltr'><strong>sin</strong></span> 
     </span>
    </p>
   </div>
   <div class='ocr_carea' id='block_1_28' title="bbox 1950 1608 3540 1679">
    <p class='ocr_par' dir='ltr' id='par_1_28' title="bbox 1950 1608 3540 1679">
     <span class='ocr_line' id='line_1_28' title="bbox 1950 1608 3540 1679; baseline -0.008 -12"><span class='ocrx_word' id='word_1_161' title='bbox 1950 1609 2254 1675; x_wconf 86' lang='lat' dir='ltr'><strong>deformis,</strong></span> <span class='ocrx_word' id='word_1_162' title='bbox 2311 1610 2364 1664; x_wconf 87' lang='lat' dir='ltr'><strong>id</strong></span> <span class='ocrx_word' id='word_1_163' title='bbox 2403 1612 2550 1679; x_wconf 88' lang='lat' dir='ltr'><strong>quod</strong></span> <span class='ocrx_word' id='word_1_164' title='bbox 2597 1608 2755 1664; x_wconf 78' lang='lat' dir='ltr'><strong>faciei</strong></span> <span class='ocrx_word' id='word_1_165' title='bbox 2808 1608 2964 1663; x_wconf 84' lang='lat' dir='ltr'><strong>deest</strong></span> <span class='ocrx_word' id='word_1_166' title='bbox 3001 1609 3284 1662; x_wconf 90' lang='lat' dir='ltr'><strong>honestate</strong></span> <span class='ocrx_word' id='word_1_167' title='bbox 3322 1619 3540 1659; x_wconf 88' lang='lat' dir='ltr'><strong>morum</strong></span> 
     </span>
    </p>
   </div>
   <div class='ocr_carea' id='block_1_29' title="bbox 1971 1705 2186 1771">
    <p class='ocr_par' dir='ltr' id='par_1_29' title="bbox 1971 1705 2186 1771">
     <span class='ocr_line' id='line_1_29' title="bbox 1971 1705 2186 1771; baseline -0.009 -14"><span class='ocrx_word' id='word_1_168' title='bbox 1971 1705 2186 1771; x_wconf 88' lang='lat' dir='ltr'><strong>supple.</strong></span> 
     </span>
    </p>
   </div>
   <div class='ocr_carea' id='block_1_30' title="bbox 349 1752 1900 1863">
    <p class='ocr_par' dir='ltr' id='par_1_30' title="bbox 349 1752 1900 1852">
     <span class='ocr_line' id='line_1_30' title="bbox 349 1752 1900 1852; baseline -0.003 -17"><span class='ocrx_word' id='word_1_169' title='bbox 349 1784 599 1845; x_wconf 71' lang='grc' dir='ltr'>Αἴσωπος</span> <span class='ocrx_word' id='word_1_170' title='bbox 631 1782 1030 1851; x_wconf 73' lang='grc' dir='ltr'>ὀνειδιζόμενος</span> <span class='ocrx_word' id='word_1_171' title='bbox 1060 1784 1144 1835; x_wconf 77' lang='grc' dir='ltr'>ὅτι</span> <span class='ocrx_word' id='word_1_172' title='bbox 1169 1781 1414 1852; x_wconf 86' lang='grc' dir='ltr'>χαλεπὴν</span> <span class='ocrx_word' id='word_1_173' title='bbox 1440 1782 1556 1852; x_wconf 75' lang='grc' dir='ltr'>ἔχει</span> <span class='ocrx_word' id='word_1_174' title='bbox 1581 1781 1855 1852; x_wconf 39' lang='grc' dir='ltr'>τὴννδψιν,</span> <span class='ocrx_word' id='word_1_175' title='bbox 1896 1757 1900 1815; x_wconf 55' lang='grc' dir='ltr'><strong>ί</strong></span> 
     </span>
    </p>
   </div>
   <div class='ocr_carea' id='block_1_31' title="bbox 2002 1752 3537 1863">
    <p class='ocr_par' dir='ltr' id='par_1_31' title="bbox 2006 1752 3537 1863">
     <span class='ocr_line' id='line_1_31' title="bbox 2006 1752 3537 1863; baseline -0.006 -14"><span class='ocrx_word' id='word_1_176' title='bbox 2006 1752 2281 1863; x_wconf 35' lang='lat' dir='ltr'><strong>&#39;iéso-pns</strong></span> <span class='ocrx_word' id='word_1_177' title='bbox 2313 1796 2383 1849; x_wconf 92' lang='lat' dir='ltr'><strong>ob</strong></span> <span class='ocrx_word' id='word_1_178' title='bbox 2432 1794 2837 1849; x_wconf 78' lang='lat' dir='ltr'><strong>deformitatem</strong></span> <span class='ocrx_word' id='word_1_179' title='bbox 2885 1793 3157 1861; x_wconf 86' lang='lat' dir='ltr'><strong>eulpatus,</strong></span> <span class='ocrx_word' id='word_1_180' title='bbox 3212 1790 3397 1860; x_wconf 87' lang='lat' dir='ltr'><strong>dixit:</strong></span> <span class='ocrx_word' id='word_1_181' title='bbox 3458 1786 3537 1841; x_wconf 82' lang='lat' dir='ltr'><strong>Ne</strong></span> 
     </span>
    </p>
   </div>
   <div class='ocr_carea' id='block_1_32' title="bbox 274 1871 1820 1947">
    <p class='ocr_par' dir='ltr' id='par_1_32' title="bbox 274 1871 1820 1947">
     <span class='ocr_line' id='line_1_32' title="bbox 274 1871 1820 1947; baseline -0.001 -20"><span class='ocrx_word' id='word_1_182' title='bbox 274 1876 381 1947; x_wconf 73' lang='grc' dir='ltr'>ἔφη</span> <span class='ocrx_word' id='word_1_183' title='bbox 408 1893 423 1908; x_wconf 88' lang='grc'><strong>·</strong></span> <span class='ocrx_word' id='word_1_184' title='bbox 460 1878 549 1945; x_wconf 82' lang='grc' dir='ltr'><strong>Μή</strong></span> <span class='ocrx_word' id='word_1_185' title='bbox 587 1893 688 1945; x_wconf 90' lang='grc' dir='ltr'><strong>μου</strong></span> <span class='ocrx_word' id='word_1_186' title='bbox 719 1876 780 1929; x_wconf 76' lang='grc' dir='ltr'><strong>τὸ</strong></span> <span class='ocrx_word' id='word_1_187' title='bbox 809 1871 972 1941; x_wconf 76' lang='grc' dir='ltr'>εἶδος,</span> <span class='ocrx_word' id='word_1_188' title='bbox 1016 1875 1134 1927; x_wconf 79' lang='grc' dir='ltr'>ἀλλ’</span> <span class='ocrx_word' id='word_1_189' title='bbox 1164 1877 1245 1937; x_wconf 77' lang='grc' dir='ltr'><strong>εις</strong></span> <span class='ocrx_word' id='word_1_190' title='bbox 1279 1876 1371 1927; x_wconf 83' lang='grc' dir='ltr'><strong>τὸν</strong></span> <span class='ocrx_word' id='word_1_191' title='bbox 1404 1874 1529 1929; x_wconf 92' lang='grc' dir='ltr'>νοῦν</span> <span class='ocrx_word' id='word_1_192' title='bbox 1560 1875 1820 1945; x_wconf 78' lang='grc' dir='ltr'>πρόσεχε.</span> 
     </span>
    </p>
   </div>
   <div class='ocr_carea' id='block_1_33' title="bbox 352 1967 1586 2037">
    <p class='ocr_par' dir='ltr' id='par_1_33' title="bbox 352 1967 1586 2037">
     <span class='ocr_line' id='line_1_33' title="bbox 352 1967 1586 2037; baseline -0.003 -15"><span class='ocrx_word' id='word_1_193' title='bbox 352 1968 521 2022; x_wconf 85' lang='grc' dir='ltr'><strong>Ὅταν</strong></span> <span class='ocrx_word' id='word_1_194' title='bbox 554 1968 719 2036; x_wconf 81' lang='grc' dir='ltr'>φύσει</span> <span class='ocrx_word' id='word_1_195' title='bbox 751 1967 812 2021; x_wconf 87' lang='grc' dir='ltr'><strong>τδ</strong></span> <span class='ocrx_word' id='word_1_196' title='bbox 843 1967 1041 2029; x_wconf 78' lang='grc' dir='ltr'>καλλος</span> <span class='ocrx_word' id='word_1_197' title='bbox 1073 1968 1349 2037; x_wconf 79' lang='grc' dir='ltr'>ὲπικοσμῇ</span> <span class='ocrx_word' id='word_1_198' title='bbox 1384 1967 1586 2037; x_wconf 81' lang='grc' dir='ltr'>τρόπος</span> 
     </span>
    </p>
   </div>
   <div class='ocr_carea' id='block_1_34' title="bbox 350 2056 1646 2129">
    <p class='ocr_par' dir='ltr' id='par_1_34' title="bbox 350 2056 1646 2129">
     <span class='ocr_line' id='line_1_34' title="bbox 350 2056 1646 2129; baseline -0.004 -13"><span class='ocrx_word' id='word_1_199' title='bbox 350 2060 622 2129; x_wconf 84' lang='grc' dir='ltr'>Χρηστὸς,</span> <span class='ocrx_word' id='word_1_200' title='bbox 659 2058 959 2121; x_wconf 71' lang='grc' dir='ltr'>διπλασίως</span> <span class='ocrx_word' id='word_1_201' title='bbox 995 2058 1024 2109; x_wconf 88' lang='grc' dir='ltr'><strong>ό</strong></span> <span class='ocrx_word' id='word_1_202' title='bbox 1062 2056 1304 2128; x_wconf 81' lang='grc' dir='ltr'>προσιὼν</span> <span class='ocrx_word' id='word_1_203' title='bbox 1338 2058 1646 2112; x_wconf 78' lang='grc' dir='ltr'>ἁλίσκεται.</span> 
     </span>
    </p>
   </div>
   <div class='ocr_carea' id='block_1_35' title="bbox 350 2233 1864 2306">
    <p class='ocr_par' dir='ltr' id='par_1_35' title="bbox 350 2233 1864 2306">
     <span class='ocr_line' id='line_1_35' title="bbox 350 2233 1864 2306; baseline 0.001 -19"><span class='ocrx_word' id='word_1_204' title='bbox 350 2237 432 2290; x_wconf 83' lang='grc' dir='ltr'><strong>Τὰ</strong></span> <span class='ocrx_word' id='word_1_205' title='bbox 462 2236 571 2289; x_wconf 88' lang='grc' dir='ltr'><strong>τῶν</strong></span> <span class='ocrx_word' id='word_1_206' title='bbox 607 2235 789 2289; x_wconf 83' lang='grc' dir='ltr'>καλῶν</span> <span class='ocrx_word' id='word_1_207' title='bbox 834 2234 1117 2306; x_wconf 80' lang='grc' dir='ltr'>φιλήματα</span> <span class='ocrx_word' id='word_1_208' title='bbox 1150 2233 1517 2303; x_wconf 83' lang='grc' dir='ltr'>φυλάττεσθαι</span> <span class='ocrx_word' id='word_1_209' title='bbox 1542 2233 1644 2299; x_wconf 81' lang='grc' dir='ltr'>δεῖ,</span> <span class='ocrx_word' id='word_1_210' title='bbox 1684 2234 1759 2296; x_wconf 85' lang='grc' dir='ltr'>ὡς</span> <span class='ocrx_word' id='word_1_211' title='bbox 1793 2233 1864 2288; x_wconf 82' lang='grc' dir='ltr'>τὰ</span> 
     </span>
    </p>
   </div>
   <div class='ocr_carea' id='block_1_36' title="bbox 274 2326 952 2396">
    <p class='ocr_par' dir='ltr' id='par_1_36' title="bbox 274 2326 952 2396">
     <span class='ocr_line' id='line_1_36' title="bbox 274 2326 952 2396; baseline -0.001 -16"><span class='ocrx_word' id='word_1_212' title='bbox 274 2327 389 2381; x_wconf 84' lang='grc' dir='ltr'><strong>τῶν</strong></span> <span class='ocrx_word' id='word_1_213' title='bbox 425 2327 648 2379; x_wconf 76' lang='grc' dir='ltr'>ἰοὸόλων</span> <span class='ocrx_word' id='word_1_214' title='bbox 675 2326 952 2396; x_wconf 79' lang='grc' dir='ltr'><strong>δήγματα.</strong></span> 
     </span>
    </p>
   </div>
   <div class='ocr_carea' id='block_1_37' title="bbox 357 2413 1866 2488">
    <p class='ocr_par' dir='ltr' id='par_1_37' title="bbox 357 2413 1866 2488">
     <span class='ocr_line' id='line_1_37' title="bbox 357 2413 1866 2488; baseline -0.003 -17"><span class='ocrx_word' id='word_1_215' title='bbox 357 2419 637 2488; x_wconf 75' lang='grc' dir='ltr'><strong>Διογένης,</strong></span> <span class='ocrx_word' id='word_1_216' title='bbox 656 2418 991 2486; x_wconf 85' lang='grc' dir='ltr'>θεασάμενος</span> <span class='ocrx_word' id='word_1_217' title='bbox 1025 2416 1309 2486; x_wconf 79' lang='grc' dir='ltr'>μειράκιον</span> <span class='ocrx_word' id='word_1_218' title='bbox 1334 2413 1630 2485; x_wconf 73' lang='grc' dir='ltr'>εὔμορφον,</span> <span class='ocrx_word' id='word_1_219' title='bbox 1659 2415 1753 2467; x_wconf 80' lang='grc' dir='ltr'><strong>καὶ</strong></span> <span class='ocrx_word' id='word_1_220' title='bbox 1778 2413 1866 2466; x_wconf 80' lang='grc' dir='ltr'><strong>διὰ</strong></span> 
     </span>
    </p>
   </div>
   <div class='ocr_carea' id='block_1_38' title="bbox 268 2506 1865 2579">
    <p class='ocr_par' dir='ltr' id='par_1_38' title="bbox 268 2506 1865 2579">
     <span class='ocr_line' id='line_1_38' title="bbox 268 2506 1865 2579; baseline -0.003 -16"><span class='ocrx_word' id='word_1_221' title='bbox 268 2508 442 2564; x_wconf 79' lang='grc' dir='ltr'>τοῦτο</span> <span class='ocrx_word' id='word_1_222' title='bbox 463 2508 810 2579; x_wconf 82' lang='grc' dir='ltr'>φιλούμενον,</span> <span class='ocrx_word' id='word_1_223' title='bbox 840 2508 949 2577; x_wconf 76' lang='grc' dir='ltr'>ἔφη</span> <span class='ocrx_word' id='word_1_224' title='bbox 970 2523 983 2536; x_wconf 93' lang='grc'><strong>·</strong></span> <span class='ocrx_word' id='word_1_225' title='bbox 1032 2506 1364 2574; x_wconf 79' lang='grc' dir='ltr'>Σπούδασον,</span> <span class='ocrx_word' id='word_1_226' title='bbox 1399 2507 1707 2577; x_wconf 82' lang='grc' dir='ltr'>μειράκιον,</span> <span class='ocrx_word' id='word_1_227' title='bbox 1738 2506 1865 2571; x_wconf 75' lang='grc' dir='ltr'>τοὺς</span> 
     </span>
    </p>
   </div>
   <div class='ocr_carea' id='block_1_39' title="bbox 279 2600 1788 2674">
    <p class='ocr_par' dir='ltr' id='par_1_39' title="bbox 279 2600 1788 2674">
     <span class='ocr_line' id='line_1_39' title="bbox 279 2600 1788 2674; baseline -0.001 -17"><span class='ocrx_word' id='word_1_228' title='bbox 279 2604 380 2658; x_wconf 84' lang='grc' dir='ltr'><strong>τοῦ</strong></span> <span class='ocrx_word' id='word_1_229' title='bbox 409 2602 662 2674; x_wconf 86' lang='grc' dir='ltr'>σώματος</span> <span class='ocrx_word' id='word_1_230' title='bbox 700 2604 937 2671; x_wconf 75' lang='grc' dir='ltr'>ἐραστὰς</span> <span class='ocrx_word' id='word_1_231' title='bbox 973 2602 1053 2664; x_wconf 73' lang='grc' dir='ltr'>εἰς</span> <span class='ocrx_word' id='word_1_232' title='bbox 1090 2601 1190 2672; x_wconf 78' lang='grc' dir='ltr'><strong>τὴν</strong></span> <span class='ocrx_word' id='word_1_233' title='bbox 1215 2600 1394 2672; x_wconf 79' lang='grc' dir='ltr'>ψυχὴν</span> <span class='ocrx_word' id='word_1_234' title='bbox 1431 2601 1788 2671; x_wconf 77' lang='grc' dir='ltr'><strong>μεταγαγεῖν.</strong></span> 
     </span>
    </p>
   </div>
   <div class='ocr_carea' id='block_1_40' title="bbox 378 2780 1867 2855">
    <p class='ocr_par' dir='ltr' id='par_1_40' title="bbox 378 2780 1867 2855">
     <span class='ocr_line' id='line_1_40' title="bbox 378 2780 1867 2855; baseline -0.003 -17"><span class='ocrx_word' id='word_1_235' title='bbox 378 2788 439 2838; x_wconf 89' lang='grc'><strong>’0</strong></span> <span class='ocrx_word' id='word_1_236' title='bbox 469 2786 656 2853; x_wconf 78' lang='grc' dir='ltr'>αὐτὸς,</span> <span class='ocrx_word' id='word_1_237' title='bbox 689 2784 1025 2855; x_wconf 77' lang='grc' dir='ltr'>θεασάμενος</span> <span class='ocrx_word' id='word_1_238' title='bbox 1055 2784 1337 2839; x_wconf 81' lang='grc' dir='ltr'>νεανίσκον</span> <span class='ocrx_word' id='word_1_239' title='bbox 1365 2780 1867 2851; x_wconf 78' lang='grc' dir='ltr'><strong>καλλωπιζόμενον,</strong></span> 
     </span>
    </p>
   </div>
   <div class='ocr_carea' id='block_1_41' title="bbox 279 2875 1868 2952">
    <p class='ocr_par' dir='ltr' id='par_1_41' title="bbox 279 2875 1868 2952">
     <span class='ocr_line' id='line_1_41' title="bbox 279 2875 1868 2952; baseline -0.006 -17"><span class='ocrx_word' id='word_1_240' title='bbox 279 2878 426 2952; x_wconf 63' lang='grc' dir='ltr'>ἔφη’</span> <span class='ocrx_word' id='word_1_241' title='bbox 459 2882 521 2935; x_wconf 77' lang='lat' dir='ltr'><strong>El</strong></span> <span class='ocrx_word' id='word_1_242' title='bbox 570 2880 670 2952; x_wconf 76' lang='grc' dir='ltr'>μὲν</span> <span class='ocrx_word' id='word_1_243' title='bbox 700 2881 837 2949; x_wconf 81' lang='grc' dir='ltr'>πρὸς</span> <span class='ocrx_word' id='word_1_244' title='bbox 867 2880 1090 2950; x_wconf 74' lang='grc' dir='ltr'>ἄνδρας,</span> <span class='ocrx_word' id='word_1_245' title='bbox 1130 2878 1350 2949; x_wconf 74' lang='grc' dir='ltr'>ἀτυχεῖς</span> <span class='ocrx_word' id='word_1_246' title='bbox 1377 2892 1392 2908; x_wconf 77' lang='grc' dir='ltr'><strong>ο</strong></span> <span class='ocrx_word' id='word_1_247' title='bbox 1436 2878 1485 2929; x_wconf 72' lang='grc' dir='ltr'>εἰ</span> <span class='ocrx_word' id='word_1_248' title='bbox 1513 2876 1570 2930; x_wconf 78' lang='grc' dir='ltr'>δὲ</span> <span class='ocrx_word' id='word_1_249' title='bbox 1601 2875 1736 2945; x_wconf 82' lang='grc' dir='ltr'>πρὸς</span> <span class='ocrx_word' id='word_1_250' title='bbox 1765 2890 1868 2943; x_wconf 82' lang='grc' dir='ltr'>γυ-</span> 
     </span>
    </p>
   </div>
   <div class='ocr_carea' id='block_1_42' title="bbox 285 2975 761 3041">
    <p class='ocr_par' dir='ltr' id='par_1_42' title="bbox 285 2975 761 3041">
     <span class='ocr_line' id='line_1_42' title="bbox 285 2975 761 3041; baseline -0.002 -11"><span class='ocrx_word' id='word_1_251' title='bbox 285 2977 503 3041; x_wconf 78' lang='grc' dir='ltr'>ναῖκας,</span> <span class='ocrx_word' id='word_1_252' title='bbox 535 2975 761 3039; x_wconf 76' lang='grc' dir='ltr'><strong>ἀδικεῖς.</strong></span> 
     </span>
    </p>
   </div>
   <div class='ocr_carea' id='block_1_43' title="bbox 377 3060 1946 3168">
    <p class='ocr_par' dir='ltr' id='par_1_43' title="bbox 377 3060 1946 3168">
     <span class='ocr_line' id='line_1_43' title="bbox 377 3060 1946 3168; baseline -0.006 -48"><span class='ocrx_word' id='word_1_253' title='bbox 377 3066 783 3134; x_wconf 71' lang='grc' dir='ltr'>’Δριστοτὲ).ης,</span> <span class='ocrx_word' id='word_1_254' title='bbox 807 3066 1140 3136; x_wconf 78' lang='grc' dir='ltr'>θεασάμενος</span> <span class='ocrx_word' id='word_1_255' title='bbox 1169 3063 1452 3136; x_wconf 74' lang='grc' dir='ltr'><strong>μειράκων</strong></span> <span class='ocrx_word' id='word_1_256' title='bbox 1479 3060 1869 3132; x_wconf 80' lang='grc' dir='ltr'>ὠραῖζόμενον,</span> <span class='ocrx_word' id='word_1_257' title='bbox 1897 3107 1946 3168; x_wconf 72' lang='lat' dir='ltr'><strong>c</strong></span> 
     </span>
    </p>
   </div>
   <div class='ocr_carea' id='block_1_44' title="bbox 291 3156 1873 3230">
    <p class='ocr_par' dir='ltr' id='par_1_44' title="bbox 291 3156 1873 3230">
     <span class='ocr_line' id='line_1_44' title="bbox 291 3156 1873 3230; baseline -0.016 -1"><span class='ocrx_word' id='word_1_258' title='bbox 291 3157 405 3228; x_wconf 71' lang='grc' dir='ltr'><strong>ῐφη</strong></span> <span class='ocrx_word' id='word_1_259' title='bbox 428 3175 443 3190; x_wconf 90' lang='grc'><strong>⁹</strong></span> <span class='ocrx_word' id='word_1_260' title='bbox 474 3159 589 3213; x_wconf 69' lang='grc' dir='ltr'><strong>οὐκ</strong></span> <span class='ocrx_word' id='word_1_261' title='bbox 634 3160 893 3230; x_wconf 79' lang='grc' dir='ltr'><strong>αἰσχύνῃ.</strong></span> <span class='ocrx_word' id='word_1_262' title='bbox 920 3161 1029 3223; x_wconf 87' lang='grc' dir='ltr'>ὃτι,</span> <span class='ocrx_word' id='word_1_263' title='bbox 1054 3159 1153 3227; x_wconf 80' lang='grc' dir='ltr'>τῆς</span> <span class='ocrx_word' id='word_1_264' title='bbox 1183 3156 1396 3227; x_wconf 76' lang='grc' dir='ltr'>φύσεως</span> <span class='ocrx_word' id='word_1_265' title='bbox 1429 3156 1600 3226; x_wconf 74' lang='grc' dir='ltr'>ἄνδρα</span> <span class='ocrx_word' id='word_1_266' title='bbox 1649 3170 1711 3207; x_wconf 81' lang='grc' dir='ltr'><strong>σε</strong></span> <span class='ocrx_word' id='word_1_267' title='bbox 1754 3168 1873 3205; x_wconf 84' lang='grc' dir='ltr'>ποι-</span> 
     </span>
    </p>
   </div>
   <div class='ocr_carea' id='block_1_45' title="bbox 283 3250 1104 3322">
    <p class='ocr_par' dir='ltr' id='par_1_45' title="bbox 283 3250 1104 3322">
     <span class='ocr_line' id='line_1_45' title="bbox 283 3250 1104 3322; baseline -0.045 -1"><span class='ocrx_word' id='word_1_268' title='bbox 283 3250 524 3320; x_wconf 82' lang='grc' dir='ltr'>ησάσης,</span> <span class='ocrx_word' id='word_1_269' title='bbox 549 3251 741 3304; x_wconf 72' lang='grc' dir='ltr'>ἑαυτὸν</span> <span class='ocrx_word' id='word_1_270' title='bbox 760 3250 1104 3322; x_wconf 61' lang='grc' dir='ltr'><strong>τεθήλυκιις³</strong></span> 
     </span>
    </p>
   </div>
   <div class='ocr_carea' id='block_1_46' title="bbox 378 3333 1873 3410">
    <p class='ocr_par' dir='ltr' id='par_1_46' title="bbox 378 3333 1873 3410">
     <span class='ocr_line' id='line_1_46' title="bbox 378 3333 1873 3410; baseline -0.007 -14"><span class='ocrx_word' id='word_1_271' title='bbox 378 3342 438 3395; x_wconf 88' lang='lat'><strong>&#39;0</strong></span> <span class='ocrx_word' id='word_1_272' title='bbox 470 3344 631 3405; x_wconf 81' lang='grc' dir='ltr'>αὐτὸς</span> <span class='ocrx_word' id='word_1_273' title='bbox 657 3344 779 3396; x_wconf 83' lang='grc' dir='ltr'>νέου</span> <span class='ocrx_word' id='word_1_274' title='bbox 810 3342 953 3404; x_wconf 77' lang='grc' dir='ltr'>τινὸς</span> <span class='ocrx_word' id='word_1_275' title='bbox 994 3340 1237 3404; x_wconf 76' lang='grc' dir='ltr'><strong>εὐειδοῦς</strong></span> <span class='ocrx_word' id='word_1_276' title='bbox 1262 3340 1364 3410; x_wconf 82' lang='grc' dir='ltr'>μὲν</span> <span class='ocrx_word' id='word_1_277' title='bbox 1405 3340 1505 3409; x_wconf 72' lang='grc' dir='ltr'>τὴν</span> <span class='ocrx_word' id='word_1_278' title='bbox 1534 3335 1681 3406; x_wconf 74' lang='grc' dir='ltr'>ὄψιν,</span> <span class='ocrx_word' id='word_1_279' title='bbox 1712 3333 1873 3389; x_wconf 79' lang='grc' dir='ltr'>ἀσελ-</span> 
     </span>
    </p>
   </div>
   <div class='ocr_carea' id='block_1_47' title="bbox 286 3427 1872 3505">
    <p class='ocr_par' dir='ltr' id='par_1_47' title="bbox 286 3427 1872 3505">
     <span class='ocr_line' id='line_1_47' title="bbox 286 3427 1872 3505; baseline -0.006 -16"><span class='ocrx_word' id='word_1_280' title='bbox 286 3435 431 3505; x_wconf 84' lang='grc' dir='ltr'>γοῦς</span> <span class='ocrx_word' id='word_1_281' title='bbox 457 3436 515 3489; x_wconf 78' lang='grc' dir='ltr'>δὲ</span> <span class='ocrx_word' id='word_1_282' title='bbox 549 3437 640 3489; x_wconf 74' lang='grc' dir='ltr'>τὸν</span> <span class='ocrx_word' id='word_1_283' title='bbox 668 3436 893 3505; x_wconf 80' lang='grc' dir='ltr'>τρόπον,</span> <span class='ocrx_word' id='word_1_284' title='bbox 923 3433 1337 3504; x_wconf 80' lang='grc' dir='ltr'>λοιδορουμένου</span> <span class='ocrx_word' id='word_1_285' title='bbox 1369 3428 1536 3484; x_wconf 82' lang='grc' dir='ltr'>αὑτοῦ</span> <span class='ocrx_word' id='word_1_286' title='bbox 1556 3428 1651 3482; x_wconf 82' lang='grc' dir='ltr'><strong>καὶ</strong></span> <span class='ocrx_word' id='word_1_287' title='bbox 1680 3427 1872 3494; x_wconf 73' lang='grc' dir='ltr'>λέγον-</span> 
     </span>
    </p>
   </div>
   <div class='ocr_carea' id='block_1_48' title="bbox 286 3518 1871 3598">
    <p class='ocr_par' dir='ltr' id='par_1_48' title="bbox 286 3518 1871 3598">
     <span class='ocr_line' id='line_1_48' title="bbox 286 3518 1871 3598; baseline -0.006 -17"><span class='ocrx_word' id='word_1_288' title='bbox 286 3545 405 3593; x_wconf 86' lang='grc' dir='ltr'>τος,</span> <span class='ocrx_word' id='word_1_289' title='bbox 456 3529 505 3581; x_wconf 78' lang='lat' dir='ltr'><strong>sl</strong></span> <span class='ocrx_word' id='word_1_290' title='bbox 537 3530 753 3598; x_wconf 68' lang='grc' dir='ltr'>ίὲπίσης</span> <span class='ocrx_word' id='word_1_291' title='bbox 799 3526 949 3598; x_wconf 84' lang='grc' dir='ltr'><strong>αῦτῷ</strong></span> <span class='ocrx_word' id='word_1_292' title='bbox 1011 3527 1256 3596; x_wconf 75' lang='grc' dir='ltr'>ἐμισεῖτο</span> <span class='ocrx_word' id='word_1_293' title='bbox 1309 3524 1414 3577; x_wconf 81' lang='grc' dir='ltr'><strong>ὑπὸ</strong></span> <span class='ocrx_word' id='word_1_294' title='bbox 1458 3522 1567 3576; x_wconf 85' lang='grc' dir='ltr'><strong>τῶν</strong></span> <span class='ocrx_word' id='word_1_295' title='bbox 1614 3518 1871 3584; x_wconf 84' lang='grc' dir='ltr'>πολιτῶν,</span> 
     </span>
    </p>
   </div>
   <div class='ocr_carea' id='block_1_49' title="bbox 288 3610 1873 3689">
    <p class='ocr_par' dir='ltr' id='par_1_49' title="bbox 288 3610 1873 3689">
     <span class='ocr_line' id='line_1_49' title="bbox 288 3610 1873 3689; baseline -0.005 -18"><span class='ocrx_word' id='word_1_296' title='bbox 288 3619 580 3689; x_wconf 81' lang='grc' dir='ltr'><strong>ἀπήγξατο</strong></span> <span class='ocrx_word' id='word_1_297' title='bbox 607 3620 695 3684; x_wconf 84' lang='grc' dir='ltr'>ἂν,</span> <span class='ocrx_word' id='word_1_298' title='bbox 728 3618 865 3688; x_wconf 70' lang='grc' dir='ltr'>ἔφη’</span> <span class='ocrx_word' id='word_1_299' title='bbox 910 3618 1054 3684; x_wconf 83' lang='grc' dir='ltr'><strong>Ἐγὼ</strong></span> <span class='ocrx_word' id='word_1_300' title='bbox 1076 3618 1134 3671; x_wconf 76' lang='grc' dir='ltr'>δὲ</span> <span class='ocrx_word' id='word_1_301' title='bbox 1163 3616 1504 3687; x_wconf 80' lang='grc' dir='ltr'><strong>ἀπηγξάμην</strong></span> <span class='ocrx_word' id='word_1_302' title='bbox 1532 3614 1621 3679; x_wconf 83' lang='grc' dir='ltr'><strong>ἂν,</strong></span> <span class='ocrx_word' id='word_1_303' title='bbox 1658 3612 1707 3665; x_wconf 74' lang='grc' dir='ltr'>εἰ</span> <span class='ocrx_word' id='word_1_304' title='bbox 1750 3610 1873 3663; x_wconf 76' lang='grc' dir='ltr'><strong>ἐπί-</strong></span> 
     </span>
    </p>
   </div>
   <div class='ocr_carea' id='block_1_50' title="bbox 292 3710 1275 3782">
    <p class='ocr_par' dir='ltr' id='par_1_50' title="bbox 292 3710 1275 3782">
     <span class='ocr_line' id='line_1_50' title="bbox 292 3710 1275 3782; baseline 0.001 -18"><span class='ocrx_word' id='word_1_305' title='bbox 292 3728 398 3782; x_wconf 89' lang='grc' dir='ltr'><strong>σης</strong></span> <span class='ocrx_word' id='word_1_306' title='bbox 428 3728 513 3764; x_wconf 87' lang='grc' dir='ltr'><strong>σοι</strong></span> <span class='ocrx_word' id='word_1_307' title='bbox 545 3712 652 3765; x_wconf 86' lang='grc' dir='ltr'><strong>τῶν</strong></span> <span class='ocrx_word' id='word_1_308' title='bbox 683 3710 917 3765; x_wconf 80' lang='grc' dir='ltr'>πολιτῶν</span> <span class='ocrx_word' id='word_1_309' title='bbox 951 3710 1275 3779; x_wconf 69' lang='grc' dir='ltr'>ἑφιλούμην.</span> 
     </span>
    </p>
   </div>
   <div class='ocr_carea' id='block_1_51' title="bbox 384 3793 1876 3881">
    <p class='ocr_par' dir='ltr' id='par_1_51' title="bbox 384 3793 1876 3881">
     <span class='ocr_line' id='line_1_51' title="bbox 384 3793 1876 3881; baseline -0.005 -24"><span class='ocrx_word' id='word_1_310' title='bbox 384 3803 510 3857; x_wconf 77' lang='grc' dir='ltr'>Ἐὰν</span> <span class='ocrx_word' id='word_1_311' title='bbox 546 3804 703 3859; x_wconf 74' lang='grc' dir='ltr'>καλὸν</span> <span class='ocrx_word' id='word_1_312' title='bbox 735 3804 861 3881; x_wconf 65' lang='grc' dir='ltr'><strong>ιχῃς</strong></span> <span class='ocrx_word' id='word_1_313' title='bbox 898 3804 1059 3873; x_wconf 83' lang='grc' dir='ltr'>σῶμα</span> <span class='ocrx_word' id='word_1_314' title='bbox 1100 3802 1196 3856; x_wconf 81' lang='grc' dir='ltr'>καὶ</span> <span class='ocrx_word' id='word_1_315' title='bbox 1240 3800 1419 3872; x_wconf 82' lang='grc' dir='ltr'>ψυχὴν</span> <span class='ocrx_word' id='word_1_316' title='bbox 1449 3799 1651 3870; x_wconf 79' lang='grc' dir='ltr'>κακὴν,</span> <span class='ocrx_word' id='word_1_317' title='bbox 1704 3793 1876 3866; x_wconf 79' lang='grc' dir='ltr'>καλὴν</span> 
     </span>
    </p>
   </div>
   <div class='ocr_carea' id='block_1_52' title="bbox 290 3895 1324 3968">
    <p class='ocr_par' dir='ltr' id='par_1_52' title="bbox 290 3895 1324 3968">
     <span class='ocr_line' id='line_1_52' title="bbox 290 3895 1324 3968; baseline -0.006 -14"><span class='ocrx_word' id='word_1_318' title='bbox 290 3900 439 3968; x_wconf 61' lang='grc' dir='ltr'>ἔχεις</span> <span class='ocrx_word' id='word_1_319' title='bbox 471 3895 605 3951; x_wconf 83' lang='grc' dir='ltr'>ναῦν</span> <span class='ocrx_word' id='word_1_320' title='bbox 638 3896 734 3949; x_wconf 74' lang='grc' dir='ltr'><strong>καὶ</strong></span> <span class='ocrx_word' id='word_1_321' title='bbox 756 3895 927 3949; x_wconf 83' lang='grc' dir='ltr'>κακὸν</span> <span class='ocrx_word' id='word_1_322' title='bbox 959 3895 1324 3964; x_wconf 75' lang='grc' dir='ltr'>κυϐερνήτην.</span> 
     </span>
    </p>
   </div>
   <div class='ocr_carea' id='block_1_53' title="bbox 369 3985 1563 4061">
    <p class='ocr_par' dir='ltr' id='par_1_53' title="bbox 369 3985 1563 4061">
     <span class='ocr_line' id='line_1_53' title="bbox 369 3985 1563 4061; baseline -0.003 -16"><span class='ocrx_word' id='word_1_323' title='bbox 369 3991 559 4061; x_wconf 76' lang='grc' dir='ltr'>Καλὴν</span> <span class='ocrx_word' id='word_1_324' title='bbox 578 3988 797 4059; x_wconf 88' lang='grc' dir='ltr'>γυναῖκ’</span> <span class='ocrx_word' id='word_1_325' title='bbox 841 3989 936 4041; x_wconf 82' lang='grc' dir='ltr'><strong>ὲὰν</strong></span> <span class='ocrx_word' id='word_1_326' title='bbox 962 3986 1100 4059; x_wconf 75' lang='grc' dir='ltr'>ἴδῃς,</span> <span class='ocrx_word' id='word_1_327' title='bbox 1132 3988 1207 4057; x_wconf 80' lang='grc' dir='ltr'>μὴ</span> <span class='ocrx_word' id='word_1_328' title='bbox 1236 3985 1528 4055; x_wconf 78' lang='grc' dir='ltr'><strong>θαυμάσῃς</strong></span> <span class='ocrx_word' id='word_1_329' title='bbox 1548 3999 1563 4015; x_wconf 79' lang='grc'><strong>⁸</strong></span> 
     </span>
    </p>
   </div>
   <div class='ocr_carea' id='block_1_54' title="bbox 368 4072 1770 4152">
    <p class='ocr_par' dir='ltr' id='par_1_54' title="bbox 368 4072 1770 4152">
     <span class='ocr_line' id='line_1_54' title="bbox 368 4072 1770 4152; baseline -0.009 -13"><span class='ocrx_word' id='word_1_330' title='bbox 368 4083 446 4139; x_wconf 83' lang='grc' dir='ltr'>Τὸ</span> <span class='ocrx_word' id='word_1_331' title='bbox 466 4082 575 4152; x_wconf 75' lang='grc' dir='ltr'><strong>γὰρ</strong></span> <span class='ocrx_word' id='word_1_332' title='bbox 615 4079 749 4135; x_wconf 80' lang='grc' dir='ltr'>πολὺ</span> <span class='ocrx_word' id='word_1_333' title='bbox 777 4078 973 4142; x_wconf 82' lang='grc' dir='ltr'>κάλλος</span> <span class='ocrx_word' id='word_1_334' title='bbox 1004 4079 1101 4137; x_wconf 79' lang='grc' dir='ltr'><strong>καὶ</strong></span> <span class='ocrx_word' id='word_1_335' title='bbox 1123 4077 1309 4147; x_wconf 80' lang='grc' dir='ltr'>ψόγων</span> <span class='ocrx_word' id='word_1_336' title='bbox 1334 4074 1550 4129; x_wconf 85' lang='grc' dir='ltr'>πολλῶν</span> <span class='ocrx_word' id='word_1_337' title='bbox 1582 4072 1770 4142; x_wconf 78' lang='grc' dir='ltr'>γέμει.</span> 
     </span>
    </p>
   </div>
   <div class='ocr_carea' id='block_1_55' title="bbox 374 4251 1878 4333">
    <p class='ocr_par' dir='ltr' id='par_1_55' title="bbox 374 4251 1878 4333">
     <span class='ocr_line' id='line_1_55' title="bbox 374 4251 1878 4333; baseline -0.009 -16"><span class='ocrx_word' id='word_1_338' title='bbox 374 4260 679 4333; x_wconf 85' lang='grc' dir='ltr'>Σιμοκάτου</span> <span class='ocrx_word' id='word_1_339' title='bbox 733 4259 836 4328; x_wconf 81' lang='grc' dir='ltr'>τήν</span> <span class='ocrx_word' id='word_1_340' title='bbox 878 4274 939 4310; x_wconf 89' lang='grc' dir='ltr'>τε</span> <span class='ocrx_word' id='word_1_341' title='bbox 986 4255 1113 4312; x_wconf 80' lang='grc' dir='ltr'>θέαν</span> <span class='ocrx_word' id='word_1_342' title='bbox 1148 4254 1272 4309; x_wconf 74' lang='grc' dir='ltr'>οὔτε</span> <span class='ocrx_word' id='word_1_343' title='bbox 1326 4253 1483 4323; x_wconf 83' lang='grc' dir='ltr'>λόγος</span> <span class='ocrx_word' id='word_1_344' title='bbox 1530 4251 1878 4323; x_wconf 77' lang='grc' dir='ltr'>ὲκφράσειεν,</span> 
     </span>
    </p>
   </div>
   <div class='ocr_carea' id='block_1_56' title="bbox 303 4342 1884 4417">
    <p class='ocr_par' dir='ltr' id='par_1_56' title="bbox 303 4342 1884 4417">
     <span class='ocr_line' id='line_1_56' title="bbox 303 4342 1884 4417; baseline -0.006 -12"><span class='ocrx_word' id='word_1_345' title='bbox 303 4350 431 4406; x_wconf 69' lang='grc' dir='ltr'>οὔτε</span> <span class='ocrx_word' id='word_1_346' title='bbox 473 4348 765 4417; x_wconf 81' lang='grc' dir='ltr'>ζωγράφου</span> <span class='ocrx_word' id='word_1_347' title='bbox 814 4348 996 4417; x_wconf 86' lang='grc' dir='ltr'>χεῖρες</span> <span class='ocrx_word' id='word_1_348' title='bbox 1027 4347 1386 4416; x_wconf 75' lang='grc' dir='ltr'>μιμήσαιντο.</span> <span class='ocrx_word' id='word_1_349' title='bbox 1420 4343 1527 4397; x_wconf 85' lang='grc' dir='ltr'><strong>Ἦν</strong></span> <span class='ocrx_word' id='word_1_350' title='bbox 1555 4342 1664 4412; x_wconf 85' lang='grc' dir='ltr'>γὰρ</span> <span class='ocrx_word' id='word_1_351' title='bbox 1692 4344 1721 4395; x_wconf 87' lang='grc' dir='ltr'><strong>ό</strong></span> <span class='ocrx_word' id='word_1_352' title='bbox 1760 4356 1884 4395; x_wconf 81' lang='grc' dir='ltr'>νεα-</span> 
     </span>
    </p>
   </div>
   <div class='ocr_carea' id='block_1_57' title="bbox 1968 1885 3026 1953">
    <p class='ocr_par' dir='ltr' id='par_1_57' title="bbox 1968 1885 3026 1953">
     <span class='ocr_line' id='line_1_57' title="bbox 1968 1885 3026 1953; baseline -0.003 -15"><span class='ocrx_word' id='word_1_353' title='bbox 1968 1886 2100 1939; x_wconf 91' lang='lat' dir='ltr'><strong>mihi</strong></span> <span class='ocrx_word' id='word_1_354' title='bbox 2138 1888 2389 1951; x_wconf 82' lang='lat' dir='ltr'><strong>formam,</strong></span> <span class='ocrx_word' id='word_1_355' title='bbox 2420 1886 2515 1941; x_wconf 87' lang='lat' dir='ltr'><strong>sed</strong></span> <span class='ocrx_word' id='word_1_356' title='bbox 2547 1896 2782 1940; x_wconf 89' lang='lat' dir='ltr'><strong>mentem</strong></span> <span class='ocrx_word' id='word_1_357' title='bbox 2817 1885 3026 1953; x_wconf 85' lang='lat' dir='ltr'><strong>aspice.</strong></span> 
     </span>
    </p>
   </div>
   <div class='ocr_carea' id='block_1_58' title="bbox 2036 1974 3423 2034">
    <p class='ocr_par' dir='ltr' id='par_1_58' title="bbox 2036 1974 3423 2034">
     <span class='ocr_line' id='line_1_58' title="bbox 2036 1974 3423 2034; baseline -0.004 -1"><span class='ocrx_word' id='word_1_358' title='bbox 2036 1979 2171 2033; x_wconf 79' lang='lat' dir='ltr'><strong>Cum</strong></span> <span class='ocrx_word' id='word_1_359' title='bbox 2204 1991 2413 2034; x_wconf 75' lang='lat' dir='ltr'><strong>natura:</strong></span> <span class='ocrx_word' id='word_1_360' title='bbox 2442 1987 2782 2033; x_wconf 82' lang='lat' dir='ltr'><strong>venustatem</strong></span> <span class='ocrx_word' id='word_1_361' title='bbox 2813 1974 3200 2032; x_wconf 86' lang='lat' dir='ltr'><strong>exornaverint</strong></span> <span class='ocrx_word' id='word_1_362' title='bbox 3238 1987 3423 2028; x_wconf 71' lang='grc' dir='ltr'>ιιιυιόε</span> 
     </span>
    </p>
   </div>
   <div class='ocr_carea' id='block_1_59' title="bbox 2040 2069 3376 2142">
    <p class='ocr_par' dir='ltr' id='par_1_59' title="bbox 2040 2069 3376 2142">
     <span class='ocr_line' id='line_1_59' title="bbox 2040 2069 3376 2142; baseline -0.003 -18"><span class='ocrx_word' id='word_1_363' title='bbox 2040 2070 2225 2137; x_wconf 86' lang='lat' dir='ltr'><strong>Probi,</strong></span> <span class='ocrx_word' id='word_1_364' title='bbox 2267 2071 2554 2142; x_wconf 85' lang='lat' dir='ltr'><strong>dupliciter</strong></span> <span class='ocrx_word' id='word_1_365' title='bbox 2584 2072 2777 2141; x_wconf 77' lang='lat' dir='ltr'><strong>aliquis</strong></span> <span class='ocrx_word' id='word_1_366' title='bbox 2823 2070 3090 2127; x_wconf 84' lang='lat' dir='ltr'><strong>accedens</strong></span> <span class='ocrx_word' id='word_1_367' title='bbox 3141 2069 3376 2136; x_wconf 87' lang='lat' dir='ltr'><strong>capitur.</strong></span> 
     </span>
    </p>
   </div>
   <div class='ocr_carea' id='block_1_60' title="bbox 3015 2158 3372 2229">
    <p class='ocr_par' dir='ltr' id='par_1_60' title="bbox 3015 2158 3372 2229">
     <span class='ocr_line' id='line_1_60' title="bbox 3015 2158 3372 2229; baseline -0.011 -15"><span class='ocrx_word' id='word_1_368' title='bbox 3015 2160 3093 2229; x_wconf 79' lang='grc' dir='ltr'><strong>(Μ</strong></span> <span class='ocrx_word' id='word_1_369' title='bbox 3099 2159 3270 2213; x_wconf 81' lang='lat' dir='ltr'><strong>enand</strong></span> <span class='ocrx_word' id='word_1_370' title='bbox 3278 2158 3372 2226; x_wconf 83' lang='lat' dir='ltr'><strong>ri.)</strong></span> 
     </span>
    </p>
   </div>
   <div class='ocr_carea' id='block_1_61' title="bbox 2043 2250 3548 2317">
    <p class='ocr_par' dir='ltr' id='par_1_61' title="bbox 2043 2250 3548 2317">
     <span class='ocr_line' id='line_1_61' title="bbox 2043 2250 3548 2317; baseline -0.002 -8"><span class='ocrx_word' id='word_1_371' title='bbox 2043 2255 2303 2309; x_wconf 82' lang='lat' dir='ltr'><strong>Socratis.</strong></span> <span class='ocrx_word' id='word_1_372' title='bbox 2334 2253 2528 2309; x_wconf 85' lang='lat' dir='ltr'><strong>Oscula</strong></span> <span class='ocrx_word' id='word_1_373' title='bbox 2566 2255 2931 2311; x_wconf 84' lang='lat' dir='ltr'><strong>formosorum</strong></span> <span class='ocrx_word' id='word_1_374' title='bbox 2985 2253 3226 2308; x_wconf 87' lang='lat' dir='ltr'><strong>cavenda</strong></span> <span class='ocrx_word' id='word_1_375' title='bbox 3261 2262 3409 2317; x_wconf 88' lang='lat' dir='ltr'><strong>sunt,</strong></span> <span class='ocrx_word' id='word_1_376' title='bbox 3439 2250 3548 2315; x_wconf 72' lang='lat' dir='ltr'><strong>sic-</strong></span> 
     </span>
    </p>
   </div>
   <div class='ocr_carea' id='block_1_62' title="bbox 1971 2346 3423 2403">
    <p class='ocr_par' dir='ltr' id='par_1_62' title="bbox 1971 2346 3423 2403">
     <span class='ocr_line' id='line_1_62' title="bbox 1971 2346 3423 2403; baseline -0.006 0"><span class='ocrx_word' id='word_1_377' title='bbox 1971 2358 2034 2403; x_wconf 88' lang='lat' dir='ltr'><strong>ut</strong></span> <span class='ocrx_word' id='word_1_378' title='bbox 2057 2362 2271 2402; x_wconf 89' lang='lat' dir='ltr'><strong>morsus</strong></span> <span class='ocrx_word' id='word_1_379' title='bbox 2302 2354 2689 2402; x_wconf 76' lang='lat' dir='ltr'><strong>venenatorum</strong></span> <span class='ocrx_word' id='word_1_380' title='bbox 2730 2346 3071 2401; x_wconf 87' lang='lat' dir='ltr'><strong>animalium.</strong></span> <span class='ocrx_word' id='word_1_381' title='bbox 3422 2364 3423 2367; x_wconf 51' lang='grc' dir='ltr'><strong>η</strong></span> 
     </span>
    </p>
   </div>
   <div class='ocr_carea' id='block_1_63' title="bbox 2050 2432 3548 2507">
    <p class='ocr_par' dir='ltr' id='par_1_63' title="bbox 2050 2432 3548 2507">
     <span class='ocr_line' id='line_1_63' title="bbox 2050 2432 3548 2507; baseline -0.004 -14"><span class='ocrx_word' id='word_1_382' title='bbox 2050 2438 2326 2507; x_wconf 78' lang='lat' dir='ltr'><strong>Diogenes.</strong></span> <span class='ocrx_word' id='word_1_383' title='bbox 2361 2435 2629 2505; x_wconf 75' lang='lat' dir='ltr'><strong>Diogenes</strong></span> <span class='ocrx_word' id='word_1_384' title='bbox 2658 2451 2783 2489; x_wconf 90' lang='lat' dir='ltr'><strong>cum</strong></span> <span class='ocrx_word' id='word_1_385' title='bbox 2818 2434 3044 2489; x_wconf 81' lang='lat' dir='ltr'><strong>vidisset</strong></span> <span class='ocrx_word' id='word_1_386' title='bbox 3082 2432 3379 2487; x_wconf 84' lang='lat' dir='ltr'><strong>formosum</strong></span> <span class='ocrx_word' id='word_1_387' title='bbox 3411 2432 3548 2497; x_wconf 83' lang='lat' dir='ltr'><strong>ado-</strong></span> 
     </span>
    </p>
   </div>
   <div class='ocr_carea' id='block_1_64' title="bbox 1973 2526 3545 2595">
    <p class='ocr_par' dir='ltr' id='par_1_64' title="bbox 1973 2526 3545 2595">
     <span class='ocr_line' id='line_1_64' title="bbox 1973 2526 3545 2595; baseline -0.005 -8"><span class='ocrx_word' id='word_1_388' title='bbox 1973 2532 2268 2587; x_wconf 87' lang='lat' dir='ltr'><strong>lescentem</strong></span> <span class='ocrx_word' id='word_1_389' title='bbox 2300 2529 2489 2585; x_wconf 75' lang='lat' dir='ltr'><strong>forma:</strong></span> <span class='ocrx_word' id='word_1_390' title='bbox 2519 2544 2683 2583; x_wconf 89' lang='lat' dir='ltr'><strong>causa</strong></span> <span class='ocrx_word' id='word_1_391' title='bbox 2709 2528 2907 2591; x_wconf 85' lang='lat' dir='ltr'><strong>amari,</strong></span> <span class='ocrx_word' id='word_1_392' title='bbox 2938 2527 3115 2582; x_wconf 88' lang='lat' dir='ltr'><strong>dixit:</strong></span> <span class='ocrx_word' id='word_1_393' title='bbox 3154 2526 3297 2591; x_wconf 88' lang='lat' dir='ltr'><strong>Quin</strong></span> <span class='ocrx_word' id='word_1_394' title='bbox 3321 2541 3545 2595; x_wconf 82' lang='lat' dir='ltr'><strong>operam</strong></span> 
     </span>
    </p>
   </div>
   <div class='ocr_carea' id='block_1_65' title="bbox 1976 2617 3549 2687">
    <p class='ocr_par' dir='ltr' id='par_1_65' title="bbox 1976 2617 3549 2687">
     <span class='ocr_line' id='line_1_65' title="bbox 1976 2617 3549 2687; baseline -0.005 -9"><span class='ocrx_word' id='word_1_395' title='bbox 1976 2625 2095 2687; x_wconf 84' lang='lat' dir='ltr'><strong>des,</strong></span> <span class='ocrx_word' id='word_1_396' title='bbox 2125 2621 2472 2683; x_wconf 84' lang='lat' dir='ltr'><strong>adolescens,</strong></span> <span class='ocrx_word' id='word_1_397' title='bbox 2520 2625 2581 2673; x_wconf 91' lang='lat' dir='ltr'><strong>ut</strong></span> <span class='ocrx_word' id='word_1_398' title='bbox 2622 2620 2874 2687; x_wconf 83' lang='lat' dir='ltr'><strong>corporis</strong></span> <span class='ocrx_word' id='word_1_399' title='bbox 2905 2628 3181 2673; x_wconf 86' lang='lat' dir='ltr'><strong>amatores</strong></span> <span class='ocrx_word' id='word_1_400' title='bbox 3211 2617 3279 2672; x_wconf 90' lang='lat' dir='ltr'><strong>ad</strong></span> <span class='ocrx_word' id='word_1_401' title='bbox 3309 2619 3549 2672; x_wconf 84' lang='lat' dir='ltr'><strong>animam</strong></span> 
     </span>
    </p>
   </div>
   <div class='ocr_carea' id='block_1_66' title="bbox 1976 2711 2298 2767">
    <p class='ocr_par' dir='ltr' id='par_1_66' title="bbox 1976 2711 2298 2767">
     <span class='ocr_line' id='line_1_66' title="bbox 1976 2711 2298 2767; baseline -0.006 -1"><span class='ocrx_word' id='word_1_402' title='bbox 1976 2711 2298 2767; x_wconf 84' lang='lat' dir='ltr'><strong>transferas.</strong></span> 
     </span>
    </p>
   </div>
   <div class='ocr_carea' id='block_1_67' title="bbox 2049 2795 3539 2870">
    <p class='ocr_par' dir='ltr' id='par_1_67' title="bbox 2049 2795 3539 2870">
     <span class='ocr_line' id='line_1_67' title="bbox 2049 2795 3539 2870; baseline -0.004 -16"><span class='ocrx_word' id='word_1_403' title='bbox 2049 2800 2193 2856; x_wconf 89' lang='lat' dir='ltr'><strong>Idem</strong></span> <span class='ocrx_word' id='word_1_404' title='bbox 2243 2811 2539 2870; x_wconf 85' lang='lat' dir='ltr'><strong>conspecto</strong></span> <span class='ocrx_word' id='word_1_405' title='bbox 2591 2798 2937 2854; x_wconf 87' lang='lat' dir='ltr'><strong>adolescente</strong></span> <span class='ocrx_word' id='word_1_406' title='bbox 3010 2798 3103 2868; x_wconf 92' lang='lat' dir='ltr'><strong>qui</strong></span> <span class='ocrx_word' id='word_1_407' title='bbox 3162 2810 3222 2852; x_wconf 82' lang='lat' dir='ltr'><strong>se</strong></span> <span class='ocrx_word' id='word_1_408' title='bbox 3288 2795 3539 2860; x_wconf 81' lang='lat' dir='ltr'><strong>ornabat,</strong></span> 
     </span>
    </p>
   </div>
   <div class='ocr_carea' id='block_1_68' title="bbox 1976 2891 3543 2962">
    <p class='ocr_par' dir='ltr' id='par_1_68' title="bbox 1976 2891 3543 2962">
     <span class='ocr_line' id='line_1_68' title="bbox 1976 2891 3543 2962; baseline 0 -15"><span class='ocrx_word' id='word_1_409' title='bbox 1976 2892 2151 2948; x_wconf 90' lang='lat' dir='ltr'><strong>dixit:</strong></span> <span class='ocrx_word' id='word_1_410' title='bbox 2187 2892 2244 2947; x_wconf 91' lang='lat' dir='ltr'><strong>Si</strong></span> <span class='ocrx_word' id='word_1_411' title='bbox 2276 2892 2407 2947; x_wconf 86' lang='lat' dir='ltr'><strong>viris</strong></span> <span class='ocrx_word' id='word_1_412' title='bbox 2460 2892 2679 2962; x_wconf 85' lang='lat' dir='ltr'><strong>quidem</strong></span> <span class='ocrx_word' id='word_1_413' title='bbox 2734 2902 2787 2948; x_wconf 90' lang='lat' dir='ltr'><strong>te</strong></span> <span class='ocrx_word' id='word_1_414' title='bbox 2846 2907 3035 2957; x_wconf 81' lang='lat' dir='ltr'><strong>ornas,</strong></span> <span class='ocrx_word' id='word_1_415' title='bbox 3076 2891 3267 2947; x_wconf 87' lang='lat' dir='ltr'><strong>infelix</strong></span> <span class='ocrx_word' id='word_1_416' title='bbox 3301 2907 3400 2955; x_wconf 87' lang='lat' dir='ltr'><strong>es;</strong></span> <span class='ocrx_word' id='word_1_417' title='bbox 3455 2892 3543 2951; x_wconf 85' lang='lat' dir='ltr'><strong>sin</strong></span> 
     </span>
    </p>
   </div>
   <div class='ocr_carea' id='block_1_69' title="bbox 1980 2984 3497 3054">
    <p class='ocr_par' dir='ltr' id='par_1_69' title="bbox 1980 2984 3497 3054">
     <span class='ocr_line' id='line_1_69' title="bbox 1980 2984 3497 3054; baseline 0.003 -15"><span class='ocrx_word' id='word_1_418' title='bbox 1980 2985 2328 3052; x_wconf 86' lang='lat' dir='ltr'><strong>mulieribus,</strong></span> <span class='ocrx_word' id='word_1_419' title='bbox 2367 2984 2628 3054; x_wconf 88' lang='lat' dir='ltr'><strong>injustus.</strong></span> <span class='ocrx_word' id='word_1_420' title='bbox 3494 3040 3497 3043; x_wconf 89' lang='lat'><strong>.</strong></span> 
     </span>
    </p>
   </div>
   <div class='ocr_carea' id='block_1_70' title="bbox 2046 3076 3536 3141">
    <p class='ocr_par' dir='ltr' id='par_1_70' title="bbox 2046 3076 3536 3141">
     <span class='ocr_line' id='line_1_70' title="bbox 2046 3076 3536 3141; baseline 0.001 -11"><span class='ocrx_word' id='word_1_421' title='bbox 2046 3077 2366 3132; x_wconf 78' lang='lat' dir='ltr'><strong>Aristoteles</strong></span> <span class='ocrx_word' id='word_1_422' title='bbox 2387 3092 2511 3132; x_wconf 91' lang='lat' dir='ltr'><strong>cum</strong></span> <span class='ocrx_word' id='word_1_423' title='bbox 2551 3076 2950 3133; x_wconf 83' lang='lat' dir='ltr'><strong>adolescentem</strong></span> <span class='ocrx_word' id='word_1_424' title='bbox 2974 3092 3034 3134; x_wconf 89' lang='lat' dir='ltr'><strong>se</strong></span> <span class='ocrx_word' id='word_1_425' title='bbox 3056 3092 3256 3134; x_wconf 86' lang='lat' dir='ltr'><strong>ornare</strong></span> <span class='ocrx_word' id='word_1_426' title='bbox 3289 3078 3536 3141; x_wconf 85' lang='lat' dir='ltr'><strong>vidisset.</strong></span> 
     </span>
    </p>
   </div>
   <div class='ocr_carea' id='block_1_71' title="bbox 1978 3164 3545 3236">
    <p class='ocr_par' dir='ltr' id='par_1_71' title="bbox 1978 3164 3545 3236">
     <span class='ocr_line' id='line_1_71' title="bbox 1978 3164 3545 3236; baseline 0.001 -17"><span class='ocrx_word' id='word_1_427' title='bbox 1978 3166 2146 3219; x_wconf 88' lang='lat' dir='ltr'><strong>dixit:</strong></span> <span class='ocrx_word' id='word_1_428' title='bbox 2179 3164 2298 3220; x_wconf 83' lang='lat' dir='ltr'><strong>Non</strong></span> <span class='ocrx_word' id='word_1_429' title='bbox 2345 3167 2645 3231; x_wconf 86' lang='lat' dir='ltr'><strong>erubescis,</strong></span> <span class='ocrx_word' id='word_1_430' title='bbox 2682 3166 2826 3236; x_wconf 90' lang='lat' dir='ltr'><strong>quod</strong></span> <span class='ocrx_word' id='word_1_431' title='bbox 2875 3182 3001 3222; x_wconf 88' lang='lat' dir='ltr'><strong>cum</strong></span> <span class='ocrx_word' id='word_1_432' title='bbox 3034 3176 3234 3223; x_wconf 83' lang='lat' dir='ltr'><strong>natura</strong></span> <span class='ocrx_word' id='word_1_433' title='bbox 3266 3178 3317 3222; x_wconf 83' lang='lat' dir='ltr'><strong>te</strong></span> <span class='ocrx_word' id='word_1_434' title='bbox 3366 3168 3545 3222; x_wconf 84' lang='lat' dir='ltr'><strong>virum</strong></span> 
     </span>
    </p>
   </div>
   <div class='ocr_carea' id='block_1_72' title="bbox 1978 3237 3398 3327">
    <p class='ocr_par' dir='ltr' id='par_1_72' title="bbox 1978 3237 3398 3327">
     <span class='ocr_line' id='line_1_72' title="bbox 1978 3237 3398 3327; baseline -0.001 -17"><span class='ocrx_word' id='word_1_435' title='bbox 1978 3255 2191 3322; x_wconf 85' lang='lat' dir='ltr'><strong>fecerit,</strong></span> <span class='ocrx_word' id='word_1_436' title='bbox 2229 3256 2386 3327; x_wconf 75' lang='lat'><strong>105</strong></span> <span class='ocrx_word' id='word_1_437' title='bbox 2416 3265 2474 3310; x_wconf 92' lang='lat' dir='ltr'><strong>tu</strong></span> <span class='ocrx_word' id='word_1_438' title='bbox 2507 3257 2739 3326; x_wconf 88' lang='lat' dir='ltr'><strong>teipsum</strong></span> <span class='ocrx_word' id='word_1_439' title='bbox 2776 3255 3114 3313; x_wconf 76' lang='lat' dir='ltr'><strong>eﬂeminaris</strong></span> <span class='ocrx_word' id='word_1_440' title='bbox 3141 3257 3164 3309; x_wconf 88' lang='lat'><strong>?</strong></span> <span class='ocrx_word' id='word_1_441' title='bbox 3378 3237 3398 3247; x_wconf 65' lang='grc'><strong>’</strong></span> 
     </span>
    </p>
   </div>
   <div class='ocr_carea' id='block_1_73' title="bbox 2049 3346 3551 3417">
    <p class='ocr_par' dir='ltr' id='par_1_73' title="bbox 2049 3346 3551 3417">
     <span class='ocr_line' id='line_1_73' title="bbox 2049 3346 3551 3417; baseline -0.001 -15"><span class='ocrx_word' id='word_1_442' title='bbox 2049 3347 2195 3402; x_wconf 86' lang='lat' dir='ltr'><strong>ldem</strong></span> <span class='ocrx_word' id='word_1_443' title='bbox 2233 3363 2357 3403; x_wconf 80' lang='lat' dir='ltr'><strong>cum</strong></span> <span class='ocrx_word' id='word_1_444' title='bbox 2388 3348 2606 3417; x_wconf 86' lang='lat' dir='ltr'><strong>juvenis</strong></span> <span class='ocrx_word' id='word_1_445' title='bbox 2661 3349 2887 3417; x_wconf 85' lang='lat' dir='ltr'><strong>quidam</strong></span> <span class='ocrx_word' id='word_1_446' title='bbox 2941 3348 3081 3403; x_wconf 84' lang='lat' dir='ltr'><strong>facie</strong></span> <span class='ocrx_word' id='word_1_447' title='bbox 3128 3347 3424 3411; x_wconf 89' lang='lat' dir='ltr'><strong>formosus,</strong></span> <span class='ocrx_word' id='word_1_448' title='bbox 3455 3346 3551 3400; x_wconf 86' lang='lat' dir='ltr'><strong>sed</strong></span> 
     </span>
    </p>
   </div>
   <div class='ocr_carea' id='block_1_74' title="bbox 1942 3440 3549 3510">
    <p class='ocr_par' dir='ltr' id='par_1_74' title="bbox 1942 3440 3549 3510">
     <span class='ocr_line' id='line_1_74' title="bbox 1942 3440 3549 3510; baseline -0.002 -15"><span class='ocrx_word' id='word_1_449' title='bbox 1942 3486 1945 3489; x_wconf 40' lang='grc' dir='ltr'><strong>γ</strong></span> <span class='ocrx_word' id='word_1_450' title='bbox 1979 3440 2229 3496; x_wconf 86' lang='lat' dir='ltr'><strong>moribus</strong></span> <span class='ocrx_word' id='word_1_451' title='bbox 2262 3442 2537 3510; x_wconf 88' lang='lat' dir='ltr'><strong>petulans,</strong></span> <span class='ocrx_word' id='word_1_452' title='bbox 2592 3441 2735 3496; x_wconf 87' lang='lat' dir='ltr'><strong>inter</strong></span> <span class='ocrx_word' id='word_1_453' title='bbox 2763 3442 2870 3496; x_wconf 86' lang='lat' dir='ltr'><strong>alia</strong></span> <span class='ocrx_word' id='word_1_454' title='bbox 2920 3441 3171 3496; x_wconf 83' lang='lat' dir='ltr'><strong>convicia</strong></span> <span class='ocrx_word' id='word_1_455' title='bbox 3205 3440 3255 3495; x_wconf 88' lang='lat' dir='ltr'><strong>ei</strong></span> <span class='ocrx_word' id='word_1_456' title='bbox 3295 3442 3503 3495; x_wconf 81' lang='lat' dir='ltr'><strong>diceret</strong></span> <span class='ocrx_word' id='word_1_457' title='bbox 3534 3454 3549 3491; x_wconf 91' lang='lat'><strong>:</strong></span> 
     </span>
    </p>
   </div>
   <div class='ocr_carea' id='block_1_75' title="bbox 1982 3530 3549 3600">
    <p class='ocr_par' dir='ltr' id='par_1_75' title="bbox 1982 3530 3549 3600">
     <span class='ocr_line' id='line_1_75' title="bbox 1982 3530 3549 3600; baseline -0.003 -13"><span class='ocrx_word' id='word_1_458' title='bbox 1982 3531 2039 3588; x_wconf 92' lang='lat' dir='ltr'><strong>Si</strong></span> <span class='ocrx_word' id='word_1_459' title='bbox 2072 3540 2182 3588; x_wconf 89' lang='lat' dir='ltr'><strong>tam</strong></span> <span class='ocrx_word' id='word_1_460' title='bbox 2210 3548 2408 3589; x_wconf 84' lang='lat' dir='ltr'><strong>exosus</strong></span> <span class='ocrx_word' id='word_1_461' title='bbox 2433 3549 2610 3588; x_wconf 87' lang='lat' dir='ltr'><strong>essem</strong></span> <span class='ocrx_word' id='word_1_462' title='bbox 2659 3533 2892 3600; x_wconf 87' lang='lat' dir='ltr'><strong>civibus,</strong></span> <span class='ocrx_word' id='word_1_463' title='bbox 2925 3545 2985 3587; x_wconf 84' lang='lat' dir='ltr'><strong>ut</strong></span> <span class='ocrx_word' id='word_1_464' title='bbox 3022 3543 3081 3587; x_wconf 92' lang='lat' dir='ltr'><strong>tu</strong></span> <span class='ocrx_word' id='word_1_465' title='bbox 3107 3547 3193 3597; x_wconf 82' lang='lat' dir='ltr'><strong>es,</strong></span> <span class='ocrx_word' id='word_1_466' title='bbox 3226 3532 3420 3600; x_wconf 85' lang='lat' dir='ltr'><strong>laqueo</strong></span> <span class='ocrx_word' id='word_1_467' title='bbox 3465 3530 3549 3584; x_wconf 84' lang='lat' dir='ltr'><strong>vi-</strong></span> 
     </span>
    </p>
   </div>
   <div class='ocr_carea' id='block_1_76' title="bbox 1983 3622 3549 3694">
    <p class='ocr_par' dir='ltr' id='par_1_76' title="bbox 1983 3622 3549 3694">
     <span class='ocr_line' id='line_1_76' title="bbox 1983 3622 3549 3694; baseline -0.001 -15"><span class='ocrx_word' id='word_1_468' title='bbox 1983 3634 2093 3679; x_wconf 78' lang='lat' dir='ltr'><strong>tam</strong></span> <span class='ocrx_word' id='word_1_469' title='bbox 2153 3624 2402 3687; x_wconf 80' lang='lat' dir='ltr'><strong>finiretu,‘</strong></span> <span class='ocrx_word' id='word_1_470' title='bbox 2434 3625 2756 3694; x_wconf 85' lang='lat' dir='ltr'><strong>respondit:</strong></span> <span class='ocrx_word' id='word_1_471' title='bbox 2789 3624 2902 3694; x_wconf 73' lang='lat' dir='ltr'><strong>Ego</strong></span> <span class='ocrx_word' id='word_1_472' title='bbox 2944 3640 3073 3678; x_wconf 87' lang='lat' dir='ltr'><strong>vero</strong></span> <span class='ocrx_word' id='word_1_473' title='bbox 3108 3624 3365 3692; x_wconf 85' lang='lat' dir='ltr'><strong>laqueum</strong></span> <span class='ocrx_word' id='word_1_474' title='bbox 3414 3622 3549 3677; x_wconf 89' lang='lat' dir='ltr'><strong>mihi</strong></span> 
     </span>
    </p>
   </div>
   <div class='ocr_carea' id='block_1_77' title="bbox 1984 3714 3206 3777">
    <p class='ocr_par' dir='ltr' id='par_1_77' title="bbox 1984 3714 3206 3777">
     <span class='ocr_line' id='line_1_77' title="bbox 1984 3714 3206 3777; baseline -0.002 -8"><span class='ocrx_word' id='word_1_475' title='bbox 1984 3715 2271 3777; x_wconf 83' lang='lat' dir='ltr'><strong>inferrem.</strong></span> <span class='ocrx_word' id='word_1_476' title='bbox 2295 3716 2340 3771; x_wconf 91' lang='lat' dir='ltr'><strong>si</strong></span> <span class='ocrx_word' id='word_1_477' title='bbox 2367 3714 2442 3769; x_wconf 89' lang='lat' dir='ltr'><strong>ita</strong></span> <span class='ocrx_word' id='word_1_478' title='bbox 2465 3729 2554 3768; x_wconf 89' lang='lat' dir='ltr'><strong>me</strong></span> <span class='ocrx_word' id='word_1_479' title='bbox 2586 3714 2735 3768; x_wconf 85' lang='lat' dir='ltr'><strong>cives</strong></span> <span class='ocrx_word' id='word_1_480' title='bbox 2766 3722 3013 3766; x_wconf 89' lang='lat' dir='ltr'><strong>amarent</strong></span> <span class='ocrx_word' id='word_1_481' title='bbox 3044 3723 3101 3766; x_wconf 85' lang='grc' dir='ltr'><strong>ιιι</strong></span> <span class='ocrx_word' id='word_1_482' title='bbox 3132 3720 3206 3768; x_wconf 82' lang='lat' dir='ltr'><strong>te.</strong></span> 
     </span>
    </p>
   </div>
   <div class='ocr_carea' id='block_1_78' title="bbox 2051 3802 3557 3875">
    <p class='ocr_par' dir='ltr' id='par_1_78' title="bbox 2051 3802 3557 3875">
     <span class='ocr_line' id='line_1_78' title="bbox 2051 3802 3557 3875; baseline -0.003 -14"><span class='ocrx_word' id='word_1_483' title='bbox 2051 3806 2331 3863; x_wconf 77' lang='lat' dir='ltr'><strong>Isocratis.</strong></span> <span class='ocrx_word' id='word_1_484' title='bbox 2358 3803 2415 3859; x_wconf 89' lang='lat' dir='ltr'><strong>Si</strong></span> <span class='ocrx_word' id='word_1_485' title='bbox 2449 3805 2737 3875; x_wconf 89' lang='lat' dir='ltr'><strong>pulchrum</strong></span> <span class='ocrx_word' id='word_1_486' title='bbox 2772 3802 2867 3855; x_wconf 92' lang='lat' dir='ltr'><strong>tibi</strong></span> <span class='ocrx_word' id='word_1_487' title='bbox 2900 3816 3101 3871; x_wconf 81' lang='lat' dir='ltr'><strong>corpus</strong></span> <span class='ocrx_word' id='word_1_488' title='bbox 3148 3813 3253 3867; x_wconf 87' lang='lat' dir='ltr'><strong>est,</strong></span> <span class='ocrx_word' id='word_1_489' title='bbox 3281 3814 3333 3857; x_wconf 89' lang='lat' dir='ltr'><strong>et</strong></span> <span class='ocrx_word' id='word_1_490' title='bbox 3376 3803 3557 3857; x_wconf 86' lang='lat' dir='ltr'><strong>anima</strong></span> 
     </span>
    </p>
   </div>
   <div class='ocr_carea' id='block_1_79' title="bbox 1983 3893 3555 3961">
    <p class='ocr_par' dir='ltr' id='par_1_79' title="bbox 1983 3893 3555 3961">
     <span class='ocr_line' id='line_1_79' title="bbox 1983 3893 3555 3961; baseline -0.006 -6"><span class='ocrx_word' id='word_1_491' title='bbox 1983 3898 2150 3961; x_wconf 84' lang='lat' dir='ltr'><strong>mala,</strong></span> <span class='ocrx_word' id='word_1_492' title='bbox 2178 3898 2378 3952; x_wconf 88' lang='lat' dir='ltr'><strong>bonam</strong></span> <span class='ocrx_word' id='word_1_493' title='bbox 2399 3895 2579 3948; x_wconf 86' lang='lat' dir='ltr'><strong>navim</strong></span> <span class='ocrx_word' id='word_1_494' title='bbox 2604 3894 2775 3948; x_wconf 86' lang='lat' dir='ltr'><strong>habes</strong></span> <span class='ocrx_word' id='word_1_495' title='bbox 2804 3902 2859 3946; x_wconf 92' lang='lat' dir='ltr'><strong>et</strong></span> <span class='ocrx_word' id='word_1_496' title='bbox 2876 3893 3078 3946; x_wconf 90' lang='lat' dir='ltr'><strong>malum</strong></span> <span class='ocrx_word' id='word_1_497' title='bbox 3106 3893 3555 3960; x_wconf 77' lang='lat' dir='ltr'><strong>gubernatorem.</strong></span> 
     </span>
    </p>
   </div>
   <div class='ocr_carea' id='block_1_80' title="bbox 1983 3983 3260 4050">
    <p class='ocr_par' dir='ltr' id='par_1_80' title="bbox 1983 3983 3260 4050">
     <span class='ocr_line' id='line_1_80' title="bbox 1983 3983 3260 4050; baseline -0.005 -5"><span class='ocrx_word' id='word_1_498' title='bbox 1983 3988 2283 4045; x_wconf 82' lang='lat' dir='ltr'><strong>Pulchram</strong></span> <span class='ocrx_word' id='word_1_499' title='bbox 2309 3987 2590 4043; x_wconf 86' lang='lat' dir='ltr'><strong>mulierem</strong></span> <span class='ocrx_word' id='word_1_500' title='bbox 2622 3986 2670 4041; x_wconf 88' lang='lat' dir='ltr'><strong>si</strong></span> <span class='ocrx_word' id='word_1_501' title='bbox 2700 3983 2871 4049; x_wconf 86' lang='lat' dir='ltr'><strong>vides,</strong></span> <span class='ocrx_word' id='word_1_502' title='bbox 2908 4000 2975 4039; x_wconf 91' lang='lat' dir='ltr'><strong>ne</strong></span> <span class='ocrx_word' id='word_1_503' title='bbox 3009 3983 3260 4050; x_wconf 84' lang='lat' dir='ltr'><strong>mireris;</strong></span> 
     </span>
    </p>
   </div>
   <div class='ocr_carea' id='block_1_81' title="bbox 1988 4074 3555 4135">
    <p class='ocr_par' dir='ltr' id='par_1_81' title="bbox 1988 4074 3555 4135">
     <span class='ocr_line' id='line_1_81' title="bbox 1988 4074 3555 4135; baseline -0.003 -1"><span class='ocrx_word' id='word_1_504' title='bbox 1988 4078 2210 4135; x_wconf 83' lang='lat' dir='ltr'><strong>Eximia</strong></span> <span class='ocrx_word' id='word_1_505' title='bbox 2229 4078 2376 4133; x_wconf 90' lang='lat' dir='ltr'><strong>enim</strong></span> <span class='ocrx_word' id='word_1_506' title='bbox 2410 4076 2583 4131; x_wconf 88' lang='lat' dir='ltr'><strong>l‘orma</strong></span> <span class='ocrx_word' id='word_1_507' title='bbox 2598 4074 2798 4133; x_wconf 86' lang='lat' dir='ltr'><strong>multis</strong></span> <span class='ocrx_word' id='word_1_508' title='bbox 2817 4076 2979 4131; x_wconf 84' lang='lat' dir='ltr'><strong>etiam</strong></span> <span class='ocrx_word' id='word_1_509' title='bbox 3012 4074 3338 4129; x_wconf 84' lang='lat' dir='ltr'><strong>criminibus</strong></span> <span class='ocrx_word' id='word_1_510' title='bbox 3358 4083 3555 4130; x_wconf 84' lang='lat' dir='ltr'><strong>scatet.</strong></span> 
     </span>
    </p>
   </div>
   <div class='ocr_carea' id='block_1_82' title="bbox 2338 4161 3416 4230">
    <p class='ocr_par' dir='ltr' id='par_1_82' title="bbox 2338 4161 3416 4230">
     <span class='ocr_line' id='line_1_82' title="bbox 2338 4161 3416 4230; baseline -0.012 -3"><span class='ocrx_word' id='word_1_511' title='bbox 2338 4224 2341 4227; x_wconf 37' lang='grc' dir='ltr'><strong>λ</strong></span> <span class='ocrx_word' id='word_1_512' title='bbox 2394 4197 2401 4205; x_wconf 89' lang='grc'><strong>·</strong></span> <span class='ocrx_word' id='word_1_513' title='bbox 3142 4161 3416 4230; x_wconf 83' lang='lat' dir='ltr'><strong>(Incerti.)</strong></span> 
     </span>
    </p>
   </div>
   <div class='ocr_carea' id='block_1_83' title="bbox 2056 4253 3569 4323">
    <p class='ocr_par' dir='ltr' id='par_1_83' title="bbox 2056 4253 3569 4323">
     <span class='ocr_line' id='line_1_83' title="bbox 2056 4253 3569 4323; baseline 0.001 -13"><span class='ocrx_word' id='word_1_514' title='bbox 2056 4253 2381 4311; x_wconf 74' lang='lat' dir='ltr'><strong>Simocatut.</strong></span> <span class='ocrx_word' id='word_1_515' title='bbox 2417 4253 2687 4310; x_wconf 87' lang='lat' dir='ltr'><strong>Simocati</strong></span> <span class='ocrx_word' id='word_1_516' title='bbox 2709 4254 2945 4309; x_wconf 89' lang='lat' dir='ltr'><strong>formam</strong></span> <span class='ocrx_word' id='word_1_517' title='bbox 2979 4270 3080 4308; x_wconf 85' lang='lat' dir='ltr'><strong>nec</strong></span> <span class='ocrx_word' id='word_1_518' title='bbox 3110 4254 3421 4323; x_wconf 84' lang='lat' dir='ltr'><strong>exprimere</strong></span> <span class='ocrx_word' id='word_1_519' title='bbox 3446 4269 3569 4311; x_wconf 51' lang='lat' dir='ltr'><strong>sere</strong></span> 
     </span>
    </p>
   </div>
   <div class='ocr_carea' id='block_1_84' title="bbox 1988 4347 3564 4416">
    <p class='ocr_par' dir='ltr' id='par_1_84' title="bbox 1988 4347 3564 4416">
     <span class='ocr_line' id='line_1_84' title="bbox 1988 4347 3564 4416; baseline 0.001 -14"><span class='ocrx_word' id='word_1_520' title='bbox 1988 4361 2101 4411; x_wconf 85' lang='lat' dir='ltr'><strong>tno,</strong></span> <span class='ocrx_word' id='word_1_521' title='bbox 2134 4362 2311 4416; x_wconf 87' lang='lat' dir='ltr'><strong>neque</strong></span> <span class='ocrx_word' id='word_1_522' title='bbox 2356 4362 2552 4411; x_wconf 78' lang='lat' dir='ltr'><strong>manus</strong></span> <span class='ocrx_word' id='word_1_523' title='bbox 2596 4347 2814 4416; x_wconf 88' lang='lat' dir='ltr'><strong>pictoris</strong></span> <span class='ocrx_word' id='word_1_524' title='bbox 2870 4347 3065 4401; x_wconf 84' lang='lat' dir='ltr'><strong>imitari</strong></span> <span class='ocrx_word' id='word_1_525' title='bbox 3127 4356 3396 4416; x_wconf 85' lang='lat' dir='ltr'><strong>poterant.</strong></span> <span class='ocrx_word' id='word_1_526' title='bbox 3430 4348 3564 4403; x_wconf 85' lang='lat' dir='ltr'><strong>Erat</strong></span> 
     </span>
    </p>
   </div>
   <div class='ocr_carea' id='block_1_85' title="bbox 304 4433 1900 4520">
    <p class='ocr_par' dir='ltr' id='par_1_85' title="bbox 304 4433 1883 4510">
     <span class='ocr_line' id='line_1_85' title="bbox 304 4433 1883 4510; baseline -0.006 -14"><span class='ocrx_word' id='word_1_527' title='bbox 304 4442 427 4505; x_wconf 77' lang='grc' dir='ltr'>νίας</span> <span class='ocrx_word' id='word_1_528' title='bbox 474 4439 756 4510; x_wconf 79' lang='grc' dir='ltr'>ιῦσθενὴς,</span> <span class='ocrx_word' id='word_1_529' title='bbox 799 4438 1005 4509; x_wconf 84' lang='grc' dir='ltr'>δρθιος,</span> <span class='ocrx_word' id='word_1_530' title='bbox 1041 4438 1103 4490; x_wconf 86' lang='grc' dir='ltr'><strong>τὸ</strong></span> <span class='ocrx_word' id='word_1_531' title='bbox 1152 4436 1527 4506; x_wconf 78' lang='grc' dir='ltr'>περιστέρνιον</span> <span class='ocrx_word' id='word_1_532' title='bbox 1576 4433 1800 4497; x_wconf 71' lang='grc' dir='ltr'>λάσιος*</span> <span class='ocrx_word' id='word_1_533' title='bbox 1832 4433 1883 4487; x_wconf 78' lang='grc' dir='ltr'><strong>οι</strong></span> 
     </span>
    </p>
   </div>
   <div class='ocr_carea' id='block_1_86' title="bbox 2002 4433 3563 4520">
    <p class='ocr_par' dir='ltr' id='par_1_86' title="bbox 2002 4437 3563 4507">
     <span class='ocr_line' id='line_1_86' title="bbox 2002 4437 3563 4507; baseline 0.001 -16"><span class='ocrx_word' id='word_1_534' title='bbox 2002 4438 2139 4492; x_wconf 73' lang='lat' dir='ltr'><strong>enim</strong></span> <span class='ocrx_word' id='word_1_535' title='bbox 2186 4437 2409 4506; x_wconf 88' lang='lat' dir='ltr'><strong>juvenis</strong></span> <span class='ocrx_word' id='word_1_536' title='bbox 2452 4440 2737 4501; x_wconf 89' lang='lat' dir='ltr'><strong>robustus,</strong></span> <span class='ocrx_word' id='word_1_537' title='bbox 2766 4448 3006 4503; x_wconf 89' lang='lat' dir='ltr'><strong>erectus,</strong></span> <span class='ocrx_word' id='word_1_538' title='bbox 3061 4438 3279 4493; x_wconf 88' lang='lat' dir='ltr'><strong>hirsuto</strong></span> <span class='ocrx_word' id='word_1_539' title='bbox 3319 4449 3563 4507; x_wconf 86' lang='lat' dir='ltr'><strong>pectore,</strong></span> 
     </span>
    </p>
   </div>
   <div class='ocr_carea' id='block_1_87' title="bbox 305 4523 1884 4601">
    <p class='ocr_par' dir='ltr' id='par_1_87' title="bbox 305 4523 1884 4601">
     <span class='ocr_line' id='line_1_87' title="bbox 305 4523 1884 4601; baseline -0.008 -13"><span class='ocrx_word' id='word_1_540' title='bbox 305 4534 363 4588; x_wconf 76' lang='grc' dir='ltr'>δὲ</span> <span class='ocrx_word' id='word_1_541' title='bbox 398 4531 666 4601; x_wconf 79' lang='grc' dir='ltr'>ὀφθαλμοὶ</span> <span class='ocrx_word' id='word_1_542' title='bbox 697 4530 956 4601; x_wconf 81' lang='grc' dir='ltr'>δορκάδος</span> <span class='ocrx_word' id='word_1_543' title='bbox 1000 4527 1171 4599; x_wconf 81' lang='grc' dir='ltr'>αὐτῷ,</span> <span class='ocrx_word' id='word_1_544' title='bbox 1205 4528 1265 4581; x_wconf 85' lang='grc' dir='ltr'><strong>τὸ</strong></span> <span class='ocrx_word' id='word_1_545' title='bbox 1292 4526 1350 4581; x_wconf 80' lang='grc' dir='ltr'>δὲ</span> <span class='ocrx_word' id='word_1_546' title='bbox 1382 4527 1605 4597; x_wconf 82' lang='grc' dir='ltr'>βλέμμα</span> <span class='ocrx_word' id='word_1_547' title='bbox 1636 4524 1759 4579; x_wconf 78' lang='grc' dir='ltr'>οὒτε</span> <span class='ocrx_word' id='word_1_548' title='bbox 1791 4523 1884 4577; x_wconf 82' lang='grc' dir='ltr'>θυ-</span> 
     </span>
    </p>
   </div>
   <div class='ocr_carea' id='block_1_88' title="bbox 310 4617 1884 4700">
    <p class='ocr_par' dir='ltr' id='par_1_88' title="bbox 310 4617 1884 4700">
     <span class='ocr_line' id='line_1_88' title="bbox 310 4617 1884 4700; baseline -0.008 -21"><span class='ocrx_word' id='word_1_549' title='bbox 310 4628 399 4700; x_wconf 85' lang='grc' dir='ltr'>μῷ</span> <span class='ocrx_word' id='word_1_550' title='bbox 430 4625 867 4696; x_wconf 80' lang='grc' dir='ltr'>φοινισσόμενον,</span> <span class='ocrx_word' id='word_1_551' title='bbox 898 4621 1024 4675; x_wconf 76' lang='grc' dir='ltr'>οὔτε</span> <span class='ocrx_word' id='word_1_552' title='bbox 1074 4618 1465 4689; x_wconf 80' lang='grc' dir='ltr'>μαλακώτερον</span> <span class='ocrx_word' id='word_1_553' title='bbox 1496 4618 1562 4688; x_wconf 79' lang='grc' dir='ltr'><strong>τῇ</strong></span> <span class='ocrx_word' id='word_1_554' title='bbox 1601 4617 1884 4685; x_wconf 75' lang='grc' dir='ltr'>ὑγρότητι,</span> 
     </span>
    </p>
   </div>
   <div class='ocr_carea' id='block_1_89' title="bbox 309 4705 1887 4789">
    <p class='ocr_par' dir='ltr' id='par_1_89' title="bbox 309 4705 1887 4789">
     <span class='ocr_line' id='line_1_89' title="bbox 309 4705 1887 4789; baseline -0.01 -14"><span class='ocrx_word' id='word_1_555' title='bbox 309 4720 425 4776; x_wconf 80' lang='grc' dir='ltr'>ἀλλ’</span> <span class='ocrx_word' id='word_1_556' title='bbox 453 4719 700 4789; x_wconf 81' lang='grc' dir='ltr'>ἀνδρεῖον</span> <span class='ocrx_word' id='word_1_557' title='bbox 729 4717 828 4771; x_wconf 77' lang='grc' dir='ltr'><strong>καὶ</strong></span> <span class='ocrx_word' id='word_1_558' title='bbox 860 4715 1035 4784; x_wconf 79' lang='grc' dir='ltr'>πρᾶον</span> <span class='ocrx_word' id='word_1_559' title='bbox 1085 4710 1259 4780; x_wconf 75' lang='grc' dir='ltr'>ὁμοῦο</span> <span class='ocrx_word' id='word_1_560' title='bbox 1314 4712 1349 4779; x_wconf 77' lang='grc' dir='ltr'><strong>ἡ</strong></span> <span class='ocrx_word' id='word_1_561' title='bbox 1399 4710 1457 4763; x_wconf 71' lang='grc' dir='ltr'>δὲ</span> <span class='ocrx_word' id='word_1_562' title='bbox 1502 4708 1663 4781; x_wconf 80' lang='grc' dir='ltr'>χροιὰ</span> <span class='ocrx_word' id='word_1_563' title='bbox 1709 4710 1743 4779; x_wconf 77' lang='grc' dir='ltr'>ἡ</span> <span class='ocrx_word' id='word_1_564' title='bbox 1792 4705 1887 4760; x_wconf 79' lang='grc' dir='ltr'><strong>τοῦ</strong></span> 
     </span>
    </p>
   </div>
   <div class='ocr_carea' id='block_1_90' title="bbox 314 4802 1886 4882">
    <p class='ocr_par' dir='ltr' id='par_1_90' title="bbox 314 4802 1886 4882">
     <span class='ocr_line' id='line_1_90' title="bbox 314 4802 1886 4882; baseline -0.009 -14"><span class='ocrx_word' id='word_1_565' title='bbox 314 4814 569 4882; x_wconf 86' lang='grc' dir='ltr'>σώματος</span> <span class='ocrx_word' id='word_1_566' title='bbox 606 4810 733 4864; x_wconf 80' lang='grc' dir='ltr'>οὔτε</span> <span class='ocrx_word' id='word_1_567' title='bbox 777 4809 917 4881; x_wconf 82' lang='grc' dir='ltr'>πρὸς</span> <span class='ocrx_word' id='word_1_568' title='bbox 947 4807 1009 4860; x_wconf 87' lang='grc' dir='ltr'>τὸ</span> <span class='ocrx_word' id='word_1_569' title='bbox 1046 4802 1424 4875; x_wconf 71' lang='grc' dir='ltr'>μελανιίηερον</span> <span class='ocrx_word' id='word_1_570' title='bbox 1463 4802 1886 4871; x_wconf 81' lang='grc' dir='ltr'>μετεσκεύαστο.</span> 
     </span>
    </p>
   </div>
   <div class='ocr_carea' id='block_1_91' title="bbox 322 4892 1891 4975">
    <p class='ocr_par' dir='ltr' id='par_1_91' title="bbox 322 4892 1891 4975">
     <span class='ocr_line' id='line_1_91' title="bbox 322 4892 1891 4975; baseline -0.011 -15"><span class='ocrx_word' id='word_1_571' title='bbox 322 4906 391 4961; x_wconf 82' lang='grc' dir='ltr'><strong>Ἦ</strong></span> <span class='ocrx_word' id='word_1_572' title='bbox 419 4906 478 4960; x_wconf 74' lang='grc' dir='ltr'>δὲ</span> <span class='ocrx_word' id='word_1_573' title='bbox 508 4904 631 4975; x_wconf 76' lang='grc' dir='ltr'>θρὶξ</span> <span class='ocrx_word' id='word_1_574' title='bbox 659 4903 845 4973; x_wconf 70' lang='grc' dir='ltr'>ἠρέμα</span> <span class='ocrx_word' id='word_1_575' title='bbox 874 4916 990 4962; x_wconf 90' lang='grc' dir='ltr'><strong>πως</strong></span> <span class='ocrx_word' id='word_1_576' title='bbox 1015 4896 1411 4965; x_wconf 69' lang='grc' dir='ltr'>ιπεκύμαινιν,</span> <span class='ocrx_word' id='word_1_577' title='bbox 1446 4895 1503 4946; x_wconf 73' lang='grc' dir='ltr'>ιν</span> <span class='ocrx_word' id='word_1_578' title='bbox 1530 4895 1599 4962; x_wconf 78' lang='grc' dir='ltr'>τῇ</span> <span class='ocrx_word' id='word_1_579' title='bbox 1639 4892 1891 4962; x_wconf 84' lang='grc' dir='ltr'>οὐλότητι</span> 
     </span>
    </p>
   </div>
   <div class='ocr_carea' id='block_1_92' title="bbox 315 4982 1897 5061">
    <p class='ocr_par' dir='ltr' id='par_1_92' title="bbox 315 4982 1897 5061">
     <span class='ocr_line' id='line_1_92' title="bbox 315 4982 1897 5061; baseline -0.011 -8"><span class='ocrx_word' id='word_1_580' title='bbox 315 4997 671 5061; x_wconf 82' lang='grc' dir='ltr'>κυανιζουσα.</span> <span class='ocrx_word' id='word_1_581' title='bbox 713 4994 778 5046; x_wconf 79' lang='grc' dir='ltr'><strong>Αἱ</strong></span> <span class='ocrx_word' id='word_1_582' title='bbox 809 4991 866 5044; x_wconf 69' lang='grc' dir='ltr'>δὲ</span> <span class='ocrx_word' id='word_1_583' title='bbox 896 4989 1124 5061; x_wconf 75' lang='grc' dir='ltr'>παρειαὶ</span> <span class='ocrx_word' id='word_1_584' title='bbox 1181 4985 1308 5041; x_wconf 76' lang='grc' dir='ltr'>οὔτε</span> <span class='ocrx_word' id='word_1_585' title='bbox 1340 4984 1582 5057; x_wconf 61' lang='grc' dir='ltr'>ωτόρῤυ</span> <span class='ocrx_word' id='word_1_586' title='bbox 1634 4982 1897 5055; x_wconf 70' lang='grc' dir='ltr'>[κατέρυα</span> 
     </span>
    </p>
   </div>
   <div class='ocr_carea' id='block_1_93' title="bbox 316 5074 1893 5165">
    <p class='ocr_par' dir='ltr' id='par_1_93' title="bbox 316 5074 1893 5165">
     <span class='ocr_line' id='line_1_93' title="bbox 316 5074 1893 5165; baseline -0.011 -20"><span class='ocrx_word' id='word_1_587' title='bbox 316 5089 492 5163; x_wconf 73' lang='lat' dir='ltr'><strong>Optat],</strong></span> <span class='ocrx_word' id='word_1_588' title='bbox 520 5084 855 5156; x_wconf 82' lang='grc' dir='ltr'>γυναικῶδες</span> <span class='ocrx_word' id='word_1_589' title='bbox 896 5082 1028 5152; x_wconf 82' lang='grc' dir='ltr'>γὰρ,</span> <span class='ocrx_word' id='word_1_590' title='bbox 1069 5079 1195 5136; x_wconf 75' lang='grc' dir='ltr'>οὔτε</span> <span class='ocrx_word' id='word_1_591' title='bbox 1244 5078 1409 5134; x_wconf 82' lang='grc' dir='ltr'>πάλιν</span> <span class='ocrx_word' id='word_1_592' title='bbox 1471 5075 1745 5165; x_wconf 53' lang='grc' dir='ltr'>ῥχρότητι</span> <span class='ocrx_word' id='word_1_593' title='bbox 1793 5074 1893 5145; x_wconf 82' lang='grc' dir='ltr'>τὴν</span> 
     </span>
    </p>
   </div>
   <div class='ocr_carea' id='block_1_94' title="bbox 316 5173 1100 5253">
    <p class='ocr_par' dir='ltr' id='par_1_94' title="bbox 316 5173 1100 5253">
     <span class='ocr_line' id='line_1_94' title="bbox 316 5173 1100 5253; baseline -0.015 -14"><span class='ocrx_word' id='word_1_594' title='bbox 316 5179 652 5253; x_wconf 73' lang='grc' dir='ltr'>εὐπρέπειαν</span> <span class='ocrx_word' id='word_1_595' title='bbox 680 5173 1100 5253; x_wconf 73' lang='grc' dir='ltr'>ὶπεστύγναζον.</span> 
     </span>
    </p>
   </div>
   <div class='ocr_carea' id='block_1_95' title="bbox 388 5249 1893 5337">
    <p class='ocr_par' dir='ltr' id='par_1_95' title="bbox 388 5249 1893 5337">
     <span class='ocr_line' id='line_1_95' title="bbox 388 5249 1893 5337; baseline -0.01 -9"><span class='ocrx_word' id='word_1_596' title='bbox 388 5249 601 5333; x_wconf 53' lang='grc' dir='ltr'>καλλος</span> <span class='ocrx_word' id='word_1_597' title='bbox 625 5266 882 5337; x_wconf 77' lang='grc' dir='ltr'>ὀξύτερον</span> <span class='ocrx_word' id='word_1_598' title='bbox 907 5249 1204 5334; x_wconf 67' lang='grc' dir='ltr'>τιτρώσκει</span> <span class='ocrx_word' id='word_1_599' title='bbox 1257 5262 1466 5333; x_wconf 68' lang='grc' dir='ltr'>βόλους,</span> <span class='ocrx_word' id='word_1_600' title='bbox 1527 5272 1623 5318; x_wconf 82' lang='grc' dir='ltr'><strong>και</strong></span> <span class='ocrx_word' id='word_1_601' title='bbox 1668 5258 1758 5314; x_wconf 82' lang='grc' dir='ltr'>διὰ</span> <span class='ocrx_word' id='word_1_602' title='bbox 1785 5257 1893 5313; x_wconf 86' lang='grc' dir='ltr'><strong>τῶν</strong></span> 
     </span>
    </p>
   </div>
   <div class='ocr_carea' id='block_1_96' title="bbox 314 5356 1371 5435">
    <p class='ocr_par' dir='ltr' id='par_1_96' title="bbox 314 5356 1371 5435">
     <span class='ocr_line' id='line_1_96' title="bbox 314 5356 1371 5435; baseline -0.011 -14"><span class='ocrx_word' id='word_1_603' title='bbox 314 5359 610 5435; x_wconf 65' lang='grc' dir='ltr'>ὀφθαλμῶν</span> <span class='ocrx_word' id='word_1_604' title='bbox 636 5360 717 5423; x_wconf 78' lang='grc' dir='ltr'><strong>εις</strong></span> <span class='ocrx_word' id='word_1_605' title='bbox 747 5356 846 5429; x_wconf 82' lang='grc' dir='ltr'><strong>τὴν</strong></span> <span class='ocrx_word' id='word_1_606' title='bbox 871 5357 1050 5427; x_wconf 79' lang='grc' dir='ltr'>ψυχὴν</span> <span class='ocrx_word' id='word_1_607' title='bbox 1080 5356 1371 5426; x_wconf 71' lang='grc' dir='ltr'>καταρρεῖ.</span> 
     </span>
    </p>
   </div>
   <div class='ocr_carea' id='block_1_97' title="bbox 919 5446 1294 5502">
    <p class='ocr_par' dir='ltr' id='par_1_97' title="bbox 919 5446 1294 5502">
     <span class='ocr_line' id='line_1_97' title="bbox 919 5446 1294 5502; baseline -0.003 0"><span class='ocrx_word' id='word_1_608' title='bbox 919 5447 1140 5502; x_wconf 77' lang='grc' dir='ltr'><strong>ΛΟΓΟΣ</strong></span> <span class='ocrx_word' id='word_1_609' title='bbox 1173 5446 1294 5501; x_wconf 75' lang='lat' dir='ltr'><strong>EA&#39;.</strong></span> 
     </span>
    </p>
   </div>
   <div class='ocr_carea' id='block_1_98' title="bbox 902 5538 1294 5608">
    <p class='ocr_par' dir='ltr' id='par_1_98' title="bbox 902 5538 1294 5608">
     <span class='ocr_line' id='line_1_98' title="bbox 902 5538 1294 5608; baseline -0.008 -13"><span class='ocrx_word' id='word_1_610' title='bbox 902 5539 1043 5608; x_wconf 75' lang='grc' dir='ltr'>Περὶ</span> <span class='ocrx_word' id='word_1_611' title='bbox 1080 5538 1294 5607; x_wconf 81' lang='grc' dir='ltr'>δόξης.</span> 
     </span>
    </p>
   </div>
   <div class='ocr_carea' id='block_1_99' title="bbox 382 5627 1897 5713">
    <p class='ocr_par' dir='ltr' id='par_1_99' title="bbox 382 5627 1897 5713">
     <span class='ocr_line' id='line_1_99' title="bbox 382 5627 1897 5713; baseline -0.011 -14"><span class='ocrx_word' id='word_1_612' title='bbox 382 5643 615 5713; x_wconf 81' lang='grc' dir='ltr'>,Ζητεῖτε</span> <span class='ocrx_word' id='word_1_613' title='bbox 648 5642 865 5708; x_wconf 80' lang='grc' dir='ltr'>πρῶτον</span> <span class='ocrx_word' id='word_1_614' title='bbox 906 5635 1005 5705; x_wconf 81' lang='grc' dir='ltr'><strong>τὴν</strong></span> <span class='ocrx_word' id='word_1_615' title='bbox 1040 5632 1318 5702; x_wconf 78' lang='grc' dir='ltr'>βασιλειαν</span> <span class='ocrx_word' id='word_1_616' title='bbox 1340 5630 1438 5685; x_wconf 89' lang='grc' dir='ltr'><strong>τοῦ</strong></span> <span class='ocrx_word' id='word_1_617' title='bbox 1479 5627 1615 5683; x_wconf 84' lang='grc' dir='ltr'>Θεοῦ</span> <span class='ocrx_word' id='word_1_618' title='bbox 1677 5628 1770 5682; x_wconf 69' lang='grc' dir='ltr'><strong>καὶ</strong></span> <span class='ocrx_word' id='word_1_619' title='bbox 1798 5627 1897 5699; x_wconf 84' lang='grc' dir='ltr'><strong>τὴν</strong></span> 
     </span>
    </p>
   </div>
   <div class='ocr_carea' id='block_1_100' title="bbox 320 5720 1895 5811">
    <p class='ocr_par' dir='ltr' id='par_1_100' title="bbox 320 5720 1895 5811">
     <span class='ocr_line' id='line_1_100' title="bbox 320 5720 1895 5811; baseline -0.012 -19"><span class='ocrx_word' id='word_1_620' title='bbox 320 5732 670 5811; x_wconf 76' lang='grc' dir='ltr'>δικαιοσύνην</span> <span class='ocrx_word' id='word_1_621' title='bbox 702 5727 892 5795; x_wconf 80' lang='grc' dir='ltr'>αὑτοῦ,</span> <span class='ocrx_word' id='word_1_622' title='bbox 924 5725 1027 5788; x_wconf 63' lang='grc' dir='ltr'><strong>καὶ</strong></span> <span class='ocrx_word' id='word_1_623' title='bbox 1046 5723 1221 5792; x_wconf 63' lang='grc' dir='ltr'>ταῦτα</span> <span class='ocrx_word' id='word_1_624' title='bbox 1250 5725 1431 5786; x_wconf 74' lang='grc' dir='ltr'>πάντα</span> <span class='ocrx_word' id='word_1_625' title='bbox 1464 5720 1895 5787; x_wconf 80' lang='grc' dir='ltr'>προστεθήσεται</span> 
     </span>
    </p>
   </div>
   <div class='ocr_carea' id='block_1_101' title="bbox 325 5829 480 5900">
    <p class='ocr_par' dir='ltr' id='par_1_101' title="bbox 325 5829 480 5900">
     <span class='ocr_line' id='line_1_101' title="bbox 325 5829 480 5900; baseline 0.006 -18"><span class='ocrx_word' id='word_1_626' title='bbox 325 5829 480 5900; x_wconf 75' lang='grc' dir='ltr'>ὺμῐύ.</span> 
     </span>
    </p>
   </div>
   <div class='ocr_carea' id='block_1_102' title="bbox 1993 4530 3566 4598">
    <p class='ocr_par' dir='ltr' id='par_1_102' title="bbox 1993 4530 3566 4598">
     <span class='ocr_line' id='line_1_102' title="bbox 1993 4530 3566 4598; baseline 0 -15"><span class='ocrx_word' id='word_1_627' title='bbox 1993 4530 2172 4583; x_wconf 90' lang='lat' dir='ltr'><strong>oculis</strong></span> <span class='ocrx_word' id='word_1_628' title='bbox 2207 4530 2470 4597; x_wconf 88' lang='lat' dir='ltr'><strong>capreoli,</strong></span> <span class='ocrx_word' id='word_1_629' title='bbox 2522 4530 2643 4585; x_wconf 90' lang='lat' dir='ltr'><strong>visu</strong></span> <span class='ocrx_word' id='word_1_630' title='bbox 2667 4540 2850 4583; x_wconf 86' lang='lat' dir='ltr'><strong>autem</strong></span> <span class='ocrx_word' id='word_1_631' title='bbox 2884 4545 3063 4598; x_wconf 87' lang='lat' dir='ltr'><strong>neque</strong></span> <span class='ocrx_word' id='word_1_632' title='bbox 3104 4531 3300 4584; x_wconf 87' lang='lat' dir='ltr'><strong>minaci</strong></span> <span class='ocrx_word' id='word_1_633' title='bbox 3330 4540 3385 4584; x_wconf 89' lang='lat' dir='ltr'><strong>et</strong></span> <span class='ocrx_word' id='word_1_634' title='bbox 3415 4531 3566 4585; x_wconf 85' lang='lat' dir='ltr'><strong>rubi-</strong></span> 
     </span>
    </p>
   </div>
   <div class='ocr_carea' id='block_1_103' title="bbox 1992 4618 3565 4688">
    <p class='ocr_par' dir='ltr' id='par_1_103' title="bbox 1992 4618 3565 4688">
     <span class='ocr_line' id='line_1_103' title="bbox 1992 4618 3565 4688; baseline 0.002 -15"><span class='ocrx_word' id='word_1_635' title='bbox 1992 4619 2197 4684; x_wconf 85' lang='lat' dir='ltr'><strong>eundo,</strong></span> <span class='ocrx_word' id='word_1_636' title='bbox 2238 4634 2417 4688; x_wconf 87' lang='lat' dir='ltr'><strong>neque</strong></span> <span class='ocrx_word' id='word_1_637' title='bbox 2450 4618 2675 4673; x_wconf 89' lang='lat' dir='ltr'><strong>humido</strong></span> <span class='ocrx_word' id='word_1_638' title='bbox 2721 4629 2775 4673; x_wconf 90' lang='lat' dir='ltr'><strong>et</strong></span> <span class='ocrx_word' id='word_1_639' title='bbox 2811 4620 2980 4685; x_wconf 90' lang='lat' dir='ltr'><strong>molli,</strong></span> <span class='ocrx_word' id='word_1_640' title='bbox 3006 4621 3101 4675; x_wconf 89' lang='lat' dir='ltr'><strong>sed</strong></span> <span class='ocrx_word' id='word_1_641' title='bbox 3132 4622 3277 4675; x_wconf 80' lang='lat' dir='ltr'><strong>virili</strong></span> <span class='ocrx_word' id='word_1_642' title='bbox 3324 4623 3484 4676; x_wconf 88' lang='lat' dir='ltr'><strong>simul</strong></span> <span class='ocrx_word' id='word_1_643' title='bbox 3511 4633 3565 4676; x_wconf 92' lang='lat' dir='ltr'><strong>et</strong></span> 
     </span>
    </p>
   </div>
   <div class='ocr_carea' id='block_1_104' title="bbox 1992 4707 3566 4777">
    <p class='ocr_par' dir='ltr' id='par_1_104' title="bbox 1992 4707 3566 4777">
     <span class='ocr_line' id='line_1_104' title="bbox 1992 4707 3566 4777; baseline 0 -15"><span class='ocrx_word' id='word_1_644' title='bbox 1992 4707 2151 4762; x_wconf 90' lang='lat' dir='ltr'><strong>miti:</strong></span> <span class='ocrx_word' id='word_1_645' title='bbox 2181 4710 2429 4777; x_wconf 87' lang='lat' dir='ltr'><strong>corporis</strong></span> <span class='ocrx_word' id='word_1_646' title='bbox 2467 4708 2673 4771; x_wconf 90' lang='lat' dir='ltr'><strong>colore,</strong></span> <span class='ocrx_word' id='word_1_647' title='bbox 2711 4724 2810 4764; x_wconf 85' lang='lat' dir='ltr'><strong>nec</strong></span> <span class='ocrx_word' id='word_1_648' title='bbox 2839 4709 3057 4763; x_wconf 83' lang='lat' dir='ltr'><strong>albebat</strong></span> <span class='ocrx_word' id='word_1_649' title='bbox 3101 4710 3351 4771; x_wconf 91' lang='lat' dir='ltr'><strong>nimium,</strong></span> <span class='ocrx_word' id='word_1_650' title='bbox 3392 4722 3566 4777; x_wconf 83' lang='lat' dir='ltr'><strong>neque</strong></span> 
     </span>
    </p>
   </div>
   <div class='ocr_carea' id='block_1_105' title="bbox 1993 4798 3565 4870">
    <p class='ocr_par' dir='ltr' id='par_1_105' title="bbox 1993 4798 3565 4870">
     <span class='ocr_line' id='line_1_105' title="bbox 1993 4798 3565 4870; baseline 0.002 -18"><span class='ocrx_word' id='word_1_651' title='bbox 1993 4798 2326 4866; x_wconf 62' lang='lat' dir='ltr'><strong>nigricabat.</strong></span> <span class='ocrx_word' id='word_1_652' title='bbox 2352 4799 2619 4855; x_wconf 66' lang='lat' dir='ltr'><strong>Caesaries</strong></span> <span class='ocrx_word' id='word_1_653' title='bbox 2641 4814 2773 4853; x_wconf 89' lang='lat' dir='ltr'><strong>vero</strong></span> <span class='ocrx_word' id='word_1_654' title='bbox 2792 4800 3009 4870; x_wconf 80' lang='lat' dir='ltr'><strong>placide</strong></span> <span class='ocrx_word' id='word_1_655' title='bbox 3034 4799 3358 4865; x_wconf 81' lang='lat' dir='ltr'><strong>fluctuabat,</strong></span> <span class='ocrx_word' id='word_1_656' title='bbox 3385 4800 3565 4870; x_wconf 86' lang='lat' dir='ltr'><strong>cripsa</strong></span> 
     </span>
    </p>
   </div>
   <div class='ocr_carea' id='block_1_106' title="bbox 1994 4890 3564 4961">
    <p class='ocr_par' dir='ltr' id='par_1_106' title="bbox 1994 4890 3564 4961">
     <span class='ocr_line' id='line_1_106' title="bbox 1994 4890 3564 4961; baseline 0 -14"><span class='ocrx_word' id='word_1_657' title='bbox 1994 4900 2050 4947; x_wconf 86' lang='lat' dir='ltr'><strong>et</strong></span> <span class='ocrx_word' id='word_1_658' title='bbox 2076 4890 2410 4947; x_wconf 65' lang='lat' dir='ltr'><strong>subcaerulei</strong></span> <span class='ocrx_word' id='word_1_659' title='bbox 2465 4890 2687 4946; x_wconf 86' lang='lat' dir='ltr'><strong>coloris.</strong></span> <span class='ocrx_word' id='word_1_660' title='bbox 2717 4890 2967 4960; x_wconf 87' lang='lat' dir='ltr'><strong>Denique</strong></span> <span class='ocrx_word' id='word_1_661' title='bbox 2989 4904 3161 4961; x_wconf 72' lang='lat' dir='ltr'><strong>genae,</strong></span> <span class='ocrx_word' id='word_1_662' title='bbox 3184 4903 3361 4959; x_wconf 90' lang='lat' dir='ltr'><strong>neque</strong></span> <span class='ocrx_word' id='word_1_663' title='bbox 3401 4892 3564 4947; x_wconf 87' lang='lat' dir='ltr'><strong>rube-</strong></span> 
     </span>
    </p>
   </div>
   <div class='ocr_carea' id='block_1_107' title="bbox 1992 4981 3544 5052">
    <p class='ocr_par' dir='ltr' id='par_1_107' title="bbox 1992 4981 3544 5052">
     <span class='ocr_line' id='line_1_107' title="bbox 1992 4981 3544 5052; baseline -0.001 -13"><span class='ocrx_word' id='word_1_664' title='bbox 1992 4983 2145 5049; x_wconf 86' lang='lat' dir='ltr'><strong>bant,</strong></span> <span class='ocrx_word' id='word_1_665' title='bbox 2175 4981 2319 5051; x_wconf 88' lang='lat' dir='ltr'><strong>quod</strong></span> <span class='ocrx_word' id='word_1_666' title='bbox 2342 4981 2606 5039; x_wconf 89' lang='lat' dir='ltr'><strong>muliebre</strong></span> <span class='ocrx_word' id='word_1_667' title='bbox 2633 4989 2738 5050; x_wconf 89' lang='lat' dir='ltr'><strong>est,</strong></span> <span class='ocrx_word' id='word_1_668' title='bbox 2774 4995 2951 5052; x_wconf 88' lang='lat' dir='ltr'><strong>neque</strong></span> <span class='ocrx_word' id='word_1_669' title='bbox 2977 4981 3181 5052; x_wconf 84' lang='lat' dir='ltr'><strong>pallore</strong></span> <span class='ocrx_word' id='word_1_670' title='bbox 3205 4990 3544 5039; x_wconf 84' lang='lat' dir='ltr'><strong>venustatem</strong></span> 
     </span>
    </p>
   </div>
   <div class='ocr_carea' id='block_1_108' title="bbox 1993 5074 2381 5133">
    <p class='ocr_par' dir='ltr' id='par_1_108' title="bbox 1993 5074 2381 5133">
     <span class='ocr_line' id='line_1_108' title="bbox 1993 5074 2381 5133; baseline -0.003 -1"><span class='ocrx_word' id='word_1_671' title='bbox 1993 5074 2381 5133; x_wconf 88' lang='lat' dir='ltr'><strong>obfuscabant.</strong></span> 
     </span>
    </p>
   </div>
   <div class='ocr_carea' id='block_1_109' title="bbox 2065 5256 3562 5327">
    <p class='ocr_par' dir='ltr' id='par_1_109' title="bbox 2065 5256 3562 5327">
     <span class='ocr_line' id='line_1_109' title="bbox 2065 5256 3562 5327; baseline -0.003 -14"><span class='ocrx_word' id='word_1_672' title='bbox 2065 5257 2374 5327; x_wconf 73' lang='lat' dir='ltr'><strong>Leucippet.</strong></span> <span class='ocrx_word' id='word_1_673' title='bbox 2426 5256 2790 5313; x_wconf 86' lang='lat' dir='ltr'><strong>Pulchritudo</strong></span> <span class='ocrx_word' id='word_1_674' title='bbox 2844 5258 3066 5316; x_wconf 84' lang='lat' dir='ltr'><strong>acutius</strong></span> <span class='ocrx_word' id='word_1_675' title='bbox 3122 5257 3231 5313; x_wconf 89' lang='lat' dir='ltr'><strong>telo</strong></span> <span class='ocrx_word' id='word_1_676' title='bbox 3286 5256 3562 5322; x_wconf 79' lang='lat' dir='ltr'><strong>vulnerat,</strong></span> 
     </span>
    </p>
   </div>
   <div class='ocr_carea' id='block_1_110' title="bbox 1995 5348 2997 5423">
    <p class='ocr_par' dir='ltr' id='par_1_110' title="bbox 1995 5348 2997 5423">
     <span class='ocr_line' id='line_1_110' title="bbox 1995 5348 2997 5423; baseline -0.003 -15"><span class='ocrx_word' id='word_1_677' title='bbox 1995 5360 2049 5409; x_wconf 90' lang='lat' dir='ltr'><strong>et</strong></span> <span class='ocrx_word' id='word_1_678' title='bbox 2071 5366 2169 5423; x_wconf 85' lang='lat' dir='ltr'><strong>per</strong></span> <span class='ocrx_word' id='word_1_679' title='bbox 2193 5350 2386 5409; x_wconf 88' lang='lat' dir='ltr'><strong>oculos</strong></span> <span class='ocrx_word' id='word_1_680' title='bbox 2418 5350 2477 5406; x_wconf 88' lang='lat' dir='ltr'><strong>in</strong></span> <span class='ocrx_word' id='word_1_681' title='bbox 2504 5348 2746 5405; x_wconf 85' lang='lat' dir='ltr'><strong>animam</strong></span> <span class='ocrx_word' id='word_1_682' title='bbox 2781 5349 2997 5406; x_wconf 79' lang='lat' dir='ltr'><strong>deﬂuit.</strong></span> 
     </span>
    </p>
   </div>
   <div class='ocr_carea' id='block_1_111' title="bbox 2419 5436 3146 5517">
    <p class='ocr_par' dir='ltr' id='par_1_111' title="bbox 2419 5436 3146 5517">
     <span class='ocr_line' id='line_1_111' title="bbox 2419 5436 3146 5517; baseline -0.012 -16"><span class='ocrx_word' id='word_1_683' title='bbox 2419 5439 2653 5501; x_wconf 71' lang='lat' dir='ltr'><strong>serum</strong></span> <span class='ocrx_word' id='word_1_684' title='bbox 2686 5439 2801 5495; x_wconf 82' lang='lat' dir='ltr'><strong>LXI</strong></span> <span class='ocrx_word' id='word_1_685' title='bbox 2850 5440 2947 5513; x_wconf 90' lang='lat' dir='ltr'><strong>[al.</strong></span> <span class='ocrx_word' id='word_1_686' title='bbox 2975 5436 3146 5517; x_wconf 71' lang='lat' dir='ltr'><strong>cxi].</strong></span> 
     </span>
    </p>
   </div>
   <div class='ocr_carea' id='block_1_112' title="bbox 2635 5532 2934 5603">
    <p class='ocr_par' dir='ltr' id='par_1_112' title="bbox 2635 5532 2934 5603">
     <span class='ocr_line' id='line_1_112' title="bbox 2635 5532 2934 5603; baseline -0.017 -14"><span class='ocrx_word' id='word_1_687' title='bbox 2635 5532 2709 5588; x_wconf 80' lang='lat' dir='ltr'><strong>De</strong></span> <span class='ocrx_word' id='word_1_688' title='bbox 2739 5532 2934 5603; x_wconf 83' lang='lat' dir='ltr'><strong>gloria.</strong></span> 
     </span>
    </p>
   </div>
   <div class='ocr_carea' id='block_1_113' title="bbox 2064 5616 3566 5692">
    <p class='ocr_par' dir='ltr' id='par_1_113' title="bbox 2064 5616 3566 5692">
     <span class='ocr_line' id='line_1_113' title="bbox 2064 5616 3566 5692; baseline -0.005 -13"><span class='ocrx_word' id='word_1_689' title='bbox 2064 5625 2264 5680; x_wconf 73' lang='lat' dir='ltr'><strong>Matth.</strong></span> <span class='ocrx_word' id='word_1_690' title='bbox 2294 5639 2369 5679; x_wconf 80' lang='lat' dir='ltr'><strong>vr.</strong></span> <span class='ocrx_word' id='word_1_691' title='bbox 2397 5623 2636 5690; x_wconf 71' lang='lat' dir='ltr'><strong>Quaerite</strong></span> <span class='ocrx_word' id='word_1_692' title='bbox 2669 5622 2907 5692; x_wconf 90' lang='lat' dir='ltr'><strong>primum</strong></span> <span class='ocrx_word' id='word_1_693' title='bbox 2956 5632 3182 5690; x_wconf 76' lang='lat' dir='ltr'><strong>regnum</strong></span> <span class='ocrx_word' id='word_1_694' title='bbox 3232 5616 3328 5673; x_wconf 89' lang='lat' dir='ltr'><strong>Dei</strong></span> <span class='ocrx_word' id='word_1_695' title='bbox 3372 5625 3428 5675; x_wconf 88' lang='lat' dir='ltr'><strong>et</strong></span> <span class='ocrx_word' id='word_1_696' title='bbox 3474 5619 3566 5690; x_wconf 75' lang='lat' dir='ltr'><strong>ju-</strong></span> 
     </span>
    </p>
   </div>
   <div class='ocr_carea' id='block_1_114' title="bbox 2002 5710 3387 5789">
    <p class='ocr_par' dir='ltr' id='par_1_114' title="bbox 2002 5710 3387 5789">
     <span class='ocr_line' id='line_1_114' title="bbox 2002 5710 3387 5789; baseline -0.006 -14"><span class='ocrx_word' id='word_1_697' title='bbox 2002 5719 2203 5775; x_wconf 84' lang='lat' dir='ltr'><strong>stitiam</strong></span> <span class='ocrx_word' id='word_1_698' title='bbox 2227 5717 2372 5789; x_wconf 78' lang='lat' dir='ltr'><strong>ejus,</strong></span> <span class='ocrx_word' id='word_1_699' title='bbox 2393 5725 2449 5773; x_wconf 89' lang='lat' dir='ltr'><strong>et</strong></span> <span class='ocrx_word' id='word_1_700' title='bbox 2474 5717 2588 5772; x_wconf 73' lang='lat' dir='ltr'><strong>haec</strong></span> <span class='ocrx_word' id='word_1_701' title='bbox 2619 5713 2814 5788; x_wconf 64' lang='lat' dir='ltr'><strong>omnia</strong></span> <span class='ocrx_word' id='word_1_702' title='bbox 2851 5710 3178 5785; x_wconf 75' lang='lat' dir='ltr'><strong>adjiciantur</strong></span> <span class='ocrx_word' id='word_1_703' title='bbox 3210 5710 3387 5768; x_wconf 83' lang='lat' dir='ltr'><strong>vobis.</strong></span> 
     </span>
    </p>
   </div>
  </div>
