3976 6214
224 288 331 357 965

1038 294 1207 354 LOCl
1259 294 1700 357 COMMUNES.
1735 322 1804 333 -·
1848 298 2043 358 PARS
2082 297 2132 357 Ι.
2170 296 2426 357 SERMO
2455 298 2607 359 LXI.

3369 297 3473 359 966

221 421 337 459 τινα
368 402 710 466 δυναστείαν.
745 404 778 471 ἢ
802 403 899 457 καὶ
925 403 1024 468 τὰς
1050 404 1110 457 ὲκ
1136 404 1400 472 βασιλέων
1422 408 1584 477 τιμὰς
1613 406 1784 461 ἐθνῶν
1814 418 1852 476 Α

1941 407 2150 471 inferri,
2203 409 2605 478 provinciarum
2634 424 2844 477 curam,
2880 410 3169 481 imperium
3211 410 3473 467 militare.

225 496 539 565 ἐπιμέλειαν
597 496 629 567 ἢ
703 498 798 549 καὶ
863 496 1242 566 στρατοπέδων
1294 498 1633 566 ἠγεμονίαν.
1697 498 1794 551 καὶ

1941 516 2195 556 raeconem
2222 502 2329 555 alta
2377 517 2509 556 voce
2551 504 2981 569 antecedentem,
3008 502 3266 558 satellites
3299 505 3468 555 utrin-

194 660 197 663 Α
223 590 312 642 τὸν
332 590 555 659 κήρυκα
601 593 744 658 μέγα
774 588 986 659 βοῶντα
1031 587 1290 660 προϊόντα
1320 589 1427 659 πρὸ
1453 590 1638 656 αὐτοῦ,
1666 590 1795 655 τοὺς

228 682 587 752 ῥαϐδοφόρους
613 682 768 734 ἐνθεν
794 683 887 734 καὶ
928 681 1081 734 ἔνθεν
1110 680 1423 751 βαρυτάτην
1454 681 1795 748 κατάπληξιν

226 775 332 835 τοῖς
363 771 693 843 ἀρχομένοις
737 771 1131 838 ἐμϐάλλοντας,
1166 771 1266 834 τάς
1310 772 1548 840 πληγὰς,
1581 772 1680 835 τάς
1715 774 1800 826 δε-

229 864 507 933 σμεύσεις,
543 864 864 931 ἐπαγωγὰς,
895 865 965 916 τά
1000 863 1369 933 δεσμωτήρια.
1398 863 1457 927 ἐξ
1482 856 1558 917 ὧν
1587 863 1799 935 ἀφόρη-

229 973 316 1018 τος
365 955 396 1009 ό
433 955 583 1025 παρά
631 954 743 1006 τῶν
790 952 1123 1023 ὑποχειρίων
1170 953 1583 1022 συναθροίζεται
1614 953 1803 1022 φόϐος.

232 1046 337 1101 Καὶ
362 1046 417 1099 τί
454 1046 592 1115 μετὰ
619 1045 821 1110 τοῦτο;
855 1044 973 1100 Μία
1002 1045 1121 1111 νὺξ,
1153 1045 1186 1116 ἢ
1225 1045 1460 1115 πυρετὸς
1499 1045 1531 1115 ἢ
1584 1046 1808 1117 πλευρῖ-

230 1157 331 1204 τις,
375 1138 409 1208 ἢ
465 1139 934 1206 περιπνευμονίαι,
992 1138 1343 1209 ἀνάρπαστον
1390 1138 1449 1204 ἐξ
1503 1136 1806 1208 ἀνθρώπων

233 1232 519 1297 ἀπάγουσα
551 1229 644 1280 τὸν
690 1228 1005 1296 ἄνθρωπον,
1038 1228 1273 1298 οἴχεται,
1321 1230 1504 1282 πᾶσαν
1532 1229 1632 1298 τὴν
1683 1229 1804 1281 κατ’

234 1323 402 1390 αὐτὴν
435 1322 637 1389 σκευὴν
665 1322 923 1392 εξαπίνης
953 1320 1426 1390 ἀπογυμνώσασα,
1448 1322 1541 1376 καὶ
1591 1324 1624 1391 ὴ
1674 1318 1803 1385 δόξα

1898 608 2004 662 que
2062 593 2446 663 gravissimum
2509 604 2769 648 terrorem
2852 595 3179 650 incutientes
3218 594 3472 654 solulitis.

1900 683 2150 744 verbera,
2177 681 2418 744 vincula,
2446 681 2824 749 abductiones,
2852 698 3120 748 carceres,
3146 684 3288 736 unde
3313 684 3475 736 timor

1901 773 2241 828 subditorum
2275 773 2634 829 intolerabilis
2668 775 2744 827 fit.
2782 774 2884 829 Sed
2915 776 3041 845 quid
3094 777 3318 844 postea?
3358 773 3475 829 Una

1909 880 2017 919 nox
2066 874 2122 920 et
2178 863 2364 931 febris,
2402 874 2492 918 ant
2542 873 2821 920 costarum
2875 875 2966 920 aut
3017 866 3288 936 pulmonis
3322 880 3479 919 acum

1912 958 2201 1028 agritudo,
2252 972 2317 1012 ex
2368 958 2508 1013 vivis
2554 967 2772 1027 raptum
2821 958 3095 1012 hominem
3141 959 3340 1011 aufert.
3388 956 3482 1010 Sic

1914 1057 2023 1101 tota
2076 1047 2222 1104 illius
2268 1064 2429 1102 scena
2473 1048 2657 1104 subito
2700 1049 3038 1115 denudatur,
3079 1058 3137 1103 et
3185 1049 3355 1117 gloria
3391 1050 3481 1103 illa

1912 1149 2172 1209 tanquam
2206 1142 2479 1196 somnium
2532 1142 2831 1197 evanescit.
2867 1142 3165 1198 Commode
3217 1142 3383 1208 igitur
3429 1154 3484 1194 ct

1908 1247 2035 1286 vere
2087 1229 2463 1287 infirmissimo
2494 1230 2619 1287 ﬂori
2654 1233 2945 1285 humanam
2995 1231 3222 1300 gloriam
3258 1244 3488 1299 compa-

1910 1323 2049 1376 ravit
2078 1323 2364 1391 propheta.

232 1415 436 1486 iasiv’q,
472 1415 663 1487 ὥσπερ
692 1413 968 1481 ἐνύπνιον,
997 1416 1309 1487 ἀπηνέχθη.
1332 1416 1500 1470 Ὥστε
1530 1418 1916 1472 ἐπιτέτευκται
1975 1415 2059 1488 τῷ
2115 1416 2372 1487 προφήτῃ
2435 1416 2472 1485 ἡ
2545 1413 2685 1486 πρὸς
2730 1416 2795 1468 τὸ
2866 1414 3262 1485 ἀδρανιστατον
3326 1414 3488 1471 ἄνθος

233 1507 490 1579 ὁμοίωσις
519 1508 621 1577 τῆς
647 1505 998 1577 ἀνθρωπίνης
1028 1506 1210 1577 δόξης.

339 1644 510 1714 Δόξης
540 1643 625 1697 ἀεὶ
650 1642 905 1714 φρόντιζε
939 1642 1039 1715 τῆς
1065 1644 1313 1699 αἰωνίου·

349 1737 415 1792 Ἦ
446 1737 555 1806 γὰρ
587 1736 841 1807 παροῦσα
875 1734 1136 1806 ψεύδεται
1166 1734 1288 1791 καθ’
1319 1734 1561 1809 ἡμέραν.

342 1829 512 1894 Δόξαν
535 1829 721 1894 δίωκε,
755 1830 894 1901 μήτε
923 1830 1127 1896 πᾶσαν,
1160 1827 1292 1900 μήτ’
1329 1828 1474 1897 ἄγαν
1493 1845 1510 1862 ⁸

342 1920 610 1989 Κρεῐσσον
639 1918 747 1991 γάρ
781 1916 920 1975 εἶναι
950 1919 1046 1974 τοῦ
1077 1920 1290 1975 δοκεῖν·
1324 1920 1373 1974 εί
1393 1919 1441 1976 δ’
1469 1918 1710 1993 ἄμετρος
1739 1916 1815 1988 εί,

341 2099 436 2172 Μὴ
465 2098 565 2171 τὴν
590 2098 757 2171 κενὴν
785 2100 1010 2172 θήρευε.
1042 2099 1180 2172 μηδι
1204 2099 1310 2172 τὴν
1333 2099 1482 2155 νέαν.

1912 1640 2071 1697 Curae
2110 1641 2204 1697 tibi
2232 1650 2434 1698 aeterna
2466 1656 2682 1714 semper
2714 1643 2783 1699 sit
2814 1642 2985 1715 gloria
3012 1659 3027 1698 :

1841 1714 1892 1778 Β
1917 1731 2164 1789 Praesens
2196 1733 2341 1789 enim
2369 1734 2609 1804 quotidie
2641 1734 2798 1791 fallit.

1915 1823 2158 1879 Gloriam
2189 1824 2438 1895 sequitor
2458 1841 2560 1881 nec
2592 1841 2812 1882 omnem
2845 1843 3023 1897 neque
3047 1828 3300 1885 nimium.

1918 1913 2151 1972 Praestat
2180 1918 2327 1973 enim
2358 1932 2481 1976 esse
2510 1934 2672 1990 quam
2700 1920 2869 1976 videri
2894 1938 2908 1975 :
2944 1921 3028 1977 sin
3055 1929 3363 1992 temperare
3392 1920 3491 1977 tibi

3214 2012 3454 2084 [nequis.

1928 2100 2087 2173 ιω
2107 2099 2328 2159 [nauem
2359 2102 2586 2174 gloriam
2620 2112 2715 2160 aut
2739 2120 2938 2161 novam
2970 2104 3158 2161 saltem
3188 2120 3255 2159 ne
3283 2113 3491 2174 captes.

3032 2193 3351 2266 (Theologi.)

310 2304 592 2376 Ejusdem.
624 2303 998 2373 Subjiciamnr
1024 2312 1079 2360 et
1125 2302 1260 2373 Deo,
1293 2311 1349 2360 et
1380 2302 1538 2358 nobis
1568 2301 1797 2357 invicem
1832 2311 1886 2360 et
1932 2304 2276 2375 principibus
2302 2306 2359 2362 in
2393 2316 2557 2374 terra,
2588 2306 2753 2378 idque
2801 2323 2867 2365 eo
2924 2310 3119 2381 magis,
3154 2325 3265 2380 quo
3321 2309 3495 2364 lenio-

238 2400 428 2469 res-{et
478 2396 829 2468 benigniores
881 2397 960 2455 illi
1022 2397 1247 2453 fuerint.
1302 2396 1523 2469 (Malum
1568 2395 1713 2450 enim
1781 2402 1867 2452 est
1917 2397 2306 2465 benignitatem
2354 2400 2663 2471 principum
2729 2402 2983 2472 frangere
3047 2405 3395 2473 pervicacia.
3444 2410 3507 2457 ιι

239 2492 567 2563 cavendum)
596 2507 668 2548 ne
694 2491 748 2547 in
779 2491 1035 2562 nosipsos
1062 2491 1376 2561 asperitatis
1407 2490 1622 2547 illorum
1650 2490 1812 2559 culpa
1863 2490 2092 2559 recidat,
2133 2492 2177 2547 si
2219 2495 2672 2564 tranquillitatem
2731 2495 2978 2552 immisso
3045 2507 3209 2553 vento
3270 2496 3502 2552 solveri-

238 2600 385 2654 mus,
430 2586 536 2641 luci
576 2585 828 2641 tenebras
854 2580 1267 2649 immiserimus,
1298 2592 1353 2640 et
1386 2583 1722 2639 absinthium
1754 2582 1901 2639 melli
1932 2584 2337 2641 miscuerimus.

322 2706 391 2762 Ἥ
422 2706 523 2778 μὲν
548 2707 658 2776 γὰρ
684 2708 838 2776 παρά
867 2706 977 2761 τῶν
1011 2705 1316 2778 ἀνθρώπων
1346 2692 1475 2773 δόξα
1517 2704 1626 2760 τῶν
1660 2703 1815 2769 δοξα·
1841 2713 1852 2762 l

1987 2705 2260 2777 Chrysost.
2301 2707 2509 2764 Etenim
2562 2722 2685 2778 quae
2736 2708 2805 2765 ab
2866 2708 3180 2764 hominibus
3222 2706 3504 2763 confertur

243 2801 451 2866 ζόντων
480 2800 731 2870 μιμεῖται
755 2799 855 2869 τὴν
886 2798 1186 2862 εὐτέλειαν,
1212 2798 1335 2851 ὅθεν
1365 2798 1460 2852 καὶ
1492 2797 1824 2867 μεταπίπτει

244 2890 444 2963 ῥᾳδίως
471 2890 545 2960 δή
599 2888 657 2943 δὲ
694 2888 788 2943 τοῦ
823 2888 958 2943 Θεοῦ
1001 2888 1101 2959 οὐχ
1153 2870 1348 2953 οὕτως,
1398 2886 1517 2941 ἀλλ’
1566 2888 1823 2958 ἀκίνητος

248 2983 405 3052 μένει
431 2980 715 3051 διηνεκῶς.
746 2980 856 3034 Καὶ
883 2979 1037 3035 ταῦτ’
1073 2980 1367 3049 ἀμφότερα
1414 2979 1591 3050 δηλῶν
1618 2982 1651 3035 ἁ
1689 2996 1827 3051 προ-

247 3077 453 3146 φήτης,
482 3074 749 3144 κάκείνης
778 3074 854 3149 pb
882 3072 1339 3143 ἑμμετάπτωτον,
1386 3074 1481 3125 καὶ
1528 3072 1735 3142 ταύτης
1768 3071 1829 3125 τὸ

250 3168 511 3238 μόνιμον,
559 3166 736 3228 οὕτως
788 3164 1011 3235 ελεγενα
1063 3183 1085 3217 ι
1118 3164 1279 3220 Πᾶσα
1319 3162 1460 3233 σὰρξ
1493 3163 1707 3235 χόρτος,
1734 3161 1829 3216 καὶ

249 3257 406 3310 πᾶσα
434 3254 562 3321 δόξα
590 3254 886 3323 ἀνθρώπου
931 3253 1008 3316 ὡς
1052 3253 1215 3316 ἄνθος
1247 3252 1464 3325 χόρτου.
1503 3270 1522 3306 ι
1576 3253 1830 3308 ’Δπασαν

248 3351 354 3423 τὴν
382 3348 730 3423 ἀνθρωπίνην
764 3347 1070 3419 εὐημερίαν
1111 3346 1232 3401 οὐδὲ
1280 3347 1416 3416 πρὸς
1446 3345 1661 3419 χόρτον,
1712 3344 1828 3399 ἀλλ’

251 3441 452 3508 ἑτέραν
482 3441 616 3510 ὓλην
670 3438 1057 3508 εὐτελεστέραν
1095 3438 1125 3492 ό
1159 3438 1443 3509 προφήτης
1496 3436 1831 3507 παρέϐαλεν,

251 3533 419 3598 ἄνθος
450 3531 620 3603 αὐτὴν
668 3528 942 3601 ὀνομάσας
975 3529 1171 3600 χόρτου
1224 3530 1407 3582 πᾶσαν
1460 3525 1617 3594 ὁμοῦ.
1665 3527 1834 3582 οὐδὲν

257 3625 374 3696 γὰρ
404 3625 570 3694 μέρος
596 3623 781 3679 αὐτῶν
829 3622 1159 3694 προέθηκεν,
1190 3615 1304 3675 οἷον
1333 3620 1585 3687 πλοῦτον,
1622 3618 1658 3687 ἢ
1703 3635 1837 3690 τρυ-

256 3718 396 3789 φὴν,
427 3717 463 3789 ἢ
497 3716 843 3783 δυναστείαν,
891 3715 927 3787 ἢ
957 3714 1146 3787 τιμὴν,
1194 3712 1231 3784 ἡ
1274 3730 1329 3767 τι
1372 3712 1650 3767 τοιοῦτονο
1678 3711 1837 3782 mu

258 3809 447 3865 πάντα
487 3807 556 3863 τά
585 3809 643 3862 ὲν
669 3806 981 3877 ἀνθρώποις
1012 3804 1246 3877 λαμπρά
1275 3804 1377 3877 μιᾷ
1423 3803 1734 3875 προηγορίᾳ
1765 3803 1836 3874 τῇ

260 3903 366 3974 τῆς
419 3900 580 3972 δόξης
630 3898 967 3970 περιϐαλὼν,
1011 3897 1187 3961 οὕτως
1221 3898 1468 3968 ἀπήγαγε
1521 3894 1620 3968 τὴν
1651 3897 1839 3951 εἰκόνα

258 3994 362 4050 τοῦ
394 3975 611 4065 χόρτου,
647 3991 854 4051 ειπιίινο
897 4008 919 4045 ι
966 3992 1126 4048 Πᾶσα
1161 3989 1293 4057 δόξα
1318 3986 1613 4062 ἀνθρώπου
1641 3986 1718 4053 ὡς
1745 3987 1840 4044 ἄν·

1206 4044 1209 4045 ν
1232 4044 1331 4140 παὶ
1373 4044 1441 4137 τό
1461 4080 1626 4147 ἄνθος
1650 4044 1844 4147 ἐξέπε-
1870 4044 1918 4103 θ

260 4196 387 4235 σεν.
426 4198 447 4232 ε

339 4292 503 4346 Φύσει
534 4292 636 4362 μὲν
668 4291 779 4362 γὰρ
813 4292 1004 4363 χόρτου
1042 4290 1254 4364 (φησὶν)
1300 4290 1445 4346 ἔοικε
1486 4290 1597 4346 τῶν
1629 4288 1844 4363 ἀνθρώ-

259 4404 390 4443 πων
422 4386 483 4440 τδ
510 4387 687 4456 γένος,
736 4384 873 4457 ἄνθη
917 4384 976 4440 δι
1010 4384 1207 4457 χόρτου
1256 4385 1292 4457 ἠ
1333 4384 1688 4457 έπιγινομένη
1718 4385 1847 4452 δόξα

263 4480 367 4538 καὶ
394 4479 705 4535 δυναστεία.
750 4478 863 4533 Καὶ
900 4459 1155 4549 καθάπερ
1205 4475 1302 4533 τοῦ
1350 4476 1544 4548 χόρτου
1593 4476 1847 4549 ξηραινο-

266 4575 437 4645 μένου
471 4571 532 4626 τὸ
575 4570 738 4634 ἄνθος
784 4569 1064 4637 ἐκπίπτει,
1108 4568 1253 4624 οὕτω
1297 4567 1395 4623 τοῦ
1450 4567 1682 4625 θανάτου
1735 4570 1848 4632 τοῖς

264 4662 588 4733 ἀνθρώποις
615 4660 862 4725 ἐπιόντος
886 4661 921 4731 η
954 4657 1249 4714 δυναστεία
1279 4656 1374 4711 καὶ
1402 4655 1436 4728 ἡ
1467 4656 1848 4728 ὕπερηφάνεια

266 4754 580 4809 σϐέννυται.

346 4845 429 4899 Τά
468 4844 571 4915 μὶν
594 4843 737 4913 φυτὰ
764 4841 873 4899 ἀπδ
903 4841 1005 4912 τῆς
1050 4839 1230 4913 ῥίζης,
1268 4839 1301 4912 ἡ
1351 4839 1408 4895 δὲ
1435 4838 1564 4908 δόξα
1615 4839 1722 4895 ἀπὸ
1750 4839 1851 4908 τῆς

269 4937 501 5010 πρώτης
523 4937 738 5007 λήψεως
772 4933 872 5009 [αιο
908 4931 1127 5006 λῑξεως]
1160 4931 1338 4999 αὔξει-

351 5053 544 5117 Οὐδεὶς
571 5050 874 5123 φροντίζων
912 5049 1073 5119 δόξης
1112 5048 1325 5121 ἀγαθῆς
1366 5044 1566 5116 γένοιτ’
1614 5046 1681 5101 ἃν
1713 5044 1852 5117 ἀνὴρ

269 5144 508 5218 φαῦλος.
538 5144 721 5199 Καλὸν
744 5143 800 5197 δὲ
832 5141 957 5198 ἀντὶ
991 5140 1011 5215 [
1017 5139 1092 5196 al.
1140 5140 1255 5213 ἀρ’]
1300 5138 1561 5212 βραχείας
1611 5136 1853 5192 ἀπολαύ-

274 5250 423 5299 σεως
453 5231 784 5299 ἀλλάξασθαι
814 5231 977 5298 δόξαν
1006 5228 1244 5284 αἰώνιον.
1500 5224 1508 5239 ’

365 5347 609 5418 ’Δξίωμα
641 5346 901 5418 μέγιστόν
945 5344 1096 5399 ἐστιν
1126 5343 1188 5399 οὗ
1232 5342 1297 5397 τδ
1332 5340 1638 5415 κεχρῆσθαι
1669 5339 1856 5408 τιμαῖς

274 5439 383 5516 [αι.
415 5437 628 5511 τιμῆς],
657 5438 796 5493 ἀλλά
814 5438 875 5492 τὸ
907 5434 1058 5503 ἄξιον
1087 5435 1281 5491 ἑαυτὸν
1322 5432 1455 5508 [Ῑον.
1487 5429 1690 5503 αὐτῶν]
1716 5426 1854 5484 εἶναι

265 5530 620 5605 νομίζεσθαι.

354 5618 460 5686 Ὠν
487 5628 588 5696 τὰς
621 5627 783 5697 δόξας
810 5623 1019 5707 ζηλοῖς,
1054 5622 1262 5680 τούτων
1294 5620 1389 5678 καὶ
1414 5618 1483 5677 τά
1510 5617 1690 5690 ἀγαθά
1721 5615 1861 5691 πρά-

275 5718 404 5792 ξηε-

1926 2799 2135 2869 gloria.
2187 2799 2589 2855 conferentium
2652 2801 2915 2856 vilitatem
2985 2801 3271 2869 sequitur,
3327 2815 3503 2868 quare

1929 2890 2096 2944 etiam
2151 2889 2306 2945 facile
2338 2890 2597 2945 dilabitur
2644 2908 2659 2945 :
2701 2891 2884 2946 divina
2916 2905 3045 2945 vero
3085 2905 3193 2944 non
3242 2891 3314 2944 ita
3360 2891 3503 2943 fluxa

1928 2990 2031 3049 est,
2052 2982 2146 3037 sed
2168 2992 2430 3051 perpetuo
2454 2982 2669 3038 stabilis
2688 2981 3098 3038 manet.Et’ba2e
3113 2984 3276 3035 ambo
3299 2981 3506 3036 docens

1931 3073 2216 3144 propheta,
2282 3074 2451 3139 illius,
2504 3074 2746 3144 inquam.
2805 3074 3195 3129 Iubricitatem‘
3234 3082 3290 3126 et
3338 3072 3504 3139 hujus

1930 3166 2305 3231 stabilitatem,
2327 3166 2415 3222 his
2438 3165 2621 3221 verbis
2649 3165 2853 3219 utitur:
2877 3181 2897 3217 ι
2927 3162 3122 3219 Omnis
3151 3177 3281 3217 caro
3315 3162 3501 3219 fenmu

1928 3262 2035 3323 est,
2069 3265 2125 3312 et
2152 3258 2332 3313 omnis
2360 3256 2530 3325 gloria
2558 3255 2801 3313 hominis
2821 3270 2921 3312 ceu
2952 3255 3052 3312 llos
3078 3236 3277 3311 feni:'i
3304 3252 3506 3329 quibus

1930 3361 2148 3404 omnem
2169 3349 2465 3404 humanam
2478 3346 2795 3403 felicitatem
2814 3360 2883 3402 ne
2902 3345 3030 3402 feno
3045 3345 3285 3414 quidem,
3305 3344 3399 3399 sed
3423 3344 3508 3396 vi-

1932 3439 2053 3496 liori
2097 3443 2335 3496 materia
2355 3439 2939 3510 comparando,ilorem
2964 3439 3071 3494 feni
3092 3446 3261 3493 totam
3287 3452 3409 3492 eam
3433 3438 3509 3491 εἰς

1931 3530 2046 3587 mul
2063 3531 2385 3587 nominavit.
2400 3528 2616 3586 Nullam
2631 3530 2780 3586 enim
2800 3538 3009 3601 partem
3027 3528 3150 3596 eius
3176 3527 3421 3599 praefert,
3450 3538 3510 3584 ut

1933 3621 2172 3689 divitias,
2202 3630 2299 3679 aut
2328 3621 2685 3692 voluptatem,
2707 3626 2803 3674 aut
2851 3619 3176 3689 potentiam,
3206 3628 3303 3674 aut
3337 3620 3511 3675 bono.

1935 3728 2075 3780 rem,
2092 3722 2189 3770 aut
2203 3711 2411 3783 aliquid
2430 3711 2766 3780 huiusmodi,
2784 3710 2879 3767 sed
2903 3709 3089 3766 omnia
3106 3712 3246 3765 inter
3264 3710 3513 3766 homines

1938 3803 2221 3876 splendida
2248 3800 2720 3874 comprehendam
2759 3815 2867 3857 una
2906 3798 3267 3869 appellatione
3299 3798 3510 3869 gloriae.

1940 3896 2055 3953 feni
2102 3895 2519 3953 similitudinem
2560 3892 2865 3964 subiungit,
2907 3890 3161 3963 inquiens
3195 3903 3213 3943 :
3271 3909 3290 3944 ε
3321 3889 3511 3947 Omnis

1942 3987 2116 4061 gloria
2146 3986 2387 4044 hominis
2413 3993 2499 4042 est
2526 3992 2784 4055 tanquam
2837 3980 2942 4041 llos
2970 3979 3262 4057 graminis,
3286 3993 3510 4053 gramen

1943 4077 2162 4139 exaruit
2179 4084 2234 4137 et
2291 4075 2394 4134 llos
2422 4074 2639 4133 cecidit.
2668 4090 2691 4128 ι

2020 4280 2083 4341 S.
2116 4278 2323 4353 Cyritli.
2365 4275 2659 4334 Hominum
2709 4290 2881 4347 genus
2931 4274 3109 4332 simile
3157 4283 3241 4329 est
3309 4281 3519 4329 naturae

1946 4372 2236 4445 graminis,
2262 4369 2424 4427 ﬂores
2454 4379 2634 4425 autem
2652 4366 2912 4439 graminis
2940 4376 3070 4423 sunt
3098 4381 3221 4434 quae
3252 4366 3521 4422 accrescit

1948 4466 2121 4537 gloria
2156 4474 2211 4521 et
2241 4462 2531 4536 potentia:
2565 4470 2619 4516 et
2645 4462 2791 4515 sicut
2816 4468 3100 4515 arescente
3147 4460 3396 4529 gramine
3421 4459 3522 4515 llos

1947 4556 2174 4621 excidit,
2204 4554 2285 4609 sic
2315 4560 2492 4608 morte
2518 4550 2837 4607 hominibus
2868 4551 3154 4621 ingruente
3195 4552 3437 4621 potentia
3466 4557 3525 4606 et

1949 4648 2200 4719 superbia
2227 4647 2669 4717 exstinguuntur.

2028 4826 2321 4885 Plutarchi.
2361 4825 2570 4882 Planta:
2609 4827 2828 4898 quidem
2871 4841 2899 4881 a
2946 4826 3151 4894 radice,
3186 4821 3359 4895 gloria
3397 4837 3527 4878 vero

1953 4922 2007 4995 (a
2033 4922 2178 4977 bono
2216 4916 2400 4989 opere)
2427 4920 2647 4976 crescit.

2023 5034 2218 5091 Nullus
2245 5034 2532 5090 honestam
2570 5032 2799 5103 gloriam
2834 5046 3055 5097 curans,
3085 5031 3169 5087 vir
3199 5031 3376 5088 malus
3404 5044 3528 5086 esse

1955 5135 2158 5201 potest.
2220 5125 2518 5182 Pulchrum
2564 5132 2648 5181 est
2698 5123 2847 5181 enim
2908 5138 3009 5199 pro
3054 5123 3204 5179 brevi
3252 5122 3529 5193 voluptate

1958 5231 2217 5278 mternam
2260 5219 2485 5291 gloriam
2513 5218 2875 5291 permutando
2912 5218 3176 5274 nancisci.

2028 5333 2251 5387 Aristot.
2286 5330 2522 5387 Maxima
2555 5330 2794 5401 dignitas
2826 5339 2933 5395 est,
2978 5343 3087 5383 non
3117 5324 3336 5397 quidem
3369 5338 3531 5379 usur-

1961 5442 2090 5501 pare
2118 5427 2408 5493 honorem,
2445 5424 2541 5483 sed
2572 5424 2782 5482 honore
2808 5423 3032 5492 dignum
3061 5417 3385 5476 existimari.

2033 5578 2308 5664 Isocratis.
2358 5604 2603 5675 Quorum
2633 5602 2861 5677 gloriam
2880 5596 3182 5670 aenmlaris,
3214 5592 3534 5655 eorumdem

1959 5704 2101 5763 bona
2128 5700 2314 5760 facito.
