3996 6194
243 263 376 349 ιρθι

1078 268 1257 332 LOCI
1284 269 1726 337 COMMUNES.
1758 296 1829 309 -
1864 270 2065 339 PARS
2103 276 2193 341 ΙΙ.
2224 276 2487 342 SERMO
2513 280 2563 348 Ι.

310 386 586 453 Πολλάκις
609 386 855 460 ἀκρασία
889 386 1070 460 δήμου
1098 390 1192 444 τὸν
1220 392 1497 463 χείριστςν
1527 394 1611 454 είς
1643 393 1822 465 ἀρχὴν

1999 396 2388 468 Saepenumero
2426 400 2609 474 populi
2650 402 2971 487 impotentia
2997 400 3297 464 deterrimo
3340 410 3515 479 magi.

236 482 651 557 προεστήσατο.

312 574 458 648 Πρὸς
488 574 553 629 τὸ
580 572 676 628 τοῦ
704 573 968 645 ἄρχοντος
1000 568 1134 647 ἦθος
1184 572 1526 631 πλάττεσθαι
1570 580 1823 646 πέφυκεν

238 674 317 737 ὡς
345 673 415 728 τὰ
444 670 620 725 πολλά
662 670 724 723 τὸ
773 670 1097 740 ἀρχόμενον,
1151 666 1295 723 ὥστε
1345 671 1524 725 ὁποῖοί
1585 688 1720 728 ποτε
1771 676 1823 728 οἱ

237 768 465 830 ἄγοντες
492 756 619 829 ὦσι,
668 760 912 817 τοιοῦτον
954 761 1174 833 ἀνάγκη
1222 760 1316 816 καὶ
1353 761 1447 816 τὸν
1478 762 1824 833 ἀναγόμενον

239 855 405 912 εἶναι.

294 879 405 912 ναι.

276 879 492 1006 ιΚαλὸν
525 948 613 1005 ἀεὶ
656 948 718 1003 τὸ
746 947 1021 1020 χείριστον
1061 947 1172 1003 ὑπὸ
1207 949 1303 1005 τοῦ
1334 952 1647 1022 κρείττονος
1694 952 1823 1021 ἀγε-

238 1042 387 1100 σθαι.

311 1137 545 1201 Παλαιός
568 1137 683 1190 εστι
710 1134 870 1203 λόγος
903 1135 1031 1199 τοὺς
1068 1138 1274 1208 ἀρετῆς
1297 1137 1821 1209 ,μεταποιουμένους

241 1228 365 1299 μεθ’
396 1228 591 1299 ἡδονῆς
622 1227 823 1290 αὐτοὺς
859 1229 936 1297 μὴ
965 1227 1284 1282 ἐπιϐάλλειν
1314 1229 1534 1300 ἀρχαῖς.

311 1320 420 1374 Τὸν
452 1319 774 1390 προεστῶτα
824 1319 901 1390 μὴ
937 1320 1215 1391 ἑπαιρέτω
1245 1320 1308 1374 τὸ
1338 1319 1580 1390 ἀξίωμα,
1622 1319 1710 1376 ἵνα
1744 1320 1820 1393 μὴ

237 1414 454 1485 ἐκπέσῃ
482 1412 578 1468 τοῦ
613 1410 973 1483 μακαρισμοῦ
1013 1413 1113 1483 τῆς
1142 1412 1677 1486 ταπεινοφροσύνης.

317 1591 390 1645 Ἦ
439 1590 539 1660 μὲν
585 1590 780 1659 ἀταξία
825 1591 1095 1663 ἀναρχίας
1141 1592 1260 1647 εστὶ
1318 1593 1651 1667 γνώρισμα,
1700 1594 1821 1666 ἡδὶ

233 1685 394 1751 τάξις
422 1684 514 1737 τὸν
543 1681 951 1754 ἡγεμονεύοντα
976 1684 1238 1741 δείκνυσι.
1267 1685 1334 1738 Τί
1371 1688 1481 1757 γάρ
1506 1687 1701 1757 ὄφελος
1725 1705 1823 1742 κυ-

235 1779 479 1850 ϐερνήτῃ
510 1773 648 1830 εἶναι
674 1777 936 1847 χρηστὸν,
962 1780 1221 1848 πονηροῖς
1248 1776 1534 1850 χρώμενον
1560 1781 1780 1850 ἐρέταις
1805 1796 1820 1848 ;

309 1961 387 2017 Τό
418 1979 476 2016 τε
510 1964 618 2037 γάρ
670 1963 908 2037 ἄναρχον
953 1965 1234 2022 ἄτακτον*
1289 1961 1351 2016 τό
1394 1979 1455 2016 τε
1508 1961 1825 2035 πολύαρχον

236 2056 554 2120 στασιῶδες.

303 2238 401 2308 Μή
433 2253 545 2301 τις,
578 2236 700 2290 ἐνὸν
735 2235 1040 2301 ἀκινδύνως
1092 2235 1344 2303 ἕπεσθαι,
1376 2237 1569 2309 ἄρχειν
1609 2238 1823 2292 ἐπικιν-

230 2330 411 2394 δύνως
437 2328 801 2400 ἐπιθυμείτω,
840 2329 966 2401 μηδ’
995 2331 1023 2383 ό
1066 2332 1166 2400 τῆς
1215 2331 1500 2399 ὑποταγῆς
1526 2331 1692 2400 νόμος
1726 2347 1824 2385 κα-

233 2422 541 2486 ταλυὼθω,
574 2424 607 2493 ἢ
636 2420 733 2475 καὶ
761 2424 831 2476 τά
861 2423 1084 2491 ἐπίγεια
1114 2422 1329 2494 συνέχει
1353 2426 1448 2480 καὶ
1478 2424 1546 2477 τά
1569 2424 1821 2495 οὐράνια.

308 2516 386 2572 Τὸ
436 2516 726 2588 βούλεσθαι
765 2516 1032 2586 βασιλέως
1069 2517 1317 2588 ἄγραφός
1366 2519 1484 2571 ὶστι
1524 2517 1691 2589 νόμος
1744 2517 1824 2586 τῷ

233 2610 438 2678 κράτει
469 2607 965 2679 σονηγορούμενος,
1001 2606 1099 2661 καὶ
1136 2606 1272 2661 πολύ
1304 2625 1368 2677 γε
1410 2608 1523 2662 τῶν
1555 2609 1824 2680 γραπτῶν

236 2697 617 2767 ἰσχυρότερος,
647 2697 760 2751 τῶν
788 2698 851 2750 οὐ
885 2697 1176 2768 δυναστείᾳ
1204 2698 1612 2770 βοηθουμένων.

309 2790 377 2842 Oi
411 2788 678 2860 βασιλεῖς,
706 2788 946 2843 αἰδεῖσθε
977 2788 1078 2859 τὴν
1105 2789 1421 2859 ἁλουργίδα.
1443 2789 1821 2862 Νομοθετήσει

234 2880 350 2952 γὰρ
383 2879 479 2932 καὶ
521 2879 844 2949 νομοθέταις
890 2881 919 2932 ό
955 2878 1137 2948 λόγος.
1188 2879 1501 2935 Γινώσκετε
1552 2882 1604 2936 τί
1638 2883 1699 2937 τὸ
1731 2902 1823 2939 πι-

234 2970 466 3025 στευθὲν
496 2970 646 3040 ὑμῖν,
694 2970 789 3024 καὶ
820 2969 871 3023 τί
898 2970 960 3024 τὸ
990 2971 1123 3041 περὶ
1163 2971 1312 3042 ὑμᾶς
1353 2974 1657 3045 μυστήριον
1682 2989 1699 3005 ·
1730 2978 1823 3030 κά-

236 3080 378 3134 σμος
409 3064 531 3127 ὅλος
587 3062 693 3116 ὑπὸ
728 3065 888 3134 χεῖρα
916 3064 1016 3136 τὴν
1065 3064 1342 3137 ὑμετέραν
1376 3054 1672 3139 διαδήματι
1734 3088 1821 3140 μιο

231 3156 359 3226 κρῷ
403 3161 498 3211 καὶ
536 3156 730 3228 βραχεί
785 3156 965 3229 ῥακίῳ
992 3158 1389 3229 κρατούμενος.
1427 3160 1510 3214 Τά
1563 3162 1663 3232 μὲν
1709 3164 1822 3219 ἀνω

237 3251 407 3319 μόνον
438 3249 598 3314 Θεοῦ,
625 3251 697 3304 τὰ
724 3249 781 3303 δὲ
807 3250 963 3304 κάτω
989 3250 1083 3304 καὶ
1109 3250 1284 3320 ὑμῶν.
1316 3252 1444 3307 Geel
1467 3254 1685 3322 γίνεσθε
1712 3258 1824 3320 τοῖς

233 3341 330 3411 ὑφ’
360 3342 506 3412 ὑμᾶς
532 3359 547 3375 ο
582 3342 669 3396 ἵνα
719 3342 865 3396 είπω
909 3358 960 3394 τι
1013 3342 1108 3395 καὶ
1141 3341 1565 3416 τολμηρότερον,
1626 3349 1824 3418 καρδία

234 3434 512 3504 βασιλέως
535 3434 596 3485 ἑν
619 3434 765 3505 χειρὶ
797 3431 936 3488 Θεοῦ
986 3435 1085 3489 καὶ
1115 3436 1355 3508 εἴρηται,
1391 3439 1488 3493 καὶ
1527 3441 1825 3497 πεπίστευ-

231 3546 327 3581 ται
351 3542 369 3560 °
402 3525 639 3580 ἐνταῦθα
672 3528 813 3581 ἔστω
838 3526 1041 3600 κράτος
1070 3529 1221 3601 ὑμῖν,
1253 3530 1392 3585 ἀλλά
1432 3532 1510 3606 μὴ
1538 3533 1615 3603 τῷ
1640 3536 1827 3606 χρυσῷ

235 3623 337 3673 καὶ
365 3621 487 3682 ταῖς
522 3618 815 3690 φάλαγξιν.

309 3709 389 3765 Τὸ
417 3711 709 3781 δραστικὸν
739 3711 975 3779 δείκνυε,
1011 3714 1087 3788 μὴ
1130 3717 1209 3788 τῷ
1248 3718 1384 3790 δρᾷν
1426 3718 1634 3785 κακῶς,
1664 3720 1743 3789 τῷ
1779 3720 1825 3773 δ’

234 3800 297 3859 εὖ
334 3822 389 3859 τι
412 3808 619 3870 πονεῖν,
642 3807 691 3859 εί
725 3806 898 3871 θέλεις
929 3805 1072 3862 εἶναι
1105 3810 1251 3873 θεός.
1281 3812 1355 3864 Τὸ
1377 3811 1422 3864 δ’
1450 3814 1603 3865 ἐστὶν
1630 3814 1826 3884 ἀνδρὸς

237 3897 448 3960 εἰδότος
481 3898 769 3965 συγγενές.
809 3899 1030 3954 Κτείνει
1060 3900 1117 3955 δὲ
1151 3904 1325 3976 ῥᾷστα
1360 3905 1456 3958 καὶ
1482 3904 1703 3974 τρυγὼν
1732 3907 1825 3959 καὶ

245 3991 533 4061 σκορπίος.

312 4175 379 4229 Οἱ
428 4173 709 4241 δυνάσται,
760 4175 1014 4243 φοϐεῖσθε
1062 4179 1154 4233 τὸν
1187 4178 1559 4250 δυνατώτερον
1583 4196 1598 4213 ο
1634 4181 1685 4234 οἱ
1716 4180 1825 4235 τῶν

237 4267 471 4338 ὑψηλῶν
502 4266 709 4338 θρόνων
739 4270 829 4322 τὸν
861 4268 1220 4341 ὑψηλότερον.

315 4361 607 4425 Βασιλείας
654 4361 750 4415 τοῦ
780 4362 915 4416 Θεοῦ
946 4363 1039 4416 δύο
1069 4359 1212 4418 εἶδεν
1250 4367 1283 4436 ἡ
1332 4366 1550 4439 Γραιρὴ,
1594 4368 1695 4441 τὴν
1727 4369 1825 4439 μὲν

1930 498 2163 545 stratum
2197 492 2366 548 dedit.

2005 582 2089 638 Ad
2121 584 2383 655 principis
2424 600 2604 642 mores
2640 604 2751 645 rere
2781 592 2909 663 tingi
2941 592 3145 659 solent,
3177 591 3270 663 qui
3304 585 3361 649 in
3393 581 3515 663 eius

1932 683 2064 731 sunt
2096 676 2349 745 imperio,
2381 684 2441 730 ut
2473 678 2879 751 qualescunque
2903 683 3125 739 tandem
3155 681 3363 740 fuerint
3382 685 3515 741 duc-

1931 777 2099 835 tores,
2126 768 2266 826 tales
2297 782 2418 826 esse
2450 770 2542 843 qui
2570 770 2848 829 ducuntur
2873 789 3099 831 necesse
3126 774 3221 832 sit.

2005 948 2214 1004 Bonum
2239 954 2323 1003 est
2362 953 2421 1001 ut
2453 948 2799 1021 praestantior
2826 963 3043 1023 semper
3079 948 3338 1009 deteriori
3371 965 3510 1024 pra:-

1930 1037 2002 1091 sit
2035 1046 2091 1093 et
2123 1038 2372 1107 imperet.

2002 1129 2170 1187 Vetus
2197 1142 2279 1187 est
2309 1133 2536 1189 verbum
2564 1147 2710 1201 ,‘eos
2741 1134 2835 1206 qui
2869 1136 3127 1193 studeant
3152 1135 3376 1206 virtuti,
3401 1151 3509 1193 non

1927 1234 2054 1279 cum
2080 1224 2355 1296 voluptate
2384 1228 2761 1299 magistratum
2787 1232 3058 1301 accipere.

2013 1319 2116 1383 Qui
2148 1332 2345 1390 praeest
2382 1319 2504 1376 aliis
2535 1336 2604 1376 ne
2631 1336 2689 1377 se
2718 1321 2911 1378 eﬂ‘erat
2936 1331 3174 1393 ‘propter
3217 1322 3514 1379 auctorita-

1932 1416 2063 1472 tem,
2090 1424 2158 1465 ne
2182 1409 2405 1466 excidat
2435 1409 2775 1467 beatitudine
2807 1425 2930 1481 quae
2961 1410 3138 1481 posita
3172 1418 3259 1465 est
3309 1408 3364 1464 in
3395 1406 3517 1464 ani-

1931 1500 2009 1556 mi
2044 1501 2374 1571 abjectione.

2008 1593 2279 1666 Theologi.
2304 1592 2568 1652 Confusio
2601 1594 2910 1651 inordinata
2935 1601 3061 1649 nota
3089 1601 3173 1649 est
3201 1590 3513 1664 reipublicaz

1931 1689 2254 1759 magistratu
2292 1688 2558 1755 carentis,
2596 1695 2653 1743 at
2681 1686 2818 1744 ordo
2846 1685 3029 1758 qualis
3057 1685 3131 1743 sit
3160 1685 3514 1756 magistratus

1856 1759 1901 1815 Β
1927 1779 2189 1837 ostendit.
2224 1779 2365 1849 Quid
2407 1779 2553 1836 enim
2596 1779 2758 1849 juvat
2785 1777 3209 1849 gubernatorem
3242 1791 3367 1832 esse
3398 1792 3519 1831 mn-

1926 1875 2174 1931 deratum
2219 1874 2402 1944 pravis
2430 1883 2671 1929 utentem
2704 1871 3050 1942 remigibus?

1996 1963 2165 2020 Prov.
2205 1981 2268 2020 tt.
2299 1963 2404 2021 Ubi
2435 1963 2580 2019 enim
2604 1962 2790 2019 nullos
2812 1962 3189 2034 magistratus,
3217 1959 3292 2015 ibi
3321 1960 3517 2015 immo-

1926 2056 2115 2114 derate
2156 2066 2211 2112 et
2235 2057 2359 2114 sine
2390 2055 2584 2111 ordine
2611 2055 2797 2110 omnia
2828 2053 3107 2121 feruntur,
3135 2063 3192 2110 et
3223 2052 3517 2124 magistra-
3606 2128 3622 2141 ,

1927 2160 2081 2207 tuum
2127 2148 2424 2205 multitudo
2454 2148 2717 2205 seditiosa
2755 2154 2862 2204 est.

1995 2241 2135 2299 Cum
2171 2242 2337 2298 liceat
2369 2240 2489 2297 sine
2519 2240 2765 2310 periculo
2810 2240 2991 2311 sequi,
3026 2237 3336 2310 periculose
3377 2253 3517 2309 prat~

1927 2348 2051 2390 esse
2106 2347 2270 2388 nemo
2315 2334 2708 2402 concupiscat,
2764 2346 2947 2402 neque
3002 2330 3371 2403 subiectionis
3419 2330 3510 2387 lex

1926 2423 2238 2494 abrogetur,
2271 2438 2393 2492 qua:
2425 2432 2481 2477 et
2513 2422 2807 2477 terrestria
2855 2430 2910 2478 et
2954 2423 3198 2479 cmlestia
3250 2422 3514 2477 continet.

2000 2515 2169 2586 Regis
2194 2514 2448 2570 voluntas
2472 2514 2558 2569 lex
2593 2521 2678 2571 est
2700 2529 2809 2569 non
2855 2514 3085 2584 scripta,
3125 2528 3247 2583 quae
3275 2510 3519 2583 potentia

1926 2608 2266 2674 defenditur,
2299 2617 2355 2663 et
2380 2608 2603 2679 quidem
2653 2605 2827 2662 multo
2876 2605 3100 2677 scriptis
3133 2604 3365 2670 ﬁrmior,
3396 2618 3521 2672 qua:

1927 2701 2133 2758 nullius
2174 2698 2336 2771 126
2358 2697 2599 2769 potentia
2631 2696 2917 2770 iuvantur.

1996 2793 2197 2862 Reges,
2231 2805 2522 2862 purpuram
2574 2790 2843 2856 metuite;
2905 2789 3189 2862 legislator
3232 2792 3380 2853 enim
3432 2803 3520 2854 est

1925 2896 1982 2941 et
2039 2884 2447 2957 iegistaloribus
2500 2882 2815 2953 ipsaratio;
2863 2883 2995 2954 quid
3031 2885 3185 2941 vobis
3244 2887 3319 2945 sit
3370 2902 3520 2944 com—

1926 2979 2183 3042 missum,
2236 2976 2576 3047 cognoscite,
2633 2985 2687 3030 et
2729 2976 2890 3044 quale
2934 2978 3007 3031 sit
3034 2976 3090 3031 in
3127 2978 3294 3035 rebus
3321 2982 3519 3038 vestris

1930 3072 2298 3144 mysterium;
2334 3069 2623 3125 universus
2681 3068 2918 3125 mundus
2957 3068 3060 3125 sub
3119 3084 3287 3127 manu
3336 3083 3519 3130 vestra

1927 3167 2126 3238 exiguo
2154 3165 2463 3219 diademate
2494 3172 2550 3223 et
2579 3175 2749 3233 parvo
2784 3162 3080 3230 panniculo
3125 3172 3363 3221 tenetur.
3407 3164 3519 3222 Su-

1926 3273 2099 3330 perna
2147 3257 2320 3313 solius
2371 3255 2468 3311 Dei
2522 3262 2674 3317 sunt,
2726 3263 2782 3311 at
2829 3253 3042 3309 inferna
3092 3257 3259 3315 etiam
3312 3266 3525 3337 vestra,

1926 3352 2113 3408 Estote
2142 3348 2218 3404 dii
2270 3347 2562 3417 subjectis,
2595 3355 2653 3401 ut
2687 3346 2896 3417 aliquid
2930 3345 3112 3404 dicam
3153 3349 3320 3405 etiam
3348 3350 3520 3404 auda«

1927 3443 2215 3502 cius:Cor
2247 3440 2393 3513 regis
2423 3456 2547 3497 esse
2576 3440 2628 3496 iu
2663 3456 2828 3496 manu
2863 3441 2956 3498 Dei
2989 3450 3043 3497 et
3071 3441 3277 3497 dictum
3309 3452 3364 3497 et
3397 3457 3518 3498 crc-

1926 3540 2098 3595 dilunt
2145 3550 2260 3602 est;
2290 3534 2401 3589 illic
2444 3534 2517 3590 sit
2566 3533 2734 3588 robur
2763 3542 3023 3601 vestrum,
3055 3551 3164 3590 non
3215 3545 3400 3592 autem
3460 3538 3515 3596 in

1927 3645 2062 3685 auro
2081 3638 2133 3682 et
2165 3625 2543 3697 phalangibus.

1998 3720 2172 3776 Tuam
2206 3719 2262 3772 iu
2284 3715 2575 3772 cilicieudo
2610 3714 2718 3769 vim
2748 3725 2802 3771 et
2826 3725 3151 3786 potestatem
3174 3717 3518 3785 demonstra,

1928 3828 2037 3866 non
2068 3819 2127 3865 ut
2159 3809 2309 3869 mali.
2342 3806 2434 3862 sed
2478 3814 2535 3859 ut
2568 3805 2695 3859 boni
2729 3805 2935 3875 aliquid
2965 3805 3256 3871 efﬁciatur,
3280 3809 3327 3863 si
3350 3810 3513 3879 cupis

1929 3902 2066 3956 deus
2101 3914 2243 3954 esse.
2280 3897 2394 3952 Hoc
2433 3901 2578 3954 enim
2620 3907 2703 3954 est
2737 3900 2839 3955 viri
2879 3899 3120 3955 innatam
3171 3904 3280 3957 vim
3309 3918 3516 3973 cogno-

1929 3994 2139 4050 scentis
2204 4010 2217 4047 :
2269 3992 2530 4047 facillime
2584 4000 2766 4048 autem
2825 3995 3105 4065 pastinaca
3158 4002 3211 4051 et
3263 3995 3516 4065 scorpius

1927 4093 2145 4141 necant.

1998 4176 2102 4244 Qui
2135 4176 2326 4249 geritis
2371 4186 2719 4246 potestatem,
2764 4177 2947 4233 timete
2980 4179 3342 4247 potentiorem
3375 4199 3388 4235 :
3423 4180 3519 4252 qui

1928 4271 1983 4326 in
2013 4271 2124 4326 alte
2167 4270 2366 4325 throno
2409 4271 2634 4335 sedetis,
2676 4270 2947 4327 altiorem.

1998 4364 2268 4434 Clirysost.
2303 4364 2486 4436 Regna
2529 4361 2621 4418 Dei
2664 4362 2773 4419 duo
2812 4364 2962 4420 novit
2994 4363 3301 4436 Scriptura,
3348 4384 3517 4424 unum

238 4453 367 4509 κατ’
392 4454 688 4517 οἰκείωσιν,
716 4452 818 4524 τὴν
846 4453 904 4508 δὲ
938 4453 1080 4507 κατά
1114 4454 1499 4528 δημιουργίαν.
1533 4460 1820 4515 Βασιλεύει

1958 4454 2203 4508 amiliare
2236 4461 2291 4508 et
2343 4455 2723 4519 domesticum,
2759 4453 2992 4508 alterum
3042 4458 3190 4526 quod
3221 4458 3522 4514 creatiouis

239 4546 346 4615 μὲν
368 4546 479 4615 γὰρ
502 4543 780 4612 ἁπάντων,
810 4546 905 4598 καὶ
943 4543 1236 4615 Ἑλλήνων,
1267 4548 1363 4601 καὶ
1404 4548 1697 4615 Ἰουδαίων,
1730 4553 1825 4606 καὶ

235 4640 540 4710 δαιμόνων,
573 4640 667 4692 καὶ
715 4639 823 4692 τῶν
873 4640 1376 4711 ἀντιτεταγμένων,
1426 4643 1569 4698 κατά
1599 4646 1691 4698 τὸν
1724 4644 1826 4715 τῆς

238 4732 607 4802 δημιουργίας
634 4733 812 4800 λόγον.

319 4823 512 4877 ηολλοὶ
547 4826 642 4879 καὶ
679 4825 828 4880 ἄλλοι
882 4824 1125 4897 βασιλεῖς
1160 4827 1424 4889 πολλάκις
1458 4828 1550 4881 ἐπὶ
1597 4830 1694 4901 τὴν
1727 4834 1827 4903 ἀρ.-

238 4917 346 4988 χὴν
395 4916 662 4981 ἐλθόντες,
713 4920 839 4981 τοὺς
886 4918 1056 4973 πάλαι
1112 4920 1491 4991 λελυπηκότας
1545 4922 1827 4990 λαϐόντες,

237 5007 468 5073 ἀνάξιον
505 5005 644 5065 εἶναι
674 5010 933 5082 ἐνόμισαν
968 5014 1025 5065 ὲν
1057 5012 1235 5086 ἀρχῆς
1273 5014 1425 5085 ὅγκῳ
1476 5013 1718 5069 τοσούτω
1748 5016 1828 5071 δίο

238 5120 349 5174 κην
382 5105 680 5174 ἀπαιτῆσαι
708 5105 814 5158 τῶν
839 5107 1412 5178 πεπλημμελημένων.

315 5289 683 5360 Θεραπεύειν,
712 5290 813 5345 οὐκ
844 5290 1117 5362 ἐρεθίζειν
1156 5293 1237 5351 δεῖ
1257 5294 1355 5358 τὰς
1390 5293 1662 5359 ἐξουσίας.

318 5382 490 5436 Ὅταν
546 5381 730 5452 ἄρχων
762 5383 1132 5453 ἀνεπίληπτος
1256 5387 1412 5452 πᾶσι,
1443 5386 1568 5439 τότε
1604 5385 1821 5439 δύναται

244 5472 371 5544 μεθ’
398 5474 528 5543 ὅσης
562 5473 810 5544 βούλετχι
858 5475 1105 5542 ἐξουσίας
1136 5478 1235 5532 καὶ
1268 5476 1520 5540 κολάζειν
1551 5476 1648 5530 καὶ
1692 5491 1829 5543 συγ·

241 5568 450 5639 χωρεῖν
479 5568 604 5629 τοὺς
639 5565 732 5620 ὑπ’
757 5567 907 5638 αὐτῴ
936 5569 1300 5641 ταττομένους
1347 5570 1614 5633 ἅπαντας.

318 5658 490 5711 Οὐδὲν
545 5660 651 5726 γὰρ
683 5656 826 5711 οὕτω
876 5660 1123 5715 δείκνυσι
1153 5662 1245 5713 τὸν
1292 5662 1391 5733 τὴν
1432 5663 1609 5732 ἀρχὴν
1638 5662 1831 5731 ἔχοντα

242 5750 320 5814 ὡς
352 5750 710 5821 φιλοστοργία
738 5750 864 5821 περὶ
890 5754 1019 5814 τοὺς
1050 5752 1411 5823 ἀρχομένους.
1449 5751 1557 5807 Καὶ
1589 5752 1698 5821 γὰρ
1730 5767 1835 5805 παν

527 5847 808 5908 Ρλτιιοι.
846 5846 889 5905 ti
904 5863 966 5910 tt.
1011 5845 1351 5912 CXXXVI.

1936 4548 2200 4614 rationein
2250 4554 2477 4615 spectat.
2529 4545 2626 4599 Est
2671 4546 2821 4599 enim
2871 4547 2983 4601 Rex
3039 4549 3421 4607 universorum
3467 4558 3524 4606 et

1933 4636 2246 4692 (ira-mrum
2284 4647 2339 4690 et
2365 4634 2700 4701 Jlld‘cﬂOl‘Ulll,
2734 4646 2787 4690 et
2817 4637 3150 4707 daemonum,
3185 4651 3238 4696 et
3266 4643 3522 4698 adversa-

1935 4731 2145 4783 riorum
2182 4726 2477 4781 creatiouis
2508 4727 2690 4781 habitu
2722 4729 2951 4785 ratione.

2012 4818 2165 4872 Multi
2216 4819 2380 4871 etiam
2444 4834 2596 4889 rcges
2642 4834 2785 4890 saepe
2832 4823 3065 4891 imperio
3094 4834 3343 4894 accepto,
3390 4804 3518 4882 cuin

1936 4931 2033 4969 eus
2061 4915 2151 4984 qui
2185 4914 2287 4968 sibi
2319 4921 2475 4968 antea
2509 4912 2744 4972 fuissent
2787 4916 3000 4971 molesti
3034 4920 3086 4971 in
3124 4933 3221 4974 sua
3251 4929 3523 4991 potestate

1942 5007 2225 5069 baberent,
2278 5005 2331 5058 in
2396 5014 2549 5059 tanto
2590 5006 2802 5076 imperii
2858 5008 3002 5063 fastu
3061 5009 3343 5082 indignum
3394 5029 3520 5073 esse

1933 5097 2343 5166 judicavcrunl,
2394 5097 2487 5167 qui
2515 5112 2705 5167 poenas
2757 5111 3107 5170 reposcerent
3135 5104 3403 5162 scelerate
3435 5107 3521 5160 fa-

1933 5201 2170 5252 ctorum,

2019 5282 2279 5345 Celeusla,
2312 5298 2418 5338 nou
2453 5284 2712 5341 irritanda
2747 5296 3008 5357 potestas.

2012 5377 2147 5433 Cum
2182 5378 2435 5448 princeps
2463 5379 2604 5448 apud
2637 5395 2827 5436 omnes
2860 5382 3151 5452 inculpata
3180 5382 3303 5438 vita:
3336 5381 3522 5452 fuerit,

1942 5479 2055 5525 tum
2111 5482 2288 5543 potest
2318 5484 2526 5544 quanto
2560 5473 2703 5531 volet
2731 5473 2960 5531 arbitrio
3000 5484 3055 5529 et
3110 5475 3306 5544 punire
3335 5476 3521 5548 subje<

1938 5575 2057 5622 ctos
2087 5582 2303 5633 omnes,
2331 5576 2383 5623 et
2416 5569 2619 5624 eisdem
2651 5569 2956 5638 ignoscere.

2013 5658 2159 5714 Nihil
2184 5671 2269 5717 est
2291 5661 2438 5736 quod
2465 5662 2546 5717 sic
2574 5662 2951 5732 magistratum
2974 5661 3248 5729 ostendat,
3280 5671 3340 5717 ut
3366 5677 3522 5724 amor

1940 5759 1996 5806 et
2020 5751 2400 5809 benevolentia
2435 5767 2563 5824 erga
2591 5767 2687 5809 eos
2718 5752 2812 5823 qui
2839 5761 2968 5809 sunt
3006 5753 3107 5810 sub
3141 5754 3314 5822 ipsius
3345 5755 3520 5828 iiupe.

3107 5849 3188 5915 32

3381 278 3514 356 1302
3626 326 3641 343 .
