3996 6194
461 261 599 322 10“3

1734 260 2056 322 ANTONll
2099 261 2449 322 MELISS/E

3583 261 3723 326 10οι

455 372 576 434 rio;
625 381 746 422 nam
779 373 933 436 pater
975 379 1082 419 non
1117 364 1292 418 solum
1335 364 1698 433 procreanda,
1740 367 1834 421 sed
1863 367 2026 422 etiam

2179 371 2268 441 ἐρα
2295 372 2353 424 ού
2392 371 2452 425 τδ
2476 371 2734 440 γεννῆσαι
2767 371 2928 441 μόνον
2953 373 3116 438 ποιεῖ,
3148 369 3291 425 ἀλλά
3317 373 3420 425 καὶ
3450 371 3514 424 τὸ
3545 375 3720 444 φιλεῖν

452 456 729 526 diligendo
761 465 880 524 post
913 455 1349 525 procreationem
1373 452 1631 510 eflicitur.
1671 455 1824 523 Quod
1857 458 1905 512 si
1939 459 2028 514 ubi

455 557 646 600 natura
690 551 791 610 est,
844 543 1109 598 eharitate
1161 551 1243 598 est
1284 558 1443 614 opus,
1493 544 1662 598 multo
1719 547 1892 617 magis
1939 548 2031 604 ubi

457 638 654 708 gratia.

485 733 488 736 ’
526 725 640 779 Non
671 727 724 780 in
759 733 910 778 veste
943 733 995 776 et
1025 739 1182 789 zona,
1216 739 1313 778 nec
1345 723 1398 776 in
1439 725 1708 792 praeconis
1740 740 1872 782 voce
1915 742 2034 780 cer-

459 819 607 872 nitur
628 818 902 888 princeps,
929 819 1021 870 sed
1047 818 1101 869 in
1127 815 1419 870 reﬁciendo
1445 815 1612 870 fracta
1631 826 1682 870 et
1705 816 2032 884 fatiscentia,

453 922 506 964 et
532 928 652 980 qua:
680 910 818 965 male
851 909 1145 965 constituta
1181 916 1310 963 sunt
1341 909 1688 980 corrigendo,
1736 926 1800 966 ac
1833 913 2035 981 impro-

459 1005 555 1059 bos
604 1005 898 1076 puniendo,
959 1019 1059 1059 nec
1111 1003 1468 1074 permittendo
1517 1010 1577 1057 ut.
1630 1003 1893 1060 violenter
1949 1004 2038 1075 jus

458 1095 712 1165 cuiquam
741 1095 1008 1164 eripiatur
1037 1102 1088 1148 et
1111 1093 1409 1150 auferatur.

529 1187 633 1239 Ars
666 1195 748 1238 est
780 1185 1070 1253 imperare,
1099 1198 1207 1236 non
1246 1182 1420 1236 solum
1451 1180 1707 1252 dignitas,
1737 1189 1789 1236 et
1816 1181 2036 1252 quidem

458 1299 548 1337 ars
579 1284 820 1337 oniiaium
856 1282 1089 1336 maxime
1125 1279 1609 1335 excellentissima.

533 1374 634 1440 Qui
670 1376 901 1429 maxime
935 1390 997 1428 ex
1034 1371 1331 1426 humilibus
1379 1378 1528 1437 sunt,
1579 1386 1703 1426 cum
1746 1371 2038 1442 dignitates

459 1465 600 1519 nacti
658 1465 880 1530 fuerint,
932 1463 1150 1519 facilius
1220 1463 1275 1517 in
1321 1462 1692 1532 arrogantiam
1750 1463 2036 1529 tolluntur,

462 1557 663 1626 quippe
693 1556 786 1627 qui
827 1556 891 1610 ad
921 1555 1232 1624 repentinos
1263 1554 1499 1610 honores
1533 1553 1699 1624 inepti
1731 1555 1859 1610 sint.

534 1646 780 1718 Regnum
816 1657 1158 1703 terrenarum
1198 1663 1376 1712 rerum
1413 1651 1733 1721 aSperitates
1769 1657 2035 1720 exaequat.

535 1828 692 1897 127
744 1827 802 1882 3.
847 1825 993 1883 Iren.
1038 1828 1148 1886 Rex
1189 1829 1366 1885 omnis
1403 1829 1587 1900 justus
1637 1827 2032 1882 sacerdotalem

461 1919 675 1973 obtinet
703 1918 970 1973 ordinem.

533 2008 695 2064 Joan.
729 2008 978 2063 Damasc.
1015 2007 1289 2080 Optimum
1319 2009 1617 2079 principem
1654 2009 1806 2064 decet
1836 2008 1888 2062 in
1921 2007 2037 2063 suis

463 2101 684 2170 quidem
718 2103 956 2172 peccatis
1006 2117 1126 2157 esse
1172 2102 1431 2156 acerbum
1461 2100 1697 2168 iudicem
1733 2110 1785 2156 et
1816 2100 2039 2154 minimc

463 2192 856 2262 ignoscentem,
891 2201 945 2246 at
995 2193 1049 2248 in
1097 2193 1292 2249 erratis
1346 2191 1716 2262 subjectorum
1767 2191 2038 2263 placidum

464 2290 518 2335 et
544 2281 608 2334 ad
643 2283 1033 2350 ignoscendum
1071 2282 1309 2337 facilem.

534 2371 802 2428 Philonis.
854 2375 995 2429 Deus
1043 2374 1247 2429 nullius
1297 2373 1521 2444 indiget,
1561 2388 1656 2427 rex
1707 2373 1880 2429 solius
1926 2371 2040 2427 Dei.

464 2466 684 2537 Imitare
731 2469 898 2538 igitur
951 2481 1074 2520 eum
1123 2467 1214 2536 qui
1273 2465 1475 2521 nullius
1525 2473 1668 2536 eget,
1693 2479 1756 2520 ac
1814 2464 2042 2536 largiter

465 2558 748 2628 impertire
800 2551 1108 2629 petentibus
1171 2556 1632 2626 misericordiam,
1669 2573 1779 2613 non
1821 2572 2040 2614 summo

460 2652 584 2722 jure
613 2667 714 2708 nec
741 2653 988 2708 restricte
1015 2667 1138 2707 cum
1173 2650 1512 2722 supplicibus
1539 2665 1724 2721 agens,
1750 2651 1844 2707 sed
1869 2651 2046 2706 omni-

464 2748 568 2800 bus
601 2761 722 2815 qua:
752 2748 817 2800 ad
867 2746 1036 2800 vitam
1085 2745 1383 2824 degendam
1419 2744 1690 2816 pertinent
1732 2744 2043 2814 petentibus

463 2839 731 2909 pradicas.

541 2931 834 3002 Tyrannus
901 2941 985 2987 est
1037 2933 1290 3003 princeps
1346 2930 1496 3000 belli,
1558 2945 1654 2987 rex
1707 2943 1837 2986 vero
1889 2928 2046 3001 pacis

468 3036 688 3089 praeses.

2139 463 2277 533 μετά
2301 464 2360 516 τὸ
2387 465 2668 533 γεννῆσαι.
2701 467 2764 517 Ei
2793 464 2848 517 δὲ
2877 465 3004 518 ἔνθα
3032 464 3214 534 φύσις,
3246 465 3471 536 ἀγάπης
3502 469 3670 536 χρεία
3695 507 3711 534 ,

2135 554 2319 626 πολλῷ
2351 555 2550 625 μᾶλλον
2576 556 2705 610 ἔνθα
2731 557 2976 628 ἡ-χάρις.

2206 742 2320 795 Οὐκ
2353 743 2409 793 ἐν
2436 743 2500 812 τῇ
2534 739 2742 809 χλανίδι
2771 741 2864 794 καὶ
2909 743 2976 810 τῇ
3008 739 3179 814 ζώνῃ,
3211 742 3334 796 οὐδὲ
3376 745 3437 797 ὲν
3463 747 3530 814 τῇ
3562 750 3718 818 φωνῇ

2137 833 2232 887 τοῦ
2289 834 2531 903 κήρυκος
2587 833 2794 903 ἄρχων,
2846 833 2960 886 ἀλλ’
3016 835 3072 886 ὲν
3116 833 3192 904 τῷ
3245 835 3313 888 τὰ
3363 841 3724 907 πεπονηκνετα

2138 926 2501 990 ἀνακτᾶσθαι,
2530 926 2625 979 καὶ
2649 925 2720 979 τὰ
2749 925 2936 989 κακῶς
2971 926 3168 996 ἔχοντα
3193 927 3467 997 διορθοῦν,
3505 932 3606 984 καὶ
3631 950 3724 984 κο·

2137 1017 2325 1082 λάζειν
2351 1018 2451 1088 μὲν
2483 1017 2721 1079 ἀδικίαν,
2757 1017 2832 1088 μὴ
2859 1021 3166 1090 συγχωρεῖν
3187 1019 3244 1072 δὲ
3272 1019 3377 1073 ὑπὸ
3395 1019 3724 1096 δυναστείας

2140 1107 2200 1160 τὸ
2229 1106 2439 1162 δίκαιον
2471 1107 2900 1166 ἀπελαύνεσθαι.

2211 1196 2386 1268 Τέχνη
2433 1197 2494 1252 τὸ
2531 1197 2722 1270 ἄρχε-ιν
2771 1197 2942 1263 ἐστὶν,
2979 1199 3079 1253 ούκ
3131 1195 3347 1268 ἀξίωμα
3381 1198 3565 1269 μόνον,
3625 1197 3724 1251 καὶ

2139 1289 2302 1360 τέχνη
2336 1289 2528 1344 πασῶν
2554 1290 2826 1360 ἀνωτέρα.

2212 1381 2274 1433 Οἱ
2307 1380 2546 1450 μάλιστα
2589 1382 2653 1435 ὲκ
2689 1381 2962 1438 ταπεινῶν
3004 1381 3179 1447 ὄντες,
3219 1383 3350 1437 ὅταν
3384 1382 3723 1453 ἀξιωμάτων

2141 1471 2525 1537 ἐπιλάϐωνται,
2561 1471 2929 1545 εὐκολώτερον
2963 1474 3210 1544 αἴρονται
3240 1473 3378 1541 πρὸς
3422 1474 3720 1541 ἀπόνοιαν,

2142 1563 2236 1618 ἅτε
2267 1566 2650 1637 ἀπειροκάλως
2681 1567 2899 1637 ἔχοντες
2941 1567 3078 1638 πρὸς
3104 1568 3205 1636 τὴν
3233 1566 3494 1638 ἐξαίφνης
3523 1570 3723 1638 τιμήν.

2212 1659 2467 1714 Βασιλεία
2492 1659 2604 1713 τῶν
2630 1661 2720 1714 ἐπὶ
2744 1659 2850 1728 γῆς
2879 1662 3220 1730 πραγμάτων
3242 1662 3342 1723 τὰς
3363 1659 3726 1732 τραχύτητας

2069 1734 2110 1791 Β
2137 1749 2413 1818 ύμαλίζει.

2221 1843 2332 1904 Πᾶς
2367 1842 2618 1912 βασιλεὺς
2651 1844 2855 1908 δίκαιος
2891 1843 3170 1914 ἱερατικὴν
3204 1844 3315 1916 ἔχει
3344 1844 3522 1908 τάξιν.

2222 2025 2326 2080 Τὸν
2381 2026 2600 2096 ἄριστον
2657 2025 2896 2096 ἄρχοντα
2949 2026 3006 2078 ὲν
3052 2027 3164 2088 τοῖς
3223 2025 3322 2094 μὲν
3346 2025 3470 2079 καθ’
3524 2026 3731 2081 ἑαυτὸν

2149 2116 2534 2185 ἀσύγγνωστον
2555 2113 2695 2171 εἶναι
2727 2116 2834 2187 χρὴ
2889 2117 2988 2170 καὶ
3021 2116 3216 2186 πικρὸν
3258 2118 3538 2188 δικαστὴν,
3585 2121 3646 2171 ὲν
3675 2120 3736 2172 δὲ

2149 2210 2261 2270 τοῖς
2295 2207 2406 2262 τῶν
2453 2207 2772 2278 ἀρχομένων
2800 2207 3107 2280 πταίσμασι
3155 2209 3604 2278 συγγνωμονικὺν
3637 2211 3737 2262 καὶ

2153 2300 2188 2369 ἥ
2197 2319 2228 2368 μ
2237 2317 2379 2369 ερον.

2235 2392 2294 2444 '0
2323 2392 2422 2463 μὲν
2453 2393 2586 2458 Θεὸς
2617 2391 2828 2454 οὐδενὸς
2867 2392 3059 2456 δεῖται,
3090 2391 3120 2445 ὁ
3151 2389 3404 2460 βασιλεὺς
3449 2392 3509 2444 δὲ
3563 2392 3739 2460 μόνου

2153 2482 2310 2538 Θεοῦ.
2343 2485 2532 2553 Μιμοῦ
2585 2485 2769 2538 τοίνυν
2799 2483 2890 2537 τὸν
2937 2482 3153 2547 οὐδενὸς
3184 2483 3460 2553 δεόμενον,
3513 2486 3613 2536 καὶ
3646 2485 3741 2536 δι-

2151 2577 2372 2647 ψιλεύου
2409 2581 2519 2640 τοῖς
2568 2576 2780 2634 αἰτοῦσι
2809 2575 2902 2629 τὸν
2938 2575 3107 2641 ἔλεον,
3141 2573 3217 2645 μὴ
3266 2574 3742 2643 ἀκριϐολογούμεο

2154 2690 2242 2735 νος
2281 2673 2407 2741 περὶ
2431 2671 2558 2735 τοὺς
2593 2671 2719 2734 σοὺς
2752 2669 2958 2736 ἱκέτας,
3002 2668 3140 2722 ἀλλά
3171 2670 3307 2722 πᾶσι
3349 2669 3610 2738 παρέχων
3635 2670 3736 2732 τὰς

2154 2763 2292 2835 πρὸς
2317 2762 2378 2816 τὸ
2405 2763 2502 2832 ζῇν
2530 2763 2795 2832 αἰτήσεις.

2225 2945 2501 3017 Τύραννός
2533 2943 2683 2997 ἐστιν
2718 2943 2901 3014 ἄρχων
2929 2940 3191 3012 πολέμου,
3215 2938 3466 3010 βασιλεὺς
3499 2939 3738 3010 ἰε-τεμὼν

2156 3036 2403 3108 εἰρήνης.
2653 3050 2656 3052 ⁷

541 3108 654 3163 Rex
689 3107 1019 3178 iustissime,
1076 3122 1201 3162 cum
1261 3108 1463 3163 missus
1513 3106 1590 3162 sis
1641 3120 1672 3162 a
1731 3112 1922 3160 natura
1981 3104 2048 3160 ad

2211 3095 2451 3184 ’Βασίλεῦ
2493 3128 2819 3193 δικαιότατε,
2865 3123 3286 3196 παραπεμφθεὶς
3336 3123 3444 3177 ὑπὸ
3483 3122 3585 3192 τῆς
3633 3120 3746 3189 φύ-

472 3217 786 3270 supremam
836 3201 1035 3271 puppis
1097 3207 1306 3269 partem
1361 3199 1758 3270 occupandam,
1811 3211 2046 3267 cumque

472 3297 843 3367 gubernacula
879 3305 1090 3366 teneas,
1120 3297 1358 3367 guberna
1389 3311 1736 3352 communem
1765 3295 2045 3352 hominum

474 3393 734 3462 scapham
802 3390 1035 3446 feliciter
1082 3405 1204 3446 eum
1243 3389 1416 3444 salute
1465 3389 1710 3445 omnium
1748 3405 1764 3444 :
1803 3387 1950 3442 nulla
1990 3401 2050 3442 re

474 3484 652 3555 magis
685 3485 921 3550 gaudeas
969 3498 1033 3539 ac
1066 3482 1248 3538 Izetitia
1291 3481 1551 3547 afficiare,
1592 3497 1757 3553 quam
1795 3490 1886 3537 tua
1923 3494 2049 3550 erga

477 3577 754 3648 subjectos
793 3576 1173 3633 beneficentia.

549 3668 689 3734 Quid
731 3668 874 3724 enim
920 3668 1064 3737 regis
1112 3665 1489 3723 benevolentia
1535 3665 1791 3738 subjectis
1835 3666 2052 3737 populis

480 3763 773 3834 t-ptabilius
804 3774 898 3817 aut
932 3761 1128 3817 melius
1166 3776 1288 3817 esse
1319 3762 1527 3832 possit?

551 3855 934 3927 XenoPhoutis.
967 3855 1269 3924 Principem
1327 3855 1581 3910 omnibus
1619 3853 1820 3922 quibus
1875 3852 2055 3922 praesit

482 3951 646 4008 simul
687 3963 1034 4012 succensere,
1073 3963 1329 4018 magnum
1377 3956 1660 4017 peccatum
1706 3946 1809 4001 hoc
1837 3946 2052 4016 quidem

483 4047 618 4102 mihi
653 4046 862 4101 videtur
913 4057 1055 4098 esse.
1103 4040 1337 4097 Necesse
1379 4050 1462 4096 est
1505 4041 1651 4095 enim
1682 4040 1820 4108 quia
1873 4037 2054 4093 multis

485 4142 680 4196 terrori
704 4141 796 4206 sit,
826 4137 1031 4192 multos
1066 4135 1274 4190 habere
1301 4135 1486 4190 hostes
1517 4151 1532 4189 :
1561 4141 1614 4188 et
1645 4132 1771 4203 quia
1800 4133 2056 4187 omnibus

486 4233 652 4289 simul
699 4237 1040 4295 succenseat,
1071 4228 1293 4283 eosdem
1345 4240 1538 4281 omnes
1590 4225 1656 4280 ad
1705 4224 2054 4280 concordiam

488 4337 855 4379 commovere.

561 4415 863 4471 Plutarchi.
887 4412 968 4466 Ne
1003 4425 1171 4483 puero
1203 4408 1462 4482 gladium,
1516 4406 1804 4477 proverbio
1833 4405 2054 4461 dicitur.

461 4512 602 4591 ΙΕεςο
649 4524 778 4564 vero
821 4507 1051 4563 dixerim
1090 4523 1103 4558 :
1158 4504 1240 4558 Ne
1289 4516 1457 4574 puero
1496 4500 1742 4566 divitias,
1803 4513 1900 4554 nec
1947 4498 2065 4552 viro

491 4603 754 4659 doctrinae
780 4599 985 4672 experti
1009 4597 1325 4668 potentiam.

453 4692 486 4752 Τ
536 4696 785 4751 Nullum
825 4692 1034 4748 tlrtnius
1089 4689 1349 4759 principis
1400 4685 1713 4757 praesidium
1746 4699 1906 4752 quam
1938 4697 2064 4738 vera

449 4703 546 4928 JJ
574 4798 834 4846 constans
863 4785 1262 4841 benevolentia.
1310 4778 1412 4835 Ubi
1457 4778 1602 4833 enim
1639 4775 1835 4846 vulgus
1865 4785 1917 4831 et
1943 4789 2064 4844 pro.

497 4898 646 4928 mres
670 4878 963 4928 :tssttefacli
991 4875 1194 4928 fuerint
1223 4889 1328 4928 non
1353 4872 1676 4928 principem,
1707 4867 1799 4923 sed
1836 4865 2064 4928 principi

459 4775 546 4848 Iit
574 4798 834 4846 constans
863 4785 1262 4841 benevolentia.
1310 4778 1412 4835 Ubi
1457 4778 1602 4833 enim
1639 4775 1835 4846 vulgus
1865 4785 1917 4831 et
1943 4789 2069 4844 pro-

497 4865 646 4938 lceres
670 4878 963 4936 assuefacti
991 4875 1194 4931 fuerint
1223 4889 1328 4928 non
1353 4872 1676 4942 principem,
1707 4867 1799 4923 sed
1836 4865 2065 4936 principi

497 4974 712 5037 timere,
763 4982 876 5026 tum
931 4967 1117 5024 multis
1161 4965 1336 5021 oculis
1383 4963 1547 5027 videt,
1602 4959 1788 5016 multis
1837 4957 2064 5012 auribus

497 5065 669 5130 audit,
703 5079 766 5118 ac
797 5079 916 5134 qua:
955 5069 1221 5132 geruntur
1251 5054 1638 5129 praesentiscit.

573 5243 901 5308 Potentiam,
965 5238 1201 5302 divitias,
1263 5236 1640 5307 magistratum
1697 5232 1968 5301 accipere,
2015 5238 2070 5285 et

499 5342 657 5412 quasi
704 5339 758 5392 in
810 5338 1063 5390 humeros
1107 5333 1316 5395 tollere,
1366 5329 1451 5383 vel
1495 5328 1748 5382 mulieres
1806 5334 1860 5380 et
1915 5321 2069 5393 pueri

498 5441 726 5503 possunt
759 5447 775 5498 ;
809 5440 863 5484 at
909 5441 1158 5499 magnam
1200 5424 1486 5494 potestatis
1537 5418 1868 5490 provinciam
1903 5417 2074 5471 susci-

497 5539 628 5596 pere
657 5533 709 5578 ct
733 5522 1142 5583 administrare,
1173 5532 1271 5571 nec
1301 5513 1684 5575 succumbere,
1711 5525 1809 5564 nec
1838 5506 2070 5578 Opprimi

495 5617 737 5684 pondere
763 5623 818 5668 et
859 5611 1228 5684 magnitudine
1271 5623 1472 5673 rerum,
1508 5605 1560 5661 id
1615 5603 1712 5656 viri
1744 5603 1958 5656 domum
1991 5609 2071 5656 est

498 5709 722 5772 \irtnte,
757 5706 1043 5775 prudentia
1075 5715 1123 5760 ct
1159 5703 1516 5771 intelligentia
1551 5695 1784 5767 praediti.

2154 3240 2291 3286 σεως
2328 3223 2423 3275 ἐπὶ
2448 3221 2706 3292 πρύμναν
2742 3219 3020 3284 ἀνωτάτω,
3054 3220 3151 3273 καὶ
3181 3218 3306 3279 τοὺς
3331 3218 3526 3278 οἴακας
3558 3217 3746 3284 ἔγχει,

2157 3314 2381 3387 ρισθεὶς,
2433 3313 2784 3385 πηδαλιούχει
2822 3313 2883 3366 τὸ
2930 3310 3109 3366 κοινὸν
3156 3308 3460 3380 ἀνθρώπιον
3518 3308 3738 3373 σκάφος

2159 3407 2460 3476 σωτηρίως,
2495 3406 2592 3460 ἐπὶ
2629 3404 2820 3476 μηδενὶ
2848 3403 3050 3476 μᾶλλον
3093 3401 3298 3473 χαίρων
3324 3401 3419 3454 καὶ
3448 3399 3733 3468 «κρινόμε-

2157 3516 2245 3562 νος
2274 3497 2309 3566 ἢ
2341 3499 2396 3551 ὲν
2420 3496 2499 3567 τῷ
2527 3495 2652 3559 τοὺς
2686 3495 2960 3565 ὑπηκόους
2985 3494 3315 3564 εὐεργετεῖν.

2231 3675 2296 3728 Τί
2373 3674 2438 3727 ἂν
2498 3672 2710 3742 γένοιτο
2769 3670 3059 3742 εὐμενείας
3127 3666 3391 3739 βασιλέως
3472 3663 3740 3736 ὑπηκόοις

2160 3767 2382 3836 ἄμεινον
2408 3783 2424 3835 ;

2235 3840 2440 3924 Ἀνδρά
2464 3854 2697 3924 ἄρχοντα
2727 3854 2894 3907 πᾶσιν
2920 3851 3035 3922 ἅμα
3058 3847 3408 3920 χαλεπαίνειν
3427 3848 3542 3909 τοῖς
3571 3846 3741 3915 ἀρχο-

2165 3947 2367 4018 μένοις,
2402 3945 2561 4000 τοῦτο
2609 3946 2798 4016 ἔμοιγε
2838 3945 2985 3998 δοκεῖ
3033 3942 3178 4012 μέγα
3221 3940 3532 4010 ἁμάρτημα
3569 3935 3735 3990 εἶναι.

2176 4039 2415 4109 Ἀνάγκη
2471 4038 2579 4108 γὰρ
2632 4037 2719 4091 διὰ
2767 4036 2893 4098 τοὺς
2945 4033 3172 4097 πολλοὺς
3225 4030 3442 4099 φοϐεῖν,
3505 4027 3741 4090 πολλοὺς

2163 4132 2390 4203 ὲχθροῦς
2412 4127 2682 4182 ποιεῖσθαι
2708 4144 2723 4160 ο
2751 4127 2841 4180 δια
2868 4127 2922 4180 δὲ
2959 4126 3020 4178 τὸ
3047 4125 3162 4193 ἅμα
3186 4123 3322 4177 πᾶσι
3355 4119 3742 4192 χαλεπαίνειν,

2167 4224 2333 4276 πᾶσιν
2368 4221 2551 4283 αὐτοῖς
2581 4220 2834 4289 ὁμόνοιαν
2869 4217 3148 4288 ἐμϐαλεῖν.

2236 4406 2328 4476 Μὴ
2363 4403 2515 4458 παιδὶ
2551 4403 2904 4473 μάχαιραν,ή
2948 4399 3218 4471 παροιμία
3267 4399 3456 4470 φησίν.
3502 4398 3653 4468 Ἐγὼ
3692 4400 3746 4453 δὲ

2170 4499 2357 4568 φαίην,
2400 4495 2474 4567 μὴ
2517 4493 2667 4548 παιδὶ
2724 4493 2976 4555 πλοῦτον,
3030 4492 3168 4564 μηδὲ
3220 4490 3376 4562 ἀνδρὶ⁸
3427 4491 3749 4560 ἀπαιδεύτῳ

2168 4588 2506 4643 δυναστείαν.

2242 4680 2406 4733 Οὐδὲν
2463 4675 2572 4732 οἷον
2623 4677 2851 4747 ἀληθινὴ
2912 4675 3002 4729 καὶ
3056 4675 3272 4746 βέϐαιος
3323 4675 3513 4730 εὔνοια
3579 4677 3749 4745 φυλα-

2170 4773 2396 4840 κτήριον
2429 4771 2621 4838 ἀνδρὸς
2651 4771 2909 4840 ἄρχοντος
2937 4779 2952 4799 ⁸
2975 4768 3102 4820 ὅταν
3142 4767 3251 4838 γὰρ
3281 4767 3579 4823 ἐθισθῶσιν
3606 4771 3664 4823 οἷ
3692 4786 3750 4822 τε

2171 4863 2357 4917 πολλοὶ
2387 4864 2480 4916 καὶ
2509 4861 2727 4916 δυνατοὶ
2761 4860 2834 4930 μὴ
2863 4859 2953 4911 τὸν
2984 4859 3306 4928 ἡγούμενον,
3337 4859 3453 4912 ἀλλ’
3479 4861 3626 4931 ὑπὲρ
3655 4862 3747 4914 τοῦ

2169 4956 2479 5026 ἡγουμένου
2522 4955 2772 5016 δεδιέναι,
2811 4951 3023 5014 πολλοῖς
3075 4952 3174 5021 μὲν
3202 4951 3448 5021 ὄμμασιν
3501 4956 3628 5024 ὁρᾷ,
3661 4954 3748 5007 διά

2173 5049 2384 5104 πολλῶν
2419 5047 2476 5102 δὶ
2521 5045 2674 5100 ὢτων
2717 5043 2925 5111 ἀκούει,
2956 5044 3051 5098 καὶ
3098 5044 3525 5114 προαισθάνεται
3571 5048 3643 5100 τά
3668 5064 3748 5116 για

2170 5143 2389 5212 νύμενα.

2245 5232 2320 5288 Τὸ
2351 5231 2535 5287 λαϐεῖν
2588 5231 2682 5285 καὶ
2733 5228 3028 5286 ἀναθέσθαι
3080 5229 3312 5299 δύναμιν
3363 5228 3462 5282 καὶ
3519 5227 3749 5283 πλοῦτον

2177 5326 2271 5381 καὶ
2302 5324 2475 5396 ἀρχὴν
2509 5322 2602 5375 καὶ
2651 5322 2908 5391 γυναικός
2938 5322 3052 5374 ἐστι
3100 5321 3194 5374 καὶ
3225 5319 3414 5382 παιδός
3434 5337 3447 5350 ·
3476 5319 3540 5373 τὸ
3569 5321 3628 5374 δὲ
3661 5337 3751 5391 μεο

2177 5418 2351 5488 γάλην
2397 5414 2645 5480 ἐξουσίαν
2695 5413 2938 5481 ἐνεγκεῖν
2987 5413 3082 5465 καὶ
3117 5412 3626 5482 μεταχειρίσασθαι,
3661 5411 3752 5465 καὶ

2177 5510 2252 5579 μὴ
2289 5503 2665 5575 συντριϐῆναι,
2722 5503 2857 5573 μηδὲ
2904 5502 3300 5572 διαστραφῆναι
3344 5501 3425 5572 τῷ
3465 5500 3625 5574 βάρει
3657 5500 3748 5553 καὶ

2177 5600 2400 5671 μεγέθει
2435 5597 2545 5651 τῶν
2585 5595 2949 5666 πραγμάτων,
2997 5595 3188 5664 ἀνδρός
3237 5596 3386 5648 ἐστιν
3425 5593 3632 5665 ἀρετὴν
3660 5595 3752 5646 καὶ

2177 5694 2430 5765 φρόνημα
2462 5691 2554 5745 καὶ
2578 5687 2700 5745 νοῦν
2732 5685 2966 5756 ἔχοντος.
