3976 6214
295 186 437 249 1007
1553 187 1883 248 ANTONII

2046 192 2269 253 LISS.~E
3412 192 3475 255 1f
3480 194 3567 256 08

290 300 472 358 νἾκοιὊ
504 302 699 359 debeat
735 304 839 359 sub
890 314 1155 373 potestate
1192 347 1207 372 ,
1240 274 1713 377 'quemaomodum
1764 306 1873 375 igni

2037 316 2221 384 θυσίᾳ,
2256 313 2359 383 ἔφη
2386 329 2399 345 ·
2427 312 2696 384 Καθάπερ
2747 312 2901 383 πυρὶ,
2935 313 3072 382 μήτε
3117 311 3239 363 λίαν
3277 311 3446 377 ἐγγὺς
3478 309 3561 364 εί-

292 394 556 447 uteudnm
594 409 715 448 esse
757 394 917 464 129
953 398 1254 466 respondit,
1297 414 1470 469 neque
1506 399 1669 453 nimis
1705 414 1873 469 prope

2037 428 2086 474 ,ι,
2115 409 2199 462 ἵνα
2232 409 2308 478 μὴ
2349 409 2624 478 κατακαῇ,
2670 407 2806 476 μήτε
2843 407 3051 477 πόρρω,
3091 404 3180 458 ἵνα
3215 404 3290 475 μὴ
3316 404 3555 474 ριγὼσῃ.

292 482 685 562 accedendum,
706 500 779 541 ne
798 487 1063 553 exnrnris,
1095 504 1272 559 neque
1305 490 1535 545 nimium
1566 490 1777 560 procul,
1808 505 1875 544 ne

292 595 493 645 lugeas.

363 671 553 739 Cyrus.
589 670 882 740 Imperium
936 687 1043 726 non
1089 673 1345 728 convenit
1373 673 1421 728 ei
1453 674 1547 745 qui
1592 674 1763 728 nihilo
1813 673 1879 729 iis

292 778 380 829 qm
421 772 546 814 sunt
577 764 679 817 sub
712 763 944 833 imperio
969 773 1050 818 est.
1074 766 1439 835 prtestantior.

364 852 546 908 Solon.
596 853 834 923 Impera,
889 855 932 907 si
970 854 1124 924 prius
1174 870 1363 924 parere
1406 855 1701 925 didiceris;
1755 869 1878 909 nam

293 958 487 1012 parere
512 946 603 1013 qui
632 944 848 1006 didicit,
886 945 1193 1014 imperandi
1225 947 1333 1000 erit
1364 946 1593 1015 peritus.

369 1036 470 1101 Qui
502 1036 684 1089 inultis
707 1038 1034 1093 metuendus
1062 1046 1166 1102 est,
1196 1039 1399 1093 multos
1433 1038 1645 1093 metuit.

377 1127 705 1180 Aristotelis.
736 1127 840 1193 Qui
890 1137 1213 1198 potestatem
1265 1139 1477 1200 gerunt,
1508 1132 1554 1186 si
1609 1131 1882 1202 sapientes

2054 1138 2147 1190 Δεῖ
2172 1138 2293 1200 τοὺς
2328 1136 2452 1190 νοῦν
2494 1137 2719 1206 ἔχοντας
2756 1135 2864 1191 τῶν
2882 1136 3316 1190 δυναστευόντων
3343 1135 3420 1206 μὴ
3467 1135 3559 1190 διὰ

294 1231 443 1284 ειιιιι,
484 1218 684 1275 debent
721 1236 827 1276 non
860 1232 1082 1291 prepter
1110 1222 1486 1291 magistratus,
1529 1223 1622 1279 sed
1659 1233 1883 1293 propter

2037 1233 2081 1291 ις
2110 1230 2305 1299 ἀρχάς,
2344 1228 2482 1281 ἀλλὰ
2505 1227 2594 1281 διὰ
2641 1228 2739 1289 τὰς
2785 1229 2986 1294 ἀρετὰς
3017 1226 3416 1296 θαυμάζεσθαι,
3468 1228 3560 1280 ῖνα

297 1314 527 1367 virtutes
560 1328 684 1368 cum
725 1313 1097 1368 admiratione
1137 1314 1374 1380 laudari,
1404 1324 1463 1370 ut
1499 1314 1720 1370 fortuna
1758 1330 1882 1369 mu-

2037 1322 2084 1389 i;
2142 1319 2312 1389 τύχης
2371 1319 2790 1389 μεταπεσούσης
2843 1318 2952 1371 τῶν
3010 1318 3191 1372 αὐτῶν
3262 1320 3562 1389 ἐγκωμίων

299 1413 407 1456 tata
444 1403 635 1458 iisdem
662 1405 913 1458 laudibus
942 1405 1092 1473 digni
1117 1405 1455 1474 jndicentur.

2037 1412 2268 1477 Ξιῶνται.

372 1493 651 1548 Isocratis.
682 1493 966 1549 [Eumlahe
998 1510 1104 1549 non
1140 1511 1235 1552 eos
1261 1497 1353 1566 qui
1389 1497 1687 1551 maximum
1718 1498 1884 1568 impe-

2056 1502 2232 1574 Ζήλου
2258 1503 2334 1572 μὴ
2359 1504 2485 1566 τοὺς
2512 1504 2777 1576 μεγίστην
2797 1503 2972 1574 ἀρχὴν
2993 1504 3399 1573 κτησαμένους,
3423 1501 3565 1556 ἀλλὰ

297 1591 437 1644 rium
467 1592 849 1661 acquisierint,
887 1594 981 1648 sed
1015 1609 1109 1650 eos
1151 1594 1245 1665 qui
1280 1595 1486 1665 optime
1523 1594 1884 1663 praesentibus

2037 1596 2114 1657 >L;
2145 1595 2345 1665 ἄριστα
2381 1598 2494 1661 τοῖς
2525 1595 2761 1667 παροῦσι
2803 1596 3206 1668 χρησαμένους.

298 1684 380 1734 nsi
411 1683 630 1738 fuerint.
1910 1676 1953 1730 Β

370 1774 514 1827 idem
563 1777 861 1843 pessimum
898 1778 1285 1846 imperatorem
1339 1794 1461 1835 esse
1502 1780 1736 1849 dicebat,
1787 1779 1881 1851 qui

300 1864 403 1919 sibi
436 1864 551 1933 ipse
584 1865 855 1931 imperare
892 1882 1000 1923 non
1039 1881 1245 1935 posset.

2037 1889 2102 1925 ειν
2135 1870 2333 1925 ἑαυτοῦ
2369 1870 2445 1941 μὴ
2478 1871 2798 1939 δυνάμενον.

376 1954 605 2025 Suscipe
632 1971 821 2010 curam
866 1959 1261 2023 multitudinis,
1290 1969 1344 2013 et
1371 1960 1677 2028 jucundum
1707 1960 1884 2029 impe-

2055 1964 2279 2019 Μελέτω
2324 1979 2408 2016 σοι
2439 1962 2535 2016 τοῦ
2573 1961 2832 2031 πλήθους,
2869 1960 2962 2014 καὶ
2999 1960 3129 2030 περὶ
3161 1957 3360 2020 παντὸς
3408 1955 3567 2010 ποιοῦ

304 2047 444 2100 tium
476 2049 735 2102 omnibus
783 2050 946 2105 rebus
978 2061 1272 2120 antepone,
1307 2051 1616 2123 intelligens
1669 2061 1724 2108 et
1763 2067 1884 2105 eam

2037 2056 2400 2126 ιχαρισμένως
2433 2054 2616 2118 αὐτοῖς
2648 2054 2862 2123 ἄρχειν,
2905 2053 3198 2121 γινώσκων
3226 2051 3312 2104 ὅτι
3335 2049 3431 2102 καὶ
3456 2047 3567 2101 τῶν

307 2139 538 2194 formam
584 2141 900 2212 reipublicae
936 2142 989 2197 in
1021 2160 1125 2211 qua
1159 2145 1314 2214 pauci
1349 2144 1642 2213 imperant,
1676 2155 1728 2199 et
1757 2144 1886 2197 alia-

2037 2146 2316 2217 ,ιγαρχιῶν
2353 2147 2447 2199 καὶ
2503 2145 2611 2199 τῶν
2662 2144 2837 2198 ἄλλων
2887 2142 3175 2197 πολιτειῶν
3203 2133 3365 2195 αὗται
3420 2139 3567 2192 πλεῖ-

308 2247 427 2284 rum
463 2235 988 2303 rerumpublicarum
1019 2235 1140 2291 illus
1192 2235 1501 2292 diutissime
1548 2237 1885 2301 conservari,

2037 2256 2114 2291 ιον
2172 2238 2365 2308 χρόνον
2421 2237 2854 2307 παραμένουσιν,
2903 2235 3108 2297 αἵτινες
3155 2234 3222 2288 ἂν
3271 2234 3474 2301 ἄριστα
3508 2229 3570 2282 τδ

306 2342 422 2393 quae
454 2327 855 2381 innitituliucm
915 2337 1109 2381 curant
1141 2336 1194 2381 et
1227 2329 1413 2382 colunt
1443 2327 1668 2397 optimc.
1705 2326 1888 2380 Bonus

2037 2330 2194 2398 λῆθο;
2233 2330 2637 2400 θεραπεύσωσι.
2671 2328 2868 2390 Καλῶς
2908 2327 2962 2381 δὲ
3015 2326 3472 2395 δημαγωγήσεις,
3503 2322 3575 2375 ἃν

2051 677 2278 747 Ἀρχειν
2325 674 2514 745 μηδενὶ
2550 675 2841 746 προσήκει,
2874 674 2934 738 ὃς
2978 673 3098 728 οὐδὲ
3142 671 3404 741 κρείττων
3436 669 3559 723 ἐστὶ

1978 770 2088 822 τῶν
2124 769 2462 841 ἀρχομένων.

2056 859 2225 930 ’Λρχε
2282 860 2495 931 πρῶτον
2546 858 2733 928 μαθὼν
2779 857 3082 928 ἄρχεσθαια
3128 856 3395 928 ἄρχεσθαι
3444 855 3559 925 γὰρ

1986 952 2199 1023 μαθὼν,
2232 953 2421 1022 ἄρχειν
2452 951 2744 1023 ἐπιστήσῃ.

2066 1044 2125 1099 ’0
2155 1045 2369 1106 πολλοῖς
2400 1043 2630 1114 φοϐερὸς
2666 1042 2743 1097 ὢν
2768 1043 2995 1107 πολλοὺς
3030 1041 3296 1112 φοϐεῖται.

2063 1782 2122 1832 ’0
2163 1780 2325 1844 αὐτὸς
2361 1780 2625 1834 κάκιστον
2674 1778 2861 1845 ἔλεγεν
2889 1776 3131 1848 ἄρχοντα
3178 1772 3319 1829 εἶναι
3345 1774 3439 1829 τὸν
3467 1774 3568 1845 ἄρ-

307 2431 488 2471 autem
523 2419 634 2473 eris
666 2420 850 2489 populi
885 2421 1077 2475 ductor
1104 2428 1160 2477 et
1204 2430 1449 2484 curator,
1502 2420 1547 2473 si
1596 2434 1696 2475 nec
1742 2419 1888 2473 afﬁci

308 2510 507 2579 injuria
542 2512 753 2565 turbam
796 2512 1026 2581 patiere,
1058 2528 1159 2567 nee
1196 2513 1394 2580 injuria
1430 2510 1679 2567 alTectam
1716 2512 1890 2581 negli-

308 2618 420 2670 ges.
453 2603 544 2657 sed
570 2603 620 2656 id
654 2604 895 2667 curabis,
933 2612 991 2657 ut
1016 2604 1201 2673 optimi
1238 2604 1440 2674 quique
1473 2604 1710 2660 honores
1748 2603 1891 2659 acci-

311 2693 480 2762 piunt,
512 2694 692 2749 cteleri
731 2696 874 2749 nulla
927 2693 1231 2750 afﬁciantur
1262 2695 1478 2764 injuria.

382 2787 641 2853 Corporis
673 2788 745 2839 tui
771 2787 1079 2842 custodiam
1111 2787 1440 2842 tutissimam
1471 2787 1725 2843 existima
1761 2801 1889 2843 esse

1994 2426 2132 2495 μήτε
2162 2424 2254 2479 τὸν
2278 2424 2438 2495 ὄχλον
2469 2422 2714 2493 ὑϐρίζειν
2750 2423 2866 2493 ἐᾷς,
2902 2421 3037 2491 μήτε
3072 2417 3430 2489 ὕϐριζὸμενον
3470 2430 3574 2465 πε-

1994 2518 2201 2587 ριορᾷς.
2235 2517 2373 2570 ἀλλὰ
2427 2517 2649 2578 σκοπεῖς
2703 2515 2851 2575 ὅπως
2904 2514 2955 2566 οἱ
3008 2511 3273 2582 βέλτιστοι
3325 2508 3426 2577 μὲν
3467 2509 3576 2570 τὰς

1990 2609 2159 2678 τιμὰς
2187 2609 2425 2675 ἕξουσιν,
2449 2609 2497 2660 οἱ
2528 2606 2587 2659 δὲ
2615 2606 2764 2660 ἄλλοι
2800 2603 2968 2674 μηδὲν
2996 2601 3445 2673 ἀδικηθήσονται.

2065 2786 2318 2857 Φυλακὴν
2372 2785 2789 2856 ἀσφαλεστάτην
2821 2781 2957 2854 ἢγοῦ
3002 2778 3097 2835 τοῦ
3128 2779 3381 2848 σώματος
3428 2768 3577 2829 εἶναι

314 2878 610 2930 amicorum
664 2878 937 2941 virtutem,
990 2887 1044 2933 et
1084 2877 1313 2933 aliarum
1361 2879 1891 2949 rerumpublicarum

2037 2881 2095 2951 ὴν
2123 2895 2183 2933 τε
2209 2879 2318 2932 τῶν
2356 2877 2521 2945 φίλων
2557 2875 2780 2947 ἀρετὴν,
2838 2873 2936 2929 καὶ
2965 2871 3065 2941 τὴν
3103 2870 3214 2924 τῶν
3260 2867 3439 2922 ἄλλων
3467 2883 3576 2919 πο-

316 2971 787 3035 Ι›ε;ιιι·νί›1ριιιὶιιιιι,
852 2982 1111 3041 tuamque
1162 2973 1332 3040 ipsius
1384 2972 1761 3041 prudentiam;
1809 2971 1894 3026 his

313 3064 655 3118 cnim-rebus
697 3074 752 3118 et
778 3064 1093 3119 conservari
1134 3072 1188 3120 et
1230 3064 1408 3134 parari
1456 3080 1621 3133 regna
1660 3063 1895 3119 maxime

314 3164 561 3225 possunt.

389 3247 585 3304 Gravis
630 3256 685 3303 et
730 3251 1053 3305 metuendus
1094 3248 1182 3305 {ac
1225 3249 1481 3317 videare;
1534 3250 1669 3305 nihil
1707 3265 1893 3305 eormn

318 3350 437 3404 qm!)
496 3334 654 3399 ﬁunt,
707 3336 1107 3406 inexploratum
1168 3338 1530 3408 relinquendo
1588 3357 1601 3393 :
1657 3338 1897 3395 clemens

319 3440 523 3492 autem,
556 3431 758 3486 lexiora
784 3431 1000 3488 delictis
1022 3433 1286 3504 supplicia
1309 3434 1623 3490 statuendo.

395 3520 504 3577 Fac
553 3522 688 3577 velis
741 3523 971 3593 imperio
1024 3523 1225 3594 dignus
1256 3539 1379 3581 esse
1433 3541 1540 3581 non
1576 3527 1892 3593 acerbitate,

322 3630 499 3685 neque
539 3617 775 3683 graviter
821 3616 1117 3686 puniendo,
1156 3618 1253 3674 sed
1288 3617 1574 3674 efﬁciendo
1607 3628 1667 3672 ut
1708 3635 1898 3674 omnes

324 3716 652 3776 superentur
696 3719 784 3762 tua
853 3718 1036 3762 mente
1080 3718 1161 3763 ett
1190 3709 1574 3781 intelligentia,
1624 3709 1897 3764 arbitren-

324 3808 523 3870 turque
588 3807 640 3855 te
680 3799 879 3857 melius
923 3815 1084 3871 quam
1117 3800 1264 3872 ipsos
1298 3816 1399 3872 pro
1432 3816 1530 3858 sua
1571 3802 1744 3857 salute
1769 3816 1899 3857 eon-

325 3892 548 3948 sultare.

394 3984 633 4041 Diodori.
681 3986 851 4042 Nemo
904 4002 1096 4042 eorum
1146 3988 1240 4058 qui
1298 3987 1533 4057 aliquam
1579 3987 1897 4059 dignitatem

328 4082 562 4133 a~seeuti
601 4087 749 4142 sunl,
788 4079 833 4132 si
870 4078 1214 4133 vehementer
1240 4081 1511 4148 peccarit,
1541 4089 1720 4147 speret
1747 4095 1805 4135 se
1832 4081 1898 4133 ad

331 4182 637 4225 extremum
669 4170 787 4224 sine
821 4170 1248 4237 reprehensione
1278 4171 1449 4227 latere
1472 4187 1654 4241 posse.
1687 4170 1898 4226 Etenim

332 4265 377 4318 si
404 4263 457 4315 in
484 4263 714 4315 vitasua
747 4259 1000 4329 effugerit
1031 4260 1508 4331 reprehensionem
1529 4261 1898 4326 etinl'amiam,

1999 2971 2215 3026 λιτειῶν
2246 2968 2482 3035 εὖνοιαν,
2515 2968 2609 3023 καὶ
2629 2967 2727 3039 τὴν
2762 2963 2987 3020 σεαυτοῦ
3017 2964 3304 3034 φρόνησιν.
3333 2958 3435 3013 Διὰ
3464 2959 3583 3028 γὰρ

2003 3069 2209 3121 τούτων
2235 3069 2330 3122 καὶ
2364 3065 2558 3129 σώζειν
2587 3065 2683 3118 καὶ
2728 3061 2960 3118 κτᾶσθαι
2991 3061 3090 3124 τὰς
3117 3055 3441 3129 τυραννίδας
3471 3055 3585 3125 μᾶ.-

2003 3162 2159 3215 λιστα
2191 3159 2256 3214 ἄν
2283 3176 2368 3223 τις
2393 3159 2639 3213 δύναται.

2074 3252 2257 3313 Δεινὺς
2295 3250 2395 3319 μὲν
2450 3249 2665 3317 φαίνου,
2699 3244 2776 3314 τῷ
2822 3243 2989 3315 μηδέν
3044 3258 3105 3295 σε
3153 3238 3439 3319 λανθάνειν
3467 3237 3584 3289 τῶν

2004 3345 2327 3413 γινομένων,
2379 3341 2551 3409 πρᾶος
2598 3340 2676 3403 δὲ,
2728 3338 2821 3406 τῷ,
2856 3337 2954 3399 τὰς
2996 3333 3267 3406 τιμωρίας
3319 3328 3586 3391 ἐλάττους

2005 3430 2276 3484 ποιεῖσθαι
2307 3429 2415 3481 τῶν
2455 3426 2939 3497 ἁμαρτανομένων.
3190 3487 3203 3493 _

2090 3523 2340 3593 Ἀρχικος
2392 3518 2532 3575 εῖναι
2589 3518 2779 3591 βούλου
2821 3520 2896 3590 μὴ
2949 3517 3278 3588 χαλεπότητι
3328 3511 3468 3583 μηδὲ
3502 3511 3584 3575 τῷ

2008 3616 2214 3684 σφόδρα
2243 3609 2514 3677 κολάζειν,
2553 3614 2686 3668 ἀλλὰ
2708 3612 2784 3681 τῷ
2818 3611 3027 3673 πάντας
3056 3607 3321 3680 ἡττᾶσθαι
3350 3606 3449 3674 τῆς
3478 3605 3589 3672 σῆς

2005 3706 2263 3770 διανοίας,
2319 3706 2413 3759 καὶ
2463 3704 2705 3775 νομίζειν
2742 3703 2883 3775 ὑπὲρ
2929 3701 3027 3773 τῆς
3073 3699 3254 3755 αὐτῶν
3303 3698 3586 3768 σωτηρίας

2006 3798 2229 3869 ἄμεινόν
2258 3815 2317 3851 σε
2353 3797 2729 3868 βουλεύεσθαι.

2080 3978 2286 4048 Μηδεὶς
2334 3976 2603 4042 ἐλπιζέτω
2637 3976 2747 4030 τῶν
2790 3977 3061 4047 τυχόντων
3092 3973 3372 4043 ὑπεροχῆς
3413 3988 3585 4037 τινος,

2010 4073 2076 4125 ἂν
2107 4071 2462 4143 ἐξαμαρτάνῃ
2491 4070 2724 4140 μεγάλα,
2755 4069 3018 4140 λήσεσθαι
3062 4067 3152 4121 διὰ
3180 4068 3365 4129 τέλους
3393 4067 3586 4119 ἀνεπι-

2009 4167 2260 4236 τίμητος.
2290 4165 2402 4219 Καὶ
2421 4165 2530 4234 γὰρ
2559 4163 2624 4218 ἂν
2650 4165 2707 4217 ὲν
2734 4163 2813 4229 τῷ
2843 4162 2965 4215 καθ’
2995 4161 3183 4216 ἑαυτὸν
3208 4159 3309 4229 βίῳ
3340 4158 3590 4230 διαφύγῃ

2008 4257 2098 4310 τὸν
2132 4259 2238 4310 ἀπὸ
2265 4257 2365 4326 τῆς
2414 4257 2787 4326 ἐπιτιμήσεως
2826 4256 3003 4323 λόγον,
3051 4254 3275 4322 ⁸ὓστερον
3307 4252 3461 4324 ἥξειν
3492 4252 3587 4304 ἐπ’

335 4358 457 4416 post
482 4358 660 4403 tamen
686 4349 1047 4415 exspectanda
1072 4352 1121 4406 ei
1145 4361 1228 4407 est
1256 4351 1456 4406 veritas
1479 4366 1604 4405 cum
1631 4350 1899 4418 libertate,

2037 4350 2172 4403 ιύτὸν
2202 4348 2592 4420 προσδέχεσθαι
2641 4348 2739 4419 τὴν
2774 4347 3036 4418 ἀλήθειαν
3073 4346 3213 4417 μετὰ
3264 4344 3587 4416 παρρησίας

335 4456 458 4510 qme
487 4426 704 4497 occulta
733 4440 862 4496 olim
897 4440 1119 4497 silentio
1152 4443 1491 4512 praedicabit.

406 4534 603 4601 Regem
620 4534 763 4586 bene
796 4530 1103 4600 fungentem
1133 4547 1234 4587 suo
1267 4547 1493 4587 munere
1522 4531 1677 4587 decet
1700 4531 1907 4603 justum

336 4635 393 4679 et
414 4623 826 4693 magnanimum
864 4631 920 4678 et
976 4625 1252 4679 sincerum
1293 4632 1347 4679 et
1393 4622 1668 4677 liberalem
1717 4622 1771 4677 in
1806 4622 1912 4676 lar-

340 4717 537 4787 giendo
563 4731 708 4779 esse,
739 4733 803 4772 ac
832 4717 1025 4787 quavis
1051 4715 1346 4785 cupiditate
1380 4715 1677 4785 majorem;
1709 4716 1915 4785 suppli-

341 4811 423 4864 cia
461 4811 663 4864 leviora
697 4809 920 4874 delicto,
952 4808 1183 4878 gratiam
1231 4817 1410 4861 autem
1452 4807 1716 4863 beneﬁcio
1746 4807 1916 4875 majo-

342 4918 456 4956 rem
491 4902 713 4966 referre,
754 4902 911 4973 130
946 4912 1054 4955 tum
1095 4900 1360 4970 subjectis
1390 4909 1501 4954 tum
1534 4901 1745 4955 amicis.

415 4993 607 5048 Nullus
638 4995 887 5063 princeps
922 4993 1136 5064 longius
1162 4992 1229 5057 in
1277 4993 1403 5047 vitia
1435 4993 1768 5062 provehilur.
1809 4991 1911 5047 nisi

346 5086 701 5156 cupiditatum
741 5085 1025 5140 ministros
1064 5086 1279 5139 habeat.
1346 5084 1353 5099 ³

419 5178 731 5247 Agathonis.
768 5176 893 5230 Tria
932 5177 1244 5231 meminisse
1289 5177 1443 5232 decet
1502 5177 1913 5248 magistratum:

351 5270 581 5338 primum
613 5284 673 5324 se
708 5269 1023 5323 hominibus
1071 5268 1341 5337 imperare
1369 5285 1382 5331 ;
1416 5268 1641 5321 alterum
1689 5283 1753 5320 ex
1786 5267 1920 5336 legi-

353 5365 449 5415 bus
488 5362 798 5431 imperare;
835 5360 1077 5426 tertium,
1125 5375 1182 5415 se
1215 5375 1321 5415 non
1366 5374 1580 5428 semper
1626 5360 1920 5428 imperatu-

356 5469 473 5505 l‘lllll
506 5470 647 5509 €559.

427 5544 692 5613 Antigoni.
724 5547 1027 5616 Antigonus
1072 5561 1163 5598 rex
1217 5543 1433 5598 cuidam
1463 5542 1588 5595 anui
1617 5556 1676 5597 se
1706 5542 1921 5598 beatmn

358 5638 690 5703 pt'ttfdicanli,
730 5639 786 5691 Si
823 5639 1014 5703 Scires,
1064 5637 1260 5708 inquit,
1293 5653 1324 5692 ο
1357 5646 1550 5700 mater,
1586 5649 1747 5705 quam
1786 5636 1922 5691 mul-

2013 4443 2386 4515 κηρύττουσαν
2414 4442 2484 4494 τὰ
2528 4441 2695 4496 πάλαι
2727 4442 3081 4510 σιωπώμενα.

2088 4536 2179 4588 Δεῖ
2214 4533 2306 4588 τὸν
2336 4531 2519 4595 καλῶς
2573 4532 2925 4603 βασιλεύοντα
2973 4532 3183 4585 δίκαιον
3229 4529 3325 4584 καὶ
3357 4529 3595 4598 μεγαλο-

2013 4628 2205 4699 ψυχον,
2241 4629 2338 4682 καί
2374 4626 2551 4697 ὀληθῆ
2586 4628 2680 4680 καὶ
2716 4625 3068 4695 μεταδοτικὸν
3093 4620 3256 4686 εἶναι,
3283 4625 3379 4678 καὶ
3407 4624 3598 4691 πάσης

2016 4720 2314 4790 ἐπιθυμίας
2340 4719 2626 4788 κρείττονα
2649 4735 2665 4752 ο
2688 4717 2901 4780 καὶτὰς
2931 4717 3027 4785 μὲν
3044 4718 3312 4787 τιμωρίας
3338 4715 3598 4779 ἐλάττους

2019 4814 2120 4876 τῆς
2151 4813 2331 4877 ἀξίας,
2363 4811 2461 4875 τὰς
2488 4811 2545 4865 δὲ
2588 4812 2816 4882 χάριτας
2878 4811 3096 4881 μείζους
3123 4810 3225 4879 τῆς
3268 4809 3600 4879 εὐεργεσίας

2019 4906 2329 4959 ἀποδιδόναι
2361 4907 2472 4965 τοῖς
2518 4906 2781 4975 ὑπηκόοις
2809 4908 2907 4960 καὶ
2939 4904 3136 4973 φίλοις.

2092 4995 2280 5059 οὐδεὶς
2333 4996 2425 5048 ἐπὶ
2481 4993 2666 5048 πλεῖον
2715 4993 2914 5056 κακίας
2965 4993 3251 5063 προϐαίνει
3301 4992 3598 5062 δυνάστης,

2020 5086 2117 5140 ἐὰν
2150 5086 2224 5156 μὴ
2254 5086 2377 5149 τοὺς
2410 5086 2857 5158 ὑπηρετήσοντας
2885 5086 2986 5157 ἔχῃ
3014 5088 3136 5149 ταῖς
3166 5085 3512 5156 ἐπιθυμίαις.

2100 5179 2203 5231 Τὸν
2234 5179 2471 5249 ἄρχοντα
2516 5179 2685 5249 τριῶν
2714 5179 2796 5232 δεῖ
2850 5179 3185 5249 μεμνῆσθαι,
3218 5180 3437 5249 πρῶτον
3471 5182 3601 5249 μὲν,

2019 5269 2101 5321 ὅτι
2154 5268 2455 5337 ἀνθρώπων
2504 5269 2698 5339 ἄρχει·
2745 5269 3017 5338 δεύτερον,
3076 5270 3160 5324 ὅτι
3191 5270 3332 5322 κατὰ
3396 5272 3606 5337 νόμους

2024 5361 2217 5432 ἄρχει·
2249 5362 2451 5432 τρίτον,
2484 5362 2567 5414 ὅτι
2602 5362 2700 5415 οὐκ
2733 5362 2820 5415 ἀεὶ
2860 5362 3038 5433 ἄρχει.

2105 5543 2405 5610 Ἀντίγονος
2446 5542 2475 5595 ὁ
2510 5540 2764 5611 βασιλεὺς
2816 5542 2951 5613 πρός
2999 5558 3123 5595 τινα
3182 5542 3608 5612 μακαρίζουσιν

2028 5635 2187 5691 αὐτὸ)
2212 5634 2410 5707 γραῦν,
2444 5636 2506 5688 Εἰ
2538 5634 2707 5708 ᾔδεις,
2759 5634 2883 5705 ἔφη.
2930 5629 2974 5689 ὧ
3007 5635 3201 5702 μῆτερ,
3243 5635 3387 5691 ὅσων
3419 5637 3613 5705 κακῶν
