3996 6194
387 374 528 440 1009

1243 380 1417 442 LOCI
1460 380 1915 444 COMMUNES.
1958 384 2239 445 —PAHS
2276 384 2356 445 Ιῐ.
2405 383 2666 447 SERMO
2696 384 2779 448 II.

3523 378 3657 442 1010

372 492 504 543 οέστι
540 488 693 543 τουτὶ
718 490 783 544 τὺ
818 491 1013 561 ῥάκος,
1042 468 1226 559 δείξας
1258 493 1321 546 τι
1354 492 1615 564 διάδημα,
1644 494 1745 548 οὐκ
1780 494 1847 549 ἂν
1877 496 1970 548 ἐπὶ
2000 538 2011 567 Α

2113 515 2253 553 διυιιι
2309 499 2578 553 malorum
2632 499 2701 554 sit
2749 498 2838 555 hic
2892 511 3111 567 pannus
3157 492 3423 567 (diadema
3475 503 3657 547 autem

386 581 623 646 κοπρίας
649 581 785 636 αὐτὸ
816 583 1069 652 κείμενον
1103 585 1439 647 ἐϐάστασας.

471 674 893 741 Ἐπαμινώνδας
922 677 951 729 6
985 673 1222 746 Θηϐαῖος
1256 676 1385 731 ἰδὼν
1420 678 1784 748 στρατόπεδον
1827 679 1973 748 μέγα

386 772 480 822 καὶ
513 767 701 831 καλὸν,
737 770 1042 840 στρατηγὸν
1068 770 1170 823 οὐκ
1216 770 1362 841 ἔχον,
1412 768 1651 839 Ἥλίκον,
1704 771 1834 843 ἔφη,
1871 772 1969 843 θη-

389 860 505 933 ρίον
541 859 789 933 κεφαλὴν
823 861 923 916 οὐκ
953 861 1068 934 ἔχει
1101 865 1115 917 i

462 1043 568 1097 Τὸν
623 1042 848 1114 βασιλέα
888 1044 971 1098 δεῖ
1021 1045 1387 1116 μνημονεύειν
1438 1046 1519 1100 ὅτι
1571 1044 1974 1111 ἄνθρωποςμῶν

388 1134 641 1199 ἐξουσίαν
675 1136 899 1206 εἴληφεν
944 1136 1121 1191 ίσόθεν
1154 1135 1221 1211 [Ῑ.
1258 1138 1443 1192 θεόθεν
1468 1138 1551 1193 uel
1598 1136 1851 1208 ίσόθεον],
1887 1138 1974 1190 ἵνα

391 1227 725 1297 προαιρῆται
767 1229 865 1297 μὲν
893 1229 961 1283 τὲ
990 1229 1133 1285 καλὰ
1175 1231 1273 1285 καὶ
1308 1229 1445 1297 θεῖα,
1480 1231 1742 1302 φρονήσει
1789 1229 1846 1283 δὲ
1877 1229 1975 1284 ἁν-

388 1320 643 1391 θρωπίνῃ
684 1322 903 1390 χρῆται.

462 1413 524 1465 Ei
552 1412 734 1484 βούλει
764 1430 860 1468 σου
901 1414 1004 1485 τὴν
1032 1416 1212 1470 οίκίαν
1259 1411 1320 1471 εὗ
1350 1417 1639 1482 οἰκεῖσθαι,
1680 1415 1851 1486 μιμοῦ
1881 1414 1976 1468 τδν

391 1506 743 1578 Σπαρτιάτην
774 1508 1117 1581 Λυκοῦργον.
1160 1508 1259 1565 “Ov
1288 1509 1397 1581 γὰρ
1441 1512 1646 1579 τρόπον
1674 1509 1736 1563 οὗ
1770 1508 1977 1578 τείχεσι

391 1600 492 1670 τὴν
519 1600 676 1655 πόλιν
705 1600 959 1671 ἕφραξεν,
985 1603 1102 1656 ἀλλ’
1124 1605 1292 1674 ἀρετῇ
1315 1604 1443 1667 τοὺς
1466 1601 1808 1665 ἐνοικοῦντας
1834 1600 1980 1671 ὠχύ-

397 1711 562 1763 ρωσε,
592 1696 690 1750 καὶ
714 1697 805 1749 διὰ
853 1698 1057 1758 παντὸς
1101 1697 1370 1767 ἐτήρησεν
1413 1696 1712 1765 ἐλευθέραν
1747 1695 1848 1766 τὴν
1882 1694 1980 1748 πλε-

395 1788 480 1841 λιν
509 1804 526 1822 ο
561 1788 735 1852 οὕτως
764 1789 858 1841 καὶ
890 1790 954 1843 σὺ
986 1789 1061 1859 μὴ
1101 1790 1347 1861 μεγάλην
1364 1788 1535 1861 αὐλὴν
1566 1787 1831 1859 περίϐαλε
1886 1788 1981 1841 καὶ

2075 589 2512 657 ostendebat),in
2539 601 2783 646 stercore
2812 605 2938 646 eum
2967 589 3240 660 iacentem
3274 602 3385 641 non
3416 586 3657 641 tolleres.

2146 681 2556 752 Epaminonda).
2607 682 3016 755 Epaminondas
3065 678 3361 736 Thebanus
3410 696 3533 735 cum
3584 680 3661 733 vi-

2076 773 2229 829 deret
2255 775 2558 828 exercitum
2595 788 2850 843 magnum
2886 782 2940 827 et
2973 782 3253 834 ornatum,
3294 770 3389 826 sed
3426 771 3664 837 impera-

2080 877 2197 923 tore
2249 877 2526 923 carentem
2575 885 2590 921 :
2626 867 2865 934 Quanta,
2919 866 3118 938 inquit,
3149 865 3320 921 bestia
3356 872 3519 936 caput
3556 879 3659 917 non

2080 961 2241 1014 habet
2260 962 2272 1015 !

2154 1051 2412 1121 Philippi.
2441 1049 2553 1106 Rex
2582 1048 2897 1103 meminisse
2925 1048 3110 1109 debet,
3136 1049 3299 1103 homo
3324 1061 3447 1101 cum
3484 1045 3576 1107 sit,
3605 1058 3664 1098 se

2076 1153 2407 1214 potesmtem
2463 1142 2725 1198 divinitus
2778 1143 3079 1212 accepisse,
3134 1151 3194 1197 ut
3238 1156 3358 1209 qua:
3409 1139 3662 1209 praeclara

2080 1247 2208 1293 sunt
2232 1246 2287 1293 et
2321 1236 2506 1291 divina
2544 1235 2649 1291 sibi
2705 1244 2976 1306 proponat
3004 1237 3075 1290 'ct
3104 1242 3342 1304 expetat,
3376 1228 3663 1302 prudentia

2081 1340 2263 1384 autem
2295 1336 2479 1384 utatur
2508 1329 2771 1383 humana.

2158 1511 2215 1567 Si
2251 1512 2334 1566 vis
2371 1511 2597 1566 domum
2621 1509 2762 1563 bene
2791 1506 3054 1569 habitari,
3098 1502 3429 1570 Spartanum
3462 1496 3669 1568 Lycur-

2083 1620 2210 1680 gum
2241 1605 2497 1671 imitare;
2542 1600 3007 1672 quemadmodum
3039 1596 3182 1653 enim
3232 1594 3321 1647 ille
3358 1608 3465 1646 mm
3494 1589 3668 1643 muris

2085 1703 2259 1759 cinxit
2286 1702 2499 1763 urbem,
2533 1698 2631 1753 sed
2667 1696 2864 1749 virtute
2889 1691 3098 1747 incolas
3134 1687 3448 1749 obt-allawit,
3480 1685 3667 1749 sicque

2089 1810 2304 1865 semper
2325 1794 2600 1850 civitatem
2628 1789 2857 1843 liberam
2892 1782 3107 1845 retinuit
3134 1797 3149 1847 ;
3174 1780 3251 1833 sic
3276 1787 3327 1830 et
3363 1789 3416 1828 tu
3454 1773 3663 1827 facito:

394 1884 615 1951 τοίχους
670 1881 912 1952 ὑψηλοὺς
970 1882 1202 1945 ἀνίστα,
1263 1882 1399 1935 ἀλλὰ
1458 1882 1581 1945 τοὺς
1635 1876 1980 1945 ἐνοικοῦντας

2113 1903 2189 1943 nec
2217 1899 2477 1956 magnum
2525 1880 2857 1936 vestibulum
2893 1875 3122 1943 cingito,
3159 1887 3257 1925 nec
3306 1882 3495 1922 muros
3530 1866 3668 1917 altos

394 1975 580 2047 εὐνοίᾳ
609 1978 705 2030 καὶ
736 1975 920 2030 πίστει
964 1978 1059 2030 καὶ
1089 1976 1243 2046 φιλία
1288 1974 1511 2043 στήριξε
1539 1991 1556 2007 ο
1598 1979 1691 2027 καὶ
1720 1973 1873 2026 οὐδὲν
1900 1976 1979 2037 είς

287 2112 292 2117 .
393 2068 566 2136 αὐτὴν
597 2069 965 2123 είσελεύσεται
998 2068 1284 2139 βλαϐερδν,
1308 2068 1421 2121 οὐδ’
1450 2065 1516 2121 ἂν
1536 2067 1596 2121 τὸ
1631 2068 1857 2138 σύμπαν
1881 2067 1979 2137 τῆς

393 2160 596 2225 κακίας
632 2162 1017 2233 παρατάξηται
1059 2163 1265 2232 στῖφος.

465 2343 674 2414 Μηδεὶς
707 2342 815 2396 τῶν
846 2344 1128 2410 φρονίμων
1176 2341 1271 2395 τοῦ
1327 2341 1515 2410 ἄρχειν
1558 2336 1978 2409 ἁλλοτριούσθω.

396 2436 508 2491 Καὶ
541 2436 651 2508 γὰρ
680 2436 876 2497 ἀσεϐὲς
904 2435 965 2488 τδ
999 2435 1254 2504 ἀποσπᾷν
1284 2433 1474 2488 ἑαυτὸν
1521 2435 1621 2503 τῆς
1648 2434 1756 2485 τῶν
1783 2431 1979 2502 δεομέ-

397 2545 504 2582 νων
534 2528 886 2597 εύχρηστίας,
921 2528 1012 2582 καὶ
1045 2527 1273 2597 ἀγεννὲς
1300 2528 1361 2581 τὸ
1391 2530 1502 2591 τοῖς
1533 2528 1761 2598 φαύλοις
1793 2544 1980 2597 παρα-

393 2624 619 2692 χωρεῖν.
674 2623 927 2692 Ἀνόητον
956 2622 1066 2692 γὰρ
1092 2622 1155 2675 τὸ
1183 2621 1458 2693 αἱρεῖσθαι
1491 2621 1678 2685 κακῶς
1713 2618 1983 2691 ἄρχεσθαι

400 2715 624 2785 μᾶλλον,
659 2715 692 2785 ἢ
732 2713 919 2778 καλῶς
948 2714 1160 2783 ἄρχειν.

470 2809 655 2862 Δεινδν
686 2810 778 2864 καὶ
807 2805 1191 2879 χαλεπώτατον
1222 2807 1349 2871 τοὺς
1391 2808 1611 2880 χείρους
1640 2808 1747 2863 τῶν
1781 2807 1985 2879 βελτιό-

399 2917 507 2955 νων
538 2900 750 2971 ἄρχειν,
777 2902 870 2953 καὶ
903 2899 1031 2963 τοὺς
1058 2900 1451 2970 ἀνοητοτέρους
1493 2906 1606 2964 τοῖς
1639 2901 1986 2972 φρονιμωτέ-

401 3010 517 3065 ροις
544 2990 928 3063 προστάττειν.

472 3085 721 3154 Εὐμένης
745 3086 774 3137 6
804 3083 1055 3154 βασιλεὺς
1101 3085 1254 3154 ἔλεγε
1285 3086 1397 3148 τοῖς
1430 3084 1682 3151 ἀδελφοῖς
1713 3083 1802 3137 διὰ
1852 3099 1985 3136 παν-

2083 1982 2340 2045 excitato,
2379 1977 2470 2033 sed
2514 1976 2660 2028 cives
2693 1967 3070 2027 benevolentia
3110 1973 3163 2017 et
3198 1963 3391 2017 [Μοιρι-
3429 1956 3667 2012 amicitia

2083 2074 2322 2135 ﬁrmato,
2367 2078 2423 2124 et
2467 2066 2599 2123 nihil
2641 2064 2696 2118 in
2742 2076 2864 2117 eam
2916 2056 3254 2125 ingredietur
3287 2051 3546 2107 infestum
3581 2057 3673 2101 aut

2083 2166 2332 2231 noxium,
2379 2177 2477 2216 nec
2505 2160 2551 2214 si
2585 2156 2900 2213 universum
2933 2150 3152 2222 quidem
3187 2141 3554 2216 improbitatis
3583 2156 3672 2209 ag-

2085 2275 2207 2316 men
2243 2274 2302 2313 se
2332 2264 2589 2325 opponat.
2700 2245 2706 2252 ’

2158 2353 2407 2409 Prudens
2436 2365 2466 2405 a
2517 2348 2756 2420 gerendo
2813 2342 3142 2413 magistratu
3172 2355 3242 2395 ne
3273 2352 3333 2392 se
3379 2334 3673 2399 abducito;

2088 2447 2316 2518 impium
2348 2444 2609 2500 est'enim
2642 2442 2885 2508 seipsum
2942 2434 3265 2491 abstrahere
3314 2431 3382 2485 ab
3430 2426 3675 2495 indigen-

2087 2543 2222 2597 tium
2271 2539 2510 2594 utilitate
2563 2541 2618 2589 et
2675 2530 3021 2593 commodis,
3061 2535 3114 2581 et
3163 2523 3433 2594 improbis
3481 2519 3676 2576 cedere

2089 2633 2317 2689 minime
2366 2641 2718 2700 generosum.
2751 2622 2993 2679 Stultum
3038 2626 3122 2675 est
3174 2617 3318 2671 enim
3371 2600 3678 2685 prmopt‘arc

2087 2724 2229 2781 male
2257 2719 2579 2794 gubernari,
2619 2732 2783 2788 quant
2822 2715 2958 2771 bene
2987 2711 3316 2781 gubernare.
3664 2724 3669 2731 π

2159 2815 2433 2872 Acerbum
2463 2823 2547 2868 est
2576 2821 2631 2866 et
2676 2807 2941 2864 molestia:
2958 2802 3360 2875 plenissimum,
3379 2797 3678 2853 deteriores

2088 2905 2561 2979 praestantioribus
2608 2901 2902 2964 imperare,
2939 2905 2995 2952 et
3026 2893 3309 2951 stultiores
3344 2889 3668 2962 prudentio-

2091 3001 2243 3056 ribus
2273 2996 2651 3068 praescribere.
3260 2986 3271 2993 “

2166 3093 2440 3151 Eumenis.
2499 3090 2771 3145 Eumenes
2818 3100 2913 3141 rex
2967 3081 3227 3139 fratribus
3271 3077 3463 3133 crebre
3496 3075 3681 3130 dicere

400 3178 492 3242 τός
519 3195 535 3211 ο
586 3179 715 3232 Ἐὰν
748 3179 849 3250 μὲν
879 3179 953 3242 ὡς
1002 3178 1215 3250 βασιλεῖ
1252 3180 1665 3252 προσφέρησθε,
1717 3180 1792 3242 ὡς
1833 3177 1987 3231 ἀδελ-

2113 3189 2326 3245 tolebat.
2344 3185 2401 3241 Si
2428 3199 2515 3240 me
2548 3197 2676 3254 rege
2712 3180 2797 3236 usi
2829 3176 3064 3239 fueritis,
3093 3173 3251 3228 vobis
3281 3180 3541 3238 tanquam
3576 3169 3682 3223 fra-

400 3275 521 3343 φοῖς
552 3273 681 3343 ὑμῖν
713 3271 1020 3344 χαρίσομαι
1048 3290 1060 3302 ·
1091 3272 1188 3327 ἐὰν
1228 3273 1285 3326 δὲ
1328 3272 1404 3338 ὡς
1443 3271 1680 3343 ἀδελφῷ,
1716 3269 1828 3339 ἐγὼ
1860 3271 1988 3342 ὑμῖν

2117 3285 2271 3341 ribus
2300 3280 2689 3353 gratiﬁcabor;
2722 3276 2806 3331 sin
2832 3280 3014 3328 autem
3053 3276 3314 3343 tanquam
3354 3263 3543 3327 fratre,
3580 3278 3682 3332 ego

399 3360 475 3427 ὡς
510 3363 791 3434 βασιλεύς.

478 3457 656 3518 Κότυς
683 3460 712 3512 6
746 3457 857 3513 τῶν
880 3457 1117 3528 Θρακῶν
1168 3457 1447 3529 βασιλεὺς,
1482 3457 1734 3530 Θηϐαίων
1784 3448 1985 3525 σεμνυ-

404 3548 653 3618 νομένων
678 3550 761 3603 ὅτι
790 3548 1236 3620 Λακεδαιμονίων
1263 3549 1562 3619 ἡγήσαντο,
1597 3548 1761 3618 Ἐγὼ,
1798 3549 1986 3617 φησιν,

405 3641 628 3705 ἑώρακα
675 3641 1017 3712 χειμάρρους
1052 3643 1331 3712 ποταμοὺς
1363 3641 1586 3710 μείζους
1633 3640 1743 3694 τῶν
1779 3640 1990 3693 ἀενάων

404 3733 746 3803 γινομένουη
778 3731 893 3784 ἀλλ’
922 3731 1105 3800 ὀλίγον
1137 3731 1349 3800 χρόνον.

496 3823 556 3876 '0
585 3823 747 3883 αὐτὸς
780 3822 1103 3893 ἐρωτηθεὶς,
1138 3817 1259 3875 Τίνι
1288 3821 1726 3891 καταλιμπάνεις
1753 3821 1812 3874 τὸ
1840 3820 1992 3892 βασί-

406 3915 552 3970 λειον
582 3933 596 3982 ;
628 3915 756 3987 ἔφη,
785 3915 876 3988 Τῷ
904 3916 1214 3986 δυναμένῳ.

1032 4008 1254 4062 ΛΟΓΟΣ
1294 4005 1372 4062 B'.

551 4102 708 4172 ’Περὶ
737 4100 1047 4169 βασιλέως
1071 4101 1160 4172 μὴ
1190 4104 1337 4155 λίαν
1367 4098 1839 4171 θαυμαζομένου.

481 4196 746 4260 Βασιλεὺς
778 4194 984 4266 θρασὺς
1016 4196 1343 4264 ἐμπεσεῖται
1373 4194 1453 4255 είς
1485 4194 1651 4250 κακά.

485 4287 760 4349 Βασιλέως
799 4286 1166 4350 ὑπακούοντος
1218 4286 1379 4356 λόγον
1435 4285 1645 4349 ἄδικον,
1703 4285 1907 4350 πάντες
1946 4288 1996 4339 οἱ

412 4379 507 4434 ὕπ’
529 4380 690 4432 αὑτὸν
714 4377 1043 4449 παράνομοι.

496 4472 724 4541 ’Λγαθὸς
760 4473 931 4544 πένης
983 4473 1076 4526 καὶ
1110 4472 1275 4542 σοφὸς
1307 4472 1449 4544 ὑπὲρ
1495 4470 1725 4544 βασιλέα
1760 4473 1997 4544 πρεσϐύ-

410 4585 570 4640 τερον
602 4569 699 4623 καὶ
734 4569 969 4641 ἄφρονα.

487 4665 625 4720 Οὐαί
655 4681 762 4730 σοι,
800 4663 979 4729 πόλις,
1008 4656 1073 4736 ἧς
1102 4665 1130 4718 6
1170 4662 1428 4734 βασιλεύς
1456 4679 1554 4718 σου
1582 4665 1873 4737 νεώτερος.

496 4758 562 4812 Ἦ
612 4757 965 4829 κακοπραγία
1013 4756 1376 4829 περιστρέφει
1428 4756 1655 4826 θρόνους
1700 4757 2000 4813 δυναστῶν.

426 4849 724 4905 Ἀκούσατε
763 4846 877 4913 οὖν,
900 4848 1168 4919 βασιλεῖς,
1203 4849 1302 4902 καὶ
1333 4847 1550 4921 σύνετε,
1585 4849 1919 4903 ἐνωτίσασθε
1953 4850 2005 4902 oi

418 4942 749 5014 κρατοῦντες
796 4942 1058 5012 πλήθους,
1083 4942 1181 4996 καὶ
1212 4940 1631 5013 γεγαυρωμένοι
1681 4941 1776 4994 ἐπὶ
1825 4941 2006 5013 ὄχλοις

419 5040 609 5104 ἐθνῶν,
646 5041 729 5093 ὅτι
780 5040 938 5109 ἐδόθη
996 5037 1150 5110 παρὰ
1196 5039 1405 5108 Κυρίου
1453 5039 1486 5107 ἡ
1536 5038 1809 5107 κράτησις
1842 5037 2006 5109 ἡμῶν

423 5130 516 5183 καὶ
541 5133 574 5196 ἡ
604 5128 895 5183 δυναστεία
941 5131 1092 5200 παρὰ
1134 5129 1395 5199 Ὑψίστου
1423 5146 1438 5163 ο
1470 5130 1530 5194 δς
1559 5131 1806 5196 ἐξετάσει
1851 5128 2006 5198 ὑμῶν

420 5221 489 5274 τὰ
527 5219 669 5291 ἔργα
705 5221 928 5283 καὶτὰς
970 5219 1164 5290 βουλὰς
1220 5221 1586 5293 διερευνήσει,
1614 5223 1698 5276 ὅτι
1729 5220 2006 5291 ὑπηρέται

418 5312 572 5376 ὄντες
618 5311 723 5382 τῆς
776 5311 946 5366 αὑτοῦ
1010 5311 1311 5383 βασιλείας,
1345 5314 1446 5367 οὐκ
1497 5315 1744 5386 ἐκρίνατν
1805 5312 2004 5382 ὀρθῶς,

419 5402 541 5457 οὖδέ
582 5402 887 5471 ἐφυλάξατε
956 5404 1141 5474 νόμον,
1170 5405 1291 5459 οὐδὲ
1336 5402 1480 5459 κατὰ
1530 5406 1631 5474 τὴν
1675 5402 1873 5474 βουλὴν
1913 5403 2007 5458 τοῦ

421 5494 559 5550 Θεοῦ
612 5496 969 5567 ἐπορεύθητε,
1000 5497 1228 5568 φρικτδς
1260 5497 1354 5551 καὶ
1405 5496 1618 5567 ταχέως
1647 5497 2009 5567 ἐπιστήσεται

424 5587 553 5658 ὑμῖν
588 5587 841 5659 ὄλεθρος’
872 5590 955 5644 ὅτι
1008 5588 1189 5659 κρίσις
1240 5590 1521 5660 ἀπότομος
1550 5591 1605 5642 ἐν
1649 5590 1763 5653 τοῖς
1808 5589 2012 5661 ὑπερέ-

422 5696 580 5750 χουσι
628 5680 860 5747 γίνεται.
912 5679 972 5734 Ὀ
1008 5681 1119 5752 γὰρ
1152 5681 1442 5753 ἐλάχιστος
1478 5684 1829 5751 συγγνωστός
1860 5684 2008 5737 ἐστιν

425 5769 636 5833 ἐλέους,
680 5771 899 5828 δυνατοὶ
927 5772 1006 5839 δὲ,
1038 5772 1283 5838 δυνατῶς
1331 5773 1755 5845 ἐτασθήσονται.
1790 5776 1868 5829 Οὐ
1900 5780 2011 5847 γὰρ

428 5861 715 5917 ύποστελεῖ
759 5862 818 5918 τὸ
876 5865 1173 5936 πρῦσωτιον
1215 5868 1244 5920 6
1302 5868 1519 5922 πάντων
1554 5867 1860 5940 Δεσπότης,
1892 5869 2011 5923 οὐδὲ

2090 3380 2248 3435 vobis
2274 3384 2332 3432 ut
2360 3392 2478 3431 rex.

2163 3472 2367 3543 Cotyis.
2390 3471 2557 3541 Cotys
2592 3469 2866 3523 Thracum
2896 3480 2991 3520 rex
3019 3459 3301 3517 Thebanis
3325 3452 3685 3525 gloriantihus

2091 3564 2238 3634 quod
2281 3558 2716 3617 Lacedaemoniis
2746 3558 3118 3624 imperarent:
3154 3549 3301 3613 Vidi,
3340 3546 3540 3617 inquit,
3572 3552 3684 3599 ιον-

2094 3665 2279 3713 rentes
2330 3651 2664 3723 perennibus
2710 3647 2893 3702 ﬂuviis
2947 3644 3183 3713 majores
3238 3641 3436 3705 factos,
3474 3638 3567 3695 sed
3618 3637 3686 3691 ad

2092 3751 2259 3806 breve
2293 3756 2529 3814 tempus.

2172 3842 2314 3897 Idem
2357 3840 2732 3910 interrogatus
2760 3834 2848 3890 cui
2875 3833 3211 3903 relinqueret
3239 3842 3423 3882 arcem
3451 3823 3683 3897 regiam,

2096 3931 2337 3999 Potenti,
2369 3929 2567 4001 inquit.

2490 4022 2645 4095 131
2692 4016 2927 4076 SERMO
2962 4015 3005 4070 tt
3039 4013 3138 4088 [aL
3179 4008 3340 4081 CIV].

2102 4120 2177 4174 De
2214 4134 2331 4190 rege
2361 4134 2466 4172 non
2500 4116 2724 4171 multum
2755 4111 3074 4167 admirando
3108 4106 3209 4179 (vel
3235 4106 3298 4160 de
3335 4118 3457 4175 rege
3498 4097 3689 4166 malo).

2176 4212 2334 4267 Prov.
2380 4210 2491 4266 Rex
2523 4204 2701 4263 audax
2734 4205 2938 4261 incidet
2971 4203 3027 4259 in
3054 4202 3217 4258 mala.
3364 4194 3366 4196 ’

2176 4304 2340 4377 Regis
2398 4301 2874 4361 subauscultantis
2923 4296 3231 4353 orationem
3287 4293 3532 4364 iniquam
3587 4291 3694 4347 im-

2101 4397 2254 4468 perio
2284 4396 2375 4467 qui
2399 4402 2615 4468 parent,
2648 4406 2841 4447 omnes
2870 4396 2999 4445 sunt
3027 4386 3266 4456 exleges.

2179 4488 2355 4544 Eccle.
2382 4504 2456 4543 tv.
2495 4485 2711 4556 Pauper
2737 4483 2943 4554 probus
2970 4489 3024 4537 et
3052 4478 3277 4551 sapiens
3298 4487 3381 4535 est
3413 4492 3576 4550 supra
3608 4488 3693 4534 τες

2032 4569 2076 4626 Β
2106 4598 2224 4655 gem
2249 4596 2438 4640 senem
2469 4590 2523 4636 et
2555 4578 2927 4649 insipientem.

2182 4673 2360 4728 Eccle.
2406 4688 2460 4727 κ.
2500 4668 2590 4725 Vm
2634 4670 2756 4735 tibi,
2793 4671 3003 4735 civitas,
3034 4671 3194 4742 cujus
3217 4668 3432 4736 juvenis
3464 4682 3556 4721 rex
3586 4674 3694 4721 est.

2179 4764 2294 4820 Ita.
2326 4779 2408 4830 tu,
2436 4759 2570 4830 Sap.
2592 4778 2668 4817 Vl.
2691 4762 2852 4816 Actio
2874 4761 3015 4816 mala
3048 4760 3352 4831 potentium
3375 4757 3511 4812 soiia
3541 4771 3697 4813 even

2107 4858 2195 4913 tit.
2232 4856 2431 4912 Audite
2460 4853 2649 4925 igitur,
2674 4868 2859 4925 reges,
2895 4851 3290 4922 acintelliglte,
3326 4848 3560 4917 accipite
3582 4862 3701 4901 utu—

2107 4951 2282 5014 ribus,
2310 4949 2404 5019 qui
2436 4947 2723 5018 imperatis
2774 4945 3144 5010 multitudini,
3183 4952 3238 4998 et
3270 4943 3325 4997 in
3357 4938 3536 4996 turbis
3569 4950 3700 5009 geu-

2048 5106 2059 5113 ,
2111 5044 2248 5099 tium
2286 5043 2414 5098 elati
2452 5045 2630 5108 estis;
2679 5039 2844 5096 datus
2881 5046 2966 5094 est
3017 5054 3045 5094 a
3084 5036 3320 5093 Domino
3357 5033 3701 5105 principatus

2107 5142 2313 5197 vester,
2346 5142 2401 5190 et
2422 5132 2660 5206 potentia
2685 5131 2756 5187 ab
2783 5129 3193 5198 Excelsissimo,
3228 5129 3321 5199 qui
3354 5126 3495 5180 facta
3519 5132 3703 5178 vestra

2109 5228 2464 5291 examinabit,
2503 5234 2557 5281 et
2593 5224 2823 5282 consilia
2851 5232 3029 5281 vestra
3056 5219 3494 5295 perscrutabitur
3521 5233 3535 5283 ;
3566 5214 3699 5285 quia

2110 5335 2234 5377 cum
2271 5319 2424 5393 regni
2464 5319 2586 5389 ejus
2634 5317 2876 5374 ministri
2934 5316 3077 5381 sitis,
3130 5329 3239 5369 non
3283 5318 3436 5367 recte
3483 5307 3695 5380 judicia

2111 5412 2461 5477 exercuistis,
2515 5427 2618 5467 nec
2671 5410 2846 5482 legem
2902 5408 3184 5474 servastis,
3243 5418 3421 5473 neque
3485 5416 3552 5457 ex
3604 5400 3704 5457 Dei

2111 5506 2385 5563 sententia
2414 5513 2468 5560 et
2498 5505 2732 5561 consilio
2783 5518 2880 5557 vos
2911 5499 3182 5572 gessistis,
3233 5495 3499 5551 horribile
3546 5495 3702 5552 vobis

2111 5597 2343 5653 exitium
2398 5598 2641 5669 ingruet,
2676 5597 2836 5666 idque
2868 5592 3002 5660 cito;
3031 5588 3297 5661 judicium
3328 5587 3471 5643 enim
3513 5600 3704 5643 severe

2114 5686 2205 5743 lict
2226 5690 2279 5743 in
2298 5703 2392 5743 eos
2417 5689 2512 5759 qui
2542 5686 2855 5757 praecellunt
2876 5683 2997 5738 aliis
3026 5701 3039 5737 :
3072 5680 3331 5736 minimus
3360 5680 3505 5734 enim
3541 5682 3701 5734 venia

2113 5785 2167 5831 et
2200 5775 2577 5831 misericordia
2625 5773 2823 5842 dignus
2874 5779 2977 5836 est,
3012 5769 3103 5824 sed
3150 5776 3398 5839 potentes
3452 5776 3700 5837 potenter

2115 5866 2581 5925 examinabuutur
2600 5880 2632 5933 ;-
2656 5879 2764 5921 non
2788 5861 2933 5922 enim
2958 5861 3153 5921 faciem
3185 5869 3239 5918 et
3273 5872 3334 5917 os
3368 5858 3703 5932 cujusquam
