3996 6194
308 329 468 406 ’1011

1544 348 1872 414 ΑΝΤΟΝΙΙ
1913 354 2265 416 ΜΕῙᾸΞΞΕ

3480 352 3622 419 liii?

327 455 611 513 ﬁerebitur
639 456 883 516 omnium
931 459 1216 529 Dominus,
1242 475 1421 533 neque
1472 464 1908 537 magnitudinem

2049 469 2423 541 ντραπήσεται
2457 467 2690 537 μέγεθος
2711 486 2724 500 ο
2754 470 2838 524 ὅτι
2874 468 3076 541 μικρὸν
3116 469 3213 522 καὶ
3243 465 3421 536 μέγαν
3447 465 3620 528 αὑτὸς

326 550 695 621 reverebitur,
727 553 858 626 quia
913 569 1144 626 parvum
1187 565 1240 614 et
1294 573 1555 631 magnum
1607 559 1726 630 ipse
1762 559 1909 628 fecit,

327 647 722 719 aequaiiterque
776 649 1026 706 omnium
1078 652 1386 708 commodis
1435 653 1677 708 consulit
1708 663 1762 710 et
1786 669 1913 724 pro-

327 739 512 810 spicit;
549 750 798 812 potentes
851 752 1037 801 autem
1097 744 1390 818 diligenter
1427 753 1482 801 et
1527 760 1718 804 severe
1744 761 1911 803 excu-

325 833 552 891 tientur.

391 926 563 988 Eccli.
586 943 704 988 νιιι.
730 927 930 989 Multos
953 932 1185 1004 perdidit
1205 948 1422 1001 aurum,
1452 943 1507 990 et
1530 934 1696 992 corda
1722 948 1911 1006 regum

323 1036 354 1078 a
399 1035 552 1082 recto
581 1027 824 1086 deﬂexit.

392 1117 558 1181 Prov.
603 1141 755 1181 nix.
789 1124 904 1180 Rex
940 1125 1202 1182 doctrina:
1227 1137 1424 1197 expers
1457 1127 1719 1198 populum
1747 1143 1908 1186 suum

322 1217 539 1289 perdet.

390 1311 550 1367 Prov.
582 1327 775 1370 xxvm.
817 1305 1065 1384 Regnum
1115 1328 1144 1368 a
1189 1323 1350 1386 gente
1377 1316 1444 1370 ad
1479 1324 1691 1386 gentem
1731 1323 1910 1370 trans-

324 1404 502 1460 fertur
549 1413 773 1475 propter
822 1405 1124 1476 injustitias
1170 1415 1226 1462 et
1265 1408 1537 1463 violentas
1590 1407 1824 1478 injurias
1858 1414 1912 1462 et

324 1497 590 1568 pecunias
615 1494 858 1556 dolosas.

399 1585 670 1659 Theologi.
711 1588 831 1645 Non
882 1589 1074 1646 eadem
1127 1606 1284 1664 reges
1335 1601 1391 1647 et
1437 1593 1676 1662 privatos
1718 1592 1912 1647 decere

323 1677 729 1746 existimamus,
753 1680 900 1749 quod
941 1697 1048 1735 non
1096 1682 1284 1739 eadem
1313 1681 1470 1754 132
1497 1683 1909 1753 sintdignitate.

327 1766 561 1830 Privatis
595 1774 741 1829 enim
771 1775 853 1830 vel
891 1775 1040 1830 vafre
1077 1777 1281 1847 aliquid
1314 1776 1493 1832 facere
1509 1775 1906 1841 concedemus;

328 1876 494 1936 quem
528 1867 674 1922 enim
714 1869 1067 1936 perspicuum
1119 1877 1201 1926 est
1241 1869 1291 1925 vi
1343 1870 1478 1926 nihil
1515 1885 1676 1940 agere
1719 1885 1907 1941 posse,

325 1953 496 2023 hujus
541 1953 786 2010 vairlties
819 1956 1030 2012 veniam
1097 1967 1358 2014 meretur.
1398 1959 1530 2029 Regi
1567 1969 1748 2016 autem
1783 1976 1907 2016 cum

327 2045 485 2101 valde
525 2055 683 2117 turpe
725 2049 796 2104 sit
832 2050 881 2104 vi
928 2059 984 2106 et
1028 2052 1270 2121 potentia
1313 2053 1590 2122 superari,
1631 2062 1745 2109 tum
1793 2042 1910 2110 tur-

324 2137 451 2204 pius
485 2139 778 2210 minusque
829 2142 1025 2198 decere
1057 2143 1315 2209 arbitror,
1361 2154 1418 2199 ut
1467 2153 1583 2200 arte
1623 2155 1678 2201 et
1715 2146 1910 2203 callide

325 2240 523 2287 conata
560 2234 809 2302 periiciat
839 2242 1001 2304 atque
1031 2235 1304 2291 instituta.

402 2324 670 2383 Philonis.
699 2327 970 2383 iuventus
995 2343 1120 2384 cum
1155 2344 1367 2384 summa
1393 2338 1666 2400 potestate
1695 2332 1910 2400 appeti-

327 2421 569 2476 tionibns
598 2435 721 2491 quae
763 2415 1013 2477 cohiberi
1045 2435 1155 2477 non
1190 2431 1424 2493 possunt
1469 2432 1653 2489 utens,
1705 2423 1907 2482 malum

324 2515 746 2588 inexpugnabile
773 2529 878 2572 est.

393 2610 642 2681 Corpore
689 2613 910 2678 quidem
970 2629 1062 2670 rex
1114 2612 1290 2668 cuivis
1343 2612 1498 2667 alteri
1557 2613 1766 2668 homini
1812 2627 1911 2682 par

324 2717 408 2760 est
425 2721 448 2774 ;ι
475 2712 747 2775 potestate
777 2721 909 2762 vero
939 2706 1225 2778 dignitatis
1255 2705 1452 2762 similis
1482 2714 1568 2762 est
1621 2706 1711 2776 qui
1742 2720 1907 2775 supra

323 2813 517 2854 omnes
545 2808 654 2864 est,
687 2798 834 2864 Deo;
869 2814 974 2856 non
1003 2798 1151 2854 enim
1178 2798 1345 2854 habet
1376 2799 1431 2854 in
1466 2799 1630 2854 terris
1662 2814 1722 2855 se
1748 2799 1911 2870 quid-

325 2901 490 2958 quam
522 2890 832 2958 excelsius;
867 2892 1054 2962 itaque
1081 2890 1244 2948 debet
1279 2906 1372 2945 rex
1405 2900 1468 2946 ut
1508 2890 1758 2946 mortalis
1800 2907 1908 2946 non

325 2981 464 3047 tolli,
497 2989 552 3037 et
588 2991 648 3038 ut
699 2983 843 3038 Deus
905 2999 1014 3038 non
1078 2982 1264 3040 irasci.
1312 2977 1424 3038 Etsi
1459 2981 1604 3036 enim
1656 2981 1910 3049 imaginis

325 3070 524 3126 divinae
574 3073 783 3128 honore
814 3080 900 3129 est
925 3071 1174 3138 ali‘ectus,
1197 3071 1410 3141 pulveri
1473 3080 1656 3126 tamen
1690 3080 1909 3125 terreno

2019 561 2299 633 ἐποίησεν,
2333 562 2539 632 ὁμοίως
2566 561 2625 616 δὲ
2656 564 2969 632 προνοεῖται
3003 559 3378 640 τῶνπάντων,
3411 557 3525 620 τοῖς
3554 556 3619 611 δὲ

2022 656 2307 728 κραταιοῖς
2341 655 2540 729 ισχυρά
2571 655 2864 726 ἐφίσταται
2888 654 3107 725 ἔρευνα.

2096 921 2338 988 Πολλοὺς
2379 924 2638 979 ἀπώλεσε
2667 925 2730 979 τὸ
2762 926 3010 998 χρυσίον,
3053 925 3149 980 καὶ
3193 923 3428 994 καρδίας
3461 921 3624 996 βασι-

2013 1015 2151 1069 λέων
2186 1012 2485 1084 ἐξέκλινεν.

2090 1107 2359 1177 Βασιλεὺς
2389 1110 2719 1177 ἀπαίδευτος
2755 1113 2952 1170 ἀπολεῖ
2974 1112 3068 1167 τδν
3097 1111 3229 1166 λαδν
3255 1111 3448 1167 αυτοῦ.

2086 1293 2348 1348 Βασιλεία
2405 1293 2513 1346 ἀπὸ
2567 1294 2757 1358 ἔθνους
2818 1295 2901 1358 εἰς
2955 1292 3110 1356 ἔθνος
3168 1291 3472 1361 μετάγεται
3520 1292 3617 1346 δια

2013 1387 2228 1441 ἀδικίαν
2255 1387 2349 1441 καὶ
2377 1385 2535 1458 ὑδριν
2565 1387 2660 1440 καὶ
2690 1387 2955 1458 χρήματα
2983 1380 3158 1440 δόλια.

2085 1562 2159 1620 Οὐ
2187 1565 2256 1619 τά
2305 1565 2445 1619 αύτά
2511 1559 2797 1636 βασιλεῦσί
2841 1582 2900 1618 τε
2931 1565 3029 1620 καὶ
3074 1561 3318 1628 ίδιῶταις
3367 1566 3618 1635 πρέπειν

2013 1657 2498 1726 ὑπολαμϐάνομεν,
2531 1659 2616 1710 ὅτι
2647 1656 2787 1727 μηδὲ
2827 1658 2927 1726 τῆς
2966 1658 3140 1728 αὑτῆς
3170 1658 3333 1722 ἀξίας
3366 1659 3621 1726 ἀμφότε-

2016 1767 2120 1820 ροι.
2175 1749 2442 1812 ’ἰδιώταις
2503 1749 2605 1816 μὲν
2648 1748 2759 1820 γὰρ
2813 1751 2909 1804 καὶ
2959 1751 3229 1820 τεχνικῶς
3284 1751 3495 1820 πρᾶξαί
3551 1768 3616 1804 τι

1943 1830 1983 1886 Β
2013 1843 2450 1912 συγχωρήσομεν
2478 1859 2490 1874 ·
2517 1831 2562 1910 ᾧ
2613 1842 2723 1912 γὰρ
2773 1841 2836 1894 τὸ
2874 1843 3129 1914 φανερῶς
3188 1843 3478 1914 βιάζεσθαι
3529 1843 3617 1915 μὴ

2011 1933 2254 1998 δυνατὸν,
2287 1933 2463 2006 τούτῳ
2497 1938 2850 2006 συγγνωττδν
2897 1938 2958 1990 τὸ
3009 1939 3110 2003 τῆς
3159 1938 3467 2008 περινοίας.
3501 1938 3615 1990 Ba-

2013 2024 2152 2078 σιλεζ
2173 2025 2230 2080 δὲ
2260 2025 2354 2080 τοῦ
2385 2027 2616 2096 δυνάμει
2639 2029 2965 2098 κρατεῖσθαι
2987 2029 3112 2084 λίαν
3136 2029 3368 2099 αἰσχροῦ
3400 2035 3615 2099 τυγχάο

2011 2131 2216 2183 νοντος,
2248 2118 2328 2173 ἔτι
2376 2120 2592 2189 αἴσχιον
2635 2114 2788 2192 οἶμαι
2834 2123 2929 2176 καὶ
2974 2123 3390 2193 ἀπρεπέστερον
3439 2124 3616 2196 τέχνῃ

2011 2210 2268 2266 κλέπτειν
2305 2212 2405 2275 τὰς
2438 2214 2787 2284 ὲγχειρήσεις
2819 2215 2913 2268 καὶ
2948 2215 3017 2268 τὰ
3045 2216 3419 2286 προκείμενα.

2079 2303 2293 2376 Νεότης
2329 2308 2446 2374 μετ’
2494 2306 2748 2373 ἐξουσίας
2801 2305 3177 2380 αὑτοκρατοῦς
3236 2311 3439 2380 ὁρμαῖς
3471 2309 3613 2364 ἀκα-

2013 2397 2226 2463 Θέκτοις
2253 2400 2537 2470 χρωμένη,
2570 2401 2740 2455 κακὸν
2774 2399 3055 2472 δύσμαχον
3083 2400 3320 2471 γίνεται.

2084 2575 2162 2653 Τῇ
2207 2585 2308 2652 μὲν
2335 2582 2496 2658 οὐσίᾳ
2522 2583 2618 2638 τοῦ
2646 2583 2900 2656 σώματος
2927 2583 3043 2649 (eo;
3069 2583 3276 2649 παντὸς
3306 2584 3616 2655 ἀνθρώπου

2010 2673 2040 2727 ὁ
2073 2672 2352 2742 βασιλεὺς,
2393 2676 2461 2744 τῇ
2515 2673 2737 2744 ἐξουσίᾳ
2782 2674 2841 2727 δὲ
2895 2672 2992 2728 τοῦ
3050 2670 3368 2744 ἀξιώματος
3417 2675 3618 2743 ὅμοιός

2013 2771 2131 2822 ἐστι
2163 2768 2242 2837 τῷ
2302 2769 2395 2823 ἐπὶ
2433 2769 2655 2824 πάντων
2700 2768 2839 2838 Θεῷ,
2882 2769 2997 2822 Οὑκ
3044 2769 3157 2838 ἔχει
3205 2769 3315 2837 γὰρ
3365 2769 3463 2822 ἐπὶ
3503 2769 3615 2837 γῆς

2012 2859 2180 2914 αὑτοῦ
2227 2861 2588 2931 ὑψηλότερον.
2629 2863 2752 2933 Χρὴ
2808 2861 2990 2917 τοίνυν
3045 2863 3138 2915 καὶ
3177 2861 3254 2925 ὡς
3291 2861 3493 2931 θνητὸν
3529 2862 3612 2933 μὴ

2010 2953 2366 3025 ἐπαίρεσθαι.
2401 2953 2507 3011 καί¹
2529 2955 2604 3018 ὡς
2623 2956 2758 3010 Θεὸν
2796 2957 2871 3026 μὴ
2901 2955 3240 3026 ὀργίζεσθαι.
3277 2955 3340 3009 Ei
3378 2955 3490 3023 γὰρ
3512 2956 3615 3009 καὶ

2013 3047 2185 3102 εἰκόνι
2215 3046 2371 3118 θιῖκῇ
2411 3042 2732 3122 τετίμηται,
2770 3051 2907 3105 ἀλλὰ
2943 3049 3038 3105 καὶ
3083 3051 3234 3103 κόνει
3269 3051 3431 3119 χοῖκῇ
3469 3065 3615 3116 συμ-

324 3158 626 3230 implicitus
673 3171 779 3224 est,
807 3176 905 3232 per
923 3176 1085 3232 quem
1112 3139 1520 3231 edocetur,qna
1557 3175 1683 3232 erga
1717 3175 1908 3216 omnes

2046 3141 2340 3208 πέπλεκται.
2376 3144 2445 3200 δι’
2497 3139 2566 3217 ἦς
2623 3139 3005 3201 ἐκδιδάσκεται
3055 3145 3155 3214 τὴν
3201 3143 3340 3215 πρὸς
3393 3143 3614 3205 πάντας

325 3261 572 3318 utamur,
607 3253 1038 3324 simplicitatem.

410 3343 671 3400 Maeonii.
693 3343 815 3399 .Niti
850 3344 1007 3400 decet
1039 3354 1098 3400 ut
1129 3344 1390 3416 subjectis
1429 3347 1758 3403 venerabilis
1787 3363 1908 3404 ma-

327 3437 411 3502 gis
450 3453 615 3508 quam
649 3435 910 3494 ter'ribilis
936 3453 1057 3494 esse
1091 3438 1358 3508 videaris;
1394 3439 1526 3496 illud
1558 3441 1704 3496 enim
1733 3442 1910 3512 gravi-

331 3547 435 3601 tas,
465 3534 568 3590 hoc
604 3547 737 3590 vero
769 3531 958 3589 feritas
989 3532 1306 3590 comitatur.

401 3624 649 3680 Democr.
686 3623 938 3694 improba
971 3632 1188 3688 natura,
1218 3623 1260 3679 si
1296 3632 1622 3693 potestatem
1657 3634 1909 3681 assecuta

327 3714 516 3783 fuerit,
548 3717 795 3788 publicas
824 3716 1018 3772 alierre
1049 3715 1188 3772 solet
1217 3718 1583 3773 calamitates.

402 3812 756 3868 Amisi/lenis.
806 3811 944 3868 'l'um
992 3812 1248 3868 civitates
1281 3811 1504 3865 interire
1540 3811 1747 3875 solent,
1784 3827 1907 3867 cum

324 3907 420 3977 qui
475 3906 748 3974 imperant
803 3904 1084 3976 improbos
1132 3919 1161 3958 a
1211 3904 1398 3975 probis
1431 3903 1746 3961 discernere
1801 3920 1908 3960 non

322 4010 577 4070 possunt.

398 4093 471 4150 Ut
501 4091 713 4149 furioso
734 4091 1001 4162 gladium,
1042 4091 1125 4147 sie
1159 4091 1411 4161 improbo
1431 4098 1756 4162 potestatem
1779 4089 1912 4145 dare

322 4187 704 4260 periculosum
730 4193 838 4239 est.

399 4276 704 4334 Menandri.
736 4273 1027 4345 Opulentia
1061 4273 1294 4329 rationis
1323 4287 1544 4344 expers,
1579 4282 1908 4342 potestatem

323 4379 510 4435 nacta,
539 4367 704 4424 etiam
727 4383 822 4425 eos
843 4367 937 4438 qui
972 4382 1164 4436 sapere
1207 4366 1463 4422 videntur
1485 4366 1684 4421 stultos
1713 4365 1909 4420 reidit.

394 4462 786 4519 Demosthenis.
819 4459 955 4515 Nam
987 4461 1327 4517 fortunatum
1359 4474 1482 4513 esse
1509 4455 1706 4528 praeter
1734 4457 1910 4524 digni-

325 4567 518 4625 tatem,
551 4554 860 4626 desipiendi
895 4559 1091 4623 printer
1117 4551 1441 4622 dignitatem
1475 4551 1698 4607 occasio
1731 4559 1836 4606 cst.

679 4669 912 4727 δεξιΜο
949 4665 1012 4724 Ill
1059 4665 1157 4740 [aL
1216 4664 1526 4737 CLXXIII].

325 4790 406 4847 De
424 4785 991 4859 epiecOpilmoderatis
1015 4793 1064 4836 et
1091 4783 1184 4836 Dei
1205 4784 1460 4859 mandata
1485 4779 1914 4859 observantibus;

398 4852 611 4932 gravem
635 4871 687 4932 et
722 4857 880 4912 talem
909 4871 1027 4926 quis
1057 4855 1361 4932 reprehendi
1417 4869 1519 4906 non
1550 4852 1716 4932 possit
1756 4853 1916 4905 vitam

398 4925 583 4988 Earum
607 4925 982 4985 documentum
1012 4940 1125 4981 esse
1158 4926 1221 4979 iis
1249 4927 1435 4994 quibus
1475 4925 1718 4994 prwsint.

399 5115 533 5172 Gen.
562 5125 679 5164 xlv.
706 5106 1065 5163 Melchisedec
1122 5119 1215 5159 rex
1275 5100 1456 5156 Salem
1488 5101 1711 5170 proluit
1749 5113 1913 5168 panes

325 5221 380 5270 et
410 5209 598 5265 vinum
629 5201 964 5274 Abrahamo,
989 5211 1111 5251 rum
1150 5205 1514 5251 reverteretur
1541 5209 1606 5247 ex
1632 5192 1911 5248 occisione

325 5316 541 5376 regum;
569 5307 689 5354 erat
719 5303 902 5350 autem
935 5289 1028 5346 Dei
1059 5289 1258 5344 summi
1282 5288 1561 5348 sarculos.

394 5479 568 5540 Levii.
600 5477 862 5548 Quisquis
896 5473 1061 5530 fuerit
1097 5471 1291 5528 vitioso
1322 5484 1576 5539 corpore,
1603 5483 1708 5520 non
1733 5469 1916 5537 ingrc-

325 5573 638 5646 dietur(aut
669 5571 894 5630 accedet
913 5571 978 5624 ad
1008 5565 1418 5630 ministerium),
1449 5579 1553 5617 non
1580 5577 1778 5623 caecus,
1806 5577 1912 5615 non

324 5665 580 5729 claudus,
638 5682 747 5722 non
808 5663 1007 5719 mutilo
1060 5676 1194 5716 naso
1224 5658 1508 5731 praeditus,
1560 5655 1912 5710 nutantibus

325 5761 616 5825 truncatis,
665 5773 767 5814 nec
821 5757 913 5826 qui
959 5757 1127 5809 fracta
1160 5768 1324 5808 manu
1377 5760 1466 5805 aut
1505 5749 1639 5819 pede
1681 5761 1783 5807 est.
1815 5763 1912 5804 nec

323 5851 547 5918 sibiius,
571 5868 671 5910 nec
709 5847 1220 5923 iacielcutiginosa,
1258 5852 1347 5900 aut
1391 5843 1576 5914 glaber
1605 5840 1911 5911 ciliis,item

2013 3235 2315 3306 ἁπλότητα.

2089 3327 2388 3398 Πειρατέον
2415 3327 2865 3397 καταπληκτικὸν
2895 3328 3098 3398 μᾶλλον
3123 3330 3235 3394 τοῖς
3269 3331 3536 3402 ὑπηκόοις
3569 3329 3610 3403 ἢ

2013 3417 2246 3489 φοϐερὸν
2287 3417 2635 3490 θεωρεῖσθαι.
2673 3418 2765 3490 Τῷ
2813 3420 2912 3491 μὲν
2947 3421 3059 3492 γὰρ
3109 3423 3404 3493 σεμνότης,
3437 3422 3516 3494 τῷ
3547 3422 3611 3478 δὲ

2011 3513 2256 3582 ἀπήνεια
2296 3515 2719 3584 παρακολουθεῖ.

2086 3603 2305 3675 Πονηρά
2361 3604 2542 3671 φύσις,
2577 3603 2823 3670 ἐξουσίας
2882 3605 3283 3678 ἐπιλαϐομένη,
3333 3607 3610 3680 δημοσίας

2012 3693 2384 3764 ἀπεργάζεται
2411 3697 2719 3768 συμφοράς.

2084 3785 2220 3840 Τότε
2258 3786 2358 3851 τὰς
2389 3788 2576 3854 πόλεις
2625 3791 2966 3845 ἀπόλλυσθαι
3016 3791 3336 3860 συμϐαίνει,
3367 3795 3499 3848 ὅταν
3533 3795 3613 3866 μὴ

2011 3875 2273 3932 δύνωνται
2305 3877 2356 3931 oi
2408 3878 2740 3952 κρατοῦντες
2767 3882 2893 3946 τοὺς
2931 3879 3170 3950 φαύλους
3201 3884 3264 3936 ἐκ
3294 3885 3403 3937 τῶν
3434 3901 3614 3938 σπου-

2012 3971 2178 4026 δαίων
2211 3973 2533 4044 διακρίνειν.

2097 4063 2427 4135 Ἐπισφαλὲς
2475 4068 2790 4140 μαινομένῳ
2833 4067 3019 4124 δοῦναι
3069 4071 3347 4142 μάχαιραν
3381 4073 3479 4125 καὶ
3513 4088 3616 4142 μο-

2013 4156 2203 4228 χθηρῷ
2231 4157 2488 4224 δύναμιν.

2084 4249 2319 4313 Πλοῦτος
2353 4250 2639 4320 ἀλόγιστος
2690 4256 3018 4326 προσλαϐὼν
3065 4258 3322 4324 ἐξουσίαν
3354 4264 3452 4313 aut
3479 4261 3613 4326 τοὺς

2015 4344 2235 4414 φρονεῖν
2261 4343 2554 4410 δοκοῦντας
2585 4347 2847 4418 ἀνοήτους
2873 4351 3043 4405 ποιεῖ.

2085 4436 2160 4491 Τὸ
2206 4435 2315 4507 γὰρ
2355 4433 2415 4490 εὖ
2448 4439 2715 4510 πράττειν
2750 4442 2904 4511 παρά
2936 4441 3038 4514 τὴν
3071 4444 3230 4510 ἀξίαν
3256 4445 3487 4517 ἀφορμὴ
3511 4444 3612 4500 τοῦ

1945 4535 1987 4586 D
2017 4528 2201 4592 κακῶς
2235 4531 2454 4602 φρονεῖν
2478 4531 2629 4604 παρά
2653 4533 2754 4605 τὴν
2778 4533 2937 4600 ἀξίαν
2964 4537 3201 4605 γίνεται.

2653 4651 2874 4705 ΛΟΓΟΣ
2902 4652 2978 4706 Γ’.

2021 4765 2163 4840 Περὶ
2195 4767 2547 4840 ἐπισκόπων
2581 4765 3012 4840 χρῃστῶνηκαί
3043 4769 3480 4836 φυλαττόντων
3504 4773 3614 4840 τὰς

2095 4837 2348 4903 ἐντολὰς
2378 4837 2487 4891 τοῦ
2533 4837 2711 4891 Θεοῦο
2747 4839 2842 4890 καὶ
2872 4837 2961 4890 ὅτι
2989 4840 3022 4892 ὁ
3073 4841 3302 4906 σεμνὸς
3331 4841 3430 4894 καί
3471 4837 3614 4896 ἀνοεὲ

2096 4909 2398 4981 (tumtunc
2424 4909 2653 4981 τούτων
2677 4908 2820 4975 ,βίος
2859 4909 3166 4978 παίδευμα
3214 4915 3447 4979 γίνεται
3479 4913 3614 4981 τοῖς

2097 4978 2629 5048 ὑποτεταγμένοις.

2090 5086 2426 5160 Μελχισεδὲκ
2488 5091 2746 5162 βασιλεὺς
2800 5092 2994 5163 Σαλὴμ
3043 5092 3350 5164 ἐξήνεγκεν
3406 5098 3610 5170 ἄρτους

2017 5184 2113 5237 καὶ
2167 5181 2311 5240 οἶνον
2358 5185 2436 5256 τῷ
2481 5185 2734 5256 Ἀίραὰμ
2774 5187 2832 5237 ἐν
2883 5187 2961 5256 τῷ
3017 5187 3388 5258 ὑποστρέφειν
3444 5193 3612 5245 αὑτὸν

2018 5279 2125 5331 ἀπὸ
2149 5283 2248 5349 τῆς
2273 5281 2448 5351 κοπῆς
2470 5281 2578 5335 τῶν
2605 5280 2891 5350 βασιλέων.
2925 5275 3034 5335 ἾΙν
3059 5280 3117 5334 δὲ
3143 5283 3327 5352 ἱερεὺς
3347 5285 3441 5339 τοῦ
3469 5285 3607 5341 θεοῦ

2015 5367 2111 5422 τοῦ
2145 5370 2238 5438 ὑψί
2247 5388 2396 5424 στου.

2091 5465 2204 5526 Πᾶς
2237 5464 2524 5538 ἄνθρωπος
2555 5457 2598 5532 ᾧ
2633 5465 2698 5519 ἂν
2731 5463 2764 5541 ᾖ
2800 5466 2995 5535 μῶμος
3021 5469 3077 5522 ὲν
3109 5471 3284 5542 αὑτῷ,
3318 5473 3380 5525 οὑ
3413 5487 3609 5541 1:906:-

2018 5555 2275 5610 λεύσεται
2299 5574 2311 5588 ·
2346 5557 2633 5626 ἄνθρωπος
2665 5560 2942 5633 τυφλὸς,ἢ
2974 5562 3164 5630 χωλὸς,
3197 5564 3227 5633 ἢ
3259 5564 3602 5636 κολοὸὖρριν.

2018 5649 2050 5720 ἢ
2086 5647 2401 5722 ῶτὸτμητος
2520 5652 2806 5722 ἄνθρωπος
2893 5656 2956 5707 iv
3048 5657 3368 5728 σύντριμμα
3397 5658 3604 5728 χειρὸς,

2019 5741 2051 5813 ἢ
2092 5743 2414 5815 σύντριμμα
2449 5745 2631 5812 ποδὸς,
2669 5747 2700 5818 ἢ
2740 5750 2960 5818 κυρτὸς,
2993 5752 3024 5823 ἦ
3074 5751 3300 5821 ἔφηλος,
3339 5753 3371 5823 ἢ
3417 5752 3608 5815 πτιλδς

2020 5837 2143 5902 τοὺς
2170 5836 2482 5907 ὀφθαλμούς
2508 5855 2519 5868 ⁸
2550 5839 2582 5912 ἢ
2615 5840 2902 5914 ἄνθρωπος
2929 5839 2972 5913 ᾧ
3019 5845 3081 5899 ἂν
3174 5847 3231 5900 ἐν
3254 5845 3404 5918 αὐτῷ
3444 5845 3606 5916 ψώρα
