3996 6194
455 275 596 346 tota

1743 283 2067 345 ANTONII
2104 285 2450 349 ΜΕωδεΑι

3579 274 3718 340 ιοιο

451 394 714 452 Dominus
773 393 996 450 familia
1060 408 1195 461 suae,
1236 400 1295 448 ut
1329 408 1431 450 suo
1480 400 1729 462 tempore
1779 393 1870 450 det
1924 394 2019 450 illis

2135 396 2435 468 θεραπείας
2481 393 2676 461 αὑτοῦ,
2708 393 2803 448 τοῦ
2830 392 3019 448 δοῦναι
3067 390 3127 444 ἐν
3170 386 3351 460 καιρῷ
3381 386 3446 442 τδ
3491 388 3719 458 σιτομέ-

446 490 765 545 demensum
800 487 824 541 ἲ
857 484 1059 542 Beatus
1085 501 1278 541 servus
1309 485 1420 552 ille,
1453 500 1617 556 quem
1662 499 1787 541 cum
1818 488 2027 542 venerit

443 579 710 634 Dominus
740 578 883 649 ejus,
915 578 1184 633 invenerit
1244 578 1329 634 sic
1376 579 1688 634 facientem.
1735 576 1871 634 Vere
1899 579 2026 634 dico

442 671 621 735 vobis,
664 685 787 724 eum
824 669 1084 723 omnibus
1110 669 1270 724 bouis
1312 673 1428 725 suis
1454 668 1735 738 przeiiciet.

510 759 674 815 Joan.
698 759 1255 816 nhDixitDominus
1288 760 1482 816 Petro:
1507 760 1719 828 Simon,
1748 762 1821 817 [ili
1849 761 2025 829 Jonze,

443 852 623 921 diligis
654 868 740 908 me
766 853 888 922 plus
922 868 1082 922 quam
1125 852 1225 906 bi?
1261 852 1461 919 Etiam,
1526 853 1725 923 inquit,
1769 855 2016 910 Domine.

442 944 583 999 Tum
625 945 747 999 ille:
782 943 971 1009 Pasce,
1015 943 1212 1013 inquit,
1268 960 1440 1015 agnos
1498 962 1672 1001 meos.
1705 944 1854 1001 Dixit
1889 947 2022 1002 illud

443 1038 636 1091 iterum
665 1052 679 1088 :
721 1034 934 1101 Simon,
967 1036 1044 1090 illi
1076 1035 1247 1101 lunae,
1283 1052 1439 1092 amas
1464 1054 1548 1093 me
1577 1041 1601 1092 ’ί

499 1129 682 1181 Actor.
704 1143 794 1182 xx.
832 1127 1121 1182 Testiiicor
1143 1129 1296 1181 vobis
1322 1131 1549 1197 posthac
1572 1145 1657 1184 me
1683 1129 1802 1185 fore
1825 1145 2020 1200 purum

442 1217 725 1286 sanguinis
760 1226 813 1271 et
849 1217 1055 1285 peccati
1089 1217 1339 1271 omnium
1388 1228 1652 1284 vestrum,
1712 1237 1817 1275 non
1876 1221 2020 1275 enim

454 1309 754 1379 quidquam
806 1308 998 1372 celari,
1022 1308 1153 1377 quin
1187 1308 1343 1363 vobis
1381 1315 1551 1363 totum
1584 1309 1682 1365 Dei
1728 1311 2019 1366 consilium

442 1398 821 1451 enuntiarem.
868 1398 1172 1467 Prospicite
1202 1399 1362 1468 igitur
1395 1400 1547 1456 vobis
1575 1411 1631 1456 et
1682 1405 1784 1456 toti
1843 1401 2019 1473 gregi,

442 1490 597 1557 cujus
621 1505 718 1543 vos
781 1489 1020 1559 Spiritus
1071 1501 1296 1547 sanctus
1340 1492 1521 1548 elfecit
1581 1494 1892 1565 episc0pos,
1964 1505 2023 1548 ut

441 1581 744 1637 Ecciesiam
779 1582 991 1637 Domini
1010 1584 1270 1653 pascatis,
1302 1600 1466 1656 quam
1500 1601 1603 1641 suo
1629 1586 1735 1642 sibi
1754 1587 2024 1658 sanguine

445 1676 764 1744 acquisivit.

2127 505 2313 558 τριον;
2345 487 2632 559 Μακάριος
2652 488 2682 541 ό
2703 484 2886 548 δοῦλος
2915 485 3144 550 ἐκεῖνος,
3171 482 3231 538 ὃν
3259 481 3432 537 ἐλθὼν
3455 483 3487 535 δ
3507 482 3718 552 Κύριος

2127 582 2294 635 αὑτοῦ
2327 581 2556 653 εὑρήσει
2577 579 2839 633 ποιοῦντα
2862 576 3056 640 οὕτως.
3094 574 3354 647 ,Ἃληθῶς
3378 575 3527 643 λέγω
3559 576 3718 644 ὑμῖν,

2125 672 2205 725 ὃτι
2230 674 2320 727 ἐπὶ
2340 673 2473 725 πᾶσι
2490 672 2603 734 τοῖς
2621 671 2958 740 ὑπάρχουσιν
2980 668 3145 723 αὑτοῦ
3165 666 3500 735 καταστήσει
3522 665 3717 720 αὑτόν.

2198 759 2417 818 Εἶπενὸ
2443 762 2648 834 Κύριος
2705 760 2784 832 τῷ
2839 761 3066 832 Πέτρῳ’
3116 758 3300 828 Σίμων
3337 757 3523 821 Ἰωνᾶ,
3580 756 3720 824 ἀγα-

2125 856 2236 926 πᾷς
2296 872 2368 925 με
2404 854 2565 908 πλέον
2627 853 2873 919 τούτων;
2933 852 3099 919 Λέγει
3126 851 3298 920 αὐτῷ,
3333 849 3483 916 Ναὶ,
3513 848 3715 919 Κύριε.

2123 950 2291 1018 Λέγει
2321 947 2495 1016 αὑτῷ,
2524 946 2696 1000 Βόσκε
2721 947 2791 999 τὰ
2822 946 2985 1017 ἀρνία
3012 961 3136 1015 μου.
3167 944 3333 1011 Λέγει
3360 942 3515 1013 αὑτῷ
3547 938 3717 993 πάλιν

2121 1043 2184 1095 τὸ
2212 1042 2496 1112 δεύτερονο
2524 1039 2710 1109 Σίμων
2749 1038 2923 1101 Ἰωνᾶ,
2959 1035 3135 1107 φιλεῖς
3165 1050 3271 1103 μες

2191 1131 2284 1184 Διὸ
2317 1128 2667 1200 μαρτύρομαι
2721 1128 2851 1197 ὑμῖν
2899 1128 2959 1181 ὲν
2990 1128 3056 1196 τῇ
3107 1125 3349 1195 σήμερον
3378 1122 3598 1194 ἡμέρᾳ,
3627 1121 3714 1176 ὅτι

2125 1223 2361 1294 καθαρός
2386 1226 2505 1292 ειμι
2564 1223 2672 1276 ἀπὸ
2729 1219 2825 1274 τοῦ
2858 1220 3093 1290 αἵματος
3150 1218 3371 1271 πάντων
3401 1217 3582 1285 ὑμῶν.
3635 1215 3715 1269 Οὑ

2124 1316 2233 1386 γὰρ
2265 1313 2671 1384 ὑπεστειλάμην
2720 1311 2816 1365 τοῦ
2870 1310 2948 1381 μὴ
2977 1310 3302 1380 ἀναγγεῖλαι
3352 1309 3485 1378 ὑμῖν
3518 1308 3714 1361 πᾶσαν

2124 1411 2222 1482 τὴν
2254 1410 2448 1481 βουλὴν
2497 1409 2593 1462 τοῦ
2625 1408 2785 1462 Θεοῦ.
2850 1408 3155 1477 Προσέχετε
3205 1401 3300 1458 οὖν
3348 1403 3567 1465 ἑαυτοῖς
3616 1403 3716 1454 καὶ

2125 1503 2295 1555 παντὶ
2322 1500 2400 1571 τῷ
2439 1499 2702 1568 ποιμνίῳ,
2749 1499 2810 1550 ὲν
2846 1490 2891 1566 ᾧ
2923 1497 3066 1566 ὑμᾶς
3102 1495 3163 1548 τὸ
3193 1493 3420 1564 Πνεῦμα
3457 1493 3517 1546 τὸ
3549 1493 3716 1560 ἅγιον

2124 1593 2281 1646 ἔθετο
2328 1592 2661 1652 ἐπισκόπους
2712 1589 3022 1660 ποιμαίνειν
3073 1587 3174 1658 τὴν
3207 1586 3542 1657 Ἐκκλησίαν
3615 1584 3716 1638 τοῦ

2123 1684 2353 1754 Κυρίου,
2390 1683 2460 1754 ῆν
2492 1683 2921 1753 περιεποιήσατο
2948 1679 3039 1734 διὰ
3066 1681 3160 1732 τοῦ
3194 1679 3326 1732 ίδῐου
3356 1677 3627 1747 αἵματος.

516 1766 563 1820 1.
601 1768 732 1823 Tim.
760 1784 844 1821 Ill.
876 1768 931 1822 Si
990 1769 1113 1838 quis
1168 1769 1411 1841 episcopi
1462 1771 1703 1827 cilicium
1772 1771 2003 1841 appetit,

2196 1745 2265 1829 liii
2287 1745 2369 1837 τις
2402 1745 2712 1842 ἐπισκοπῆς
2736 1745 3010 1844 ὀρέγεται,
3038 1768 3202 1824 καλοῦ
3227 1769 3393 1840 ἔργον
3416 1745 3714 1837 ἐπιθυμεῖ.

440 1859 729 1913 honestum
765 1874 963 1914 munus
994 1861 1356 1929 concupiscit.
1384 1859 1608 1930 Oportet
1629 1863 1795 1932 igitur
1811 1864 2026 1932 episco-

438 1964 568 2018 pum
600 1949 761 2002 talem
790 1949 1038 2018 esse,qui
1062 1950 1382 2019 reprehendi
1417 1966 1524 2005 non
1560 1953 1751 2022 possit,
1784 1954 2021 2008 sobrium

440 2048 499 2093 et
534 2038 870 2108 vigilantem,
903 2040 1270 2115 moderatum,
1306 2041 1580 2112 hospitum
1611 2044 1936 2107 studiosum,
1957 2045 2024 2098 ad

442 2130 749 2185 docendum
781 2138 990 2200 aptum,
1014 2145 1124 2185 non
1150 2132 1516 2199 vinulentum,
1549 2149 1656 2188 non
1727 2134 2022 2190 violentum

442 2232 496 2277 et
526 2222 875 2292 injuriosum,
904 2222 997 2277 sed
1044 2212 1366 2279 clementem
1399 2234 1453 2280 et
1508 2226 1573 2281 de
1637 2243 1740 2282 suo
1773 2227 1896 2295 jure
1937 2243 2024 2282 ce-

441 2314 687 2382 dentem,
723 2329 831 2370 non
863 2330 1189 2387 pugnacem,
1224 2331 1255 2370 a
1287 2318 1473 2373 studio
1497 2319 1745 2389 pecunia:
1762 2318 2022 2385 alienum,

441 2407 643 2476 quique
665 2406 850 2461 domui
892 2420 1006 2463 suae
1049 2405 1208 2478 134
1253 2407 1390 2465 bene
1415 2410 1620 2478 praesit.
1653 2408 1711 2464 Si
1739 2410 2023 2479 quisenim

439 2496 622 2551 domui
646 2509 757 2551 suae
808 2510 1041 2567 praeesse
1077 2499 1270 2562 nescit,
1314 2512 1423 2568 quo
1457 2497 1674 2554 tandem
1704 2498 1883 2555 modo'
1917 2499 2019 2553 Ec-

439 2588 619 2643 clesiae
662 2585 757 2641 Dei
788 2601 974 2641 curam
1019 2588 1209 2657 geret?
1234 2603 1342 2643 non
1378 2589 1671 2657 novitium,
1698 2605 1767 2645 ne
1801 2588 2024 2644 inﬂatus

437 2687 495 2741 in
528 2679 936 2734 damnationem
965 2678 1189 2735 incidat.
1246 2680 1423 2735 Etiam
1451 2689 1667 2751 oportet
1704 2696 1828 2737 eum
1857 2682 2025 2735 hone-

437 2782 579 2827 stum
638 2772 1011 2827 testimonium
1057 2772 1125 2827 ab
1177 2773 1421 2828 externis
1466 2772 1690 2838 habere,
1721 2782 1780 2828 ut
1834 2788 1906 2830 ue
1939 2774 2014 2844 .in

436 2865 632 2934 probra
666 2874 719 2917 et
756 2862 1010 2933 laqueum
1042 2863 1450 2919 calumniatoris
1482 2862 1707 2920 incidat.

509 2955 536 3008 I
573 2954 711 3007 Tim.
740 2969 792 3006 ν.
831 2952 1024 3010 Manus
1066 2953 1173 3008 cito
1203 2952 1409 3009 nemini
1441 2954 1725 3023 imponito.
1762 2968 1861 3010 nec
1889 2955 2023 3011 alie-

2125 1873 2218 1925 Δεῖ
2232 1865 2326 1926 οῦν
2354 1870 2447 1923 τὸν
2477 1868 2778 1923 ἐπίσκοπον
2811 1867 3179 1937 ἀνεπίληπτον
3232 1859 3399 1929 εἶναι,
3438 1863 3576 1932 μιᾶς
3607 1877 3716 1927 γυ-

2126 1964 2311 2026 ναικὸς
2349 1962 2541 2034 ἄνδρα,
2565 1961 2848 2033 νηφάλιον,
2884 1959 3163 2028 σώφρονα,
3202 1957 3456 2025 κόσμιον,
3487 1951 3716 2023 φιλόξε-

2127 2074 2239 2122 νον,
2269 2056 2604 2119 διδακτικὺν,
2635 2054 2711 2123 μὴ
2759 2054 3038 2121 πάροινον,
3076 2051 3152 2118 μὴ
3188 2048 3462 2116 πλήκτην,
3495 2048 3575 2114 μὴ
3625 2044 3719 2096 αἱ-

2128 2150 2449 2221 σχροκερδῆ,
2472 2147 2585 2200 ἀλλ’
2625 2146 2875 2214 ἐπιεικῆ,
2904 2145 3141 2215 ἄμαχον,
3173 2141 3576 2210 ἀφιλάργυρον,
3610 2135 3714 2189 τοῦ

2130 2241 2260 2293 ἰδίου
2312 2241 2463 2293 ιῐκου
2520 2235 2700 2300 καλῶς
2752 2236 3174 2306 προϊστάμενον,
3203 2233 3367 2285 τέκνα
3401 2230 3599 2299 ἔχοντα
3651 2228 3717 2282 ὲν

2128 2334 2378 2402 ὑποταγῇ
2420 2331 2562 2402 μετὰ
2607 2331 2789 2400 πάσης
2831 2326 3181 2397 σεμνότητος.
3240 2324 3303 2376 Εί
3349 2323 3460 2394 γάρ
3485 2339 3570 2384 τις
3610 2318 3712 2372 τοῦ

2130 2427 2260 2480 ίδίου
2292 2425 2440 2479 οἴκου
2461 2423 2767 2494 προστῆναι
2789 2421 2889 2474 οὐκ
2907 2415 3039 2484 οἶδε,
3063 2417 3178 2480 πῶς
3212 2415 3537 2493 Ἐκκλησία,
3565 2410 3712 2465 Θεοῦ

2127 2518 2564 2588 ὲπιμελήσεταις
2614 2515 2691 2586 μὴ
2725 2513 3008 2583 νεόφυτον,
3059 2511 3150 2565 ἴνα
3179 2509 3259 2580 μὴ
3293 2506 3574 2576 τυφωθεὶς
3628 2506 3714 2568 εἰς

2128 2610 2303 2677 κρίμα
2331 2609 2566 2678 ἐμπέσῃ.
2605 2608 2698 2660 Δεῖ
2733 2606 2790 2659 δὲ
2839 2604 3006 2687 αὑτὸν
3033 2603 3129 2657 καὶ
3164 2600 3476 2672 μαρτυρίαν
3529 2599 3715 2668 καλὴν

2127 2698 2270 2769 ἔχειν
2310 2699 2421 2752 ἀπὸ
2456 2699 2566 2752 τῶν
2604 2697 2829 2764 ἔξωθεν,
2867 2697 2953 2750 ἵνα
2985 2697 3061 2766 μὴ
3106 2695 3188 2759 εἰς
3221 2690 3573 2761 ὀνειδισμοὺς.
3606 2691 3713 2759 ἑμ-

2128 2792 2272 2861 πέσῃ
2302 2792 2398 2845 καὶ
2428 2788 2636 2857 παγίδα
2656 2789 2753 2843 τοῦ
2787 2788 3060 2842 διαὸόλου.

2195 2947 2402 3017 Χεῖρας
2446 2948 2676 3018 ταχέως
2707 2946 2897 3018 μηδενὶ
2954 2943 3207 3009 ἐπιτίθει,
3260 2943 3395 3014 μηδὲ
3448 2941 3707 2996 κοινώνει

437 3058 631 3098 norum
665 3050 1012 3111 peccatorum
1047 3042 1321 3111 particeps
1347 3049 1510 3108 esto;
1546 3042 1776 3110 teipsum
1810 3054 2019 3100 castum

2135 3041 2435 3112 Ξιλλοτρίαις
2470 3039 2787 3112 ἁμαρτίαις.
2819 3039 3054 3094 Σεαυτδν
3086 3038 3248 3106 ἁγνὸν
3284 3037 3463 3107 τήρει.

437 3142 673 3190 servato.

508 3223 617 3280 Tit.
642 3239 681 3277 ι.
719 3223 952 3293 Oportet
988 3222 1302 3291 episcOpum
1338 3221 1499 3276 talem
1527 3237 1674 3288 esse,
1713 3224 1810 3294 qui
1842 3241 2017 3295 neque

435 3314 711 3385 redargui,
736 3327 912 3381 neque
942 3310 1192 3365 convinci
1236 3321 1432 3374 possit,
1501 3323 1761 3381 tanquam
1810 3311 2015 3369 Christi

435 3407 893 3475 dispensatorem,
952 3416 1060 3456 non
1112 3403 1468 3471 pertinacem,
1520 3419 1629 3456 non
1662 3404 2012 3472 iracundum,

440 3513 551 3552 non
589 3496 941 3566 iniuriosum,
973 3509 1080 3549 non
1110 3495 1287 3562 turpis
1357 3492 1495 3547 lucri
1560 3495 1842 3564 cupidum,
1908 3498 2005 3552 sed

442 3588 725 3659 hospitum
753 3596 807 3642 et
836 3586 1255 3657 peregrinorum
1287 3584 1620 3653 studiosum,
1672 3586 1933 3643 bonitatis
1965 3596 2019 3642 ct

437 3677 726 3749 probitatis
745 3684 1043 3739 amantem,
1063 3684 1475 3745 temperantem,
1487 3675 1719 3746 justum,
1741 3688 2016 3747 sanctum,

436 3770 823 3835 continentem,
848 3769 1217 3823 adhaerentem
1275 3765 1418 3821 ﬁdeli
1450 3769 1713 3824 doctrinae
1750 3773 2014 3840 sermoni,

437 3872 498 3917 ut
526 3873 578 3918 et
612 3861 785 3933 possit
809 3877 943 3917 sana
970 3862 1222 3915 doctrina
1261 3858 1567 3927 exhortari,
1622 3870 1677 3917 et
1729 3864 2014 3918 contradi.

438 3961 630 4009 centes
663 3951 1086 4021 reprehendere.

509 4040 539 4095 1
562 4040 709 4096 Petr.
726 4058 778 4096 v.
797 4040 1009 4095 Pascite
1029 4057 1154 4107 eum
1173 4042 1534 4113 cui§praaestis
1549 4043 1754 4100 Christi
1770 4062 2015 4118 gregem,

433 4152 542 4190 non
573 4134 769 4196 coacti,
798 4133 896 4187 sed
926 4133 1188 4197 volentes,
1229 4149 1337 4190 non
1364 4150 1556 4202 avare,
1586 4141 1678 4193 sed
1708 4143 1967 4197 alacriter
1994 4184 2009 4211 ,

433 4238 613 4291 neque
647 4233 905 4292 tanquam
930 4223 1274 4280 dominantes
1308 4226 1362 4279 in
1391 4240 1617 4291 sortem,
1674 4231 1770 4285 sed
1833 4243 2015 4291 estote

433 4314 711 4386 exemplar
731 4313 930 4383 gregis,
992 4324 1204 4371 etcum
1258 4318 1498 4386 prodibit
1548 4332 1829 4390 pastorum
1860 4326 2014 4393 prin-

433 4419 584 4475 ceps,
622 4405 899 4475 recipietis
949 4406 1135 4477 gloriae
1193 4424 1476 4482 coronam,
1541 4429 1663 4485 quae
1727 4432 2010 4488 nunquam
2048 4439 2089 4494 ο

438 4503 767 4551 ιιιαῑιιρεϐει.

505 4585 730 4658 lgnniii.
761 4584 893 4644 Date
921 4603 1144 4649 onerum
1184 4608 1251 4648 ne
1304 4593 1577 4652 resistatis
1618 4597 1903 4671 episcopo,
1957 4611 2017 4659 ut

434 4679 546 4736 Deo
576 4680 970 4750 subilciamini,
1007 4691 1195 4753 etquo
1256 4687 1429 4758 magis
1482 4688 1708 4745 tacitum
1771 4693 2017 4752 videritis

432 4775 766 4844 episcopum,
792 4781 944 4827 tanto
976 4774 1150 4843 magis
1182 4790 1308 4829 eum
1336 4779 1582 4833 nietuite.
1608 4780 2017 4855 Quemcunque

431 4870 576 4924 enim
609 4867 775 4921 mittit
810 4867 1203 4937 paterfamilias
1227 4868 1318 4938 qui
1348 4871 1425 4923 rei
1461 4871 1775 4930 domesticae
1807 4881 2016 4946 praesit,

434 4959 516 5014 sic
547 4959 702 5013 decet
762 4959 1031 5030 excipere,
1065 4969 1124 5014 ut
1148 4975 1273 5015 eum
1330 4961 1509 5032 ipsum
1541 4965 1635 5034 qui
1666 4967 1834 5023 mittit
1869 4985 1882 5022 :
1916 4971 2015 5025 ita-

432 5067 535 5121 que
564 5052 742 5116 decet,
779 5059 839 5105 ut
857 5052 1173 5122 episcopum
1201 5061 1464 5125 tanquam
1502 5053 1794 5113 Dominum
1823 5060 2008 5132 ipsum

433 5144 776 5215 suspiciatis.

502 5236 564 5295 S.
594 5234 806 5290 Basilii.
855 5234 1168 5291 Auctoritas
1214 5235 1461 5293 docentis
1504 5240 1812 5297 orationem
1854 5242 2015 5301 ellicit

439 5336 725 5398 acceptam
757 5341 823 5382 ac
846 5325 1143 5398 discipulos
1178 5327 1354 5382 reddit
1385 5321 1724 5387 attentiores.

503 5505 606 5575 Qui
634 5514 829 5578 praeest
859 5508 978 5563 aliis
1003 5523 1069 5563 ne
1093 5508 1350 5563 eﬂ‘eratur
1383 5508 1668 5578 dignitate,
1700 5524 1767 5563 ne
1798 5514 2011 5567 ainitiat

434 5596 655 5653 humilis
679 5600 848 5654 animi
881 5602 1295 5664 beatitudinem,
1363 5609 1457 5653 aut
1502 5601 1617 5670 ipse
1677 5601 1895 5660 inﬂatus
1954 5610 2008 5659 in

433 5686 940 5746 condemnationem
975 5692 1175 5747 incidat
1211 5692 1432 5746 diaboli.

2195 3222 2285 3272 Δεῖ
2310 3221 2401 3273 τὸν
2432 3220 2731 3274 ἐπίσκοπον
2770 3219 3112 3290 ἀνέγκλητον
3144 3214 3307 3287 εἶναι,
3344 3218 3419 3283 ὡς
3453 3219 3710 3287 Χριστοῦ

2123 3312 2428 3381 οἰκονόμον,
2489 3312 2567 3383 μὴ
2613 3311 2844 3382 αὐθάδη.
2881 3313 2959 3383 μὴ
2997 3310 3237 3381 ὀργίλον,
3276 3311 3354 3382 μὴ
3409 3314 3705 3382 πάροινον,

2128 3406 2203 3472 μὴ
2223 3405 2492 3474 πλήκτην,
2526 3405 2600 3475 μὴ
2632 3405 3020 3475 αἰσχροκερδῆ,
3055 3404 3193 3457 ἀλλὰ
3217 3404 3520 3475 φιλόξενον,
3545 3405 3710 3473 φιλὰ-

2124 3496 2315 3564 γαθον,
2367 3492 2646 3564 σώφρονα,
2681 3496 2918 3562 δίκαιον,
2965 3496 3136 3560 ὅσιον,
3167 3495 3439 3566 ἐγκρατῆ,
3474 3497 3707 3566 ἀντεχό-

2129 3603 2293 3657 μενον
2325 3585 2420 3639 τοῦ
2447 3586 2592 3640 κατὰ
2614 3586 2836 3658 διδαχὴν
2860 3586 3057 3640 πιστοῦ
3084 3587 3270 3656 λόγου,
3300 3587 3389 3640 ἶνα
3417 3588 3514 3640 καὶ
3537 3587 3709 3642 δυνα-

2122 3680 2212 3743 τὸς
2245 3674 2278 3753 ᾖ
2311 3679 2655 3749 παρακαλεῖν
2682 3681 2739 3732 ὲν
2769 3680 2837 3749 τῇ
2876 3677 3202 3750 ὑγιαινούσῃ
3227 3678 3571 3750 διδασκαλίᾳ,
3610 3683 3706 3735 καὶ

2122 3772 2247 3835 τοὺς
2283 3771 2665 3842 ἀντιλέγοντας
2690 3769 2955 3841 ἐλέγχειν.

2192 4041 2520 4112 Ποιμαινετε
2546 4040 2607 4095 τὸ
2632 4042 2691 4097 ὲν
2721 4040 2851 4112 ὑμῖν
2881 4041 3135 4114 ποίμνιον
3177 4042 3271 4097 τοῦ
3310 4044 3578 4115 Χριστοῦ,
3624 4047 3704 4117 μὴ

2120 4133 2502 4200 ἀναγκαστῶς,
2537 4131 2653 4184 ἀλλ’
2680 4132 2969 4197 ἑκουσίως,
2992 4134 3067 4203 μὴ
3095 4136 3529 4206 αίσχροκερδῶς,
3557 4140 3708 4194 ἀλλὰ

2121 4226 2440 4298 προθύμως,
2476 4225 2614 4296 μηδὲ
2663 4226 2738 4289 ὡς
2782 4227 3276 4298 κατακυριεύοντες
3309 4231 3420 4284 τῶν
3447 4231 3700 4302 κλήρων,

2121 4320 2235 4373 ἀλλ’
2262 4320 2337 4383 ὡς
2366 4323 2528 4374 τύποι
2556 4320 2839 4389 γενόμενοι
2868 4320 2962 4374 τοῦ
2992 4323 3246 4393 ποιμνίου
3268 4338 3282 4352 ⁸
3316 4324 3414 4377 καὶ
3438 4327 3707 4393 φανέντος

2121 4409 2214 4464 τοῦ
2247 4411 2665 4483 ἁρχιποιμένος,
2697 4412 2989 4483 κομίσεσθε
3019 4412 3111 4467 τόν
3163 4415 3542 4486 ἀμαράντινον
3577 4420 3708 4474 στέ-

2120 4518 2288 4571 φανον
2320 4502 2418 4572 τῆς
2449 4501 2628 4574 δόξης.

2191 4592 2542 4646 Σπουδάσατε
2581 4592 2659 4665 μὴ
2692 4594 3114 4648 ἀντιτάσσεσθαι
3144 4595 3223 4666 τῷ
3266 4597 3586 4669 ἑπισκόπῳ,
3614 4600 3705 4654 ia

2117 4677 2216 4753 ἦτε
2246 4682 2365 4755 Θεῷ
2389 4685 2841 4754 ὑποτασσόμενοι.
2875 4688 2986 4740 Καὶ
3015 4688 3142 4741 ὅσον
3176 4688 3407 4758 βλέπετε
3457 4691 3705 4758 σιγῶντα

2118 4777 2208 4829 τὸν
2258 4778 2583 4844 ἐπίσκοπον,
2618 4778 2782 4835 πλέον
2824 4779 2987 4833 αὑτὸν
3014 4780 3295 4850 φοῦείσθε.
3350 4781 3542 4836 Πάντα
3591 4786 3704 4855 γὰρ

2117 4868 2178 4924 ὃν
2208 4869 2466 4942 πέμπειό
2505 4871 2894 4943 οἰκοδεσπότης
2947 4874 3027 4936 είς
3061 4872 3202 4929 ίδίαν
3232 4875 3578 4947 οἰκονομίαν,
3610 4877 3705 4928 οὑ-

2116 4979 2223 5023 τως
2252 4961 2336 5015 δεῖ
2388 4964 2538 5033 ἡμᾶς
2570 4964 2736 5019 αὑτὸν
2794 4965 3068 5035 δέχεσθαι,
3100 4966 3175 5029 ὡς
3209 4967 3379 5022 αὑτὸν
3432 4968 3526 5020 τὸν
3556 4968 3701 5036 πέμο

2117 5070 2312 5110 ποντα.
2341 5056 2445 5110 Τὸν
2472 5053 2566 5111 οὖν
2595 5058 2892 5114 ἐπίσκοπον
2938 5058 3014 5124 ὡς
3038 5059 3202 5114 αὑτὸν
3243 5060 3338 5115 τὸν
3368 5061 3581 5134 Κύριον
3615 5060 3701 5115 δεῖ

2117 5148 2463 5219 προὸλέπειν.

2200 5239 2542 5309 Ἀξιοπιστία
2591 5242 2687 5298 τοῦ
2734 5243 3077 5310 διδάσκοντος
3125 5246 3540 5316 εὑπαράδεκτον
3598 5249 3700 5318 μιν

2114 5333 2209 5386 τὸν
2241 5333 2396 5402 λόγον
2428 5335 2742 5406 καθίστησι,
2772 5339 3239 5411 προσεχεστέρους
3268 5339 3328 5394 δὲ
3358 5341 3488 5406 τοὺς
3516 5344 3695 5414 μαθη-

2115 5426 2441 5494 τευομένους
2463 5430 2895 5497 παρασκευάζει.

2191 5516 2295 5569 Τὸν
2364 5519 2684 5587 προεστῶτα
2742 5520 2818 5590 μὴ
2866 5520 3145 5591 ὲπαιρέτω
3197 5523 3260 5577 τὸ
3312 5524 3555 5596 ἀξίωμα,
3612 5527 3696 5580 ἵνα

2119 5609 2196 5678 μὴ
2230 5609 2443 5683 ἐκπέσῃ
2469 5609 2563 5664 τοῦ
2594 5615 2948 5685 μακαρισμοῦ
2975 5616 3076 5683 τῆς
3099 5620 3627 5690 ταπεινοφροσύνης,
3660 5618 3692 5689 ἦ

2118 5701 2210 5757 καὶ
2247 5702 2404 5768 αὐτὸς
2437 5703 2706 5775 τυφωθεὶς
2735 5707 2812 5774 είς
2847 5708 3016 5780 κρίμα
3050 5711 3267 5783 ἐμπέσῃ
3287 5708 3381 5763 τοῦ
3417 5702 3692 5768 διαϐόλου.
