3996 6194
306 311 444 374 101³1

1128 309 1292 371 LOCI
1336 307 1782 370 COMMUNES.
1812 337 1879 344 -—
1930 307 2126 368 PARS
2159 307 2243 370 II.
2271 308 2527 370 SERMO
2569 311 2685 371 III.

3425 307 3559 373 1013

376 422 437 478 ⁵0
467 441 565 493 την
622 436 808 494 κοινην
840 423 1097 494 φροντίδα
1132 424 1589 492 πεπιστευμένος,
1613 422 1687 486 ὡς
1726 420 1877 489 ὀφεί-
1906 477 1908 483 λ

2049 419 2150 474 Cui
2190 436 2321 475 cura
2356 424 2661 477 communis
2709 423 2912 478 credita
2952 433 3056 486 est,
3119 423 3165 478 is
3187 424 3342 494 quasi
3377 424 3563 479 delu-at
3605 490 3609 495 _

290 519 404 571 λων
432 517 588 584 λόγον
619 513 800 569 δοῦναι
838 516 966 587 περὶ
992 516 1221 570 ἑκάστου
1252 516 1361 570 τῶν
1388 515 1861 584 πεπιστευμένων,

290 605 465 669 οὔτως
493 606 808 663 διακείσθω.

363 697 555 760 Οὐδείς
614 699 672 751 ἐν
713 697 983 766 ἐπισκοπῇ
1025 693 1098 748 ὢν
1151 695 1494 765 ἐγκαλεῖται,
1559 696 1613 750 εἴ
1640 713 1692 749 τι
1727 699 1870 750 κατά

292 787 621 859 ἀδιαφορίαν
645 788 703 840 ὲν
729 785 807 857 τῷ
831 784 1005 856 λαῖκῷ
1027 783 1474 858 ἀπαρατηρήτως
1498 785 1759 856 ἔγραψεν.

359 969 510 1040 Ᾱῦτη
544 986 635 1039 μοι
669 968 921 1038 φαίνεται
953 964 1031 1039 τῷ
1055 969 1168 1023 ὄντι
1193 969 1354 1039 τέχνη
1389 986 1473 1031 τις
1497 960 1638 1021 εἶναι
1664 967 1869 1036 τεχνῶν

289 1062 386 1116 καὶ
414 1063 691 1131 ἐπιστήμη
717 1058 1060 1131 ἐπιστημῶν,
1099 1059 1386 1130 ἄνθρωπον
1426 1060 1582 1130 ἄγειν
1611 1060 1671 1112 τὸ
1700 1061 1869 1114 πολυ-

193 1187 209 1213 κ
289 1155 640 1225 τρεπὼτατον
669 1155 808 1220 ζῶον
839 1157 930 1208 καὶ
963 1155 1380 1208 ποικιλώτατον.

365 1249 578 1318 Ὠσπερ
608 1252 720 1311 τοῖς
765 1249 1012 1318 σώμασιν
1059 1249 1120 1300 ού
1152 1248 1250 1312 τὴν
1291 1247 1465 1316 αὐτὴν
1518 1245 1872 1316 φαρμακείαν

288 1339 695 1410 προσφέρονται
730 1336 989 1401 ἅπαντες,
1018 1339 1168 1393 ἄλλοι
1200 1339 1256 1392 δὲ
1285 1340 1476 1406 ἄλλην,
1513 1341 1546 1410 ἣ
1585 1338 1872 1394 εύικτοῦν-

287 1451 382 1494 τες
435 1432 467 1503 ἢ
523 1433 850 1500 κάμνοντες,
913 1430 1057 1485 οῦτω
1106 1431 1200 1484 καὶ
1253 1431 1351 1495 τὰς
1399 1433 1577 1502 ψυχὰς
1627 1432 1871 1501 διαφόρῳ

288 1525 437 1594 λόγῳ
485 1524 581 1576 καὶ
638 1525 832 1592 ἀγωγῇ
889 1523 1274 1592 θερατευτέον.
1333 1523 1628 1594 Μάρτυρες
1660 1523 1717 1576 δὲ
1775 1523 1874 1590 τῆς

290 1616 613 1686 θεραπείας,
649 1609 723 1667 ὧν
757 1617 848 1668 καὶ
877 1616 944 1669 τά
967 1615 1139 1684 πάθη.
1168 1615 1306 1678 Τοὺς
1339 1615 1440 1684 μὲν
1471 1615 1578 1684 γὰρ
1605 1614 1762 1682 ἄγειν
1784 1613 1870 1666 λό-

288 1725 411 1780 γος,
443 1710 488 1761 οἱ
522 1708 578 1760 δὲ
617 1708 972 1778 ῥυθμίζονται
1022 1707 1490 1777 παραδείγμασιν.
1522 1706 1586 1759 Οἱ
1618 1707 1715 1776 μὲν
1733 1705 1876 1758 δέον-

1981 513 2247 566 rationem
2285 513 2512 568 reddere
2563 514 2631 569 de
2677 515 2905 582 singulis
2955 515 3202 583 creditis,
3233 518 3303 570 ita
3344 515 3564 571 allectus

1993 613 2131 660 esto.

2051 697 2324 767 Theologi.
2376 696 2571 754 Nullus
2614 700 2856 770 episcopi
2915 717 3143 756 munere
3196 683 3425 771 l’unéens
3474 717 3566 755 re-

1977 791 2351 860 prehenditur,
2394 791 2440 846 si
2481 791 2609 861 quid
2662 793 2712 844 in
2765 794 2928 848 rebus
2983 795 3414 850 indiﬂ‘erentibus
3485 795 3562 864 (in

1981 882 2229 936 oratione
2264 882 2534 953 populari)
2595 882 2996 938 inconsiderate
3051 886 3349 954 scripserit.

2055 971 2187 1028 llam
2227 973 2364 1028 mihi
2395 974 2608 1029 videtur
2651 991 2770 1030 esse
2825 991 2914 1029 ars
2965 978 3208 1046 quazdam
3262 977 3455 1030 artium
3513 983 3565 1029 et

1977 1066 2208 1120 scientia
2235 1066 2614 1131 scienti-trum,
2643 1067 2926 1121 hominem
2964 1067 3412 1122 versutissimum
3441 1081 3563 1120 om-

1978 1155 2128 1208 nium
2159 1157 2475 1209 animalium
2502 1172 2564 1210 ac
2589 1157 2822 1211 maxime
2878 1158 3090 1211 varium
3137 1174 3344 1225 regere.

2050 1242 2120 1299 Ut
2156 1246 2480 1314 corporibus
2506 1262 2610 1301 non
2649 1249 2788 1300 idem
2821 1250 3278 1304 medicamentum
3305 1251 3567 1307 adhibvnt

1979 1351 2192 1403 omnes,
2221 1337 2312 1391 sed
2355 1338 2446 1392 alii
2471 1337 2638 1405 aliud,
2662 1341 2775 1394 sive
2797 1341 3037 1399 valentes
3061 1342 3174 1395 sive
3216 1350 3562 1412 aeglotantes,

1979 1428 2059 1482 sic
2089 1438 2142 1483 et
2169 1431 2382 1483 animas
2416 1430 2632 1484 diversa
2665 1432 2877 1486 ratione
2935 1443 2988 1486 et
3013 1433 3360 1489 institutione
3397 1451 3563 1490 cura-

1982 1519 2185 1586 bimus,
2222 1529 2386 1591 atque
2411 1523 2573 1593 hujus
2605 1524 2907 1578 curationis
2973 1533 3142 1580 testes
3177 1535 3307 1580 sunt
3358 1528 3449 1596 qui
3509 1536 3566 1582 et

1982 1615 2490 1681 perturbationibus
2529 1615 2696 1670 animi
2748 1615 3089 1670 adiciuntur.
3117 1617 3269 1671 Alios
3294 1619 3438 1670 enim
3464 1617 3565 1671 du-

1983 1705 2058 1758 cit
2097 1707 2296 1773 oratio,
2335 1707 2424 1760 alii
2452 1708 2717 1776 exemplis
2750 1708 3026 1762 ducumur
3057 1707 3214 1777 135
3274 1717 3328 1762 ct
3384 1708 3562 1762 corri-

288 1815 383 1853 ται
409 1799 662 1869 κέντρου,
698 1797 748 1850 οί
789 1797 845 1850 δὲ
873 1796 1116 1866 χαλινοῦ.
1145 1798 1208 1849 Οί
1261 1796 1360 1866 μὲν
1403 1795 1511 1863 γάρ
1541 1794 1648 1846 είσι
1678 1791 1872 1856 νωθεῖς

2021 1809 2224 1864 untur;
2255 1799 2342 1853 alii
2381 1800 2606 1864 calcari,
2628 1799 2721 1852 alii
2748 1800 2899 1852 l’reno
2932 1810 3090 1866 egent
3115 1815 3130 1863 ;
3151 1799 3244 1851 alii
3267 1800 3413 1852 enim
3439 1809 3567 1852 sunt

291 1894 388 1946 καὶ
415 1891 729 1959 δυσκίνητοι
758 1890 894 1960 πρὸς
921 1889 980 1941 τὸ
1027 1889 1211 1949 καλὸν,
1250 1889 1298 1939 οί
1329 1885 1383 1939 δὲ
1421 1884 1742 1954 θερμότεροι
1775 1883 1868 1936 τοῦ

299 1983 500 2052 μέτρου
529 1981 622 2034 καὶ
651 1977 1010 2033 δυσκάθεκτοι
1033 1979 1152 2041 ταῖς
1182 1979 1401 2049 ὁρμαῖς,
1428 1977 1682 2044 καθάπερ
1702 1974 1874 2027 πῶλοι

290 2076 532 2142 γενναῖοι
568 2072 758 2142 πόῤῥω
816 2071 912 2140 τῆς
967 2069 1169 2138 νύσσης
1219 2069 1455 2131 θέοντες,
1489 2066 1583 2127 οὒς
1632 2067 1875 2136 βελτίους

295 2163 365 2218 διν
391 2163 671 2234 ποιήσειεν
705 2161 944 2231 ἐλέγχων
979 2161 1075 2214 καὶ
1100 2161 1423 2214 ἀνακόπτων
1455 2162 1481 2213 ὁ
1513 2159 1696 2228 λόγος.

369 2333 540 2402 Οὗτος
565 2340 690 2411 ὄρος
722 2340 906 2408 πάσης
934 2333 1317 2408 πνευματικῆς
1362 2336 1702 2406 προστασίας
1743 2352 1879 2389 παν-

296 2433 462 2503 ταχοῦ
493 2433 552 2484 τὸ
595 2430 718 2484 καθ’
763 2430 956 2485 ἑαυτὸν
987 2426 1238 2499 παρορᾷν
1270 2431 1406 2498 πρδς
1459 2429 1520 2478 τὸ
1549 2428 1657 2480 τῶν
1699 2429 1878 2482 ἄλλων

303 2542 371 2578 συ
381 2508 608 2595 μφέρον.

375 2616 591 2669 Παίδων
627 2613 909 2686 φείδεσθαι
947 2609 1215 2683 πατρικὸς
1250 2611 1436 2678 νόμος.

373 2704 528 2774 Μήτε
562 2704 659 2773 τῆς
682 2705 741 2755 οὐ
776 2701 1069 2771 διδομένης
1095 2699 1347 2767 ἐφίεσθαι
1379 2698 1486 2770 χρὴ
1521 2697 1879 2769 προστασίας,

307 2797 446 2868 μήτε
495 2795 830 2848 ἀπωθεῖσθαι
875 2793 975 2863 τὴν
1012 2790 1317 2864 διδομένην.
1350 2790 1423 2845 Τὸ
1468 2790 1569 2860 μὲν
1598 2792 1706 2862 γάρ
1734 2792 1882 2845 ἐστιν

306 2908 576 2979 θρασέων,
621 2909 684 2961 τὸ
730 2906 786 2960 δὲ
840 2905 1106 2971 ἀπειθῶν,
1163 2904 1258 2959 καὶ
1315 2901 1660 2957 ἀπαιδεύτων
1704 2901 1886 2972 ἀμφόο

305 3019 462 3074 τερα.

379 3090 475 3156 Οἷς
493 3091 562 3145 τὰ
599 3088 832 3160 μέγιστα
859 3091 914 3140 ὲν
945 3087 1124 3159 χερσὶ,
1154 3088 1248 3139 καὶ
1275 3086 1334 3138 ἐν
1357 3079 1435 3148 οἷς
1463 3085 1523 3137 τὸ
1553 3086 1662 3139 πᾶν
1687 3085 1886 3139 ταλαν-

1980 1903 2181 1958 segnes
2213 1901 2264 1943 et
2291 1889 2588 1944 difﬁciliter
2618 1891 2684 1945 ad
2708 1892 2934 1945 honesta
2993 1891 3314 1956 incitantur,
3347 1889 3439 1942 alii
3468 1905 3566 1944 stt-

1982 1996 2076 2051 pra
2111 1981 2330 2035 modum
2377 1983 2574 2047 calent,
2613 1983 2773 2037 etiam
2813 1982 3236 2051 appetitiouibus
3264 1980 3565 2048 el'frenatis,

1983 2071 2444 2142 quemadmodum
2480 2075 2729 2144 generosi
2769 2075 2897 2144 equi
2928 2074 3070 2128 ultra
3101 2083 3302 2128 metam
3336 2087 3566 2126 curren-

1984 2173 2089 2228 tes,
2113 2179 2251 2234 qu0s
2287 2166 2539 2222 meliores
2571 2167 2792 2232 eﬂicias,
2821 2167 2868 2221 si
2895 2166 3078 2222 verbis
3106 2166 3468 2236 reprehendas
3503 2179 3568 2219 ac

1985 2266 2132 2312 retro
2163 2258 2430 2313 inhibens.

2059 2349 2157 2404 llic
2195 2359 2280 2406 est
2310 2351 2575 2406 terminus
2615 2350 2861 2420 cujusvis
2900 2350 3164 2418 spiritalis
3205 2351 3563 2418 praefectum,

1988 2438 2191 2508 ubique
2223 2454 2322 2495 sua
2359 2439 2628 2509 negligere
2651 2441 2716 2493 ad
2748 2440 2979 2494 aliorum
3011 2441 3321 2496 utilitatem.

2061 2619 2277 2676 Liberis
2308 2635 2532 2690 parcere
2558 2629 2772 2689 patrum
2805 2628 2890 2676 est
2910 2620 2994 2674 lex
3021 2627 3074 2675 et
3099 2620 3462 2677 consuetudo.

2059 2712 2248 2783 Neque
2274 2729 2393 2768 eam
2424 2729 2548 2783 quae
2578 2727 2685 2767 non
2715 2713 2877 2767 datur
2910 2711 3229 2782 praefectura
3289 2727 3566 2783 appetere,

1999 2821 2171 2876 neque
2191 2820 2310 2860 eam
2340 2820 2460 2874 quze
2508 2805 2666 2858 datur
2717 2804 3006 2874 repudiare
3062 2803 3326 2860 debemus
3357 2844 3373 2860 .
3424 2805 3561 2859 illud

1991 2908 2076 2954 est
2101 2898 2245 2952 enim
2283 2898 2598 2962 audacium,
2633 2897 2738 2952 hoc
2767 2912 2899 2951 vero
2938 2895 3224 2952 rebellium
3271 2905 3326 2951 et
3375 2906 3567 2951 contu-

1994 2986 2255 3049 macium,
2287 2995 2582 3056 utrumque
2611 2984 2994 3041 indoctorum.

2067 3081 2171 3148 Qui
2204 3095 2292 3136 res
2318 3079 2584 3134 maximas
2613 3087 2870 3144 tractant,
2888 3079 3093 3149 quique
3110 3093 3289 3134 rerum
3305 3093 3569 3134 summam

304 3184 547 3250 τεύεται,
579 3182 792 3245 τούτοις
817 3180 1053 3252 μάλιστα
1087 3178 1438 3250 φροντιστέον
1464 3178 1625 3244 Θεοῦ,
1657 3177 1751 3231 καὶ
1785 3178 1883 3246 τῆς

2021 3181 2182 3226 enent
2241 3180 2295 3226 et
2347 3181 2616 3241 tanquam
2679 3171 2920 3240 pondere
2967 3170 3188 3235 librant,
3241 3171 3277 3224 ii
3337 3170 3572 3224 maxime

306 3275 561 3331 ιντεῦθεν
592 3275 938 3342 ἐπικουρίας.

376 3367 549 3421 Οὐδὲν
605 3365 748 3418 οὕτω
781 3363 959 3418 πείθει
1003 3364 1130 3426 τοὺς
1189 3361 1439 3428 πολλοὺς,
1486 3362 1562 3426 ὼς
1611 3359 1815 3431 πρᾶξις
1852 3361 1885 3432 ή

312 3457 580 3510 σιωπῶσα
606 3454 954 3526 παραίνεσιν.

384 3548 575 3618 Τροφὴ
610 3550 704 3601 καὶ
727 3547 823 3602 τοῦ
859 3547 1154 3618 τρέφοντός
1185 3549 1334 3600 ἐστιν
1363 3548 1396 3617 ἡ
1429 3546 1649 3613 δίδαξις.

386 3643 644 3712 Τοσούτῳ
688 3641 964 3713 ἀνώτερον
999 3641 1276 3711 βασιλείας
1310 3640 1544 3708 ἕστηκεν
1592 3636 1886 3708 ἱερωσύνη,

313 3737 440 3790 ὅσον
479 3735 790 3805 πνεύματος
816 3736 911 3789 καὶ
942 3735 1144 3804 σαρκὸς
1179 3735 1240 3786 τὸ
1270 3733 1458 3802 μέσον.

389 3915 601 3983 Πολλὴν
632 3914 734 3984 μὲν
764 3914 861 3985 τὴν
903 3914 1141 3976 σύνεσιν,
1176 3911 1377 3982 πολλὴν
1403 3909 1462 3964 δὲ
1491 3910 1597 3980 πρὸ
1627 3910 1722 3978 τῆς
1768 3927 1894 3962 συν-

317 4008 488 4072 έσεως
510 4009 606 4078 τὴν
641 4010 793 4078 παρά
822 4007 912 4060 τοῦ
945 4007 1081 4060 Θεοῦ
1121 4007 1305 4077 χάριν,
1351 4004 1448 4059 καὶ
1474 4004 1691 4072 τρόπων
1741 4002 1896 4072 ὀρθό-

316 4119 480 4166 τητα,
521 4103 612 4154 καὶ
637 4101 986 4172 καθαρότητα
1016 4100 1155 4163 βίου,
1181 4099 1276 4152 καὶ
1305 4098 1532 4168 μείζονα
1565 4096 1596 4166 ἢ
1631 4094 1771 4148 κατὰ
1801 4093 1897 4148 ἄν-

1988 3266 2158 3321 Deum
2177 3278 2374 3318 curare
2403 3270 2458 3319 et
2497 3263 2568 3318 ab
2609 3264 2702 3318 illo
2738 3261 3001 3316 auxilium
3033 3271 3216 3331 petere
3245 3262 3462 3316 debent.

2059 3353 2205 3409 Nihil
2238 3364 2346 3409 tam
2383 3364 2565 3410 movet
2588 3354 2803 3426 vulgus,
2844 3360 3008 3424 atque
3037 3352 3182 3407 actio
3237 3365 3360 3422 quae
3382 3361 3467 3406 est
3489 3358 3573 3405 ta-

1990 3449 2096 3503 cita
2139 3447 2468 3502 admonitio.
3079 3498 3087 3505 .

2063 3539 2397 3593 Alimentnm
2433 3537 2598 3591 etiam
2625 3537 2824 3592 alentis
2864 3545 2949 3592 est
2977 3537 3249 3592 doctrina.

2061 3628 2411 3699 S.Cltrysoat.
2449 3596 2630 3681 ί[ιιιιιο
2674 3635 2756 3680 est
2805 3626 3059 3695 superius
3103 3641 3271 3695 regno
3319 3628 3574 3683 sacerdo-

1996 3722 2155 3786 tium,
2181 3730 2442 3790 quantum
2479 3727 2564 3775 est
2613 3717 2756 3774 inter
2788 3717 3040 3786 spiritum
3071 3726 3125 3772 et
3161 3731 3377 3772 carnem
3400 3719 3574 3775 inter-

1993 3811 2221 3867 vallum.

2064 3901 2183 3956 Non
2219 3901 2397 3958 solum
2421 3898 2798 3970 sagacitatem,
2835 3898 2926 3953 sed
2941 3897 3103 3953 etiam
3127 3907 3287 3953 antea
3311 3913 3568 3968 magnam

1996 4013 2026 4053 a
2054 3996 2162 4051 Deo
2187 3995 2416 4066 gratiam
2456 3993 2688 4062 vitaeque
2720 4007 2902 4048 mores
2945 4002 3123 4047 rectos
3159 4002 3216 4047 et
3246 4007 3440 4061 puros,
3509 4009 3577 4048 ae

1996 4089 2252 4143 virtutem
2287 4086 2582 4139 humanam
2629 4084 2890 4154 majorem
2947 4083 3145 4138 habere
3205 4086 3363 4140 decet
3415 4100 3562 4150 eum,

319 4196 540 4266 θρωπον
591 4194 736 4264 ἔχειν
780 4195 863 4247 δεῖ
907 4193 1006 4263 τὴν
1052 4194 1275 4264 ἀρετὴν,
1303 4191 1396 4245 τὸν
1447 4189 1546 4261 τῆς
1598 4186 1896 4260 ἱερωσύνης

2021 4181 2094 4252 lui
2125 4177 2415 4236 sacerdotii
2449 4191 2637 4232 curant
2684 4176 2939 4246 suscipit.

321 4284 720 4354 ἀναδεχόμενον
750 4284 850 4353 τὴν
876 4280 1158 4351 φροντίδα.

393 4375 517 4430 Τῶν
546 4376 783 4429 ἀκτίνων
819 4374 998 4428 αὐτῶν
1023 4375 1416 4444 καθαρωτέραν
1445 4371 1542 4426 τοῦ
1574 4367 1765 4440 ίερέως
1797 4364 1896 4436 τὴν

319 4467 504 4539 ψυχὴν
541 4459 680 4519 εἶναι
713 4465 814 4517 δεῖ.

392 4560 576 4621 Μέσος
623 4557 721 4610 τοῦ
750 4556 888 4610 Θεοῦ
921 4559 1015 4612 καὶ
1061 4557 1160 4626 τῆς
1189 4555 1299 4610 τῶν
1331 4554 1638 4627 ἀνθρώπων
1680 4553 1899 4625 φύσεως

2070 4356 2256 4412 Radiis
2279 4355 2414 4426 ipsis
2439 4355 2629 4427 purior
2662 4367 2786 4410 esse
2834 4353 2992 4409 debet
3058 4353 3244 4408 anima
3312 4355 3576 4411 εοοετιιοδ-

1931 4475 1976 4530 D
2004 4449 2096 4506 tis.

2073 4539 2282 4596 Medius
2316 4541 2456 4594 inter
2490 4537 2659 4593 Deum
2688 4546 2745 4594 et
2775 4536 3054 4620 hominum
3076 4546 3328 4593 naturam
3356 4547 3464 4594 stat
3490 4553 3580 4592 sa-

321 4653 555 4720 ἔστηκεν
579 4650 608 4702 ὁ
662 4649 860 4720 ίερεὺς,
885 4649 982 4711 τὰς
1024 4648 1234 4701 ἐκεῖθεν
1262 4649 1426 4714 τιμὰς
1456 4646 1713 4714 κατάγων
1762 4644 1901 4716 πρὸς

2021 4633 2222 4696 :erdos,
2249 4628 2514 4684 beneﬁcia
2545 4628 2695 4683 illinc
2740 4629 2806 4683 ad
2877 4642 2980 4683 nos
3009 4627 3306 4694 deducens,
3365 4640 3419 4682 et
3448 4644 3580 4698 sup-

321 4745 495 4815 ήμᾶς,
533 4741 627 4796 καί⁸
659 4741 756 4803 τάς
790 4739 926 4812 παρ’
960 4741 1120 4810 ἡμῶν
1173 4738 1456 4808 ἱκετηρίας
1501 4740 1726 4806 ἀνάγων
1757 4737 1900 4792 ικεῖ.

401 4835 610 4904 Πολλῆς
642 4835 741 4902 τῆς
787 4834 843 4884 ὲν
885 4831 964 4901 τῷ
998 4831 1178 4899 λέγειν
1213 4829 1497 4899 δυνάμεως
1527 4831 1686 4899 χρεία
1719 4828 1795 4896 τῷ
1825 4829 1902 4880 ίε-

2006 4725 2174 4795 plices
2208 4730 2426 4778 nostras
2467 4719 2864 4788 postulationes
2902 4719 3030 4775 illuc
3067 4719 3400 4774 subduceris.

2080 4813 2502 4885 Magnadicendi
2536 4813 2792 4868 facultate
2825 4813 3092 4867 sacerdoti
3124 4821 3208 4866 est
3231 4826 3391 4880 opus,
3418 4813 3583 4884 quin-

325 4928 433 4998 ρεῖ.
478 4923 640 4978 Ἀλλὰ.
676 4923 771 4976 καὶ
803 4923 1009 4993 σφόδρα
1050 4921 1316 4993 ἔμπειρον
1356 4914 1500 4974 εἶναι
1531 4915 1613 4973 δεῖ
1645 4919 1748 4988 τῆς
1790 4917 1908 4971 δια-ι

2021 4907 2168 4962 atiam
2231 4905 2544 4960 dialectices
2569 4904 2722 4959 valde
2753 4905 2991 4975 peritum
3015 4916 3138 4958 esse
3165 4911 3401 4972 oportet.

323 5015 613 5084 λεκτικῆς.

399 5107 494 5176 Μὴ
521 5105 676 5175 ζήτει
728 5101 982 5173 γενέσθαι
1009 5101 1224 5173 κριτὴς,
1259 5100 1307 5152 εί
1351 5100 1431 5170 μὴ
1460 5096 1669 5168 ίσχύεις
1711 5096 1906 5166 ἐξᾶραι

329 5200 583 5255 ἀδικίαν.

406 5291 499 5360 Μὴ
535 5289 689 5360 ζήτει
721 5285 984 5356 γενέσθαι
1009 5283 1352 5346 διδάσκαλος,
1385 5281 1434 5334 εί
1458 5281 1557 5350 τῆς
1603 5280 1696 5334 τοῦ
1728 5277 1911 5349 πράγ-

337 5399 510 5456 ματος
561 5382 764 5454 ἀρετῆς
813 5381 1063 5450 ἀπέχεις,
1097 5377 1234 5432 ἀλλά
1285 5375 1575 5445 ἑλκόμενος
1631 5371 1908 5442 ἀποπήδα.

427 5476 805 5530 Ἐπικίνδυνον
829 5473 938 5543 γὰρ
960 5473 1051 5526 τὸν
1091 5470 1166 5541 μὴ
1192 5468 1280 5522 διὰ
1313 5468 1408 5521 τοῦ
1448 5463 1753 5537 πρακτικοῦ
1787 5464 1906 5534 βίου

343 5566 648 5638 ἀναχθέντα
677 5564 951 5617 διδάσκειν
993 5560 1321 5629 ἐπιχειρεῖν.

414 5660 476 5714 Οἱ
508 5659 608 5727 μὲν
637 5657 744 5724 γὰρ
801 5655 949 5707 ἄλλοι
993 5654 1260 5722 μυριάκις
1311 5649 1621 5709 πίπτοντες,
1663 5643 1914 5699 δύνανται

2079 5087 2249 5142 Eccli.
2284 5101 2380 5141 vn.
2417 5085 2536 5140 Noli
2565 5085 2679 5142 lieri
2708 5085 2902 5157 judex,
2937 5085 2982 5142 si
3029 5083 3352 5154 iniustitiam
3397 5083 3585 5140 tollere

2012 5195 2119 5234 non
2153 5189 2328 5247 potes.

2083 5272 2204 5326 Noli
2241 5287 2361 5328 csse
2380 5270 2592 5338 doctor,
2615 5271 2662 5327 si
2691 5285 2721 5326 a
2757 5271 2836 5327 rei
2877 5271 3076 5327 virtute
3102 5271 3255 5336 abes,
3288 5267 3385 5324 sed
3413 5268 3578 5322 etiam

2013 5365 2062 5422 si
2089 5365 2326 5420 traharis
2357 5364 2588 5419 resilito.

2085 5457 2464 5513 Periculosum
2491 5464 2726 5512 estequ
2766 5454 2859 5524 qui
2886 5470 2992 5508 non
3035 5453 3107 5507 sit
3165 5452 3218 5506 in
3248 5465 3430 5505 rerum
3491 5463 3585 5504 ac-

2017 5547 2165 5605 tione
2207 5556 2480 5610 versatus,
2515 5544 2745 5600 docendi
2782 5559 2983 5597 munus
3025 5540 3326 5609 suscipere.

2091 5641 2207 5697 Etsi
2247 5643 2392 5696 enim
2418 5640 2510 5694 alii
2552 5638 2750 5692 millies
2801 5636 3072 5698 labantur,
3145 5639 3374 5701 possunt
3404 5638 3584 5685 tamen

347 5755 530 5824 τυχεῖν
560 5746 886 5820 συγγ·,ὡμης
905 5763 916 5777 ·
955 5749 982 5800 ὁ
1011 5745 1065 5800 δὲ
1089 5743 1403 5806 διδάσκαλος
1435 5741 1530 5796 ἐὰν
1555 5737 1710 5794 τοῦτο
1744 5739 1908 5808 πάθῃ,

2021 5736 2235 5797 veniam
2274 5738 2568 5806 impetrare
2599 5750 2611 5786 :
2649 5740 2704 5786 at
2737 5730 2928 5784 doctor
2958 5728 3006 5784 si
3035 5727 3176 5783 istud
3232 5727 3282 5783 ci
3305 5726 3589 5794 acciderit,
