3976 6214
136 250 296 315 1025
942 254 1113 316 LOCI
1153 254 1695 317 COMMUNES.—
1735 254 1741 316 ξ

1862 248 1955 315 ιε.
2001 252 2083 314 Π.
2126 251 2385 313 SEBMO
2420 252 2526 312 ιν.
3256 246 3391 307 1026

210 363 352 417 Οὐαὶ
381 362 536 431 ὑμῖν,
573 363 931 434 Γραμματεῐς
966 365 1060 419 καὶ
1083 366 1374 435 Φαρισαῖοι
1408 362 1724 431 ὑποκριταὶ,

1898 361 2042 416 Ibid.
2102 359 2194 417 Va:
2243 361 2418 425 vobis,
2481 360 2685 417 Setibtl'
2718 365 2774 415 et
2822 352 3077 412 Pharisaei
3138 351 3400 416 simulati,

114 454 220 507 ὅτι
292 454 698 522 παρομοιάζετε
756 456 946 524 τάφοις
1003 454 1464 524 κεκονιαμένοιςο
1520 454 1718 517 οἵτινες

1862 460 2113 521 ropterea
2167 449 2310 519 quod
2388 450 2595 504 similes
2649 448 2781 505 estis
2837 444 3101 517 sepulcris
3174 443 3404 498 tectorio

117 544 339 609 ἔξωθεν
372 544 471 614 μὲν
502 545 788 613 φαίνονται
824 545 1040 615 ὡραῖοι,
1088 544 1295 597 ἔσωθεν
1347 544 1405 597 δὲ
1450 543 1719 614 γέμουσιν

1862 544 2260 614 nductis,qn:e
2283 539 2418 596 foris
2448 540 2694 610 speciosa
2762 538 3038 602 videntur,
3092 536 3241 590 intus
3300 548 3404 587 au—

114 634 349 688 ὀστὲων
403 635 617 704 νεκρῶν
651 637 743 689 καὶ
778 638 959 706 πάσης
994 635 1381 706 ἀκαθαρσίας·
1422 633 1596 699 οὕτως
1627 634 1719 689 καὶ

1862 651 1935 691 em
1966 635 2121 704 plena
2155 642 2285 689 sunt
2306 632 2525 689 ossibus
2581 632 2907 686 cadaverum
2967 636 3021 682 et
3056 626 3245 697 quavis
3300 624 3405 679 im-

128 727 328 796 ὑμεῖς,
359 725 562 793 ἔξωθεν
597 726 696 797 μὲν
727 727 985 796 φαίνεσθε
1020 730 1132 790 τοῖς
1163 726 1472 799 ἀνθρώποις
1497 714 1717 791 δίκαιοι,

1862 726 2096 782 aunditie
2128 725 2236 781 :ad
2269 725 2521 781 eumdem
2557 722 2778 779 modum
2818 730 2874 777 et
2920 734 3017 775 vos
3061 717 3404 773 extrinsecus

124 817 352 871 ἔσωθεν
415 819 472 871 δὲ
534 822 723 890 μεστοί
788 822 912 875 ἐστε
972 820 1320 889 ὑποκρίσεως
1380 821 1477 874 καὶ
1537 820 1719 888 πάσης

1867 818 2141 874 ominibus
2184 817 2448 873 videmini
2475 814 2629 888 justi,
2666 814 2999 868 intrinsecus
3046 822 3227 867 autem
3259 810 3403 881 pleni

126 912 401 979 ἀνομίας.
1826 910 1959 966 estis
1993 911 2343 966 simulatione
2370 918 2425 963 et
2451 906 2600 962 omni
2668 920 2866 976 genere
2903 902 3229 974 iniquitatis.

226 1004 373 1055 Ἰδὼν
410 1003 466 1056 δὲ
506 1002 690 1071 Σίμων
739 1003 823 1056 ὅτι
871 1003 960 1057 διὰ
1007 1007 1103 1075 τῆς
1136 1003 1436 1068 ἐπιθέσεως
1466 1005 1575 1058 τῶν
1608 1020 1720 1075 χει-

1896 1005 2018 1058 Ατι.
2065 1018 2182 1069 vin.
2220 1000 2468 1070 Cumque
2534 998 2722 1052 Simon
2791 984 3262 1050 animadvertisset
3310 1008 3406 1063 per

132 1095 258 1165 ρῶν
305 1094 414 1147 τῶν
455 1093 773 1146 ἀποστόλων
804 1095 1007 1150 δίδοται
1059 1097 1119 1150 τὸ
1167 1096 1394 1166 Πνεῦμα
1438 1098 1491 1150 τὸ
1539 1098 1716 1165 ἅγιον,

1862 1092 2231 1162 tupositioncm
2276 1104 2539 1145 manuum
2581 1089 2695 1143 dari
2730 1085 2994 1156 Spiritum
3026 1095 3276 1141 sanctqu
3337 1086 3407 1138 ab

134 1187 525 1256 προσήνεγκεν
579 1187 764 1249 αὐτοῖς
813 1189 1092 1259 χρήματα,
1128 1188 1335 1256 λέγων·
1370 1190 1498 1242 Δότε
1550 1191 1720 1259 κάμοὶ

1864 1187 2126 1256 postolis,
2186 1183 2380 1239 obtulit
2442 1183 2524 1237 eis
2592 1181 2874 1252 pecunias.
2932 1178 2996 1233 Et
3047 1177 3177 1231 mihi
3235 1175 3401 1230 etiam

136 1276 245 1346 τὴν
289 1275 539 1340 ὲξσυσίαν
585 1278 818 1349 ταύτην,
858 1277 945 1331 ἵνα
976 1273 1018 1345 ᾧ
1051 1280 1146 1332 ἐὰν
1191 1280 1364 1332 ἐπιθῶ
1402 1279 1502 1343 τὰς
1531 1282 1718 1351 χεῖράς

1867 1291 1974 1345 at",
2007 1279 2213 1347 inquit,
2246 1281 2384 1333 hanc
2415 1284 2760 1346 potestatem,
2805 1283 2861 1326 ut
2891 1270 3194 1339 cuicunque
3214 1283 3407 1323 manus

140 1381 277 1429 μου,
316 1366 566 1437 λαμῦἀνῃ
596 1365 822 1437 Πνεῦμα
875 1368 1049 1436 ἀγιον.
1097 1371 1302 1442 Πέτρος
1338 1372 1394 1424 δὲ
1424 1366 1550 1424 εἷπε
1584 1373 1719 1441 πρὸς

1862 1386 2168 1439 ;ηι›οε·.ιυτο,
2201 1371 2246 1424 is
2276 1369 2507 1437 accipiat
2546 1366 2805 1437 Spiritum
2827 1374 3100 1420 sanctmu.
3132 1360 3266 1415 Tum
3306 1360 3405 1414 l'e-

136 1458 331 1523 αὖτὸν,
361 1459 433 1511 Τὸ
467 1460 730 1530 ἀργύριόν
765 1463 871 1526 loco
920 1463 1019 1514 cini
1049 1462 1132 1515 σοὶ
1165 1461 1250 1531 εἴη
1295 1465 1375 1525 εἰς
1417 1443 1716 1528 ἀπώλειαν,

1862 1477 1985 1517 rus:
2033 1462 2181 1518 Ilabe
2232 1460 2350 1524 tibi,
2394 1460 2595 1530 inquit,
2632 1470 2777 1512 luant
2820 1456 3105 1527 pecuniam
3136 1453 3189 1505 in
3225 1451 3407 1531 perdi:

134 1550 227 1603 ὅτι
269 1521 366 1620 την
396 1521 626 1621 δωρέἀν
654 1521 931 1605 τοῦΘεοῦ
980 1521 1250 1622 ἐνόμισας.
1282 1521 1371 1607 δια
1418 1521 1720 1626 χρημάτων

1862 1569 2050 1619 onem,
2086 1553 2230 1624 quod
2279 1553 2612 1627 existimaris
2671 1552 2876 1606 donum
2924 1548 3160 1618 Spiritus
3229 1521 3406 1601 sanetl

135 1644 418 1697 κτᾶσθαι·
446 1648 545 1696 οὐκ
570 1643 684 1697 ἐστι
716 1660 800 1696 σοι
831 1646 989 1715 μερὶς
1018 1645 1139 1697 οὐδὲ
1173 1645 1369 1716 κλῆρος
1395 1648 1452 1699 ἐν
1476 1646 1553 1718 τῷ
1575 1647 1720 1719 λόγῳ

1865 1648 2055 1701 ecunia
2091 1644 2295 1715 parari,
2344 1660 2449 1699 non
2493 1644 2705 1699 esttibi
2760 1643 2867 1697 ulla
2911 1642 3145 1697 societas
3187 1648 3282 1692 aut
3326 1639 3407 1690 ut-

142 1736 346 1804 τούτῳ.

1862 1756 1937 1794 tm
1963 1721 2297 1794 consoriium
2325 1739 2379 1793 in
2411 1740 2511 1792 hac
2538 1753 2615 1792 re.

219 1827 389 1879 Ὅσον
438 1828 557 1881 ἐστὶ
603 1829 799 1892 κακὸν,
846 1828 967 1883 ἀντὶ
1016 1829 1260 1899 ὁδηγίας,
1301 1829 1512 1900 π>ἀνης
1555 1829 1729 1884 αἴτιον

1906 1828 1967 1885 S.
2005 1829 2217 1885 Basilii.
2241 1830 2515 1896 Quantum
2557 1828 2679 1883 mali
2705 1828 2923 1882 sitcum
2967 1837 3017 1880 te
3043 1824 3235 1879 ducem
3287 1832 3408 1875 esse

140 1918 404 1986 γενέσθαι
443 1921 553 1982 τοῖς
586 1921 946 1991 ὑποχειρίοις,
1003 1923 1237 1992 συνορᾷν
1284 1921 1497 1988 ἔξεστιν
1529 1922 1592 1974 ὲκ
1619 1920 1732 1975 τῶν

1862 1930 2102 1991 νροιιιεαι,
2140 1922 2345 1977 erroris
2375 1932 2655 1975 auctorem
2687 1936 2811 1975 esse
2840 1920 2968 1983 tuis,
2993 1934 3056 1971 ex
3085 1915 3406 1986 apostolicis

136 2012 527 2066 ἀποστολικῶν
578 2013 969 2084 διδαγμόιτων⁹
1029 2017 1255 2086 σημεῖον
1306 2015 1363 2068 δέ
1412 2018 1530 2069 ἐστι
1572 2014 1731 2068 τοῦτο

1862 2016 2175 2070 locumentis
2212 2013 2528 2084 perspicere
2585 2014 2731 2075 licet,
2767 2024 2930 2081 atque
2983 2013 3083 2066 hoc
3119 2025 3407 2081 argumen-

137 2105 249 2157 τοῦ
299 2107 392 2158 καὶ
425 2107 525 2178 τὴν
559 2107 780 2177 ἐντολὴν
818 2110 920 2179 τῆς
969 2109 1195 2180 ἀγάπης
1226 2111 1615 2181 ἀκατόρθωτον
1655 2106 1732 2164 εἷς

1862 2120 1950 2159 um
2001 2114 2085 2160 est
2118 2120 2184 2159 ne
2215 2114 2547 2175 praeceptum
2599 2104 2821 2174 quidem
2852 2102 2920 2157 de
2950 2102 3217 2156 charitate
3261 2110 3408 2155 recte

140 2213 263 2248 ναι.
308 2197 497 2261 Οὐδεὶς
531 2201 640 2269 γὰρ
680 2199 864 2271 πατὴρ
915 2204 1149 2273 περιορᾷ
1198 2201 1261 2255 τὸ
1294 2201 1491 2255 ἑαυτοῦ
1543 2203 1733 2255 τέκνον

1862 2211 1959 2251 ιεεε
2005 2196 2332 2266 perfectum.
2365 2196 2538 2252 Nemo
2571 2199 2715 2250 enim
2763 2204 2917 2265 pater
2950 2194 3173 2266 negligit
3235 2192 3409 2247 lilium

1836 2304 2020 2355 suum,
2068 2305 2229 2359 quem
2279 2289 2425 2344 videt
2475 2304 2730 2344 casurum
2769 2292 2820 2342 in
2854 2288 3088 2352 foveam,
3142 2296 3238 2341 aut
3290 2288 3405 2353 jam

1835 2380 2121 2449 delapsum
2163 2381 2422 2449 relinquit.
2453 2379 2508 2434 in
2566 2381 2659 2433 illa
2689 2378 2929 2435 miseria.
2989 2378 3206 2443 Quanto
3265 2377 3407 2431 indi-

1842 2473 1997 2542 gnius
2077 2483 2161 2526 est
2213 2473 2453 2527 animam
2523 2472 2576 2525 in
2649 2471 2916 2526 malorum
2981 2471 3406 2538 profunditatem

1842 2578 1961 2619 tum
2015 2564 2300 2629 deciderit,
2327 2565 2381 2619 in
2409 2565 2575 2619 exitio
2605 2563 2953 2634 relinquere?

1910 2655 2103 2709 Actum
2162 2658 2342 2710 estde
2380 2656 2645 2727 gravitate
2691 2654 3038 2719 sacerdotali,
3092 2654 3412 2710 deiecerunt

1838 2746 2183 2801 ministrandi
2225 2749 2549 2818 pauperibus
2584 2748 2843 2811 rationes,
2877 2747 2945 2802 ad
2981 2747 3220 2816 privatos
3256 2762 3410 2813 usus,

148 2287 349 2355 μέλλον
402 2289 769 2345 καταπίπτειν
825 2292 905 2356 είς
956 2292 1202 2361 βόθυνον,
1264 2291 1297 2362 ἢ
1355 2295 1595 2362 ἐμπεσὸν
1651 2294 1735 2347 ιν-

145 2381 346 2447 αεςίησι
392 2380 469 2449 τῷ
518 2386 797 2451 πτώματι.
848 2384 1018 2437 Πόσον
1066 2384 1372 2454 δεινότερον
1417 2385 1596 2455 ψυχὴν
1654 2387 1734 2449 είς

149 2470 319 2539 βάθος
350 2471 536 2524 κακῶν
568 2473 919 2543 ἐμπεσοῦσαν
953 2476 1236 2544 ἐναφεῖναι
1271 2477 1338 2545 τῇ
1375 2475 1621 2547 ἀπωλείᾳ

233 2652 456 2723 Οἴχεται
490 2653 759 2723 σεμνότης
802 2652 1075 2725 ίερατικὴ,
1129 2642 1541 2707 ἐπιλελοίπασιν
1589 2657 1736 2707 οἱκο-

150 2749 346 2815 νομίαι
390 2747 661 2816 πτωχῶν,
711 2748 790 2809 είς
843 2746 979 2810 ἰδίας
1028 2747 1359 2809 ἀπολαύσεις
1409 2749 1502 2800 καὶ
1545 2747 1734 2817 δώρων

144 2840 423 2909 διανομὰς
463 2839 982 2911 παραναλισκόντων
1035 2839 1214 2893 πάντα
1244 2839 1353 2892 τῶν
1405 2838 1733 2909 φιλαρχούν-

1862 2846 1890 2890 t
1946 2852 2230 2890 munerum
2258 2838 2573 2906 largitiones
2601 2840 2787 2893 omnia
2820 2839 3275 2893 constituentibus
3315 2840 3414 2893 tri-

147 2948 295 2985 ἐυ›ν.
760 2946 767 2951 ’

1862 2943 2005 2981 mutu
2048 2927 2318 2998 praefectis
2350 2927 2448 2999 (l).

241 3019 513 3072 ’Δπόλωλε
558 3021 732 3089 κρῖμα
776 3020 1007 3077 δίκαιον.
1056 3022 1172 3085 Πᾶς
1216 3038 1299 3082 τις
1339 3021 1419 3091 τῷ
1456 3020 1732 3097 ’θελήματι

1908 3019 2074 3075 Periit
2123 3036 2338 3089 mquum
2412 3022 2701 3090 judicium.
2767 3021 2936 3078 Nemo
2990 3039 3094 3077 non
3178 3024 3414 3084 instituit

145 3111 255 3180 ’τῆς
289 3111 516 3181 καρδίας
561 3112 728 3166 αὐτοῦ
762 3114 1056 3184 πορεύεται
1081 3131 1094 3144 '
1126 3115 1158 3184 ἡ
1197 3114 1432 3184 πονηρία
1471 3114 1730 3184 ἄμετρος,

1862 3113 2000 3167 'itam
2039 3113 2104 3167 ad
2132 3113 2415 3167 arbitrium
2445 3115 2626 3169 cordis
2656 3116 2763 3182 sui,
2800 3116 3003 3169 malitia
3047 3125 3131 3171 cst
3181 3118 3413 3172 immen-

150 3208 205 3257 οἱ
240 3204 364 3257 λαοί
394 3205 766 3273 ἀνουθέτητοι,
800 3207 849 3259 οί
884 3207 1231 3275 προεστῶτες
1261 3207 1731 3279 ἀπαρρησίαστοιῖ

1865 3219 1916 3270 a,
1946 3205 2176 3274 populus
2207 3204 2608 3260 admonitiones
2663 3221 2772 3258 non
2835 3208 3014 3270 audit,
3060 3208 3413 3278 praelectilo—

151 3297 347 3348 Δοῦλοι
386 3298 497 3367 γὰρ
526 3296 634 3350 τῶν
667 3297 978 3351 δεδωκότων
1009 3296 1109 3368 τὴν
1162 3298 1325 3369 χάριν
1352 3298 1402 3351 οί
1432 3298 1499 3351 δι’
1527 3297 1735 3370 ἀνθρώ-

1862 3297 1925 3364 lui
1971 3295 2140 3350 libere
2166 3312 2266 3348 non
2299 3296 2525 3350 audent.
2583 3298 2735 3352 Servi
2773 3297 2916 3350 enim
2959 3308 3089 3353 sunt
3142 3314 3353 3366 eorum,
3382 3315 3415 3357 a

155 3407 280 3443 πων
310 3391 521 3454 ἑαυτοῖς
552 3391 654 3460 τὴν
676 3390 1005 3444 δυναστείαν
1034 3390 1539 3462 κατακτησάμενοι.

1862 3390 2034 3467 μιὶὺιιε
2068 3389 2384 3444 beneﬁcium
2433 3404 2713 3460 accepere,
2746 3391 2839 3460 qui
2896 3407 2993 3461 per
3022 3393 3271 3449 homines
3307 3394 3413 3450 sibi

1837 3481 2213 3552 pra-tecturam
2243 3490 2295 3535 et
2323 3485 2611 3550 potentiam
2645 3494 3059 3554 compararunt.

1915 3576 2179 3647 Tlieulogi.
2208 3576 2306 3641 Qui
2352 3578 2487 3632 alios
2512 3578 2730 3633 erudire
2764 3590 3056 3646 conantur,
3095 3582 3414 3651 priusquam

1840 3670 1943 3738 ipsi
1982 3671 2116 3726 satis
2144 3670 2345 3725 eruditi
2376 3671 2508 3735 sint,
2550 3686 2614 3726 ac
2636 3671 2693 3724 in
2729 3671 2873 3725 dolio
2930 3682 3101 3727 artem
3134 3674 3284 3742 ﬁguli
3309 3676 3419 3729 dis-

1841 3771 1973 3816 cunt
2016 3765 2099 3829 (ut
2128 3772 2214 3818 est
2244 3764 2299 3817 in
2351 3762 2661 3833 proverbio)
2696 3772 2860 3831 atque
2911 3763 2968 3817 in
3028 3764 3227 3820 animis
3281 3767 3420 3819 alio.

1841 3866 1959 3905 rum
2013 3854 2265 3922 pietatem
2296 3854 2547 3910 ediscunt
2574 3867 2637 3908 ac
2684 3853 3037 3919 meditantur,
3095 3856 3258 3910 nimis
3284 3857 3420 3912 stul-

1844 3950 2021 3997 torum
2057 3944 2159 3999 hoc
2189 3943 2321 3998 mihi
2350 3958 2473 3998 esse
2503 3943 2740 4009 videtur,
2773 3943 2858 3998 vel
2896 3945 3213 4003 audacium.
3239 3944 3418 4002 Hebe-

1844 4046 1925 4091 tes
1973 4036 2193 4106 quidem
2245 4046 2391 4091 certe
2460 4045 2612 4101 sunt,
2650 4035 2698 4090 si
2743 4049 2850 4090 non
2916 4035 3158 4093 sentiunt
3189 4052 3249 4093 se
3299 4052 3421 4095 esse

235 3572 313 3627 Τὸ
349 3570 629 3625 παιδεύειν
675 3569 866 3632 ἄλλους
893 3572 1195 3641 ἐπιχειρεῖν
1226 3570 1357 3642 πρὶν
1388 3572 1586 3637 αὐτοὺς
1619 3573 1736 3629 ἱκα-

159 3667 271 3729 νῶς
313 3665 689 3734 παιδευθῆναι,
734 3665 829 3718 καὶ
859 3665 914 3718 ἐν
945 3665 1091 3735 πίθῳ
1136 3664 1233 3735 τὴν
1273 3666 1576 3735 κεραμείαν
1607 3685 1739 3735 μαν-

157 3759 372 3823 θάνειν,
404 3758 465 3811 τὸ
490 3758 552 3827 δὴ
594 3757 912 3827 λεγόμενον,
946 3758 1003 3810 ὲν
1032 3759 1153 3821 ταῖς
1185 3758 1292 3811 τῶν
1331 3758 1508 3810 ἄλλων
1538 3758 1738 3828 ψυχαῖς

160 3850 468 3920 ὲκμελετᾷν
496 3851 596 3917 τὴν
646 3848 929 3901 εὐσέϐειαν
957 3886 972 3912 ,
1018 3848 1141 3900 λίαν
1181 3864 1273 3917 μοι
1307 3848 1556 3915 φαίνεται
1582 3850 1740 3920 ἀνοή-

163 3958 279 3993 των
304 3940 336 4011 ἢ
363 3940 652 4011 τολμηρῶν
672 3953 688 3971 ο
735 3940 1011 3993 ἀσυνέτων
1045 3939 1163 4009 μὲν,
1197 3941 1246 3992 εί
1278 3938 1413 4008 μηδὲ
1451 3938 1738 3993 αίσθάνον-

165 4051 257 4087 ται
288 4035 388 4102 τῆς
431 4031 643 4086 ἑαυτῶν
682 4030 923 4101 ἀμαθίας
948 4047 963 4063 ·
997 4031 1244 4100 θρασέων
1269 4031 1346 4098 δὲ,
1386 4031 1434 4083 εί
1468 4032 1740 4093 συνιέντες

160 4123 557 4193 κατατολμῶσι
591 4123 687 4176 τοῦ
718 4124 1070 4193 πράγματος.

239 4305 408 4381 Tagi,—
451 4307 551 4360 οὐκ
594 4307 793 4377 ἀρίστη
833 4305 1106 4361 διδάσκειν
1134 4276 1420 4377 πρότερον,
1454 4302 1572 4360 εἶτα
1609 4323 1745 4377 μαν-

1846 4129 2095 4184 indoctos
2124 4147 2139 4183 :
2171 4128 2409 4184 audaces
2429 4138 2636 4194 autem,
2664 4129 2711 4185 si
2735 4143 2860 4185 cum
2886 4128 3217 4201 intelligant,
3238 4141 3421 4186 tamen

1844 4221 2063 4292 aggredi
2116 4222 2337 4279 audent.

1919 4310 2077 4384 140
2125 4311 2272 4368 Ordo
2305 4328 2415 4368 non
2454 4312 2695 4384 Optimus
2726 4322 2811 4369 est
2843 4313 3038 4372 docere
3064 4316 3238 4385 prius,
3271 4314 3426 4373 deiu-

165 4400 381 4462 Ocitvsw,
419 4398 493 4469 μὴ
519 4399 600 4452 ὅτι
642 4399 710 4452 τὰ
737 4398 851 4452 θεῖα
880 4400 975 4452 καὶ
998 4396 1367 4470 τηλικαῦτα...
1391 4398 1571 4471 (ἔοικε
1622 4400 1741 4452 λεί-

1862 4400 1918 4454 tie
1944 4405 2168 4466 discere,
2193 4419 2300 4456 non
2336 4404 2510 4458 solum
2560 4405 2612 4458 in
2643 4403 2846 4460 divinis
2873 4420 2937 4460 ac
2968 4409 3132 4463 tantis
3160 4410 3349 4465 rebus.
3373 4447 3422 4465 ..

166 4505 315 4542 πειν
349 4490 527 4560 τινά.)

246 4583 564 4652 Χειροτονεί
586 4580 641 4632 δὲ
671 4580 867 4651 ῥαδίως
896 4578 1127 4643 πολλοὺς
1151 4579 1251 4650 μὲν
1279 4579 1491 4648 ἁγίους,
1518 4580 1746 4645 πολλοὺς

163 4676 226 4727 δὲ
261 4673 456 4735 ἁθεους
490 4672 635 4739 παρά
662 4670 723 4723 τὸ
744 4671 888 4734 εἰκὸς
912 4672 940 4723 ὁ
971 4671 1187 4740 καιρὸς,
1220 4671 1423 4740 μᾶλλον
1449 4669 1505 4722 δὲ
1537 4671 1745 4732 πάντας

112 4759 122 4771 ’
165 4765 422 4826 ἀθλίους.

244 4849 433 4904 Ταῦτα
473 4849 581 4922 γάρ
611 4849 720 4902 τῶν
749 4848 923 4903 νόθων
948 4850 1043 4904 καὶ
1073 4849 1520 4919 παρεγγράπτων
1553 4851 1745 4921 ἱερέων

167 4946 319 5007 ἐστὶ,
362 4941 580 4995 καὶτοῦ
629 4941 1048 5011 ἐπαγγέλματος
1089 4940 1347 5007 ἀναξίων,
1380 4941 1430 4994 οἳ
1467 4941 1633 5011 μηδὲν
1679 4946 1744 5015 τῇ

172 5034 453 5105 ῖερωσὺνῃ
501 5035 985 5105 προσενεγκόντες,
1022 5033 1157 5103 μηδὲ
1202 5033 1298 5086 τοῦ
1333 5031 1499 5085 καλοῦ
1547 5049 1748 5104 πρυτα-

168 5129 660 5201 λαιπωρήσαντες,
707 5126 844 5198 ὁμοῦ
903 5129 1142 5200 μαθηταὶ
1175 5129 1268 5184 καὶ
1308 5128 1616 5183 διδάσκαλοι
1651 5130 1749 5198 τῆς

168 5218 458 5280 εὐσεϐείας
489 5219 923 5285 ἀναδείκνυνται,
956 5220 1051 5272 καὶ
1082 5221 1211 5292 πρὶν
1241 5220 1583 5290 καθαρθῆναι
1615 5221 1749 5274 καθ-

122 5366 125 5369 _
168 5317 428 5374 αἱρονσι·
460 5310 586 5381 χθὲς
619 5311 906 5381 ἱερόσυλοι,
939 5314 1031 5365 καὶ
1082 5314 1323 5383 σήμερον
1376 5314 1540 5383 ἱερεῖς
1563 5328 1576 5344 ·
1620 5312 1747 5383 χθὲς

166 5412 288 5467 τῶν
320 5402 492 5476 ἁγίων
521 5406 644 5471 ἔξω,
672 5407 767 5458 καὶ
819 5406 1171 5478 μυσταγωγοὶ
1217 5410 1481 5476 σήμερον,
1527 5404 1749 5458 παλαιοὶ

167 5508 274 5578 τὴν
305 5504 526 5572 κακίαν,
563 5502 860 5572 ἑπισχέδιοι
888 5500 986 5555 τὴν
1019 5498 1327 5556 εὐσέϐειαν.

1855 4494 2065 4568 (Decesse
2091 4496 2296 4566 aliquid
2331 4497 2584 4568 videtur.)

1924 4587 2155 4643 Occasio
2209 4590 2366 4644 facile
2411 4601 2566 4646 creat
2608 4605 2828 4648 sanctos
2883 4595 3203 4663 permultos,
3238 4606 3292 4650 et
3322 4596 3427 4651 itu-

1854 4683 1975 4751 pios
2003 4684 2129 4736 item
2185 4684 2452 4752 plut-imos
2507 4698 2700 4741 contra
2734 4687 2848 4757 jus,
2885 4689 2967 4742 vel
3000 4690 3185 4758 potius
3231 4703 3426 4746 omnes

1853 4791 2103 4830 IHISQFOS.

1927 4865 2053 4920 ll.ec
2099 4867 2243 4921 enim
2294 4879 2421 4921 sunt
2469 4871 2761 4924 nothorum
2790 4880 2843 4926 et
2873 4871 3291 4941 obreptitiorum
3335 4886 3428 4928 sa-

1857 4958 2142 5013 cerdotum
2183 4970 2237 5014 et
2302 4960 2682 5033 designatione
2737 4962 3111 5033 indignorum,
3155 4964 3250 5035 qui
3303 4978 3428 5020 cum

1857 5052 1924 5106 ad
1953 5052 2319 5109 sacerdOtium
2356 5054 2493 5108 nihil
2544 5055 2851 5123 attulerint,
2904 5070 3083 5125 neque
3131 5059 3427 5128 quidquam

1857 5144 2069 5208 honesti
2123 5146 2488 5210 exercuerint,
2536 5146 2700 5201 simul
2768 5146 3020 5216 discipuli
3065 5158 3121 5204 et
3176 5149 3429 5205 doctores

1855 5236 2074 5304 pietatis
2104 5236 2479 5305 designantur,
2510 5251 2574 5292 ac
2612 5237 2928 5308 priusquam
2961 5239 3171 5309 purgati
3228 5240 3430 5295 fuerint

1854 5330 1980 5400 ipsi,
2011 5343 2243 5400 purgant
2272 5330 2429 5394 alios,
2463 5330 2577 5384 lteri
2607 5331 2876 5402 sacrilegi,
2908 5330 3064 5386 hodie
3094 5331 3426 5397 sacerdotes,

1856 5424 1973 5478 heri
2019 5422 2222 5478 exclusi
2245 5424 2441 5490 sacris,
2476 5420 2635 5476 hodie
2666 5422 2989 5493 mystagogi,
3025 5421 3074 5475 id
3105 5430 3188 5475 est
3242 5434 3430 5481 sacro-

1855 5529 1976 5570 rum
2014 5514 2369 5579 institutores,
2403 5514 2457 5569 in
2485 5513 2633 5570 vitiis
2661 5522 2895 5583 veteres,
2925 5512 2977 5568 in
3007 5512 3206 5582 pietate
3228 5525 3428 5584 repen-

1858 5608 1958 5663 tini
1993 5623 2088 5664 seu
2124 5606 2551 5677 extemporanei.

246 5738 324 5807 (ι)
366 5734 604 5793 Bibittus
634 5734 784 5807 legit,
816 5731 1258 5806 φυλαρχοῦντων.
1282 5730 1432 5788 Alias
1470 5727 1741 5802 φιλαρχούι

1862 5749 1901 5801 ν,
1927 5732 2202 5801 potestatis
2230 5730 2551 5790 ambitiosis.-
