3996 6194
292 288 432 359 10⁸33

1146 294 1315 359 LOCI
1348 288 1786 359 commones.
1817 252 1899 332 -—'
1932 293 2130 358 rans
2155 292 2239 356 ιι.
2273 292 2533 358 saeuo
2572 296 2698 357 vn.

3405 288 3542 357 1034:

350 412 474 466 Τῶν
501 412 798 471 πολιτικῶν
825 416 920 473 ἐὰν
943 418 1039 484 τὰς
1081 412 1213 485 ῦλας
1241 419 1467 491 ἀφέλῃς.
1493 416 1650 473 κενὸν
1688 416 1857 484 τάφον
1887 428 1899 465 Α

2035 414 2091 470 Si
2125 415 2255 471 viris
2282 415 2672 485 rempublicam
2725 409 3241 469 administrantibus
3267 411 3529 466 materias

278 505 554 577 εὑρήσεις,
585 507 710 562 νοῦν
743 511 845 564 οὐκ
882 512 1093 582 ἔχοντα.

355 687 526 741 Ὅταν
597 689 782 761 ἄρχων
856 694 1080 775 ἀπογνῷ
1144 694 1206 749 τὸ
1264 695 1525 751 δύνασθαι
1588 702 1815 768 κρατεῖν
1840 740 1856 765 ,

280 781 496 847 ἀνάγκη
544 783 672 844 τοὺς
721 783 999 854 ὑπηκόους
1034 778 1199 852 εὐθὺς
1242 790 1589 860 ἀφηνιάζειν,
1626 790 1722 844 καὶ
1754 792 1860 860 μά-

279 876 438 929 λιστα
478 877 605 940 τοὺς
633 878 697 932 ὲκ
726 879 938 949 μικρῶν
964 882 1057 936 καὶ
1099 883 1209 936 τῶν
1248 885 1522 954 τυχόντων
1545 886 1862 955 πεφυκότας

281 968 718 1039 ἀνερεθίζεσθαι.
1212 974 1219 979 ’

899 1090 1114 1145 ΛΟΓΟΣ
1169 1090 1243 1148 Z'.

282 1200 423 1287 "api
451 1201 757 1284 δικαστῶν
778 1203 1149 1287 ἀιξεκὰοςτῳν,
1182 1208 1283 1287 καί
1307 1212 1574 1287 καθαρὰς
1599 1210 1867 1279 ἐχόντων

353 1272 458 1347 τᾲς
497 1272 855 1347 χεῖρας.μῷ
908 1272 1086 1341 κρίμᾶ
1127 1277 1230 1332 καί
1296 1272 1696 1347 Statariam—irit}
1731 1299 1860 1334 ποια

262 1396 267 1403 .
352 1341 588 1419 θύννων
604 1343 762 1419 ’-καί
779 1346 868 1399 ὅτι
896 1346 1234 1416 εὐάρεστον
1262 1347 1342 1416 τῷ
1359 1347 1482 1415 Θεῷ
1504 1341 1738 1419 εὐθείας
1761 1353 1869 1418 τὰς

355 1414 586 1481 κρίσεις
614 1414 913 1485 ἐκφέρειν.

368 1527 572 1584 ’Ᾱθῶον
591 1530 681 1583 καὶ
707 1531 915 1586 δίκαιον
942 1535 1043 1587 ούκ
1071 1538 1416 1605 ἀποκτενεῖς,
1441 1538 1538 1594 καὶ
1563 1538 1624 1594 οὗ
1647 1537 1873 1595 δικαιώ-

285 1636 404 1684 σεις
428 1622 522 1676 τὶν
552 1621 724 1695 ἀσεσῆ
760 1625 951 1682 ἕνεκεν
979 1626 1190 1701 δώρων.

356 1798 516 1870 Δῶρα
546 1800 606 1853 ού
627 1799 811 1872 λήψει.
842 1803 923 1857 Τὰ
949 1805 1058 1876 γὰρ
1087 1805 1236 1878 δῶρα
1263 1807 1525 1879 ἑκτύφλοῑ
1550 1809 1865 1883 ὀφθαλμοὺς

285 1890 616 1963 βλεπόντων,
652 1892 747 1947 καὶ
779 1893 1102 1964 λυμαίνεται
1131 1899 1355 1971 ῥήματα
1388 1899 1594 1957 δίκαια.

361 1981 575 2052 Πένητα
600 1984 703 2038 οὐκ
731 1984 977 2059 eaeam;
1009 1988 1067 2040 ὲν
1092 1991 1296 2058 κρίσει.

357 2074 434 2129 Ού
465 2075 811 2147 διαστρέψεις
837 2079 1011 2149 κρίμα
1038 2081 1270 2153 πένητος
1296 2083 1357 2138 ὲν
1389 2083 1570 2158 κρίσει
1600 2083 1793 2143 αὐτοῦ.

355 2260 430 2313 Ού
464 2261 715 2333 ποιήσεις
746 2262 931 2318 ἄδικον
961 2265 1020 2320 ἐν
1047 2267 1251 2336 κρίσει,
1281 2266 1343 2320 ού
1391 2267 1537 2339 λήψῃ
1569 2267 1867 2338 πρόσωπον

285 2352 528 2425 πτωχοῦ,
562 2354 683 2409 οὐδὲ
714 2356 791 2428 μὴ
820 2356 1113 2429 θαυμάσῃς
1142 2360 1437 2429 πρόσωπον
1463 2360 1750 2416 δυνάστου.
1774 2356 1867 2414 Ἐν

285 2445 603 2521 δικαιοσύνῃ
645 2449 855 2522 κρινεῖς
886 2451 979 2506 τὸν
1020 2450 1251 2522 πλησίον
1285 2468 1407 2508 σου.

356 2627 434 2683 ού
473 2627 635 2698 λήψει
682 2627 856 2700 λύτρα
885 2629 1027 2702 ὑπὲρ
1054 2630 1159 2700 τῆς
1190 2629 1379 2702 ’ψυχῆς
1419 2630 1515 2686 τοῦ
1564 2632 1866 2701 φονεύσαν-

286 2739 402 2785 τος,
432 2722 529 2775 τοῦ
571 2722 759 2794 ἐνόχου
804 2722 958 2788 ὄντος
1007 2723 1389 2796 ἀναιρεθῆναι,
1424 2724 1643 2796 θανάτῳ
1698 2722 1866 2778 θανα-

286 2815 425 2869 τώσε
435 2832 484 2879 ις
512 2815 697 2871 αὐτόν.

359 2909 477 2963 οὐκ
523 2909 806 2983 ὲπιγνώσῃ
852 2911 1147 2980 πρόσωπον
1199 2911 1259 2964 ὲν
1316 2908 1521 2983 κρίσει.
1560 2911 1719 2966 Κατὰ
1773 2910 1868 2965 τὸν

289 3001 489 3073 μικρὸν
537 3002 632 3056 καὶ
682 3003 824 3057 κατά
874 3004 970 3057 τὸν
1024 3005 1198 3073 μέγαν
1228 3008 1457 3077 κρινεῖς.
1490 3007 1568 3060 Οὐ
1629 3005 1704 3078 μὴ
1734 3007 1868 3060 ὕπο-

286 3093 475 3168 στείλῃ
531 3096 826 3167 πρόσωπον
890 3092 1235 3167 ἀνθρώπου(
1280 3098 1365 3151 ὄτι
1428 3098 1461 3168 ή
1526 3098 1708 3168 κρίσις
1771 3097 1865 3153 τοῦ
1892 3080 1939 3144 ο

284 3187 425 3242 Θεοῦ
457 3190 627 3245 ἐστιν.

364 3264 480 3337 Ούκ
510 3283 778 3349 ὲκκλινείς
805 3285 987 3356 κρίσιν
1011 3283 1356 3357 προσηλύτου
1383 3285 1477 3338 καὶ
1508 3280 1754 3369 ,ὀρφανοῦ
1775 3285 1870 3340 καὶ

285 3381 487 3451 χήρας,
517 3378 610 3432 καὶ
639 3378 741 3433 οὐκ
770 3379 1149 3449 ὲνεχυριάαεις
1180 3378 1400 3449 ἱμάτιον
1430 3380 1629 3450 χήρας,

361 3494 721 3565 Δικαιοσύνην
770 3492 1120 3559 ὲνεδεδύκειν,
1161 3491 1530 3564 ἠμφιασάμην
1574 3493 1630 3546 δὲ
1672 3494 1866 3566 κρίμα,

291 3591 384 3645 [ad
414 3589 669 3644 διπλοῐδι.
1200 3598 1208 3629 ι

363 3678 621 3750 Καθαρδς
664 3678 854 3748 χερσὶν
909 3672 1175 3730 ἀναλάϐοι
1215 3673 1417 3745 θάρσος
1445 3690 1459 3706 ο
1519 3672 1720 3728 ἀδίκων
1776 3673 1874 3727 καὶ

292 3771 514 3841 ἀνόμων
544 3767 935 3837 καταγελάσει.’

370 3881 694 3954 ’Ἄνθρωπον
727 3881 788 3935 ού
835 3878 910 3949 μὴ
940 3877 1217 3948 αἱσχυνθῶ
1240 3889 1254 3905 ·
1285 3873 1424 3930 ἀλλὰ
1470 3874 1577 3945 μὴν
1597 3873 1720 3928 οὐδὲ
1752 3873 1877 3945 βρο-

296 3974 392 4030 τὶν
435 3975 499 4027 ού
553 3971 627 4043 μὴ
667 3970 943 4043 ἔντραπῶ.
986 3968 1065 4022 Ού
1106 3966 1546 4036 γάριὲπίσταμαι
1595 3963 1874 4032 θαυμάσαι

299 4069 593 4139 πρόσωπον
614 4081 629 4098 ο
656 4066 705 4118 εί
731 4064 789 4117 δὲ
820 4062 918 4133 μὴ,
946 4061 1041 4114 καὶ
1073 4059 1173 4129 ἐμὲ
1203 4057 1366 4127 σῆτες
1394 4056 1628 4111 ἔδονται.

368 4158 531 4228 Δῶρα
563 4156 650 4210 ἐπ’
686 4154 882 4217 ἀθώοις
909 4154 1010 4208 ούκ
1037 4150 1252 4206 Ελασον.
1289 4148 1349 4203 Ὀ
1399 4149 1572 4202 ποιῶν
1613 4147 1789 4203 ταῦτα
1814 4148 1874 4202 ού

302 4251 696 4320 σαλευθήσεται
719 4249 801 4311 είς
826 4245 920 4300 τὸν
948 4244 1147 4299 αἰῶνα.

372 4338 648 4409 Μακάριοι
702 4339 754 4392 οί
804 4336 1168 4408 φυλάσσοντες
1213 4334 1420 4408 κρίσιν,
1449 4334 1546 4389 καὶ
1594 4330 1878 4396 ποιοῦντες

298 4432 646 4504 δικαιοσύνην
673 4433 730 4485 ὲν
761 4432 925 4485 παντὶ
962 4428 1161 4502 καιρῷ.

372 4549 596 4617 ’Ᾱνοιγε
641 4547 733 4601 σὺν
784 4546 959 4617 στόμα
988 4545 1134 4615 λόγῳ
1165 4543 1324 4608 Θεοῦ,
1357 4542 1455 4597 καὶ
1489 4540 1643 4613 κρίνε
1694 4541 1873 4595 πάντα

300 4640 493 4711 ύγιῶς.
526 4641 745 4709 Ἀνοιγε
774 4638 867 4692 σὺν
899 4635 1098 4706 στόμα,
1116 4636 1213 4690 καὶ
1241 4635 1395 4705 κρινε
1419 4634 1596 4689 πάντα
1625 4632 1873 4695 δικαίως.

375 4817 697 4891 Εὑφροσύνη
726 4816 955 4871 δικαίων
988 4815 1161 4869 ποιεῖν
1191 4812 1454 4881 κρίματα.

371 4931 574 5002 κτῆμα
597 4930 779 5000 τίμιον
809 4927 952 4998 ἀνὴρ
981 4927 1241 4996 καθαρός.

372 5022 648 5078 Αίδεῑσθαι
677 5020 968 5091 πρόσωπον
991 5020 1255 5073 ἔνκοίσει
1283 5019 1344 5072 οὐ
1376 5018 1563 5074 καλόν.

375 5220 514 5276 Eius
558 5222 763 5294 Κύριος
813 5221 952 5292 πρὸς
1019 5215 1273 5287 Σολομῶν
1313 5231 1327 5248 ·
1379 5216 1523 5271 Ἀνθ’
1570 5212 1645 5273 ὧν
1690 5217 1880 5289 ᾐτήσω

302 5313 432 5385 παρ’
476 5313 610 5384 ἐμοῦ
663 5313 725 5366 τὸ
775 5312 926 5384 ῥῆμα
970 5304 1152 5374 τοῦτο,
1190 5309 1283 5362 καὶ
1324 5307 1425 5360 οὐκ
1468 5308 1656 5380 ᾐτήσω
1706 5308 1882 5379 ἑαυτῷ

303 5403 513 5474 ἡμέρας
539 5400 761 5465 πολλὰς,
789 5401 880 5453 καὶ
909 5400 1007 5453 οὐκ
1046 5398 1235 5470 ᾐτήσω
1264 5395 1513 5462 πλοῦτον,
1552 5396 1672 5451 οὐδὲ
1701 5397 1879 5468 ψυχὰς

304 5495 511 5567 ἐχθρῶν
575 5512 691 5563 σου,
738 5494 854 5548 ἀλλ’
910 5492 1097 5562 ᾐτήσω
1154 5490 1372 5544 σύνεσιν
1428 5489 1520 5542 τοῦ
1575 5490 1881 5543 εἰσακούειν

304 5588 499 5659 κρίμα,
570 5587 680 5641 ίδοῦ
753 5585 963 5639 δέδωκά
1022 5600 1103 5636 σοι
1174 5578 1403 5650 καρδίαν
1447 5581 1721 5650 φρονίμην
1787 5581 1882 5633 καὶ

308 5680 531 5748 συνετήν
553 5694 570 5710 ·
598 5678 673 5742 ὡς
705 5678 787 5742 σὺ,
812 5677 874 5730 ού
898 5675 1119 5743 γέγονεν
1146 5672 1454 5745 ἔμπροσθέν
1480 5688 1575 5725 σου
1621 5673 1715 5727 καὶ
1742 5674 1882 5743 μετὰ

307 5775 364 5827 σε
394 5773 493 5827 οὐκ
528 5773 891 5843 ἀναστήσεται
911 5768 1094 5845 ὅμοιός
1133 5784 1239 5821 σοι.

668 5870 942 5930 Parnm"
980 5864 1096 5926 Gn.
1139 5860 1449 5949 ςΧΧΧνι.

1960 515 2015 563 et
2039 517 2338 577 apparatus
2386 506 2675 571 detrabas,
2729 506 2889 560 inane
2940 502 3250 575 sepulcrum
3307 502 3549 573 reperies

1962 610 2146 656 mente
2179 614 2401 655 carens.

2031 695 2087 751 Si
2117 694 2469 766 magistratus
2518 694 2809 761 desperant
2848 706 2910 746 se
2959 690 3248 761 imperium
3308 687 3551 744 retinere

1962 806 2146 862 posse,
2188 791 2467 861 subjectos
2502 785 2685 844 statim
2744 786 3009 843 rebellare
3062 799 3285 841 necesse
3343 792 3447 846 est,
3482 795 3546 836 ac

1962 899 2059 941 eos
2088 883 2196 954 'qui
2225 895 2292 938 ex
2362 881 2621 937 tenuibus
2667 888 2721 935 et
2756 877 3071 947 vulgaribus
3116 877 3367 948 prognati
3422 882 3554 933 sunt

1964 979 2201 1054 maxime
2228 976 2453 1033 irritari.
2830 980 2833 983 ’

2409 1092 2640 1151 εειιιιο
2678 1092 2769 1147 vn
2795 1086 3122 1164 [al.CVlll].

1972 1218 2048 1274 De
2073 1216 2347 1288 judicibus
2379 1211 2705 1288 incorruptis
2732 1218 2781 1265 et
2817 1223 2979 1288 puras
3002 1204 3313 1288 habentibus
3344 1218 3552 1288 manus,

2040 1272 2231 1356 quique
2260 1272 2828 1356 justitiafmheicercent.
2873 1277 2942 1332 Et
2992 1284 3262 1346 acceptum
3303 1290 3414 1329 esse
3444 1272 3552 1328 Deo

2040 1352 2176 1415 recte
2199 1352 2415 1424 vereque
2454 1352 2664 1428 judicia
2686 1363 2949 1407 exercere.

2042 1537 2220 1594 Exod.
2254 1553 2410 1595 χχιιι.
2444 1534 2794 1590 lnnocentem
2835 1541 2891 1587 et
2919 1532 3125 1601 justum
3164 1542 3272 1584 non
3312 1524 3556 1588 occides,

1974 1645 2074 1689 nec
2110 1641 2169 1685 ut
2224 1630 2428 1699 justum
2476 1622 2727 1683 absolves
2760 1624 2989 1695 impium
3050 1621 3121 1677 ob
3175 1632 3404 1674 munera
3458 1632 3556 1671 ac-

1897 1748 1944 1806 B
1976 1731 2153 1791 cepta.

2043 1814 2266 1870 Munera
2303 1828 2372 1867 ne
2401 1807 2660 1882 accipito,
2697 1808 2826 1878 quia
2858 1816 3082 1862 mullera
3111 1810 3390 1860 excaecant
3420 1816 3552 1857 ocu-

1969 1908 2057 1961 los
2088 1902 2476 1976 aspicientium
2503 1910 2559 1959 et
2584 1899 2747 1956 verba
2773 1898 2920 1968 justa
2946 1896 3300 1951 labefactant.

2040 1992 2302 2067 Pauperis
2326 1996 2379 2050 in
2406 1994 2618 2062 judicio
2648 2007 2717 2063 ne
2752 1992 3059 2047 miseretur.

2037 2088 2313 2146 Judicium
2363 2085 2617 2159 pauperis
2667 2086 2722 2141 in
2779 2080 2949 2154 ipsius
3016 2096 3185 2139 causa
3234 2097 3302 2138 ne
3330 2096 3553 2155 perver-

1970 2184 2094 2239 tito.

2039 2274 2207 2330 Leuit.
2240 2288 2359 2328 ιιιι.
2407 2269 2550 2326 Nihil
2589 2279 2782 2326 contra
2817 2268 2909 2340 jus
2965 2269 3020 2323 in
3067 2266 3280 2338 judicio
3338 2266 3550 2324 facito:

1969 2368 2226 2438 pauperis
2257 2377 2508 2435 personae
2532 2362 2804 2417 rationem
2848 2375 2955 2415 non
2989 2359 3210 2429 habeto,
3252 2375 3354 2417 nec
3385 2362 3552 2415 mira-

1970 2467 2055 2513 tor
2083 2470 2372 2527 personam
2396 2454 2664 2522 potentis;
2696 2468 2760 2508 ex
2787 2449 2911 2523 jure
2944 2466 3166 2509 causam
3199 2453 3434 2523 proximi
3464 2451 3553 2523 ju.

1969 2553 2169 2608 dicato.
2803 2610 2807 2615 ,
3360 2598 3365 2601 .

2040 2643 2282 2699 Pretium
2336 2656 2406 2696 ne
2450 2637 2683 2711 accipito
2711 2633 2784 2694 ob
2834 2634 3206 2693 redimendum
3236 2631 3398 2711 144
3426 2653 3551 2694 eum

1968 2738 2062 2808 qui
2098 2738 2296 2793 caedem
2323 2730 2530 2789 fecerit.
2583 2733 2642 2788 Si
2690 2732 2971 2788 convictus
3006 2728 3170 2787 fuerit
3213 2731 3412 2804 dignus
3454 2734 3552 2801 qui

1970 2827 2192 2884 tollatur
2214 2826 2281 2881 de
2314 2825 2517 2891 medio,
2550 2838 2673 2880 eum
2703 2831 2760 2878 tu
2794 2822 2987 2879 mortis
3011 2822 3278 2893 supplicio
3321 2820 3550 2879 aﬂieito.

2042 2920 2199 2975 Deut.
2240 2934 2388 2975 xxiv.
2426 2915 2545 2974 Non
2592 2920 2855 2988 agnosces
2893 2930 3180 2984 personam
3223 2916 3277 2970 in
3318 2916 3550 2986 judicio,
3623 2949 3628 2954 -

1970 3023 2085 3070 tum
2111 3028 2279 3086 parvo
2311 3020 2425 3067 tum
2458 3021 2654 3081 magno
2681 3009 2966 3080 aequaliter
2997 3008 3268 3080 judicium
3298 3010 3497 3067 reddes
3522 3029 3539 3077 ;

1970 3121 2082 3164 non
2129 3103 2405 3162 verebaris
2443 3118 2508 3161 os
2559 3104 2882 3173 cujusquam
2908 3139 2926 3166 ,
2965 3102 3097 3173 quia
3145 3101 3412 3170 judicium
3448 3102 3553 3159 Dei

1971 3207 2079 3256 est.

2042 3290 2163 3346 Non
2197 3289 2416 3360 rejicies
2446 3304 2668 3346 causam
2714 3293 2957 3359 advenae,
3000 3307 3102 3348 nec
3127 3290 3316 3362 pupilli
3345 3304 3446 3347 nec
3472 3288 3555 3373 vi-

1971 3384 2091 3441 duae
2112 3403 2126 3451 ;
2150 3400 2251 3442 nec
2278 3385 2490 3458 pignori
2521 3386 2759 3457 accipies
2788 3385 2967 3442 vidum
2994 3396 3226 3443 vestem.

2040 3493 2142 3549 Job
2176 3510 2327 3550 xxxx.
2382 3495 2601 3552 Justitia
2649 3513 2736 3553 me
2771 3497 3086 3563 induebam,
3113 3506 3170 3555 et
3201 3496 3405 3569 iudicio
3431 3502 3555 3551 utc-

1975 3587 2073 3641 bar
2112 3595 2372 3655 tanquam
2405 3587 2666 3658 diploide.

2044 3676 2144 3744 Qui
2185 3678 2441 3733 manibus
2468 3689 2553 3734 est
2596 3681 2747 3747 puris
2801 3680 3056 3737 ﬁduciam
3091 3683 3280 3747 sumit,
3314 3680 3552 3749 iniustos

1974 3779 2030 3824 et
2060 3768 2279 3839 iniquos
2307 3770 2580 3825 deridens.

2043 3879 2141 3935 Job
2168 3895 2344 3935 xu".
2396 3879 2867 3936 Coramhomioe
2915 3897 3025 3937 non
3060 3881 3264 3938 alliciar
3317 3882 3552 3952 pudore,

1977 3983 2152 4038 neque
2182 3970 2407 4062 vet‘bor
2440 3970 2748 4026 mortalem.
2781 3970 2905 4026 Non
2934 3971 3080 4027 enim
3117 3972 3244 4027 novi
3292 3965 3556 4027 admirari

1977 4076 2304 4134 personam;
2333 4063 2377 4119 si
2410 4074 2590 4119 autem
2642 4079 2773 4131 non,
2822 4077 2992 4122 etme
3033 4065 3195 4121 tineae
3244 4066 3555 4133 comedent,

2039 4151 2189 4207 Ριαι.
2224 4166 2332 4206 xiv.
2367 4152 2589 4209 Munera
2635 4154 2898 4211 adversus
2942 4157 3261 4212 innocentes
3300 4171 3411 4211 non
3448 4171 3543 4211 ac-

1979 4247 2097 4314 cepi
2124 4259 2140 4299 :
2166 4244 2260 4315 qui
2314 4243 2444 4300 facit
2478 4244 2591 4301 haec
2635 4260 2744 4300 non
2786 4243 3128 4300 concutietur
3174 4244 3230 4297 in
3266 4244 3555 4299 sarculum.

2051 4337 2197 4395 Beati
2223 4339 2315 4409 qui
2339 4338 2629 4394 observant
2654 4337 2946 4407 justitiam,
2978 4344 3033 4391 et
3067 4336 3262 4407 quovis
3298 4343 3554 4408 tempore

1908 4433 1957 4490 D
1983 4448 2102 4489 eam
2130 4441 2408 4488 exercent.

2014 4542 2334 4599 'Salomon.
2390 4542 2553 4612 Aperi
2587 4556 2650 4597 os
2686 4553 2836 4597 tuum
2887 4541 3102 4599 Domini
3159 4543 3347 4609 verbo,
3399 4543 3552 4600 etde
3641 4568 3647 4573 ι

1980 4637 2235 4692 omnibus
2252 4635 2436 4704 iudica
2470 4634 2715 4705 integre:
2740 4620 2885 4703 aperi
2908 4649 2969 4691 os
2996 4642 3172 4701 tuum,
3192 4644 3247 4690 et
3272 4634 3340 4690 de
3375 4634 3557 4691 omni-

1981 4729 2086 4784 bus
2118 4726 2265 4799 juste
2301 4725 2505 4797 judica.

2051 4817 2259 4873 Laetitia
2280 4816 2551 4886 iustorum
2575 4826 2655 4872 est
2681 4831 2802 4873 cum
2831 4816 3041 4887 judicia
3077 4816 3330 4872 reddunt.

2056 4932 2271 5002 Regum.
2311 4929 2419 4986 Res
2450 4930 2631 5002 magni
2662 4926 2821 5001 pretii
2854 4929 2942 4984 vir
2965 4943 3158 4999 purus.

2052 5016 2311 5079 Revereri
2346 5036 2633 5090 personam
2662 5021 2987 5092 cujusquam
3021 5021 3079 5076 in
3109 5020 3341 5092 judicio,
3380 5021 3552 5081 hone-

1982 5128 2124 5175 stum
2156 5132 2264 5173 non
2298 5127 2405 5173 εει.

2052 5210 2328 5268 Salomoni
2391 5211 2701 5277 Dominus,
2751 5210 2925 5279 Quia,
2983 5211 3184 5283 inquit,
3236 5224 3267 5265 a
3323 5222 3411 5265 me
3446 5205 3554 5263 hoc

1980 5304 2209 5374 petiisti,
2242 5317 2344 5358 nec
2379 5301 2579 5360 multos
2607 5317 2780 5359 annos
2808 5304 2928 5358 dari
2962 5302 3060 5358 tibi
3096 5299 3412 5373 posmlasti,
3448 5313 3552 5354 nec

1939 5463 1948 5469 _
1980 5394 2336 5471 opulentiam,
2377 5408 2481 5452 nec
2508 5395 2749 5451 hostium
2777 5402 2998 5452 tuorum
3034 5393 3235 5463 capita,
3267 5391 3362 5448 sed
3388 5389 3553 5447 intel-

1981 5489 2256 5562 ligentiam
2284 5497 2338 5546 et
2372 5489 2728 5560 sagacitatem
2779 5487 2847 5542 ad
2906 5484 3289 5555 dijudicandas
3319 5497 3545 5550 causas,

1980 5598 2047 5639 en
2080 5581 2152 5638 do
2183 5580 2281 5636 tibi
2311 5595 2406 5637 cor
2438 5579 2677 5651 prudens
2703 5584 2757 5634 et
2787 5590 2977 5646 sagax,
3011 5581 3068 5629 et
3112 5581 3171 5628 ut
3211 5574 3392 5629 nullus
3420 5579 3549 5629 ante

1981 5684 2032 5731 te
2068 5675 2233 5730 fuerit
2278 5673 2458 5746 qualis
2486 5680 2566 5741 tu,
2610 5685 2713 5727 uec
2762 5677 2886 5740 post
2911 5676 2964 5724 te
2995 5667 3228 5725 exsistet
3257 5668 3545 5739 quisquam

1983 5770 2057 5826 tui
2084 5766 2298 5825 similis.
2716 5759 2725 5767 ’

3157 5855 3232 5920 33
