3996 6194
403 285 539 350 1035

1693 261 2014 328 ANTONII
2048 261 2394 324 ΜΕΙᾸΞΞΑΞ

3523 249 3666 307 1036

471 395 637 464 δορὴ.
671 406 736 448 ιι.
761 389 1034 446 iudicium
1051 392 1300 443 exercete
1325 381 1666 453 etjustitiam
1698 380 1927 452 quaarite
1957 392 1974 445 ;

2153 381 2344 454 Κρίμα
2400 373 2726 448 ἑργάσασθε,
2793 369 2888 425 καὶ
2947 368 3221 440 ζητήσατε
3281 360 3661 430 δικαιοσύνην.

403 487 626 558 quaerite
659 481 1157 544 mansuetudinem,
1181 487 1240 534 ut
1278 478 1330 532 in
1359 477 1448 533 die
1506 478 1600 531 iraa
1662 474 1878 531 Domini
1920 472 1976 527 in

414 589 534 634 tuto
572 578 718 633 sitis.
1896 569 1900 574 ’

480 669 646 724 Zach.
679 682 774 722 vn.
804 663 1080 720 Judicium
1112 659 1320 731 justum
1349 665 1622 713 exercete.

469 763 669 820 Jerem.
699 775 834 815 nn.
871 755 998 811 Haec
1020 755 1148 810 dicit
1174 751 1471 806 Dominus:
1510 746 1693 803 Facite
1716 743 1979 817 judicium

402 867 456 911 et
488 854 780 926 justitiam,
817 860 874 907 et
911 848 1102 919 eripite
1146 845 1438 916 spoliatum
1479 841 1546 897 de
1578 853 1741 894 manu
1783 837 1980 908 injuria

406 947 688 1003 :iﬂicientis
727 945 916 1008 illum;
949 949 1003 994 et
1030 942 1316 999 advenam,
1367 934 1582 988 viduam
1619 941 1672 986 et
1719 929 1980 1000 pupillum

407 1057 472 1095 ne
505 1037 850 1107 opprimatis,
880 1033 1014 1088 nihil
1050 1029 1212 1099 impie
1246 1029 1439 1098 agatis,
1473 1038 1524 1082 et
1548 1026 1865 1093 sanguinein
1901 1023 1984 1074 in-

411 1133 632 1186 noxium
662 1145 729 1182 nc
767 1125 1129 1197 profundatis.

478 1223 605 1278 Haec
630 1222 762 1277 dicit
785 1220 1089 1274 Dominus:
1124 1215 1336 1270 Iudicia
1359 1213 1506 1283 justa
1540 1205 1984 1283 exercetc,justi-

409 1319 479 1370 tia
514 1314 750 1369 utimini.
786 1311 986 1366 Beatus
1030 1308 1120 1378 qui
1157 1308 1273 1361 haec
1311 1279 1444 1373 agit,
1477 1301 1562 1355 his
1593 1279 1899 1362 adlimrens,
1931 1302 1983 1349 et

410 1425 604 1464 manus
635 1422 763 1463 suas
796 1403 1080 1459 abstinens
1115 1400 1181 1454 ab
1211 1397 1408 1468 injuria
1433 1392 1696 1450 facienda.

480 1585 593 1640 Ιδα.
630 1600 667 1638 ι.
722 1581 1001 1652 Exquirite
1048 1575 1248 1647 judicia
1279 1617 1292 1643 ,
1340 1574 1568 1630 liberate
1604 1567 1801 1638 injuria
1855 1565 1987 1621 affe-

409 1689 583 1740 ctum,
631 1675 898 1746 judicium
961 1670 1167 1726 reddite
1225 1667 1450 1738 pupillo,
1484 1664 1701 1719 viduam
1747 1658 1986 1715 absolvi-

411 1781 541 1834 tote,
569 1779 623 1824 ct
649 1769 826 1823 venite
857 1773 912 1819 et
942 1763 1339 1832 disceptemus,
1371 1759 1548 1829 inquit
1583 1755 1870 1809 Dominus.

481 1861 680 1916 Jerem.
711 1873 826 1914 ut.
859 1855 987 1914 Hart:
1014 1855 1150 1908 dicit
1180 1851 1444 1906 Dominus
1471 1862 1484 1900 :
1520 1847 1767 1904 Judicate
1808 1859 1984 1908 mann,

411 1963 466 2008 et
497 1962 648 2008 recta
679 1950 891 2004 ratione
920 1945 1170 2016 dirigite;
1197 1943 1385 2012 eripite
1433 1940 1724 2010 spoliatum
1747 1948 1799 1992 et
1824 1950 1988 1989 vexa-

413 2057 528 2100 tum
570 2046 634 2099 do
655 2056 817 2097 manu
864 2041 1039 2112 ipsum
1075 2035 1272 2103 injuria
1306 2031 1616 2094 aliicientis,
1646 2043 1712 2082 ne
1746 2028 1826 2082 ira
1868 2039 1989 2082 mea

415 2151 674 2207 tanquam
711 2135 852 2206 ignis
906 2128 1268 2188 succendatur
1299 2137 1353 2182 et
1390 2122 1735 2189 exardescat,
1781 2134 1882 2175 nec
1921 2117 1993 2172 sit

416 2231 510 2296 qui
543 2229 714 2300 possit
744 2227 1120 2294 exstinguere.

493 2321 650 2397 145
690 2318 883 2373 Ezech.
919 2331 993 2371 vr.
1039 2309 1364 2382 lnjustitiam
1404 2315 1457 2363 et
1493 2304 1857 2363 calamitatem
1893 2316 1988 2356 au~

424 2395 586 2481 ferte,
611 2413 878 2484 judicium
913 2419 966 2464 et
1006 2405 1278 2477 justitiam
1313 2408 1587 2462 exercete,
1639 2395 1861 2452 eximite
1908 2403 1992 2464 ty-

421 2507 699 2564 rannidem
727 2521 756 2561 e
786 2501 983 2574 populo
1013 2514 1156 2562 meo,
1189 2497 1323 2551 dicit
1357 2491 1620 2549 Dominus
1643 2489 1806 2544 Deus.

493 2596 664 2652 Eccli.
703 2611 776 2650 tv.
832 2592 1133 2648 Personam
1183 2585 1422 2657 potentis
1472 2597 1541 2638 ne
1589 2580 1872 2648 respicito,
1927 2575 1993 2630 ad

423 2700 652 2745 mortem
699 2701 878 2757 usque
926 2698 1026 2755 pro
1069 2680 1298 2736 veritate
1353 2683 1581 2741 certato,
1636 2680 1690 2728 et
1732 2669 1997 2725 Dominus

425 2781 761 2853 pmliabitur
793 2793 890 2852 pro
923 2789 995 2832 te.

495 2895 777 2952 Adversus
806 2892 1043 2947 animam
1090 2897 1236 2946 tuam
1270 2897 1559 2958 personam
1606 2893 1676 2935 ne
1715 2872 1994 2945 respicito.

497 2986 751 3058 iniuriosi
783 2997 1031 3056 personae
1062 2997 1132 3036 ne
1166 2979 1463 3049 assurgito.

499 3103 639 3156 Tum
671 3076 903 3156 summis
935 3105 1048 3150 tum
1074 3092 1278 3148 inlimis
1307 3090 1396 3162 jus
1422 3085 1589 3143 dicito
1623 3079 1928 3151 mqualitor.

506 3217 706 3286 lnjuria
750 3212 1003 3268 allectum
1048 3209 1114 3263 de
1155 3220 1319 3260 manu
1367 3200 1566 3270 injuria
1595 3193 1876 3251 allicientis
1897 3190 2011 3244 exi-

437 3310 588 3372 mito,
615 3320 714 3362 nec
755 3305 809 3359 in
853 3303 975 3374 jure
1021 3297 1260 3356 dicundo
1303 3295 1380 3351 sis
1414 3287 1802 3363 pusillanimis.

513 3423 670 3477 Prius
704 3431 868 3491 quam
903 3413 1218 3486 inquisieris
1234 3425 1315 3466 ἠε
1347 3422 1576 3465 accuses
1603 3424 1619 3462 :
1644 3405 1877 3476 primum
1917 3415 2008 3456 co-

438 3515 707 3586 gnnscito,
741 3520 854 3566 tum
877 3508 1111 3576 denique
1135 3505 1448 3574 ohjurgato.

509 3605 642 3662 Sine
667 3603 876 3674 judicio
906 3601 1040 3657 nihil
1073 3599 1368 3670 quidquam
1399 3593 1616 3650 feceris.

507 3698 687 3754 Nolite
709 3712 775 3752 ex
805 3701 1028 3764 aspectu
1057 3701 1114 3747 et
1141 3691 1292 3745 vultu
1313 3687 1584 3759 judicare,
1620 3685 1715 3741 sed
1745 3683 1897 3754 justo
1918 3679 2008 3750 ju-

437 3792 580 3848 dicio
602 3775 866 3861 judicate.
1095 3840 1099 3842 _

509 3883 612 3950 Qui
643 3882 774 3938 iacit
793 3878 1061 3951 justitiam
1091 3875 1274 3946 justus
1303 3880 1409 3929 est.

507 3975 651 4032 Justi
685 3973 856 4030 animi
885 3971 1049 4028 index
1075 3977 1161 4026 est
1187 3966 1474 4034 integrius
1499 3962 1554 4018 in
1582 3957 1901 4053 judigndo.

509 4150 589 4204 Ad
619 4142 1056 4218 cognoscendam
1083 4152 1265 4194 veram
1301 4135 1568 4206 justitiam
1602 4133 1846 4204 profecto
1889 4144 2011 4185 ma-

2083 474 2352 543 ζητήσατε
2413 466 2722 540 πραΰτητα,
2770 463 2919 528 ὅπως
2963 459 3313 531 σκεπασθῆτσ
3367 459 3423 512 ὲν
3477 453 3671 526 ὴμϐρᾳ

2081 565 2251 635 ὀργῆς
2282 560 2510 632 Κυρίου.

2153 655 2347 726 Κρίμα
2375 652 2582 707 δίκαιον
2607 650 2856 722 κρίνατε.

2154 746 2292 799 Τάδε
2337 744 2484 814 λέγει
2531 742 2738 812 Κύριος
2761 756 2777 774 ο
2829 738 3039 792 ﬂeuit:
3091 738 3277 807 κρίσιν
3325 732 3424 788 καὶ
3454 733 3671 786 δικαιο-

2086 840 2273 907 σύνην,
2312 838 2408 891 καί⁹
2454 835 2698 902 ὲξέλεσθε
2741 831 3156 903 διηρπασμένον
3198 829 3262 881 ὲκ
3313 826 3500 898 χειρδς
3549 825 3673 880 ἀδι-

2084 930 2308 993 κοῦντος
2341 930 2499 982 αὐτὸν
2523 969 2538 994 ,
2587 934 2681 983 καὶ
2712 927 3051 998 προσήλυτον
3125 925 3220 978 καὶ
3244 926 3422 994 χήραν
3448 921 3544 974 καὶ
3573 921 3672 988 ὀρ-

2087 1026 2254 1092 φανὸν
2311 1022 2384 1092 μὴ
2436 1021 2959 1082 καταδυναστεύετε,
2990 1019 3088 1072 καὶ
3137 1019 3210 1088 μὴ
3259 1013 3530 1076 ἀσεϐεῖτε,
3575 1013 3673 1065 καὶ

2086 1112 2223 1184 αἷμα
2257 1115 2433 1169 ἀθῶον
2467 1116 2539 1185 μὴ
2578 1117 2818 1182 ἐκχέετε.

2157 1209 2296 1264 Τάδε
2335 1208 2483 1277 λέγει
2535 1207 2776 1276 Κύριος·
2831 1206 3100 1274 Ποιήσατε
3152 1201 3358 1272 κρίσιν,
3397 1198 3670 1265 ποιήσατε

2086 1299 2453 1370 δικαιοσύνην.
2501 1298 2790 1367 Μακάριος
2833 1299 2862 1352 6
2907 1295 3083 1350 ποιῶν
3108 1293 3280 1348 ταῦτα
3319 1289 3414 1344 καὶ
3448 1286 3674 1355 ἀντεχό-

2085 1410 2250 1465 μενος
2300 1390 2500 1454 αὐτῶν,
2531 1389 2630 1445 καὶ
2679 1388 2952 1459 διατηρῶν
3004 1386 3104 1450 τάς
3149 1384 3339 1455 χεῖρας
3392 1377 3560 1433 αὐτοῦ
3595 1377 3672 1446 μὴ

2088 1487 2264 1539 ποιεῖν
2296 1483 2478 1539 ἄδικα.

2168 1578 2536 1648 Ἐκζητήσατε
2565 1575 2770 1645 κρίσιν,
2824 1573 3061 1646 ῥύσασθε
3107 1566 3489 1639 ἀδικούμενον,
3543 1562 3674 1634 κρί-

2090 1687 2216 1724 νατε
2241 1669 2487 1739 ὀρφανῷ,
2513 1669 2607 1723 καὶ
2632 1667 2962 1721 δικαιώσατε
2997 1665 3195 1736 χήραν,
3233 1661 3330 1714 καὶ
3363 1658 3542 1720 δεῦτε,
3577 1655 3678 1709 καὶ

2015 1731 2060 1788 Β
2089 1731 2482 1834 διαλεχθῶμεν,
2509 1761 2659 1829 λέγει
2695 1759 2925 1831 Κύριος.

2160 1854 2299 1907 Τάδε
2338 1852 2486 1923 λέγει
2530 1851 2768 1921 Κύριος·
2836 1849 3074 1921 Κρίνατε
3118 1846 3298 1919 πρωί,
3353 1845 3448 1899 καὶ
3475 1858 3681 1897 κατευ-

2093 1947 2286 2001 θύνατε
2307 1963 2320 1976 ·
2355 1946 2450 1998 καὶ
2478 1943 2722 2009 ὲξέλεσθε
2769 1941 3176 2014 διηρπασμένον
3227 1941 3290 1992 ὲκ
3323 1937 3508 2008 χειρὸς
3554 1934 3680 1987 ἀδι-

2095 2038 2312 2102 κοῦντος
2338 2037 2523 2104 αὑτὸν,
2552 2039 2700 2102 ὅπως
2726 2037 2800 2108 μὴ
2834 2035 3046 2105 ἀναφθῇ
3069 2037 3146 2096 ὡς
3174 2031 3284 2102 πῦρ
3306 2033 3340 2102 ἡ
3373 2028 3513 2100 ὀργή
3539 2043 3672 2098 μου,

2093 2137 2189 2189 καὶ
2220 2135 2571 2204 καυθήσεται,
2609 2133 2704 2184 καὶ
2732 2131 2834 2184 οὐκ
2868 2130 3020 2182 ἔσται
3048 2129 3077 2182 6
3108 2126 3339 2180 σϐίσων.

2177 2312 2417 2366 Ἀδικίαν
2469 2311 2564 2365 καὶ
2609 2306 2988 2374 ταλαιπωρίαν
3027 2299 3310 2371 ἀφέλεσθε,
3346 2296 3523 2369 κρίμα
3575 2295 3676 2348 καὶ

2095 2403 2444 2471 δικαιοσύνην
2477 2402 2764 2473 ποιήσατε,
2817 2391 3046 2468 ἐξάρατε
3099 2389 3560 2447 καταδυναστείαν
3617 2389 3687 2438 ἐκ

2095 2495 2188 2548 τοῦ
2211 2493 2344 2548 λαοῦ
2380 2510 2502 2563 μου,
2537 2493 2687 2560 λέγει
2715 2489 2918 2558 Κύριος
2948 2487 2976 2538 6
3005 2485 3158 2547 Θεός.

2167 2587 2259 2659 Μὴ
2323 2585 2496 2656 λάϐῃς
2562 2583 2853 2654 πρόσωπον
2916 2575 3204 2638 δυνάστου,
3262 2573 3370 2634 ἓως
3435 2568 3680 2625 θανάτου

2097 2677 2362 2748 ἀγώνισαι
2395 2679 2522 2747 περὶ
2548 2677 2662 2746 ,τῆς
2689 2669 2969 2744 ἀληθείας,
3002 2667 3098 2722 καὶ
3130 2664 3334 2733 Κύριος
3371 2660 3690 2731 πολεμήσει

2100 2772 2238 2840 ὑπὲρ
2269 2769 2386 2824 σοῦ.

2171 2885 2262 2953 Μὴ
2296 2882 2466 2954 λάϐῃς
2494 2880 2789 2950 πρόσωπον
2819 2875 2962 2932 κατά
2985 2877 3163 2945 ψυχῆς
3195 2889 3311 2927 σου.

2171 2976 2264 3045 Μὴ
2290 2973 2598 3042 ἐξαναστῇς
2618 2971 2725 3026 ἀπὸ
2755 2967 3048 3040 προσώπου
3072 2959 3352 3036 ὑϐριστοῦ.

2035 3077 2080 3137 c
2183 3089 2480 3142 Δικαίωσον
2516 3087 2699 3158 μικρῷ
2729 3086 2824 3138 καὶ
2857 3081 3078 3152 μεγάλῳ
3101 3077 3321 3151 ὁμοίως.

2195 3203 2410 3270 Ἐξελοῦ
2438 3202 2791 3271 ἀδικούμενον
2815 3200 2876 3251 ἔκ
2905 3195 3088 3268 χειρὸς
3121 3188 3457 3253 ἀδικοῦντος,
3479 3185 3578 3242 καὶ
3602 3183 3683 3258 μὴ

2110 3297 2512 3367 ὀλιγοψυχήσης
2537 3295 2593 3347 ἐν
2635 3292 2712 3362 τῷ
2739 3289 2947 3360 κρίνειν
2975 3303 3056 3341 σε.

2187 3409 2321 3478 Πρὶν
2367 3406 2650 3477 ἑξετάσῃς,
2689 3402 2764 3475 μὴ
2810 3400 3028 3474 μέμψῃ.
3061 3397 3269 3469 Νόησον
3312 3394 3556 3466 πρῶτον,
3588 3392 3689 3447 καὶ

2109 3501 2232 3555 τότε
2264 3497 2513 3566 ἐπετίμα.
2881 3531 2896 3544 ι

2186 3587 2344 3638 Ἄνευ
2375 3583 2609 3653 κρίσεως
2649 3582 2723 3652 μὴ
2762 3581 2999 3653 ποιήσῃς
3033 3579 3218 3652 μηδέν.

2180 3678 2271 3747 Μὴ
2301 3677 2517 3748 κρίνετε
2563 3675 2686 3729 κατ’
2733 3675 2874 3745 ὄψιν,
2925 3661 3198 3745 ἀλλὰίτὴν
3241 3671 3460 3727 δικαίαν
3501 3670 3691 3742 κρίσιν

2113 3772 2352 3840 κρίνατε.

2196 3861 2254 3914 '0
2278 3859 2446 3914 ποιῶν
2473 3859 2574 3929 τὴν
2599 3858 2943 3929 δικαιοσύνην
2962 3857 3168 3921 δίκαιός
3192 3859 3360 3910 ἐστιν.
3387 3857 3394 3865 ’

2183 3955 2447 4024 Ἔλεγχος
2482 3954 2583 4022 τῆς
2637 3952 2732 4005 τοῦ
2784 3952 2992 4006 δικαίου
3041 3950 3336 4012 διαθέσεως
3380 3949 3413 4019 ἠ
3466 3947 3600 4018 περὶ
3626 3947 3689 3998 τὸ

2115 4045 2320 4117 κρίνειν
2348 4045 2596 4116 ὀρθότης.
3363 4101 3366 4106 _

2183 4138 2257 4190 Τὸ
2284 4136 2472 4208 νοῆσαι
2512 4137 2611 4205 τὴν
2655 4136 2827 4206 ἀληθῆ
2857 4133 3204 4203 δικαιοσύνην
3238 4131 3482 4202 μεγάλης
3520 4131 3695 4193 ὅντως

442 4257 548 4310 gno
591 4252 729 4309 opus
758 4245 843 4292 est
871 4233 1088 4304 ingenio
1117 4241 1167 4285 et
1194 4237 1374 4283 mente
1416 4227 1838 4297 pecl‘ectissima.
1865 4221 1995 4279 Fier

2130 4228 2352 4290 Βιανοίας
2406 4226 2496 4282 καὶ
2532 4227 2724 4296 φρενὸς
2753 4226 3100 4292 τελειοτάτης
3139 4224 3333 4278 δεῖται.
3375 4224 3695 4290 ’Δμήχανον

441 4333 590 4386 cnim
615 4344 723 4384 non
755 4334 933 4397 potest
972 4331 1031 4379 ut
1061 4322 1149 4393 qui
1187 4335 1295 4375 non
1327 4326 1412 4374 est
1466 4318 1517 4372 in
1544 4317 1668 4386 jure
1694 4315 1995 4380 institutusl

2130 4321 2223 4389 γὰρ
2262 4320 2336 4389 μὴ
2385 4318 2859 4391 προπαιδευθέντα.
2895 4317 2990 4371 τοῦ
3039 4317 3248 4370 δικαίου
3297 4315 3560 4368 δύνασθαι
3595 4313 3695 4375 τὰς

444 4419 848 4478 controversias
890 4415 1061 4486 possit
1111 4421 1258 4468 recte
1298 4408 1622 4480 dijudicare.
1676 4405 1778 4472 Qui
1828 4414 1995 4460 auten

2130 4411 2553 4482 ὶμφισϐητήσεις
2591 4410 2766 4481 ὀρθῶς
2797 4409 3118 4477 διακρίνειν.
3168 4408 3226 4460 '0
3262 4407 3373 4474 γάρ
3405 4405 3566 4467 είδὼς
3596 4407 3700 4470 τὴν

449 4527 634 4584 veram
664 4511 766 4567 scit
791 4507 1082 4577 justitiam,
1127 4519 1191 4559 ac
1233 4517 1330 4575 per
1351 4514 1472 4557 eam
1499 4513 1658 4555 suum
1693 4497 1892 4567 cuique
1918 4497 1995 4551 tri

2130 4502 2295 4573 ἀληθῆ
2339 4503 2708 4573 δικαιοσύνην,
2750 4503 2846 4555 καὶ
2884 4501 2952 4554 δι’
2993 4500 3164 4566 αὐτῆς
3197 4496 3473 4567 διδαχθεὶς
3518 4496 3583 4548 τὸ
3623 4495 3702 4548 ol-

450 4610 613 4662 buere
646 4601 854 4668 didicit,
887 4599 936 4656 is
969 4597 1173 4667 optime
1223 4602 1398 4664 potest
1426 4590 1629 4662 judicia
1679 4588 1914 4658 dirigere
1965 4601 1994 4641 e

2130 4596 2267 4648 κεῖον
2297 4595 2591 4665 ἀπονέμειν
2624 4593 2862 4660 ἑκάστῳ,
2889 4586 3047 4654 οὗτος
3083 4590 3308 4644 δύναται
3338 4587 3703 4642 κατευθύνειν

437 4696 852 4755 administrare.
869 4685 1336 4758 Quemadmodum
1361 4681 1676 4755 sagittarius
1695 4679 1760 4735 ad
1793 4693 1995 4750 scopun

2130 4687 2316 4758 κρίμα.
2358 4685 2569 4757 Ὠσπερ
2610 4688 2639 4740 ὀ
2685 4685 2910 4755 τοξότης
2949 4684 3087 4754 πρὸς
3137 4682 3231 4736 τδν
3273 4683 3484 4734 σκοπὸν
3533 4683 3704 4735 ἀπευ-

447 4790 633 4862 dirigit
679 4787 806 4853 tela,
876 4796 1049 4852 neque
1101 4776 1431 4850 superando,
1462 4790 1640 4846 neque
1694 4773 1988 4830 submitten

2130 4781 2270 4834 θύνει
2315 4779 2379 4834 τὸ
2431 4779 2604 4850 βέλος,
2636 4777 2760 4834 οὔτε
2805 4776 3156 4848 ὑπερϐολαῖς,
3190 4773 3317 4830 οὔτε
3370 4774 3699 4843 ὲλλείψοσιν,

449 4885 540 4950 do,
562 4895 742 4952 neque
766 4881 820 4934 in
871 4872 1138 4933 utramvis
1165 4881 1370 4941 partem
1405 4866 1792 4933 convertendo,
1818 4863 1995 4919 l‘ruslr:

2130 4871 2248 4926 οὒτε
2275 4873 2398 4936 ταῖς
2425 4872 2513 4940 ἐφ’
2556 4871 2794 4939 ἑκάτερα
2825 4870 3189 4940 περιτροπαῖς
3229 4865 3567 4920 ἀποπλανῶν
3599 4865 3700 4936 τὴν

450 4974 704 5046 sagittam
743 4970 962 5034 emittit,
991 4965 1088 5023 sed
1139 4961 1420 5026 collimat;
1452 4959 1530 5014 sic
1561 4958 1727 5034 judex
1769 4955 1860 5024 jus
1907 4961 1989 5007 tra

2130 4965 2353 5030 τοξείαν·
2385 4963 2558 5028 οὕτως
2581 4965 2609 5017 ὀ
2633 4961 2823 5032 κριτὴς
2851 4960 2944 5014 τοῦ
2968 4959 3173 5013 δικαίου
3201 4957 3700 5027 καταστοχάζεται,

450 5073 583 5131 ctat,
616 5076 798 5132 neque
845 5072 1110 5130 personas
1155 5053 1478 5124 respiciens,
1514 5063 1691 5118 neque
1719 5047 1995 5117 quidquan

2130 5057 2246 5111 οὔτε
2283 5055 2550 5125 πρόσωπα
2574 5054 2886 5124 λαμϐάνων,
2921 5051 3046 5105 οὔτε
3074 5048 3245 5102 ποιῶν
3273 5065 3326 5099 τι
3357 5049 3500 5101 κατά
3530 5049 3704 5119 1:963-

452 5159 668 5215 faciens
710 5155 1034 5226 cujusquam
1076 5149 1295 5204 hortatu
1342 5154 1398 5199 et
1435 5142 1772 5205 invitatione,
1809 5139 1900 5194 sed
1937 5152 2021 5192 re-

451 5263 573 5308 ctas
633 5257 687 5305 et
747 5247 969 5302 minime
1024 5248 1302 5297 contortas
1351 5234 1632 5307 proterens
1693 5230 2012 5287 sententias.

452 5344 519 5397 Et
572 5339 790 5395 duobus
817 5331 1150 5405 litigantibus
1206 5335 1310 5383 stat
1355 5327 1409 5381 in
1452 5320 1824 5391 mcdiojudex
1884 5335 2024 5374 exae-

455 5449 654 5506 quans,
705 5440 759 5487 et
819 5438 1028 5485 tantum
1085 5420 1379 5479 detrahens
1436 5417 1487 5473 ei
1534 5415 1624 5486 qui
1673 5413 1793 5482 plus
1833 5413 2018 5477 habet,

453 5536 715 5596 quantum
754 5513 958 5580 invenit
1019 5520 1332 5589 ademptum
1394 5513 1445 5568 ei
1505 5507 1834 5577 cuiininria
1881 5507 2024 5562 facta

454 5623 545 5673 slt.
655 5629 660 5632 '

530 5709 643 5763 Non
694 5719 778 5764 cst
817 5709 955 5779 aequi
1000 5704 1200 5777 judicis
1258 5713 1416 5771 pares
1473 5694 1696 5766 paribus
1727 5694 2024 5750 decernere

2125 5148 2335 5218 κλησιν,
2361 5145 2478 5200 ἀλλ’
2505 5145 2718 5207 εὐθείας
2750 5144 2846 5197 καὶ
2871 5142 3266 5211 ἀδιαστρόφους
3300 5140 3559 5208 ἐκφέρων
3603 5141 3700 5201 τὰς

2127 5235 2356 5310 κρίσεις.
2390 5237 2497 5290 Καὶ
2525 5236 2620 5289 δύο
2665 5235 3002 5306 κρινομένων
3047 5230 3178 5300 παρ’
3212 5230 3362 5301 αύτῷ
3413 5232 3652 5298 ἕστηκεν
3677 5230 3704 5280 ὀ

2129 5332 2319 5402 κριτὴς
2351 5328 2623 5382 ὲπανισῶν
2660 5327 2858 5389 αὐτοὺς
2883 5327 3021 5396 πρὸς
3055 5323 3341 5393 ἀλλήλους,
3376 5324 3474 5375 καὶ
3517 5319 3708 5374 τοσοῦ-

2127 5441 2218 5476 τον
2263 5419 2512 5492 ὑφαιρῶν
2553 5417 2647 5472 τοῦ
2693 5418 3068 5489 ὑπερέχοντος,
3115 5415 3240 5467 ὅσον
3307 5411 3706 5483 ἐλαττούμενον

2130 5513 2371 5585 εὑρίσκει
2409 5511 2500 5565 τὸν
2525 5508 2897 5579 ἀδικούμενον.

2200 5689 2316 5744 Οὐκ
2351 5687 2466 5742 ἔστι
2503 5687 2710 5741 δικαίου
2743 5685 2954 5758 κριτοῦ,
2992 5685 3110 5751 ῐσας
3153 5683 3289 5752 πρὸς
3335 5685 3459 5746 ἴσας
3502 5676 3706 5751 ὁρίζειν
