3996 6194
362 356 502 423 ῙΟἹἹ
1182 370 1354 433 LOCI
1393 373 1603 436 COMM
1618 376 1839 442 UNES.
1870 403 1931 417 ’-

2068 381 2164 443 BS
2204 382 2291 446 Ιῐ.
2332 383 2591 448 SERMO
2617 387 2780 452 VIII.
2837 427 2850 438 -
3490 397 3625 463 1038

359 475 460 578 τὰς
504 477 838 578 ἀντιδόσειςο
883 482 999 538 ἀλλ’
1047 485 1260 559 ἀνάγκη
1313 491 1408 546 τὸν
1452 495 1802 566 κατάρξαντα
1836 515 1931 553 κα-

2069 499 2460 567 atisi'actiones,
2498 503 2592 558 sed
2629 514 2910 561 auctorem
2944 506 3076 562 mali
3115 521 3342 564 necesse
3376 516 3458 563 est
3492 525 3619 565 cum

361 569 656 667 xei-itera
699 573 1018 667 προσθήκης
1067 579 1325 637 ἀποτῖσαι
1381 585 1450 640 τὰ
1500 588 1858 658 ὀφειλόμενα,
1889 591 1931 643 el

2068 592 2415 652 udditamento
2467 596 2778 664 persolvere
2835 598 3059 667 debita,
3113 599 3162 656 si
3214 598 3477 656 debeatur
3533 601 3622 655 illa

365 659 571 762 ili-Ilot-
597 661 759 762 αὐτός
805 682 865 762 τε
911 669 1136 737 βελτίων
1158 676 1280 735 ταῖς
1322 677 1619 749 τιμωρίαις
1660 680 1931 749 γενέσθαι,

2068 698 2201 739 mna
2235 684 2424 741 melior
2460 685 2596 752 fieri,
2626 697 2681 743 et
2707 689 2948 762 reliquos
2971 706 3072 748 suo
3105 690 3358 760 exemplo
3387 690 3616 749 reddere

355 755 456 900 εὶ
491 752 618 818 τοὺς
665 753 886 819 λοιποὺς
912 767 1388 837 σωφρονεστέρους
1415 772 1640 842 ποιῆσαι
1684 771 1762 842 τῷ
1805 771 1931 827 ὕπο-

393 863 410 874 α
437 863 628 900 γιιατι.

2070 779 2526 846 emperantiores.

393 863 628 916 ειγματι.

431 942 698 1012 Ποιήσατε
724 946 1072 1022 δικαιοσύνης
1096 951 1284 1020 ὅπλον,
1321 955 1413 1008 καὶ
1465 953 1542 1027 μὴ
1573 954 1807 1012 θανάτου
1839 957 1940 1028 τὴν

360 1050 402 1086 π
422 1033 658 1091 ημίδευσιν.

434 1128 575 1181 ἰσθι
600 1133 918 1203 κρινόμενος
940 1134 969 1188 ό
1000 1137 1216 1208 κριτὴς.
1250 1141 1345 1191 καὶ
1370 1135 1534 1211 ἦττον
1569 1141 1934 1211 άμαρτήσεις.

427 1220 583 1276 οὕτω
612 1224 873 1295 δοκίμαζε
907 1230 998 1282 τὸν
1029 1229 1262 1301 ἀδελφόν
1301 1250 1416 1298 σου,
1454 1234 1532 1298 ὡς
1558 1235 1652 1288 καὶ
1690 1235 1854 1300 αὐτὸς
1879 1237 1936 1290 ὲν

359 1317 470 1378 τοῖς
491 1317 683 1382 ,αὐτοῖς
714 1320 932 1390 μέτροις
955 1324 1294 1394 κρινόμενος.

431 1410 508 1481 Τῇ
551 1411 662 1464 τῶν
700 1412 1024 1478 δικαζόντων
1081 1415 1439 1488 μακροθυμίᾳ
1485 1419 1536 1472 οἱ
1589 1417 1710 1473 λίαν
1753 1418 1936 1473 ἄδικοι

358 1501 712 1573 σκληρότεροι
746 1505 957 1560 ἑαυτῶν
989 1507 1231 1576 γίνονται
1256 1510 1399 1562 κατὰ
1434 1509 1494 1562 τὸ
1523 1510 1792 1563 ἀπειθεῖν.
1826 1510 1937 1565 Καὶ

355 1594 436 1646 δεί
475 1595 565 1648 τὸν
612 1596 808 1667 κριτὴν
850 1598 1072 1664 ειδέναι,
1106 1600 1195 1654 ὅτι
1243 1601 1426 1671 κρίσει
1470 1600 1608 1655 Θεοῦ
1641 1601 1933 1672 ὑπηρετεῖ,

355 1685 449 1740 καὶ
490 1687 552 1740 οὐ
582 1686 774 1758 κύριός
821 1691 990 1756 ἐστιν,
1015 1691 1092 1753 ὡς
1138 1693 1388 1762 βούλεται
1437 1685 1594 1765 ἄγειν
1644 1693 1707 1748 τὸ
1734 1695 1933 1764 κρίμα,

354 1777 494 1830 ὥστε
527 1779 622 1833 καὶ
649 1778 968 1852 χαρίζεσθαι
999 1785 1118 1848 τοῖς
1151 1787 1498 1857 κρινομένοις
1521 1788 1802 1860 τάγματα.

369 1991 374 1996 -
429 1956 664 2010 Ἄτοπον
711 1958 1108 2032 ἁμαρτήμασιν
1153 1964 1375 2034 ἐνόχους
1434 1960 1574 2020 εῖναι
1636 1968 1761 2030 τοὺς
1819 1969 1932 2033 τοῖς

351 2047 532 2112 ἄλλοις
555 2050 621 2104 τά
645 2050 830 2106 δίκαια
856 2051 1148 2122 βραϐεύειν
1177 2057 1514 2123 ἑξισοῦντας.

422 2141 591 2195 Ὅταν
653 2143 904 2200 αἰτιῶται
977 2146 1242 2220 δικαστὴς
1311 2152 1655 2221 κρινόμενον.
1711 2152 1930 2223 ἀνάγκη

351 2236 582 2306 σιωπᾷν.

427 2327 682 2395 Ἄριστος
703 2331 895 2402 κριτὴς
920 2331 1258 2390 ὑπονοείσθω
1279 2338 1307 2391 ό
1331 2338 1544 2406 ταχέως
1574 2337 1676 2405 μιν
1701 2336 1926 2401 συνιεὶς,

348 2418 590 2489 βραδέως
618 2423 674 2476 δὲ
701 2424 925 2494 κρίνων.
957 2425 1199 2500 Θάτερον
1231 2429 1330 2498 μιν
1367 2428 1466 2486 οὖν
1505 2429 1744 2496 εὐνοίας,
1772 2429 1932 2485 θάτε-

348 2531 445 2584 ρον
465 2514 522 2567 δὲ
549 2516 859 2586 ἀκριϐείας.

423 2607 747 2673 Ἆσκέπτως
785 2613 848 2666 οὐ
873 2613 955 2667 δεῖ
982 2617 1278 2685 προπετιῖν
1323 2617 1382 2669 ἐν
1425 2613 1504 2680 τῷ
1551 2612 1784 2684 κρίνειν,
1829 2611 1931 2682 ἔμ-

348 2701 588 2772 προσθεν
624 2703 681 2758 δὲ
735 2702 1108 2773 βουλεύεσθαι,
1159 2706 1298 2777 μηδι
1330 2707 1406 2777 τῷ
1441 2706 1698 2761 σπεύδειν
1731 2707 1808 2778 τῷ
1836 2705 1927 2759 λο-

349 2793 532 2864 γισμῷ
576 2796 707 2866 παρ’
734 2796 762 2848 ὃ
795 2798 876 2851 δεῖ
901 2798 1080 2865 λέγειν
1104 2815 1120 2831 ·
1160 2799 1298 2853 ἀλλὰ
1347 2799 1712 2871 βραδύνοντάς
1740 2815 1801 2852 τε
1833 2799 1932 2853 καὶ

346 2886 669 2978 μέλλοντας,
697 2889 798 2960 τὴν
848 2892 1028 2962 ὁρμὴν
1059 2892 1308 2962 ἀκριϐῶς
1358 2892 1792 2963 πεπονημένους.
1835 2892 1931 2946 καὶ

352 2976 430 3048 μὴ
458 2978 596 3048 πρὸς
624 2981 785 3052 χάριν
816 2981 1252 3050 μεταϐάλλεσθαι
1275 3000 1289 3014 ο
1315 2980 1481 3058 ἦττον
1507 2987 1614 3056 γάρ
1642 2984 1734 3038 τοῦ
1766 2985 1931 3039 ἀϐού-

349 3067 442 3122 λου
467 3068 527 3122 τὺ
562 3071 946 3140 εὐμετάϐολον,
990 3075 1085 3127 καὶ
1133 3075 1227 3129 τοῦ
1257 3075 1566 3145 προπετοῦς
1603 3076 1665 3129 τὸ
1703 3076 1926 3146 κοῦφον.

423 3249 536 3320 Οὐχ
573 3249 715 3306 οὕτω
742 3251 834 3306 τὸν
859 3253 969 3306 τῶν
999 3254 1346 3324 γραμμάτων
1374 3254 1698 3327 χαρακτῆρα
1734 3256 1932 3327 ὀρθοῦν

348 3341 451 3406 δεῖ,
479 3343 554 3406 ὠς
601 3343 694 3397 τὸν
742 3345 868 3398 τῶνα
889 3349 1236 3416 πραγμάτων
1277 3350 1489 3419 τηρεῖν.
1529 3349 1596 3403 Ἥ
1650 3350 1757 3422 γὰρ
1788 3353 1934 3422 κακὴ

279 3481 286 3484 .
349 3440 534 3510 κρίσις
562 3444 762 3503 παντὸς
787 3437 959 3494 κακοῦ
989 3439 1161 3495 αἰτία.
1594 3441 1602 3450 ’
1648 3438 1653 3445 ’

420 3532 628 3601 Μηδεὶς
672 3531 950 3602 φρονίμων
1001 3532 1096 3586 τοῦ
1128 3533 1322 3604 ἄρχειν
1369 3536 1796 3606 άλλοτριούσθω.
1827 3538 1934 3593 Καὶ

347 3629 459 3697 γάρ
487 3625 684 3688 ἀσεϐὲς
731 3626 790 3680 τὸ
843 3627 1098 3699 ἀποσπᾷν
1146 3627 1340 3683 ἑαυτὸν
1369 3632 1474 3700 τῆς
1521 3629 1632 3684 τῶν
1661 3631 1934 3701 δεομένων

348 3717 680 3787 εὐχρηστίας
703 3734 718 3750 ο
757 3718 856 3773 καὶ
887 3719 1110 3786 ἀγεννὲς
1141 3723 1258 3782 τοῖς
1297 3722 1525 3791 φαύλοις
1555 3727 1931 3796 παραχωρεῖν.

361 3809 616 3880 ’Λνόητον
661 3811 771 3881 γάρ
799 3811 858 3865 τὸ
882 3811 1158 3883 αἱρεῖσθαι
1183 3813 1372 3878 κακῶς
1403 3816 1672 3887 ἄρχεσθαι
1704 3817 1928 3888 μᾶλλον,

347 3903 382 3974 ἦ
413 3903 594 3968 καλῶς
619 3904 832 3974 άρχειν.

421 3994 558 4050 Οὐδὲ
587 3996 716 4050 ἄλλο
745 3998 974 4068 ἡγεμόνι
1006 3998 1212 4070 πρέπει
1255 3999 1288 4071 ἢ
1317 4001 1379 4055 τὸ
1408 4001 1615 4073 μηδένα
1642 4001 1933 4074 ὑπερηφα-

343 4087 480 4152 νιίν,
518 4086 657 4156 μηδὲ
697 4086 1051 4158 ἁϐρύνεσθαι,
1080 4090 1197 4146 ἀλλ’
1241 4091 1300 4157 ἐξ
1347 4089 1465 4146 ίσου
1506 4092 1728 4150 πάντων
1777 4093 1933 4163 προϊ-

347 4179 600 4235 στασθαι.

978 4299 1198 4353 ΛΟΓΟΣ
1224 4296 1303 4354 H'.

341 4388 487 4459 Περὶ
512 4387 816 4463 δικαστῶν
830 4394 1093 4463 ,πηκτῶν
1114 4379 1210 4446 καὶ
1243 4391 1805 4463 δωροδοκουμένων,
1828 4393 1928 4448 καί

733 4459 1009 4530 ἀθέσμως
1035 4459 1534 4530 κατακρινὼτων.

2117 957 2387 1029 Theologi.
2433 957 2612 1015 Nolite
2661 960 3005 1018 committere
3042 970 3103 1017 ut
3149 971 3330 1018 vestra
3379 961 3618 1027 eruditio

2041 1049 2111 1104 sit
2144 1052 2335 1106 mortis
2361 1059 2659 1118 armatura,
2690 1052 2786 1106 sed
2820 1052 3071 1122 iustitia.

2109 1142 2284 1198 Judex
2313 1145 2391 1198 rei
2428 1158 2717 1212 personam
2748 1145 2958 1201 sustine
2985 1185 2999 1205 .
3031 1153 3086 1199 et
3122 1142 3302 1198 minus
3327 1144 3608 1212 peccabis.

2111 1235 2205 1292 Sic
2241 1234 2466 1291 fratrem
2502 1244 2651 1291 tuum
2680 1237 2930 1307 probato,
2971 1245 3029 1290 ut
3062 1237 3106 1293 si
3145 1237 3262 1295 ipse
3296 1237 3503 1291 eisdem
3533 1253 3622 1292 ra-

2043 1327 2280 1383 tionibus
2312 1328 2368 1382 in
2402 1326 2669 1396 judicium
2709 1338 2933 1384 vocatus
2970 1344 3142 1384 esses.

2111 1420 2215 1487 Qui
2249 1427 2431 1489 supra“
2454 1422 2674 1475 modum
2708 1420 2878 1489 iniqui
2911 1428 2964 1476 et
3011 1422 3256 1487 iniuriosi
3288 1430 3436 1487 sunt,
3469 1419 3621 1490 ind?-

2037 1529 2162 1567 cum
2198 1513 2419 1568 lenitate
2452 1512 2588 1567 iiunt
2628 1513 2938 1581 asperiores
2969 1511 3032 1567 ad
3082 1528 3190 1566 non
3235 1513 3535 1582 parendum
3569 1519 3624 1565 et

2039 1603 2454 1658 rebellandum:
2487 1603 2670 1673 itaque
2715 1603 2878 1672 iudex
2927 1604 3181 1671 ignorare
3216 1617 3326 1656 non
3375 1602 3534 1657 debet
3566 1617 3625 1656 se

2039 1693 2412 1764 Deiindicium
2435 1692 2840 1760 administrare,
2870 1692 3032 1764 146
3056 1707 3113 1746 se
3137 1700 3315 1746 autem
3341 1691 3622 1746 dominum

2039 1799 2149 1838 non
2168 1793 2365 1840 esseut
2393 1784 2691 1854 siciudicia
2721 1784 3010 1854 gubernet,
3035 1791 3093 1836 ut
3111 1782 3454 1852 litigantibus
3487 1790 3541 1837 et
3568 1782 3625 1835 in

2033 1877 2297 1946 judicium
2328 1877 2533 1932 vocatis
2565 1889 2786 1948 poenam
2823 1874 3118 1929 condonet.

2109 1967 2370 2023 Philonis.
2418 1967 2733 2023 Absurdum
2781 1965 3111 2021 criminibus
3157 1963 3331 2020 teneri
3385 1977 3484 2020 eos
3528 1962 3624 2034 qui

2034 2057 2156 2114 aliis
2177 2057 2605 2127 iuraexzequant
2619 2064 2674 2111 et
2706 2054 3116 2110 administrant.

2104 2154 2417 2209 Democriti.
2450 2153 2586 2214 Cum
2605 2150 2772 2220 iudex
2803 2164 2959 2206 reum
2987 2156 3233 2214 accusat,
3268 2157 3384 2204 tum
3440 2154 3625 2203 tacere

2035 2262 2261 2302 necesse
2313 2256 2418 2302 est.

2105 2338 2362 2409 Optimus
2419 2337 2583 2408 iudex
2644 2337 2928 2401 habeatur,
2958 2333 3053 2404 qui
3099 2333 3210 2390 cito
3249 2329 3528 2401 intelligit,
3572 2335 3626 2386 et

2033 2434 2176 2487 lente
2223 2429 2454 2500 iudicat.
2514 2429 2759 2482 Alterum
2806 2425 3026 2496 quidem
3078 2432 3165 2480 est
3215 2421 3622 2488 benevolentiae,

2033 2523 2261 2578 alterum
2293 2528 2476 2575 autem
2527 2519 2822 2589 diligentiae
2853 2515 3163 2587 exquisita}.

2105 2615 2510 2672 inconsiderate
2537 2613 2675 2667 nihil
2699 2619 2916 2683 oportet
2939 2605 3281 2680 praecipitare
3314 2605 3618 2675 iniudlcio,

2035 2711 2128 2768 sed
2161 2709 2315 2780 prius
2345 2707 2689 2762 deliberare;
2726 2719 2829 2760 nec
2866 2702 3202 2774 cogitatione
3250 2696 3622 2754 festinandum

2035 2811 2096 2857 ut
2132 2800 2336 2870 aliquid
2383 2799 2503 2869 plus
2557 2813 2720 2866 quam
2767 2798 2922 2851 decet
2974 2794 3171 2874 dicas:
3230 2790 3325 2846 sed
3380 2790 3525 2844 lente
3571 2797 3632 2843 et‘

2032 2900 2357 2950 cunctanter
2412 2890 2671 2962 appetitio
2715 2896 2972 2943 accurate
3013 2883 3347 2946 exercenda,
3409 2894 3509 2936 nec
3554 2879 3624 2933 ad

2033 2987 2262 3057 gratiam
2291 2984 2627 3038 immutanda
2657 2990 2738 3035 est
2769 2998 2783 3046 ;
2822 2994 2944 3033 nam
2983 2977 3419 3038 inconstantem,
3446 2983 3620 3026 teme-

2033 3078 2240 3133 rarium
2260 3085 2314 3130 et
2339 3076 2510 3131 levem
2533 3089 2677 3139 esse,
2706 3071 2950 3128 deterius
2972 3073 3057 3126 est
3088 3081 3251 3138 quam
3275 3064 3508 3121 consilio
3529 3077 3626 3119 ca-

1959 3186 2006 3248 α
2040 3184 2184 3226 rere.

2108 3261 2224 3317 Non
2255 3272 2363 3317 tam
2394 3264 2447 3315 in
2479 3261 2784 3314 litterarum
2819 3257 3030 3328 figuris,
3064 3270 3228 3327 quam
3284 3253 3338 3306 in
3396 3249 3627 3322 negotiis

2037 3364 2246 3409 rectum
2273 3355 2426 3422 sequi
2450 3353 2714 3406 debemus
2739 3368 2751 3402 :
2783 3365 3010 3420 pravum
3038 3345 3470 3416 enimjndicium
3509 3357 3629 3398 oni-

2038 3448 2123 3500 nis
2153 3447 2276 3499 mali
2307 3461 2474 3498 causa
2534 3453 2638 3498 est.

2111 3537 2356 3605 Epicteti.
2393 3535 2561 3590 Nemo
2597 3536 2838 3604 ρνιιιιριιε
2863 3550 2890 3587 a
2925 3549 2983 3588 se
3012 3532 3250 3586 alienum
3273 3528 3482 3598 iudicet
3511 3538 3628 3580 ma-

2037 3631 2262 3699 gistratu
2288 3627 2434 3696 iungi
2461 3644 2478 3692 ;
2504 3640 2590 3680 est
2635 3628 2780 3680 enim
2809 3625 3033 3693 impium
3067 3637 3188 3676 sese
3211 3619 3535 3675 abstrahere
3559 3616 3627 3672 ab

2036 3724 2103 3778 iis
2125 3723 2216 3791 qui
2239 3720 2522 3775 commoda
2546 3721 2645 3773 alis
2669 3729 2718 3772 te
2752 3717 3062 3785 requirnnt,
3092 3721 3147 3766 et
3172 3723 3626 3780 parumgenero-

2035 3829 2156 3868 sum
2187 3812 2451 3880 improbis
2475 3810 2666 3865 cedere
2689 3827 2704 3862 :
2730 3810 2961 3863 stultum
2989 3813 3074 3860 est
3091 3803 3236 3857 enim
3261 3801 3433 3870 magis
3461 3814 3626 3869 expe-

2035 3913 2148 3958 tere
2184 3902 2501 3974 gubernari,
2534 3915 2700 3971 quant
2741 3901 2878 3952 bene
2901 3898 3230 3966 gubernare.

2106 3997 2251 4052 Nihil
2267 4005 2349 4050 ett
2369 3995 2511 4064 quod
2539 3995 2710 4063 magis
2731 4007 2856 4046 eum
2881 3991 2974 4060 qui
2995 3985 3196 4057 praesit,
3219 3982 3432 4045 deceat,
3455 3993 3623 4050 quam

2036 4102 2094 4145 ut
2122 4088 2392 4145 neminem
2443 4086 2524 4140 vel
2575 4083 2811 4154 superbe
2861 4085 3198 4139 contemnat,
3241 4073 3328 4130 vel
3365 4070 3627 4127 indecore

2033 4182 2351 4245 admiretur,
2378 4180 2470 4235 sed
2502 4195 2566 4232 ex
2599 4192 2753 4244 :rquo
2779 4175 3036 4228 omnibus
3063 4168 3268 4240 prmsit.

2426 4289 2658 4346 SERMO
2719 4287 2827 4341 V'lll
2899 4286 3000 4357 [aL
3067 4279 3230 4352 CIX].

2031 4392 2110 4447 De
2134 4391 2403 4462 judicibus
2446 4387 2762 4462 nummariis
2797 4391 2846 4434 et
2883 4394 3100 4462 munem
3129 4370 3534 4462 accipientibus,
3573 4377 3626 4424 et

2321 4471 2506 4513 contra
2529 4459 2621 4524 jus
2657 4465 2710 4508 et
2734 4447 3345 4522 fascendemnantibus.

425 4553 856 4624 Ἐπικατάρατος
902 4555 1030 4620 πᾶς,
1058 4553 1118 4618 ὃς
1167 4553 1236 4608 ἂν
1279 4555 1503 4628 ἐκκλίνῃ
1533 4555 1718 4625 κρίσιν
1747 4572 1918 4629 προσ-

2094 4554 2254 4608 Deut.
2288 4566 2457 4606 xxvu.
2493 4545 2877 4603 Exsecrandus
2907 4541 3155 4613 quisquis
3199 4542 3459 4612 reiecerit
3493 4555 3626 4598 cau-

338 4643 544 4717 ηλύτου
578 4644 672 4697 καὶ
697 4644 935 4712 ὀρφανοῦ
969 4645 1062 4698 καὶ
1091 4646 1288 4716 χήρας.

414 4734 537 4808 Πῦρ
565 4735 904 4791 κατακαύσει
929 4737 1111 4802 οἴκους
1137 4737 1510 4810 δωροδεκτῶν.

419 4940 604 5010 Θυμδς
634 4939 719 4992 ἐπ’
751 4939 969 5006 ἀσεϐεῖς
1009 4941 1160 4996 ἔσται
1204 4941 1273 4996 δι’
1299 4941 1562 4997 άσέϐειαν
1614 4936 1926 5013 δὼρων,ὧν

338 5032 588 5104 ἐδέχοντο
624 5034 681 5086 ὲν
711 5035 921 5106 ἀδικίᾳ.

415 5147 478 5199 Ei
555 5145 774 5215 ἀληθῶς
850 5147 960 5220 ἄρα
1023 5148 1368 5219 δικαιοσύνην
1401 5148 1649 5216 λαλεῖτε,
1712 5147 1928 5212 εὐθείας

337 5237 592 5305 κρίνατε,
630 5237 737 5291 υἱοὶ
784 5236 894 5290 τῶν
944 5236 1274 5306 ἀνθρώπων.
1311 5240 1419 5292 Καὶ
1468 5241 1576 5310 γάρ
1613 5241 1670 5292 ὲν
1722 5240 1927 5312 καρδίᾳ

337 5331 574 5400 ἀνομίας
603 5330 902 5399 ἐργάζεσθε
931 5331 988 5384 ὲν
1013 5334 1079 5403 τῇ
1114 5333 1204 5402 γῇ,
1234 5332 1448 5386 ἀδικίαν
1471 5334 1530 5385 αἱ
1563 5336 1744 5404 χεῖρες
1773 5335 1928 5405 ὑμῶν

341 5425 771 5494 συμπλέκουσιν.

420 5539 564 5603 Ἕως
593 5540 724 5594 πότε
763 5545 977 5614 κρίνετε
1005 5542 1240 5609 ἀδικίαν,
1271 5543 1366 5597 καὶ
1401 5543 1673 5613 πρόσωπα
1739 5543 1924 5614 ἁμαρ-

337 5627 534 5682 τωλῶν
562 5629 620 5681 λτ
635 5629 866 5697 μϐάνετε
889 5649 905 5700 ;

425 5742 736 5810 Ἐξόλλυσιν
761 5747 954 5803 ἑαυτὸν
983 5751 1011 5802 ό
1039 5749 1394 5822 δωρολήπτης
1420 5766 1434 5783 ο
1472 5749 1500 5804 ό
1533 5751 1588 5805 δὲ
1617 5750 1792 5821 μισῶν
1823 5749 1926 5804 δώ-

343 5851 461 5906 ρων
481 5836 670 5910 λήψεις
698 5835 945 5909 ζήσεται.

2033 4663 2147 4705 san.
2187 4641 2456 4716 peregrini
2482 4649 2536 4696 et
2562 4637 2748 4709 pupilli
2778 4647 2832 4692 et
2867 4636 3066 4691 viduae.

2101 4737 2201 4794 Job
2237 4751 2326 4791 xv.
2357 4733 2501 4804 Ignis
2541 4732 2736 4786 domos
2756 4729 3075 4786 muneribus
3105 4736 3494 4797 corruptorum
3526 4739 3624 4781 ex-

2032 4843 2176 4890 uret.

2103 4943 2387 5000 iracundia
2408 4943 2460 4996 in
2483 4940 2681 5010 impios
2704 4940 2808 4997 erit
2833 4947 3055 5007 propter
3077 4947 3369 4988 munerum
3419 4930 3624 5001 impie-

2031 5047 2218 5099 tatem,
2248 5050 2368 5106 qua!
2388 5033 2575 5102 inique
2598 5039 2931 5102 acceperunt
2959 5027 3024 5083 ad
3060 5027 3290 5083 alterius
3334 5024 3620 5096 iniuriam.

2105 5150 2252 5205 Psai.
2283 5163 2392 5202 xw.
2425 5145 2482 5200 Si
2527 5160 2652 5200 vere
2710 5143 2926 5198 tandem
2978 5141 3254 5213 iustitiam
3307 5133 3619 5206 loquimini,

2032 5253 2200 5309 recte,
2220 5240 2308 5295 lilii
2330 5238 2636 5302 hominum,
2658 5237 2976 5306 iudicatote.
3003 5234 3212 5290 Etenim
3237 5233 3292 5286 in
3325 5229 3489 5284 corde
3515 5225 3624 5280 ini-

2031 5340 2267 5406 qttitates
2302 5329 2564 5402 poriicitis
2608 5328 2661 5383 in
2706 5338 2870 5389 terra,
2917 5328 3150 5383 iniurias
3190 5335 3386 5378 manus
3425 5326 3623 5373 vestrm

2031 5435 2390 5482 (τοιιηθειιιιιι.

2107 5541 2247 5595 Ibid.
2274 5557 2380 5595 LXI.
2407 5539 2706 5608 Quousque
2749 5535 2967 5591 tandeir.
3007 5533 3192 5603 inique
3229 5527 3512 5602 iudicatis,
3566 5534 3623 5581 et

2031 5650 2296 5706 personas
2327 5634 2719 5690 sceleratorum
2775 5627 3082 5699 respicitis‘l

2107 5748 2389 5802 Salomon.
2419 5745 2643 5799 Munera
2669 5744 2760 5812 qui
2805 5742 3025 5815 accipit,
3064 5755 3123 5798 se
3164 5738 3281 5811 ipse
3315 5733 3527 5808 perdit:
3555 5743 3624 5788 ae

2035 5842 2127 5915 qui
2156 5841 2271 5899 odit
2327 5854 2576 5908 munera,
2639 5839 2803 5894 viret.
