3996 6194
352 348 495 416 1039

345 559 629 617 debemus.

416 650 570 722 lmpii
596 667 880 722 personam
904 650 1163 707 admirari
1190 651 1486 705 honestum
1531 659 1642 701 non
1700 653 1807 710 est,
1830 659 1930 700 nec

348 753 597 812 sanctum
621 743 894 799 declinare
911 743 1003 814 jus
1056 741 1361 812 in-judicio.

422 835 526 902 Qui
549 836 994 892 occultatmanus
1014 849 1142 892 suas
1159 834 1213 888 in
1235 833 1440 902 sinum,
1455 831 1689 904 injustus
1711 838 1816 896 est,
1835 843 1933 885 nec

352 925 473 984 illas
504 928 584 982 ori
607 941 710 982 suo
735 928 1011 983 admovet.

427 1121 609 1194 147.
638 1124 714 1178 Os
743 1123 1036 1196 impiorum
1065 1125 1577 1197 deglutietjudicia.

395 1211 525 1279 'Qui
547 1214 977 1287 justumjudjcat
1006 1218 1296 1287 injustum,
1317 1225 1372 1273 et
1413 1218 1678 1288 injustum
1701 1217 1936 1288 justum,

354 1305 604 1374 impurus
631 1319 714 1363 est
739 1311 883 1378 apud
907 1309 1196 1365 Dominum
1225 1319 1280 1366 et
1303 1309 1434 1371 odio
1477 1311 1697 1381 dignus.
1765 1340 1770 1347 -

429 1395 601 1453 Oseaz.
627 1397 738 1454 Cur
759 1401 1092 1471 impietatem
1126 1403 1419 1459 reticentes
1445 1403 1669 1469 tulistis,
1715 1410 1771 1458 et
1799 1401 1942 1474 inju-

354 1487 464 1542 rias
482 1488 602 1558 ejus
635 1490 1062 1549 vindemiastis?

427 1579 703 1638 Habacuc.
747 1583 1054 1657 Quousque
1082 1588 1328 1654 tandem,
1366 1588 1616 1656 Domine,
1665 1590 1939 1656 clamabo,

359 1686 459 1726 nec
492 1674 751 1728 exaudies
773 1675 795 1728 ?
820 1690 921 1732 cur
949 1676 1338 1734 demonstrasti
1372 1679 1654 1736 molestias
1681 1688 1737 1734 et
1792 1680 1943 1735 dolo-

356 1778 471 1828 res,
497 1775 556 1819 ut
591 1767 852 1837 inspicias
865 1769 1121 1826 miserias
1145 1779 1200 1826 et
1225 1772 1561 1842 impietatem
1591 1788 1676 1826 me
1698 1773 1941 1828 circum-

1627 349 1668 402 Α
1683 345 1881 404 ΝΤοΝ
1895 346 1950 403 lI
1992 347 2334 419 MELISSJE

412 468 712 525 Pecuniam
739 482 859 539 qua:
884 466 1010 523 dolo
1027 441 1186 520 datur
1209 463 1363 534 quasi
1390 471 1582 518 testam
1606 463 1922 518 existimare
1949 463 2002 525 Α

3462 340 3483 403 1
3501 339 3612 403 040

2114 472 2166 522 ’Λ
2179 468 2400 539 ργύριον
2455 468 2731 538 διδόμενον
2763 467 2901 536 μετά
2931 467 3084 520 δόλου
3117 465 3305 538 ὥσπερ
3339 469 3614 538 ὄστρακον

2030 564 2284 635 ἡγητέον.

2100 658 2398 727 Θαυμάσαι
2469 659 2759 729 πρόσωπον
2819 656 3050 716 ἀσεϐοῦς
3107 655 3172 708 οὐ
3230 651 3434 716 καλὸν,
3490 647 3621 704 οὐδὲ

2033 761 2182 814 ὅσιον
2219 756 2488 809 ἐκκλίνειν
2521 753 2583 808 τὸ
2618 751 2823 805 δίκαιον
2853 750 2911 800 ὲν
2947 748 3149 817 κρίσει.

2119 856 2177 908 '0
2211 852 2538 921 ὲγκρύπτων
2581 849 2660 910 είς
2686 847 2777 900 τὸν
2821 847 3022 899 κόλπον
3065 840 3231 896 αύτοῦ
3262 841 3458 909 χεῖρας
3499 835 3622 890 ἀδί-

2035 967 2174 1014 κως,
2207 947 2330 1001 οὐδὲ
2381 946 2460 1016 τῷ
2510 943 2742 1013 στόματι
2798 937 2962 993 αύτοῦ
3013 937 3074 991 ού
3138 935 3214 1006 μὴ
3266 931 3621 1003 προσενέγκῃ

2035 1043 2224 1105 αύτάς.

2105 1138 2288 1206 Στόμα
2315 1133 2527 1188 ἀσεϐῶν
2566 1131 2896 1187 καταπίεται
2928 1127 3163 1198 κρίσεις.

2113 1231 2210 1292 Ὃς
2254 1227 2462 1281 δίκαιον
2497 1226 2673 1292 κρίνει
2723 1221 2815 1275 τὸν
2867 1221 3071 1284 ἄδικον,
3106 1217 3290 1270 ἄδικον
3338 1213 3394 1266 δὲ
3428 1211 3524 1264 τὸν
3547 1209 3625 1264 δί-

2041 1339 2216 1382 καιον.
2253 1321 2564 1389 ἀκάθαρτος
2595 1315 2690 1371 καὶ
2727 1314 3012 1386 βδελυκτὸς
3040 1310 3196 1380 παρά
3226 1305 3438 1376 Κυρίῳ.

2116 1412 2232 1466 Ἷνα
2264 1411 2316 1464 τί
2355 1408 2817 1481 παρεσιωπήσατε
2852 1403 3131 1466 ἀσέϐειαν,
3159 1399 3252 1454 καὶ
3275 1398 3376 1460 τὰς
3405 1394 3627 1454 ἀδικίας

2043 1508 2214 1574 αὐτῆς
2244 1505 2584 1575 ὲτρυγήσατε
2611 1521 2627 1571 ;

2121 1602 2264 1663 Ἕως
2296 1598 2450 1662 πότε,
2485 1595 2681 1663 Κύριε,
2714 1593 3058 1662 κεκράξομαι
3108 1585 3492 1652 ἀδικούμενος,
3532 1579 3632 1632 καὶ

2045 1697 2144 1750 ούκ
2191 1691 2492 1762 είσακούσῃ
2518 1707 2532 1758 ;
2561 1691 2650 1744 ἵνα
2692 1689 2747 1742 τί
2794 1687 3001 1750 ἔδειξας
3045 1683 3249 1741 κόπους
3276 1677 3373 1731 καὶ
3401 1676 3631 1735 πόνους.

2046 1785 2360 1840 ἐπιϐλέπειν
2391 1785 2484 1838 ἐπὶ
2509 1778 2892 1848 ταλαιπωρίαν
2914 1777 3009 1830 καὶ
3041 1772 3339 1834 ἀσέϐειαν;
3386 1765 3448 1829 ἐξ
3473 1765 3636 1816 ἐναν-

354 1857 611 1912 stautes?
642 1875 705 1913 ex
737 1861 970 1918 adverso
997 1863 1266 1932 judicium
1295 1864 1498 1919 factum
1558 1873 1666 1931 est,
1696 1875 1750 1921 et
1778 1865 1943 1937 judex

2087 1879 2170 1943 ίας
2227 1895 2329 1947 μου
2387 1877 2584 1946 γέγονε
2629 1874 2836 1943 κρίσις,
2885 1873 2978 1924 καὶ
3028 1870 3056 1922 ὁ
3099 1865 3296 1934 κριτὴς
3329 1856 3630 1927 λαμϐάνει.

353 1949 570 2020 recipit,
610 1960 775 2031 atque
807 1955 877 2009 ob
911 1969 1031 2009 eam
1055 1970 1279 2012 causam
1305 1957 1572 2028 dissipata
1604 1969 1686 2013 est
1712 1958 1820 2023 lex,
1849 1972 1947 2013 nec

2092 1975 2147 2028 ια
2207 1971 2370 2027 τοῦτο
2421 1969 2800 2025 διεσκέδασται
2849 1967 3034 2030 νόμος,
3071 1962 3162 2016 καὶ
3221 1957 3285 2010 οὐ
3316 1953 3633 2018 διεξάγεται

357 2041 678 2132 perducitur
703 2044 769 2099 ad
802 2044 963 2123 linem
991 2045 1283 2116 judicium,
1317 2049 1463 2119 quod
1515 2049 1716 2118 impius
1741 2049 1947 2118 justum

2087 2067 2131 2125 ξς
2163 2065 2311 2128 τέλος
2347 2063 2545 2132 κρίμα,
2580 2062 2661 2115 ὅτι
2707 2062 2736 2113 ὁ
2789 2057 2994 2116 ἀσεϐὴς
3045 2045 3512 2106 καταδυναστεύει
3540 2043 3638 2096 τὸν

356 2131 602 2200 potentia
632 2133 891 2204 opprimit
918 2153 934 2190 :
971 2134 1130 2207 cujus
1155 2137 1231 2192 rei
1251 2151 1418 2193 causa
1450 2139 1635 2208 prodit
1676 2137 1947 2208 judicium

358 2237 704 2294 perversum.

435 2315 717 2375 Adversus
753 2333 842 2376 me
874 2319 1080 2376 factum
1111 2329 1194 2377 est
1239 2321 1528 2393 judicium,
1565 2333 1618 2379 et
1639 2322 1803 2394 judex
1863 2338 1951 2379 re-

367 2409 526 2486 cipit,
545 2410 615 2467 ob
631 2425 796 2481 quam
819 2426 1045 2469 causam
1085 2411 1267 2482 prodit
1294 2413 1565 2482 judicium
1599 2429 1946 2486 perversum.

435 2603 553 2660 Ira.
577 2613 617 2662 i.
640 2604 777 2662 Cum
809 2607 1169 2664 extenderitis
1195 2624 1391 2666 manus
1426 2619 1659 2677 vestras,
1687 2624 1752 2666 os
1771 2625 1953 2664 meum

365 2711 398 2752 a
411 2697 566 2756 vobis
582 2706 826 2754 avertam
848 2715 865 2767 ;
885 2715 1083 2758 manus
1100 2701 1250 2757 enim
1272 2709 1471 2757 vestrae
1487 2701 1757 2771 sanguine
1779 2700 1955 2772 plenae

367 2807 470 2850 sun
479 2801 516 2848 ι.

444 2881 533 2940 Va:
560 2883 714 2941 vobis
741 2887 835 2956 qui
853 2887 1242 2957 justilicatiset
1259 2888 1548 2944 absolvitis
1573 2887 1803 2959 impium
1835 2902 1958 2942 mu-

367 2990 560 3032 nerum
581 2992 770 3045 causa,
799 2987 854 3035 et
872 2980 964 3050 jus
979 2981 1129 3050 justo
1151 2981 1229 3037 eri
1240 2983 1388 3052 pitis.

434 3067 776 3139 .Pupillorum
807 3081 862 3127 et
890 3072 1070 3129 viduae
1098 3089 1297 3130 causas
1316 3090 1426 3130 non
1458 3083 1842 3145 susceperunt.
1872 3074 1959 3128 An

2050 2159 2280 2213 δίκαιονο
2307 2157 2492 2210 ἕνεκεν
2511 2155 2702 2210 τούτου
2725 2152 3010 2221 ἐξέρχεται
3041 2147 3103 2200 τὸ
3126 2143 3306 2215 κρίμα
3333 2141 3636 2206 διεστραμ-

2100 2253 2236 2305 ἐνον.
2515 2285 2526 2297 .

2100 2269 2120 2302 ε
2158 2269 2236 2305 ον.
2515 2285 2526 2297 .

2055 2269 2094 2322 μ
2127 2269 2231 2409 ἵΕξ
2276 2341 2526 2404 ἐναντίας
2575 2357 2678 2410 μου
2734 2338 2920 2405 γέγονε
2959 2334 3167 2405 κρίσις,
3211 2331 3305 2384 καὶ
3353 2331 3381 2383 ὁ
3435 2328 3639 2398 κριτὴς
3693 2393 3707 2407 ⁸

2053 2441 2320 2510 λαμϐάνει
2347 2455 2362 2472 ο
2389 2438 2477 2493 διὰ
2505 2436 2660 2492 τοῦτο
2686 2433 2968 2504 ἐξέρχεται
3018 2430 3080 2483 τὺ
3119 2429 3296 2498 κρίμα
3333 2427 3641 2498 διεστραμ-

2101 2537 2236 2591 ἐνον.
3157 2557 3164 2562 ·

2101 2553 2236 2591 ενον.
3157 2557 3164 2562 .

2059 2555 2098 2608 μ
2125 2629 2295 2680 Ὅταν
2319 2625 2604 2693 ἑκτείνητε
2637 2621 2740 2686 τὰς
2765 2621 2957 2690 κείρας
2991 2617 3168 2686 ύμῶν,
3203 2612 3539 2682 ἀποστ-ρειιρω
3576 2610 3642 2662 τὸ

2055 2720 2350 2791 πρόσωπόν
2384 2735 2485 2787 μου
2509 2717 2603 2787 ἀφ’
2629 2713 2807 2786 ὑμῶν.
2832 2713 2899 2768 Δί
2927 2713 3037 2782 γὰρ
3069 2713 3254 2781 χεῖρες
3285 2706 3443 2777 ὑμῶν
3471 2704 3644 2772 αἱμα.

2056 2833 2146 2880 τος
2175 2813 2424 2884 πλήρεις.

2129 2902 2267 2956 Οὐαὶ
2290 2903 2338 2956 οί
2367 2899 2706 2962 δικαιοῦντες
2736 2897 2828 2951 τὸν
2878 2896 3050 2964 ἀσεϐῆ
3077 2893 3267 2947 ἕνεκεν
3293 2889 3506 2958 δώρων,
3545 2887 3645 2939 καὶ

2059 2994 2120 3048 τὸ
2148 2995 2358 3048 δίκαιον
2384 2991 2481 3046 τοῦ
2512 2990 2725 3045 δικαίου
2757 2991 3008 3058 αῐροντες
3039 2985 3136 3039 ἀπ’
3165 2982 3355 3038 αὐτοῦ.

2135 3090 2249 3144 οὐκ
2291 3090 2514 3158 ἔκριναν
2553 3084 2738 3155 κρίσιν
2783 3081 3060 3151 ὀρφανῶν,
3088 3081 3182 3133 καὶ
3229 3080 3415 3149 κρίσιν
3461 3079 3649 3148 χήρας

369 3177 480 3219 non
502 3163 618 3219 haec
653 3164 906 3233 visitabo,
937 3164 1069 3221 dicit
1092 3167 1376 3229 Dominus,
1403 3177 1494 3222 aut
1529 3167 1584 3222 in
1616 3167 1779 3223 talem
1825 3181 1956 3238 gen-

2087 3185 2164 3238 ιύκ
2193 3184 2434 3253 ἔκριναν.
2458 3180 2549 3250 Μή
2581 3179 2674 3232 ἐπὶ
2714 3176 2926 3240 τούτοις
2954 3174 3057 3228 ούκ
3089 3173 3462 3240 ἐπισκέψομαι
3493 3189 3509 3237 ;
3560 3171 3652 3224 λέ-

373 3263 484 3312 tem
504 3268 616 3311 non
640 3255 940 3314 vindicabit
956 3259 1140 3314 anima
1163 3273 1283 3314 mea
1308 3259 1330 3312 ?

447 3459 539 3516 Vae
571 3461 942 3518 scribentibus
975 3460 1262 3515 malitiam.
1284 3458 1600 3515 Scribentes
1631 3458 1776 3514 enim
1806 3457 1962 3512 mali-

374 3555 507 3609 tiam
540 3553 807 3619 scribunt,
844 3569 874 3607 a
905 3569 966 3609 se
991 3554 1306 3622 rejicientes
1356 3568 1660 3623 pauperum
1715 3566 1962 3615 causam,

377 3647 651 3718 rapientes
678 3647 884 3716 judicia
909 3663 1210 3718 pauperum
1241 3647 1424 3716 pepuli
1459 3646 1586 3710 mei,
1621 3655 1680 3700 ut
1705 3645 1867 3700 vidua
1896 3644 1969 3699 sit

381 3737 489 3792 illis
502 3737 706 3805 rapina:
723 3747 778 3792 et
795 3739 1032 3808 pupillus
1052 3738 1245 3808 praeda:
1271 3752 1286 3793 :
1310 3745 1363 3791 at
1381 3736 1511 3807 quid
1529 3738 1580 3791 in
1599 3736 1686 3790 die
1705 3735 1969 3790 visitatio-

381 3832 468 3884 nis
489 3830 728 3886 facient?
758 3831 981 3888 alllictio
1007 3832 1150 3887 enim
1185 3832 1425 3900 ipsorum
1453 3830 1583 3886 olim
1597 3830 1779 3884 veniet
1812 3846 1826 3883 :
1853 3840 1965 3883 tum

383 3923 451 3980 ad
510 3939 672 3995 quem
706 3923 1015 3996 perfugient
1054 3925 1242 3980 auxilii
1279 3923 1494 3993 petendi
1521 3923 1726 3980 causa?

455 4110 568 4164 Cur
596 4096 918 4178 vos,inquit
947 4109 1232 4172 Dominus,
1261 4109 1519 4179 injuriam
1556 4108 1739 4164 l‘acitis
1769 4109 1972 4178 populo

388 4216 533 4264 meo,
569 4209 621 4254 et
654 4216 750 4254 ora
787 4214 1086 4270 pauperum
1113 4200 1378 4255 dedecore
1401 4209 1454 4254 et
1499 4200 1798 4270 ignominia
1853 4200 1969 4254 alii-

387 4291 555 4349 citis?

461 4385 576 4446 Isa.
614 4402 666 4441 v.
700 4385 793 4442 Vae
823 4387 914 4456 qui
949 4386 1152 4440 malum
1178 4383 1363 4441 dicitis
1384 4383 1612 4449 bonum,
1664 4392 1720 4438 et
1770 4384 1972 4439 bonum

392 4477 620 4543 malum,
656 4487 711 4531 et
747 4478 953 4547 ponitis
1002 4477 1180 4532 lucem
1218 4475 1495 4541 tenebras,
1523 4482 1578 4528 et
1611 4475 1866 4529 trenebas
1889 4474 1970 4529 lu—

393 4583 535 4635 cem,
572 4579 625 4625 et
657 4584 902 4624 amarum
937 4569 1117 4636 dulce,
1149 4577 1202 4625 et
1231 4566 1387 4624 dulce
1417 4581 1686 4622 amarum.

463 4753 838 4824 lmproborum
871 4753 1163 4808 consilium
1218 4754 1404 4823 iniqua
1440 4752 1730 4816 deliberat,
1766 4760 1824 4806 ut
1867 4753 1974 4806 liu-

2067 3293 2154 3344 γει
2178 3274 2407 3345 Κύριος,
2459 3273 2492 3343 ἢ
2529 3272 2587 3325 ὲν
2617 3270 2759 3324 ἔθνει
2790 3269 2869 3342 τῷ
2898 3270 3126 3338 τοιούτῳ
3154 3266 3254 3320 οὐκ
3300 3266 3588 3333 ἐκδικήσει
3614 3267 3650 3332 ἡ

2065 3369 2210 3438 ψυχή
2247 3383 2384 3435 μους

2140 3456 2279 3510 Ούαὶ
2325 3456 2437 3517 τοῖς
2486 3456 2757 3526 γράφουσι
2813 3454 3104 3522 πονηρίαν.
3180 3451 3494 3520 Γράφοντες
3539 3450 3654 3518 γὲρ

2070 3547 2333 3618 πονηρίαν
2377 3548 2719 3618 γράφουσιν,
2771 3545 3112 3608 ἐκκλίνοντες
3157 3543 3340 3612 κρίσιν
3390 3542 3652 3612 πτωχῶν.

2069 3639 2412 3707 ἁρπάζοντες
2457 3641 2632 3708 κρίμα
2675 3640 2923 3709 πενήτων
2971 3637 3066 3692 τοῦ
3113 3635 3246 3691 λαοῦ
3303 3651 3433 3703 μου,
3465 3634 3542 3696 ὡς
3592 3633 3657 3686 τδ

2071 3729 2212 3788 εἶναι
2258 3733 2441 3797 αὐτοῖς
2493 3733 2673 3804 χήραν
2721 3733 2804 3795 είς
2849 3730 3124 3803 ἁρπαγὴν,
3158 3728 3251 3783 καὶ
3299 3729 3541 3800 ὀρφανδν
3574 3728 3656 3790 εἰς

2072 3828 2373 3897 προνομήν.
2404 3826 2509 3879 Καὶ
2537 3826 2592 3878 τί
2643 3826 2929 3893 ποιήσουσι
2969 3827 3034 3894 τῇ
3079 3824 3264 3894 ἡμέρᾳ
3302 3823 3401 3889 τῆς
3434 3823 3658 3873 ἐπισκο-

2072 3921 2210 3987 πῆς;
2244 3922 2276 3990 ή
2313 3919 2420 3990 γὰρ
2457 3917 2638 3987 θλίψις
2663 3916 2842 3970 αὐτῶν
2874 3916 3159 3987 πόρρωθεν
3189 3915 3310 3985 ἣξει
3332 3933 3348 3948 ·
3385 3914 3488 3967 καὶ
3521 3914 3661 3984 πρδς

2073 4012 2194 4066 τίνα
2226 4009 2657 4080 καταφεύξονται
2679 4007 2772 4062 τοῦ
2797 4007 3160 4079 βοηθηθῆναι;

2145 4104 2212 4157 Τί
2239 4105 2397 4173 ὑμεῖς
2426 4104 2661 4158 ἀδικεῖτε
2715 4102 2806 4155 τὸν
2835 4100 2964 4155 λαόν
3004 4119 3127 4168 μου,
3153 4102 3248 4154 καὶ
3277 4100 3336 4154 τδ
3363 4103 3664 4170 πρόσωπον

2075 4193 2185 4247 τῶν
2225 4195 2456 4266 πτωχῶν
2497 4195 2924 4265 καταισχύνετε;
2957 4195 3127 4264 φησὶν
3195 4197 3223 4246 ὁ
3253 4194 3484 4260 Κύριος.

2152 4384 2289 4438 Ούαὶ
2321 4384 2370 4437 oi
2398 4381 2647 4448 λέγοντες
2674 4382 2735 4435 τὸ
2765 4382 3006 4452 πονηρ“ν
3049 4379 3239 4441 καλὸν,
3268 4379 3366 4430 καὶ
3405 4377 3470 4430 τὸ
3501 4378 3671 4431 καλὸν

2081 4477 2316 4545 πονηρόν
2343 4493 2354 4505 ·
2393 4477 2439 4528 οἱ
2465 4474 2705 4536 τιθέντες
2733 4473 2795 4526 τὸ
2836 4474 2951 4541 φῶς
2985 4473 3194 4536 σκότος,
3231 4470 3324 4524 καὶ
3378 4469 3441 4522 τὸ
3473 4470 3671 4531 σκότος

2080 4571 2196 4639 φῶς
2222 4585 2236 4600 ο
2269 4569 2318 4622 οἱ
2367 4567 2608 4628 τιθέντες
2666 4566 2727 4618 τὸ
2771 4565 2973 4635 πικρὸν
3016 4563 3212 4632 γλυκὺ,
3245 4563 3342 4615 καὶ
3390 4563 3456 4615 τὸ
3490 4563 3670 4630 γλυκὺ

2081 4664 2296 4730 πικρόν.

2169 4755 2232 4807 Ἡ
2265 4754 2428 4823 βουλὴ
2463 4753 2572 4805 τῶν
2617 4751 2870 4818 πονηρῶν
2904 4748 3081 4816 ἄνομα
3119 4745 3462 4816 βουλεύεται,
3493 4763 3667 4800 κατα-

395 4846 551 4902 miles
569 4849 817 4904 oratione
840 4847 1024 4918 iniqua
1049 4845 1260 4917 perdat,
1283 4855 1337 4900 et
1357 4861 1661 4916 pauperum
1692 4861 1956 4900 sermone:

2087 4846 2301 4916 φθεῖραι
2325 4845 2609 4906 ταπεινοὺς
2640 4846 2698 4897 ἐν
2724 4842 2904 4908 λόγοις
2932 4839 3159 4902 ἀδίκοις,
3189 4839 3283 4892 καὶ
3305 4838 3673 4893 διασκεδάσαι

396 4943 449 4996 in
467 4939 675 5010 judicio
699 4941 946 5012 dissipet.

2087 4938 2276 5002 λόγους
2307 4935 2558 5004 πενήτων
2587 4935 2646 4987 ὲν
2679 4933 2879 5002 κρίσει.

475 5030 736 5086 Ezechiel.
781 5033 1036 5102 Dejecisti
1076 5031 1397 5104 superbum,
1443 5042 1498 5088 et
1532 5034 1777 5090 extulisti
1830 5033 1949 5103 deje

2167 5029 2566 5092 Ἐταπείνωτας
2631 5025 2872 5096 ὑψηλὸν,
2935 5025 3031 5078 καὶ
3104 5022 3327 5093 ὕψωσας
3387 5025 3672 5078 ταπεινῦν.

399 5137 546 5184 ctum
583 5145 596 5182 :
623 5140 722 5197 pro
748 5126 945 5193 injuria
977 5127 1079 5181 hoc
1100 5141 1323 5197 ponam,
1349 5125 1480 5181 dicit
1519 5127 1803 5181 Dominus.

2099 5123 2337 5178 Ἀδικίαν
2366 5122 2603 5192 θήσομαι
2644 5120 2796 5186 αὐτὸ,
2829 5119 2976 5187 λέγει
3012 5118 3239 5189 Κύριος.

471 5222 667 5278 Ezech.
702 5237 859 5277 nm.
892 5220 1102 5275 Anima;
1138 5219 1325 5290 populi
1354 5220 1458 5276 mei
1496 5236 1761 5291 perversae
1785 5227 1910 5274 sunt
1931 5233 1956 5273 ο

2157 5217 2222 5270 Αἱ
2257 5215 2424 5284 ψυχαὶ
2463 5212 2870 5282 διεστράφησαν
2907 5209 3002 5263 τοῦ
3034 5208 3162 5262 λαοῦ
3193 5226 3318 5278 μου,
3355 5209 3455 5262 καὶ
3497 5209 3679 5278 ψυχὰς

405 5319 618 5374 animus
640 5315 1058 5370 vivilieaverunt
1089 5313 1186 5383 (l),
1223 5323 1277 5368 et
1307 5315 1449 5384 apud
1481 5313 1738 5382 p0pulum
1806 5292 1956 5364 meum

2091 5306 2524 5377 περιεποιοῦντο,
2581 5303 2676 5356 καὶ
2738 5302 3036 5370 ἐϐεϐήλουν
3085 5318 3153 5369 με
3210 5299 3351 5369 πρὸς
3401 5300 3498 5353 τὸν
3549 5299 3679 5351 λαόν

405 5407 767 5476 profanarum
799 5422 882 5459 me
912 5421 1007 5476 pro
1035 5404 1222 5459 hordei
1243 5405 1469 5474 pugillo
1501 5414 1554 5458 et
1576 5404 1746 5479 frusto
1809 5403 1956 5470 panis

2095 5418 2219 5471 μου,
2252 5400 2437 5451 ἕνεκεν
2481 5396 2680 5466 δρακδς
2726 5393 2957 5463 κριθῶν,
2987 5395 3081 5446 καὶ
3123 5393 3315 5446 ἕνεκεν
3351 5393 3676 5459 κλάσματος

408 5502 472 5552 ad
504 5517 597 5555 eos
633 5499 1044 5555 interficiendos
1068 5513 1207 5568 quos
1229 5497 1406 5552 occidi
1433 5511 1538 5550 non
1571 5497 1876 5564 oportebat,
1937 5513 1956 5549 ε

2091 5495 2281 5564 ἄρτου,
2312 5492 2626 5543 ἀποκτεῖναι
2655 5488 2832 5557 ψυχὰς
2863 5485 2926 5547 ἃς
2962 5486 3062 5538 οὐκ
3089 5486 3196 5537 ἔδει
3235 5483 3557 5549 ἀποθανεῖν,
3589 5483 3679 5536 καὶ

410 5603 470 5645 ιιι
485 5609 580 5651 eos
596 5603 981 5650 conservarcnt
996 5595 1050 5648 in
1077 5593 1178 5648 vita
1197 5607 1336 5663 quos
1357 5591 1535 5646 vivere
1559 5589 1956 5660 nouoportebal

2095 5583 2509 5658 περιεποιοῦντο
2535 5581 2712 5654 ψυχὰς
2742 5579 2808 5646 ἃς
2838 5581 2939 5634 οὐκ
2971 5581 3078 5633 ἔδει
3109 5578 3298 5649 ζῆσαι.

491 5794 566 5861 (l)
615 5793 672 5847 ld
711 5805 794 5852 est
834 5795 1206 5851 absolverunt.
