3976 6214
394 308 526 376 1041

1260 306 1430 368 LOCI
1471 303 1926 369 COMMUNES.’
1953 328 2024 343 -
2065 305 2262 366 PARS
2306 307 2393 371 II.
2430 307 2687 368 SERMO
2733 307 2840 368 iX.

3509 300 3650 365 1οη

461 418 626 474 Ξένια
675 419 768 472 καὶ
805 417 952 490 δῶρα
995 415 1255 486 έκτυφλοῖ
1293 415 1610 486 ὀφθαλμοὺς
1638 415 1842 485 σοφῶν,
1878 413 2018 476 xuii

2149 417 2318 473 Ecch'.
2349 435 2438 473 xx.
2469 416 2642 473 Xenia
2670 427 2724 471 et
2750 430 2976 470 munera
3003 421 3275 468 exca‘eant
3319 412 3506 467 oculos
3558 429 3651 465 sa-

389 511 464 576 ὡς
494 512 659 582 φιμδς
684 513 742 566 ὲν
772 511 847 582 τῷ
885 510 1117 580 στόματι
1143 509 1480 578 ἀποστρέφει
1513 507 1804 577 ἐλεγμούς.

466 692 655 744 Ἔστιν
696 690 978 744 ἀπολλύων
1025 690 1124 755 τὴν
1168 690 1348 760 ψυχὴν
1379 687 1544 744 αὑτοῦ
1576 689 1646 743 δι’
1676 687 1966 759 αἰσχύνην,

393 786 484 839 καὶ
517 783 627 837 ἀπὸ
655 783 870 853 λήψεως
899 781 1192 852 προσώπου
1228 781 1420 834 ἀπολεῖ
1449 781 1641 849 αὑτήν.

466 879 529 930 Εί
558 876 1096 946 προσωποληπτεῖτε,
1120 875 1393 944 ἁμαρτίαν
1413 872 1734 943 ἐργάζεσθε,
1754 871 1968 942 ιλεγχό-

396 970 640 1039 μενοιὲκ
672 967 766 1022 τοῦ
799 967 967 1037 νόμου
998 967 1071 1032 ὡς
1105 965 1444 1036 παραϐάται.

467 1148 561 1199 Διὸ
589 1147 998 1215 ἀναπολόγητος
1044 1141 1111 1211 εἰ,
1153 1139 1199 1199 ὦ
1235 1145 1512 1215 ἄνθρωπε,
1546 1146 1656 1208 πᾶς
1684 1147 1710 1198 ὀ
1741 1145 1966 1213 κρίνων.

407 1237 499 1288 Ἐν
548 1229 594 1304 ᾧ
643 1236 752 1305 γὰρ
803 1235 1034 1304 κρίματι
1088 1235 1296 1305 κρίνεις
1346 1236 1440 1287 τὸν
1491 1233 1700 1302 ἕτερον,
1745 1231 1972 1286 σεαυτὸν

398 1328 769 1399 κατακρίνεις.
799 1328 879 1381 Τά
907 1329 1018 1397 γάρ
1049 1326 1190 1380 αὐτὰ
1228 1326 1496 1397 πράσσεις
1521 1327 1550 1379 ὁ
1581 1325 1804 1394 κρίνων.

478 1510 694 1571 Ἀδικος
719 1507 978 1578 δικαστὴς
1008 1505 1395 1578 μεμολυσμένη
1426 1504 1755 1573 συνείδησις.

2073 511 2340 581 pientum,
2393 516 2448 562 et
2470 508 2626 578 quasi
2686 506 2898 563 frenum
2955 504 3007 559 in
3058 514 3151 560 ore
3200 503 3651 573 reprehensiones

2075 612 2351 658 avertunt.

2142 695 2238 749 Est
2271 694 2362 765 qui
2395 695 2586 763 perdat
2616 693 2855 747 animam
2881 706 3036 746 suam
3073 706 3168 761 per
3227 686 3650 755 turpitudinem,

2075 799 2127 845 et
2159 796 2441 857 respectus
2492 800 2850 856 personarum
2877 783 3054 854 perdit
3084 798 3227 838 eam.

2155 881 2316 953 148
2351 880 2466 935 Jac.
2499 895 2556 934 ιι.
2594 877 2650 933 Si
2708 892 2994 946 personam
3047 875 3343 946 respicitis,
3375 883 3656 945 peccatum

2077 973 2365 1027 admittitis
2398 990 2412 1024 :
2445 967 2905 1040 reprehemlimiui
2935 968 3078 1022 enim
3130 983 3157 1021 a
3207 966 3328 1036 lege
3393 975 3681 1036 tanquam-

2078 1066 2396 1120 violatores.

2154 1156 2310 1211 Rom.
2343 1172 2406 1211 ιι.
2445 1155 2627 1223 Quare
2670 1152 3082 1210 excusationem
3121 1165 3232 1206 non
3281 1150 3474 1216 habes,
3505 1164 3538 1203 ο
3565 1148 3661 1202 ho-

2078 1264 2188 1313 mo,
2221 1249 2470 1319 quisquis
2501 1262 2559 1302 es
2589 1247 2677 1316 qui
2705 1244 2918 1312 iudicas
2951 1261 2965 1297 :
2991 1258 3099 1314 quo
3123 1243 3268 1297 enim
3321 1241 3532 1312 iudicio
3593 1239 3660 1292 de

2081 1340 2494 1409 alteroiudicas,
2519 1339 2746 1408 teipsum
2769 1337 3128 1402 condemnas;
3147 1334 3334 1389 eadem
3357 1333 3501 1388 enim
3527 1330 3661 1386 facis

2080 1432 2171 1503 qui
2199 1433 2432 1502 iudicas.

2155 1525 2215 1580 S.
2253 1523 2470 1580 Basilii.
2521 1522 2745 1592 Iniquus
2788 1522 2952 1591 iudex
2985 1521 3360 1576 contaminata
3385 1519 3662 1574 conscien-

2085 1618 2182 1673 tia.

483 1693 543 1746 Ὀ
573 1689 671 1761 τὴν
700 1689 876 1760 ἀληθῆ
906 1688 1256 1756 δικαιοσύνην
1287 1687 1362 1755 μὴ
1395 1686 1536 1757 ἔχων
1579 1699 1975 1753 προεναποκει-
2009 1742 2018 1795 Ι

2153 1709 2254 1776 Qui
2284 1711 2750 1782 veramiustitiam
2792 1708 2844 1762 in
2879 1707 3062 1760 animo
3095 1703 3246 1774 prius
3276 1701 3509 1757 deﬁxam
3556 1715 3664 1752 non

407 1786 577 1856 μένην
604 1784 766 1836 αὐτοῦ
794 1786 858 1853 τῇ
886 1782 1056 1852 ψυχῇ,
1074 1780 1190 1842 ἀλλ’
1218 1782 1251 1849 ἢ
1279 1780 1528 1849 χρήμασι
1556 1776 1972 1846 διεφθαρμένος,

401 1877 435 1945 ἥ
495 1874 649 1944 φιλίᾳ
704 1873 1088 1944 χαριζόμενος,
1148 1871 1180 1938 ἢ
1239 1869 1439 1939 ἔχθραν
1507 1867 1876 1937 ἀμυνόμενος.
1941 1864 1972 1932 ἢ

404 1969 723 2022 δυναστείαν
760 1966 1200 2036 δυσωπούμενος,
1232 1963 1293 2016 τὸ
1324 1961 1498 2032 κρίμα
1529 1959 1885 2014 κατευθύνειν
1917 1959 1975 2011 οὐ

405 2062 646 2115 δόναται.

477 2154 546 2207 Δί
585 2153 739 2222 παρὰ
769 2153 998 2222 ἄρχουσι
1030 2149 1242 2221 κρίσεις
1269 2147 1390 2202 οὐδὲ
1419 2147 1518 2218 τὴν
1559 2146 1719 2216 νίκην
1749 2145 1983 2214 ἀζήμιον

408 2247 689 2315 φέρουσιν.
949 2252 957 2259 ’

479 2333 558 2388 Οὐ
593 2331 983 2403 πρὸςδικαίου
1035 2329 1224 2399 ἀνδρὸς
1263 2330 1446 2399 σιωπῇ
1484 2327 1583 2391 τὰς
1631 2323 1986 2396 παρανομίας

408 2427 638 2481 ἐπικαλὺ
648 2442 818 2480 πτειν.

480 2521 560 2589 Τῇ
605 2519 716 2571 τῶν
757 2516 1090 2582 δικαζόντων
1141 2512 1499 2586 μακροθυμία
1548 2515 1596 2565 oi
1653 2512 1775 2567 λίαν
1814 2511 1990 2565 ἄδικοι

413 2612 770 2684 σκληρότεροι
811 2611 964 2664 αὐτοὶ
1011 2608 1222 2663 ἑαυτῶν
1256 2608 1500 2676 γίνονται
1549 2604 1690 2659 κατά
1736 2603 1797 2657 τὺ
1832 2604 1992 2656 ἀπειὲ

413 2707 547 2760 θεῖν.
577 2705 686 2758 Καὶ
731 2705 814 2758 δεῖ
858 2697 953 2756 τὸν
996 2701 1192 2772 κριτὴν
1238 2701 1462 2765 εἰδέναι,
1495 2699 1578 2751 ὅτι
1632 2697 1816 2768 κρίσει
1852 2691 1990 2747 Θεοῦ

413 2797 697 2866 ὑπηρετεῖ,
733 2797 824 2849 καὶ
853 2795 930 2847 ὀὐ
974 2793 1164 2864 κύριός
1215 2779 1366 2844 ἐστιν
1413 2789 1488 2852 ὡς
1538 2787 1790 2857 βούλεται
1838 2785 1994 2852 άγειν

410 2898 475 2942 το
526 2887 728 2958 κρίμα,
768 2885 910 2940 ὥστε
967 2888 1063 2937 καὶ
1114 2882 1442 2955 χαρίζεσθαι
1491 2883 1602 2944 τοῖς
1652 2877 1995 2950 κρινομένοις

413 3002 700 3056 τάγματα.

2081 1800 2264 1864 habet,
2293 1801 2388 1856 sed
2425 1802 2508 1856 vel
2543 1793 2772 1870 pecunia
2824 1796 3215 1866 corrumpitur,
3265 1793 3349 1847 vel
3407 1791 3662 1846 amicitiae

2079 1892 2413 1961 gratificatur
2435 1899 2488 1947 et
2534 1892 2752 1961 placere
2793 1889 2994 1948 studet.
3033 1887 3116 1941 vel
3147 1883 3489 1940 inimicitiam
3525 1883 3665 1936 ulci.

2079 1984 2269 2051 scitur,
2297 1985 2379 2038 vel
2401 1983 2655 2053 potentiae
2690 1983 2893 2053 praebet
2930 1979 3274 2057 obsequium,
3296 1976 3342 2032 is
3362 1985 3508 2032 recte
3527 1974 3670 2046 iudi-

2081 2075 2161 2127 cia
2186 2089 2438 2129 exercere
2466 2087 2574 2129 non
2601 2082 2805 2143 potest.

2151 2165 2364 2222 Judieia
2393 2166 2536 2236 apud
2589 2165 2944 2236 magistratus
3000 2178 3070 2219 ne
3123 2161 3406 2218 victoriam
3449 2160 3676 2231 quidem

2087 2260 2204 2316 sine
2230 2259 2430 2314 damno
2455 2267 2756 2327 reportant.

2165 2350 2426 2422 Theologi.
2460 2348 2572 2405 Viri
2606 2351 2728 2405 boni
2789 2363 2895 2404 non
2955 2357 3038 2404 est
3085 2346 3409 2418 iniquitates
3453 2345 3674 2401 silentio

2094 2448 2413 2512 cOntegere.

2162 2535 2412 2604 Iniuriosi
2444 2549 2611 2604 supra
2643 2531 2861 2588 modum
2902 2531 2993 2602 qui
3022 2542 3175 2591 sunt.
3227 2530 3474 2601 iudicum
3533 2527 3682 2604 leni:

2096 2634 2209 2681 tate
2245 2626 2381 2680 fiunt
2415 2625 2859 2681 contumaciores
2887 2623 2954 2678 ad
2988 2639 3094 2678 non
3131 2623 3434 2694 parendum
3493 2631 3550 2675 et
3575 2619 3675 2674 de-

2097 2716 2442 2773 trectandum
2478 2716 2790 2786 imperium.
2821 2714 3142 2784 Etiudicem
3171 2715 3315 2769 scire
3372 2720 3588 2783 oportet
3617 2728 3678 2768 se

2098 2807 2193 2863 Dei
2218 2807 2272 2861 in
2303 2805 2511 2876 iudicio
2546 2804 2856 2860 ministrum
2885 2817 3026 2871 esse,
3059 2817 3166 2858 non
3199 2818 3326 2859 vero
3353 2801 3666 2868 dominum,

2099 2901 2192 2972 qui
2223 2898 2567 2973 litigantibus
2591 2899 2738 2970 leges
2755 2906 2810 2953 et
2830 2897 2955 2969 iura
2997 2897 3310 2970 praescripta
3363 2897 3686 2956 condonare,

2102 2996 2299 3067 possit.

481 3076 654 3139 Φόϐος
711 3073 848 3128 Θεοῦ
913 3070 1218 3143 ἀνθρώπων
1281 3071 1570 3141 σωτήριος,
1633 3068 1862 3131 σπάνιος
1913 3063 1993 3118 δέ.

2168 3086 2342 3142 Metus
2367 3085 2460 3141 Dei
2498 3085 2812 3141 hominibus
2838 3084 3096 3141 salutaris
3142 3092 3246 3152 est,
3280 3086 3374 3142 sed
3414 3084 3554 3139 idem
3589 3098 3679 3137 ra-

416 3167 586 3223 Ὅθεν
607 3166 671 3220 οὐ
706 3167 813 3238 χρὴ
849 3164 1154 3236 θαυμάζειν
1179 3163 1472 3232 ἀφορῶντα
1499 3160 1635 3232 πρός
1659 3176 1720 3212 τε
1749 3157 1991 3228 πένητας

419 3259 987 3330 συκοφαντουμένους,
1040 3257 1136 3310 καὶ
1186 3255 1322 3325 πρὸς
1382 3252 1645 3314 δικαστὰς
1694 3247 1992 3321 παραλογι-

419 3354 703 3424 ζομένους.

492 3444 570 3496 Τὸ
609 3442 798 3514 νέμειν
832 3442 923 3495 ίσα
972 3441 1106 3504 τοῖς
1132 3437 1340 3502 ἀνίσοις
1392 3435 1492 3507 τῆς
1530 3436 1798 3507 μεγίστης
1844 3429 1994 3484 ἐστὶν

420 3539 660 3604 ἀδικίας.

1039 3649 1258 3704 ΛΟΓΟΣ
1306 3645 1384 3700 Θ’.

425 3773 821 3846 Περίίγονέων
859 3765 1163 3846 χρηστῶν,
1196 3765 1420 3846 xui-6H
1453 3761 1569 3846 χρὴ
1594 3760 1691 3816 διὰ
1713 3758 2003 3846 ,σπουδῆς

498 3828 614 3901 ἑάί
635 3828 1064 3942 ξρὲσηκῦντως
1101 3828 1210 3902 τὰς
1256 3837 1377 3942 τξῦν
1413 3828 1639 3888 τέκνων
1693 3828 2004 3899 avara-rae;

499 3915 822 3977 ποιεῖσθαι,

504 4026 640 4086 Eine
683 4029 907 4098 Κύριος,
966 4024 1042 4077 Οὐ
1089 4021 1165 4093 μὴ
1214 4019 1408 4090 κρύψω
1456 4015 1568 4084 ἐγὼ
1609 4016 1715 4068 ἀπὸ
1759 4012 2006 4082 ’Λϐραάμ

434 4127 529 4185 τοῦ
551 4128 737 4190 παιδός
763 4143 863 4196 μου
890 4124 925 4178 ἃ.
955 4121 1071 4190 ἐγὼ
1098 4120 1258 4174 ποιῶ.
1291 4119 1478 4189 ’ῌδειν
1508 4115 1617 4185 γὰρ
1643 4116 1722 4168 ὅτι
1754 4111 2005 4178 συντάξει

444 4219 697 4292 Ἀϐραάμ
740 4219 851 4281 τοῖς
878 4215 1012 4277 υίοίς
1050 4211 1215 4267 αὑτοῦ
1243 4210 1337 4263 κα)⁸
1379 4205 1454 4278 τῷ
1495 4206 1628 4275 οἴκῳ
1672 4203 1837 4258 αὑτοῦ
1891 4203 2006 4273 μετ’

432 4313 616 4378 αὐτὸν,
641 4313 736 4365 καὶ
764 4305 1062 4377 φυλάξουσι
1087 4305 1186 4367 τὰς
1226 4303 1378 4364 ὀδοὺς
1432 4300 1665 4368 Κυρίου,
1712 4298 1888 4350 ποιεῖν
1930 4294 2007 4348 δι-

2096 3178 2395 3249 rus:quod
2433 3177 2742 3232 mirandum
2801 3191 2906 3231 non
2958 3184 3042 3232 est
3084 3175 3130 3230 si
3189 3174 3505 3232 consideres
3564 3181 3678 3228 tum

2098 3285 2366 3342 pauperes
2431 3269 2722 3325 calumniis
2788 3283 3101 3338 Oppressos,
3148 3273 3262 3322 tum
3285 3265 3496 3337 iudices
3540 3264 3680 3319 falso

2094 3360 2423 3428 iudicantes.

2169 3453 2419 3508 Maxima:
2449 3459 2532 3508 est
2562 3449 2851 3522 iniustitia;
2883 3451 3036 3521 paria
3064 3449 3368 3520 imparibus
3416 3447 3678 3503 tribuere.

2497 3645 2735 3704 sermo
2782 3645 2848 3701 IX
2881 3643 2978 3718 [αι.
3033 3645 3245 3700 cxxvx
3255 3646 3295 3716 1.

2105 3769 2181 3823 De
2199 3765 2503 3837 parentibus
2522 3763 2692 3826 bonis,
2711 3773 2757 3837 et
2781 3764 2919 3832 quod
2944 3771 3180 3837 oporteat
3200 3762 3388 3816 liberas
3407 3761 3700 3830 diligenter.

2595 3849 2658 3887 ac
2693 3831 2930 3886 decenter
2960 3831 3187 3887 institui.

2177 4016 2309 4071 Gen.
2363 4026 2524 4069 xvut.
2561 4011 2680 4067 Non
2725 4010 2935 4076 celabo,
2982 4007 3156 4078 inquit
3190 4007 3472 4072 Dominus,
3513 4006 3685 4061 Abra-

2107 4108 2230 4164 ham
2262 4104 2529 4161 famulum
2561 4117 2765 4166 meum,
2794 4116 2917 4180 quae
2948 4099 3198 4155 facturus
3223 4099 3349 4154 sim.
3378 4095 3504 4152 Scio
3533 4096 3680 4150 enim

2109 4197 2256 4268 quod
2298 4203 2667 4268 praecepturus
2715 4194 2789 4248 sit
2854 4191 2981 4248 ﬁliis
3033 4191 3148 4246 suis
3183 4205 3248 4246 ac
3303 4189 3522 4244 familiae
3573 4203 3703 4244 suam

2108 4290 2306 4346 futurae
2324 4297 2448 4360 post
2473 4287 2675 4357 ipsum,
2706 4293 2766 4338 ut
2799 4283 3095 4339 observent
3121 4282 3238 4336 vias
3269 4281 3503 4345 Domini,
3525 4281 3687 4349 iusti-

433 4372 727 4472 καιοσθνην
760 4372 852 4454 καὶ
880 4400 1082 4466 κρίσιν,
1103 4397 1250 4458 ὅπως
1281 4393 1347 4447 ἂν
1370 4392 1623 4461 ἐπαγάγῃ
1667 4391 1696 4442 ὁ
1740 4388 1890 4452 Θεὸς-
1917 4386 2006 4439 ἐπὶ

2124 4382 2242 4438 liam
2273 4390 2328 4437 et
2355 4379 2623 4452 iudicium
2646 4385 2991 4442 exercentes,
3015 4382 3074 4430 ut
3095 4373 3330 4429 adducat
3356 4372 3497 4428 Deus
3525 4387 3704 4442 super.

444 4495 700 4566 ’Δσραάμ
725 4494 907 4548 πάντα
936 4493 1036 4545 ὅσα
1058 4489 1286 4559 ὲλάλησε
1311 4486 1448 4556 πρὸς
1490 4483 1673 4538 αὐτόν.

514 4587 869 4643 Ἀπέστελλεν
907 4581 1053 4648 Ἰὼϐ,
1093 4581 1185 4634 καὶ
1211 4575 1506 4647 έκαθάριζε
1538 4573 1604 4628 τά
1627 4574 1794 4627 τέκνα
1816 4569 2006 4632 αὑτοῦ,

434 4679 798 4750 ἀνιστάμενος
819 4677 896 4746 τῷ
921 4673 1084 4745 πρωϊ,
1123 4672 1220 4725 καὶ
1265 4669 1591 4740 προσφέρων
1644 4665 1776 4734 περὶ
1831 4661 2009 4716 αὐτῶν

439 4773 632 4835 θυσίας
665 4771 803 4824 κατά
847 4769 939 4823 τὸν
991 4763 1224 4837 ἀριθμὸν
1270 4761 1468 4823 αὐτῶν,
1527 4758 1620 4811 καὶ
1673 4757 1871 4826 μόσχον
1916 4753 2010 4804 ἕνα

439 4882 506 4917 πε
518 4863 571 4933 pi.
594 4861 886 4934 ἁμαρτίας,
913 4859 1042 4928 περὶ
1070 4857 1175 4910 τῶν
1213 4852 1402 4922 ψυχῶν
1442 4849 1640 4903 αὐτῶν.
1680 4848 1872 4913 Ἔλεγε
1901 4845 2011 4912 γὰρ

452 4955 575 5010 Ἰὼϐ
604 4971 619 4986 ο
646 4953 733 5025 Μή
765 4969 896 5005 ποτε
919 4951 969 5004 οί
995 4947 1103 5003 υἱοί
1163 4963 1267 5015 μου
1315 4943 1461 4998 κακὰ
1508 4941 1801 5009 ὲνενόησαν
1847 4938 1905 4989 ὲν
1944 4939 2010 5006 τῇ

366 5037 368 5039 ί
440 5048 650 5120 διανοίᾳ
673 5046 852 5100 αὐτῶν
882 5043 1018 5113 πρὸς
1054 5041 1206 5094 Θεόν.

514 5137 745 5193 Παίδευε
771 5135 906 5201 υἱὸν,
939 5133 1035 5187 καὶ
1069 5129 1346 5201 ἀγαπήσει
1378 5141 1459 5191 σε,
1497 5123 1588 5176 καὶ
1621 5121 1779 5175 δώσει
1805 5120 2010 5190 κόσμον

438 5236 505 5305 τῇ
527 5231 672 5301 ψυχῇ
706 5245 820 5281 σου.

512 5323 710 5385 Καλῶς
733 5319 987 5390 ἐκτρέφει
1022 5313 1204 5387 πατὴρ
1235 5311 1460 5368 δίκαιος.
1503 5307 1626 5360 Ἐπὶ
1647 5306 1703 5360 δὲ
1744 5305 1842 5376 υίῷ
1866 5303 2014 5373 σοφῷ

441 5415 790 5486 εὐφραίνεται
817 5413 848 5483 ἡ
877 5409 1022 5482 ψυχὴ
1047 5404 1235 5462 αὑτοῦ.

521 5507 584 5562 Ὅ
617 5505 848 5576 ἀγαπῶν
887 5499 1163 5571 ἐπιμελῶς
1218 5494 1482 5550 παιδεύει.

515 5601 610 5666 Μὴ
637 5599 872 5668 ἀπόσχες
895 5596 1090 5664 νήπιον
1141 5589 1417 5644 παιδεύειν
1448 5602 1463 5617 ⁶
1492 5586 1572 5639 ὅτι
1621 5584 1716 5638 ἐὰν
1771 5581 2016 5654 πατάξῃς

444 5693 608 5750 αὐτὸν
641 5687 954 5761 ῥάϐδῳ,οὑκ
983 5681 1354 5739 ἀποθανεῖται.
1386 5678 1458 5731 Σῑ)
1489 5676 1589 5748 μὲν
1618 5676 1725 5746 γὰρ
1757 5673 2017 5740 πατάξεις

447 5785 612 5841 αὐτὸν
642 5782 846 5851 ῥάϐδῳ,
869 5779 967 5848 τὴν
992 5777 1045 5831 δὲ
1065 5775 1244 5846 ψυχὴν
1265 5771 1428 5828 αὖτοῦ
1453 5772 1514 5823 ὲκ
1537 5769 1765 5829 θανάτου
1792 5766 1954 5837 ῥύσῃ.

2111 4475 2383 4532 Abraham
2411 4483 2751 4541 quaecunque
2779 4468 2998 4522 locutus
3027 4475 3110 4520 est
3137 4464 3210 4520 ad
3240 4465 3419 4520 illum.

2185 4553 2286 4622 Job
2313 4583 2352 4622 ι.
2376 4566 2522 4622 Misit
2579 4567 2799 4619 nuntios
2832 4559 2939 4617 Job
2969 4560 3036 4615 ad
3069 4559 3297 4624 liberos,
3333 4567 3388 4614 et
3439 4558 3708 4628 purgavit.

2115 4677 2234 4728 eos,
2285 4673 2552 4728 maneque
2600 4671 2832 4725 surgens
2864 4669 2964 4728 pro
3018 4654 3124 4710 illis
3166 4650 3434 4708 sacriﬁcia
3469 4650 3688 4713 obtulit,

2118 4765 2346 4807 numero
2378 4749 2531 4820 paria
2563 4747 2753 4802 liberis
2786 4765 2801 4803 :
2834 4727 3072 4815 itemque
3110 4743 3342 4798 vitulum
3381 4756 3562 4796 unum,
3592 4755 3692 4810 pro

2119 4853 2345 4917 peccato
2372 4858 2437 4899 ac
2463 4843 2684 4898 illorum
2736 4840 2934 4894 animis
2967 4855 2982 4891 :
3021 4838 3103 4893 sic
3133 4839 3278 4890 enim
3317 4848 3513 4890 secum
3547 4834 3694 4902 cogi-

2121 4941 2270 4994 tabat
2311 4954 2326 4991 :
2365 4935 2544 4991 Liberi
2598 4934 2705 4988 mei
2740 4933 2879 4987 forte
2908 4929 3050 4984 mala
3082 4927 3391 4998 cogitarunt
3414 4925 3694 4982 mentibus

2119 5031 2236 5088 suis
2260 5029 2525 5084 adversus
2557 5029 2748 5082 Deum.

2192 5123 2420 5191 Corrige
2462 5120 2658 5182 lilium,
2687 5127 2742 5174 et
2769 5125 2824 5172 te
2883 5115 3097 5188 diliget,
3161 5114 3465 5184 alferetque
3529 5124 3694 5164 orna-

2121 5227 2364 5273 mentum
2404 5213 2753 5269 animantum.

2193 5307 2353 5362 Pater
2379 5304 2580 5375 probus
2611 5304 2749 5360 bene
2778 5303 2976 5359 educat
3025 5301 3184 5365 filios,
3237 5297 3453 5353 animus
3509 5301 3694 5350 autem

2121 5399 2241 5471 eius
2263 5397 2373 5452 ﬁlio
2409 5397 2655 5469 sapiente
2694 5394 2986 5452 laetabitur.

2194 5490 2298 5558 Qui
2329 5490 2526 5558 diligit,
2557 5488 2848 5558 diligenter
2869 5485 3068 5541 erudit.

2194 5582 2462 5638 Infantem
2494 5581 2764 5650 castigare
2803 5593 2870 5632 ne
2933 5583 3186 5632 recusato
3217 5592 3232 5630 :
3268 5588 3392 5630 nam
3441 5572 3486 5630 si
3549 5572 3698 5642 virga

2121 5689 2246 5730 eum
2272 5673 2565 5737 cecideris,
2622 5687 2729 5726 non
2786 5667 3074 5723 morietur.
3130 5668 3211 5722 Tu
3269 5665 3487 5736 quidem
3547 5665 3699 5734 virga

2125 5783 2248 5827 eum
2277 5769 2474 5836 caedes,
2497 5766 2751 5842 animam
2782 5775 2910 5820 vero
2942 5761 3115 5834 ipsius
3148 5775 3178 5820 e
3211 5768 3387 5821 morte
3414 5758 3700 5819 liberabis.
