3996 6194
327 219 467 290 1043

1619 230 1932 293 ΑΝΤΟΝΙΙ
1969 231 2312 298 ΜΕΙᾸΞΞᾹΞ

3452 239 3593 305 10“

397 333 666 390 Juvenum
705 335 957 406 gloriatio
978 345 1158 408 patres
1224 350 1460 393 eorum:
1508 336 1668 410 149
1727 339 1895 411 plagae

2071 341 2351 416 Καύχημα
2373 344 2506 400 νέων
2540 346 2779 420 πατέρες
2804 348 3001 404 αὐτῶν.
3047 350 3265 421 Πληγαὶ
3296 353 3391 405 καὶ
3440 354 3592 421 ἐλεγ-

321 436 379 497 ct
401 429 852 499 reprehensiones
882 430 1014 486 dant
1063 431 1408 500 saplcntiam.

394 524 555 580 Prov.
596 541 712 580 XIX.
747 523 973 578 Erudito
1029 524 1198 578 lilium
1230 535 1380 578 tuum
1423 544 1436 578 :
1469 525 1550 580 sic
1572 525 1717 580 enim
1746 523 1903 580 bonae

322 617 438 688 spei
477 615 696 673 futurus
724 628 831 670 est.

393 705 561 763 Eccli.
595 723 688 762 vn.
728 705 785 763 Si
821 707 914 762 tibi
947 715 1074 764 sunt
1109 709 1304 772 liberi,
1346 711 1616 769 instituito
1652 715 1794 782 illos,
1834 725 1882 769 ct

317 800 432 871 jam
458 799 582 855 inde
625 800 695 854 ab
734 799 1099 856 adolescentia
1135 801 1380 870 ipsorum
1423 807 1564 860 colla
1602 805 1889 862 inflectito.

391 890 554 947 Prov.
592 905 711 947 χιιι.
741 892 844 960 Qui
885 893 1061 963 diligit
1110 893 1279 950 filium
1322 912 1507 964 suum,
1551 901 1903 955 continenter

318 996 443 1040 eum
485 985 737 1057 flagellet.

392 1076 564 1132 Eccli.
593 1094 725 1132 xxx.
755 1077 858 1144 Qui
887 1077 1060 1133 lilium
1087 1093 1246 1134 suum
1283 1080 1461 1149 docet,
1495 1081 1900 1138 aemulationem

319 1169 548 1225 inimico
580 1186 681 1225 suo
718 1181 918 1236 movet,
950 1180 1003 1227 et
1027 1173 1168 1242 apud
1197 1172 1407 1228 amicos
1435 1189 1499 1228 eo
1532 1173 1825 1230 ltetabitur.

390 1263 561 1318 Eccli.
598 1281 727 1318 xxx.
773 1263 874 1330 Qui
923 1264 1091 1318 filium
1127 1281 1285 1320 suum
1316 1266 1563 1338 castigat,
1601 1282 1668 1321 eo
1697 1266 1904 1322 laetabi-

317 1366 426 1423 tur,
454 1365 507 1412 et
551 1355 696 1413 inter
728 1355 1028 1412 familiares
1060 1371 1123 1412 ac
1159 1365 1315 1414 notos
1356 1358 1425 1412 de
1459 1373 1524 1414 eo
1552 1357 1898 1431 gloriabitur.

391 1533 588 1608 Ephes.
608 1550 684 1589 vi.
708 1527 907 1603 Nolite,
930 1545 1135 1606 patres,
1162 1535 1364 1592 liberos
1383 1543 1594 1594 vestros
1616 1552 1693 1592 ira
1721 1545 1900 1594 vestra

2005 450 2089 503 χοι
2119 433 2322 490 διδόασι
2383 438 2598 506 σοφίαν.

2076 525 2304 580 Παίδευε
2335 528 2449 582 υἱόν
2481 546 2598 582 σου·
2626 529 2798 596 οὕτως
2823 534 2931 604 γὰρ
2963 533 3116 590 ἔσται
3136 534 3376 600 εὔελπις.

2073 707 2253 762 Τέκνα
2283 707 2366 761 σοί
2395 709 2533 774 ἐστι,
2561 711 2856 766 παίδευσον
2900 714 3060 780 αὐτὰ,
3123 715 3220 770 καὶ
3261 716 3482 787 κάμψον
3528 719 3595 771 ἐκ

2005 799 2254 870 νεότητος
2277 801 2370 854 τὸν
2399 803 2674 874 τράχηλον
2707 806 2906 864 αὐτῶν.

2089 892 2152 946 '0
2177 891 2408 961 ἀγαπῶν
2436 893 2527 947 τὸν
2555 897 2670 952 υίὸν
2700 898 2868 954 αὐτοῦ
2917 899 3244 972 ἑνδελεχίσει
3312 903 3597 973 μάστιγας

2004 984 2176 1039 αὐτῶ.

2085 1037 2171 1130 ’ὀί
2209 1079 2481 1136 παιδεύων
2551 1080 2642 1135 τδν
2699 1080 2814 1135 υίδν
2877 1081 3044 1138 αὐτοῦ
3125 1083 3452 1155 διαζηλὼσει
3493 1087 3589 1141 τδν

2005 1167 2200 1239 ἐχθρόν
2235 1187 2248 1199 ·
2275 1171 2368 1225 καὶ
2390 1172 2573 1226 ἔναντι
2601 1173 2768 1242 φίλων
2799 1175 2887 1228 ἔπ’
2929 1175 3089 1246 αὐτῷ,
3107 1176 3524 1246 ἀγαλλιάσεται.

2088 1261 2148 1312 Ὀ
2174 1260 2446 1315 παιδεύων
2481 1262 2575 1316 τὸν
2605 1263 2723 1316 υἱὸν
2773 1263 2939 1318 αὐτοῦ
2992 1265 3438 1338 εὐφρανθήσεται
3496 1272 3586 1325 ἐπ’

2005 1349 2150 1420 αύτῷ
2181 1366 2195 1380 ο
2226 1350 2319 1405 καὶ
2341 1351 2444 1406 ἀνά
2480 1354 2646 1423 μέσον
2679 1353 2976 1427 γνωρίμων
3009 1355 3097 1409 ἐπ’
3129 1357 3279 1431 αύτῷ
3307 1361 3589 1432 καυχήσε-

2003 1454 2117 1496 ται.

2075 1534 2139 1589 Ol
2163 1537 2418 1608 πατέρες,
2449 1537 2525 1608 μή
2555 1539 2922 1609 παροργίζετε
2953 1541 3023 1595 τὰ
3050 1543 3219 1598 τέκνα
3249 1544 3430 1614 ὑμῶν,
3461 1545 3585 1600 ἀλλ’

313 1643 638 1702 provocare,
695 1628 790 1685 sed
831 1642 927 1685 eos
974 1627 1029 1683 in
1069 1628 1379 1686 eruditione
1425 1637 1480 1684 et
1528 1630 1895 1685 admonitione

2028 1624 2300 1696 μκτρέφετε
2321 1627 2464 1682 αύτά
2491 1629 2549 1682 ὲν
2581 1629 2802 1702 παιδείᾳ
2824 1633 2920 1685 καὶ
2953 1633 3213 1707 νουθεσίᾳ
3241 1637 3474 1708 Κυρίου.

313 1723 534 1780 Domini
561 1723 810 1779 educate.

385 1815 614 1872 Liberos
632 1823 865 1882 vestros,
891 1823 1098 1883 patres,
1131 1830 1198 1870 ne
1221 1815 1469 1883 irritetis,
1489 1823 1545 1873 ut
1571 1831 1637 1873 ne
1653 1817 1893 1872 animum

313 1903 712 1978 despondeant.

391 1999 450 2055 S.
489 1997 699 2056 Basilii.
743 1997 815 2055 Ut
853 2007 1107 2071 parentes
1155 2001 1384 2072 singulis
1415 2000 1601 2057 liberis
1641 2016 1708 2057 ex
1741 2016 1896 2071 aequo

313 2090 564 2162 corporis
587 2093 877 2147 essentiam
915 2092 1179 2163 impertiti
1210 2100 1355 2160 sunt,
1383 2092 1464 2148 sic
1485 2088 1688 2148 eisdem
1714 2108 1896 2162 aequa-

313 2190 438 2244 liter
484 2190 713 2259 parique
748 2187 1066 2242 conditione
1109 2201 1232 2256 qua:
1281 2186 1345 2240 ad
1380 2187 1544 2241 vitam
1594 2185 1894 2258 degendam

315 2281 594 2350 pertinent
616 2279 740 2351 jure
770 2279 978 2349 optimo
1010 2279 1253 2349 praebere
1277 2279 1498 2334 debent.

385 2371 650 2442 Theologi.
682 2370 904 2426 Patrum
937 2370 1022 2424 lcx
1052 2377 1136 2425 est
1166 2368 1353 2426 liberis
1383 2371 1500 2426 suis
1537 2385 1782 2440 parcere.

383 2466 711 2534 Legitimum
740 2465 976 2520 maxime
999 2472 1051 2519 et
1075 2464 1448 2534 aequissimum
1474 2474 1577 2530 est,
1604 2476 1662 2520 ut
1695 2464 1895 2522 libero-

311 2575 436 2614 rum
476 2559 616 2614 bona
661 2567 814 2627 pater
838 2557 1169 2627 c0gitatione
1209 2556 1542 2614 consideret.

384 2649 442 2708 S.
477 2647 748 2720 Chrysost.
789 2647 1112 2703 Liberorum
1155 2647 1476 2703 modestiam
1508 2655 1564 2703 et
1594 2657 1895 2717 temperan-

312 2745 446 2800 tiam
483 2751 663 2814 patres
697 2755 818 2801 ,non
863 2748 1121 2796 curantes
1181 2739 1478 2794 liberorum
1521 2737 1896 2796 interfectores

313 2841 467 2898 sunt,
497 2843 660 2903 atque
692 2831 913 2903 gravius
953 2839 1181 2901 peccant
1210 2845 1372 2900 quam
1413 2828 1511 2897 illi,
1549 2839 1756 2900 quanto
1781 2830 1894 2887 sci-

309 2927 442 2982 licet
470 2925 666 2980 animaa
696 2920 932 2994 perditio
964 2929 1017 2976 et
1049 2934 1198 2977 mors
1232 2920 1446 2992 gravior
1469 2929 1552 2976 est
1585 2935 1746 2992 quam
1776 2936 1896 2976 cor-

310 3020 481 3091 poris.

311 3212 499 3260 rentes
535 3215 657 3256 esse
690 3198 966 3263 arbitror;
999 3209 1124 3251 nam
1167 3207 1226 3250 ut
1255 3197 1345 3251 ille
1376 3195 1522 3266 quod
1554 3212 1662 3252 non
1693 3207 1812 3254 erat
1841 3207 1900 3254 ut

312 3293 623 3359 exsisteret,
669 3289 847 3345 effecit
881 3305 896 3343 :
929 3290 1010 3343 sic
1041 3295 1097 3344 et
1127 3288 1180 3343 hi
1210 3287 1506 3355 imitantes,
1553 3289 1734 3358 quoad
1779 3289 1902 3345 fieri

313 3395 518 3460 potest,
559 3384 705 3440 illius
736 3381 1051 3453 potentiam,
1088 3394 1260 3451 genus
1296 3379 1606 3436 immortale
1638 3381 1892 3436 reddunt.

387 3569 642 3640 Epicteti.
671 3566 812 3622 Cura
847 3574 908 3620 ut
933 3563 1075 3619 filios
1101 3571 1226 3618 tuos
1253 3561 1500 3619 eruditos
1533 3563 1705 3634 magis
1729 3580 1896 3633 quam

315 3663 604 3734 opulentos
641 3660 933 3729 grelinquas
986 3673 1001 3711 :
1050 3663 1311 3727 praestant
1353 3656 1497 3710 enim
1550 3658 1894 3713 eruditorum

314 3754 768 3828 exspectationes,
801 3765 961 3823 quam
994 3749 1336 3805 indoctoru
1375 3747 1598 3803 divitiae.

385 3932 573 3989 Medici
601 3928 932 3988 contumelia
957 3927 1261 3998 jucundum
1297 3924 1603 3981 remedium
1647 3927 1744 3997 (l).

381 4023 519 4081 Filia
555 4023 732 4079 aliena
767 4019 1043 4092 possessio
1073 4017 1210 4086 patrl
1247 4027 1351 4072 est.

383 4117 564 4174 Solon.
595 4113 811 4170 Liberis
845 4126 913 4166 ne
961 4109 1230 4172 arrideas,
1274 4117 1335 4164 ut
1387 4109 1442 4163 in
1484 4119 1765 4182 posterum
1827 4130 1894 4169 nc

311 4213 464 4269 ﬂeas.
747 4285 749 4288 γ

383 4299 624 4374 Sgnesli.
646 4295 784 4352 Filio
803 4303 857 4352 et
889 4295 1010 4350 tiliae
1035 4295 1259 4352 honesta
1287 4295 1556 4366 gloriatio,
1580 4295 1770 4356 laudes
1799 4317 1894 4371 pa-

312 4401 504 4447 ternae.

390 4480 619 4536 Virtutes
652 4478 919 4534 Philonis.
953 4477 1132 4534 Patris
1163 4486 1216 4534 et
1265 4479 1454 4534 matris
1495 4480 1888 4551 appellationes

312 4587 653 4640 communes,
683 4572 776 4629 scd
809 4571 1062 4642 potentia:
1086 4570 1398 4628 dill‘erentes‘
1423 4579 1576 4628 sunt.
1604 4573 1759 4627 lllum
1795 4574 1893 4646 igi-

312 4672 402 4718 tur
433 4661 527 4732 qui
562 4661 702 4716 lianc
733 4661 1147 4716 universitatem
1182 4662 1399 4718 molitus
1445 4669 1529 4718 est
1571 4663 1836 4719 artilleem
1869 4710 1883 4733 ,

309 4753 474 4810 simul
505 4760 559 4810 et
591 4761 804 4825 patrem
847 4753 932 4810 sui
968 4753 1148 4822 operis
1189 4761 1333 4809 recte
1359 4754 1619 4825 justeque
1649 4756 1893 4827 appella-

309 4857 433 4900 mus
461 4861 476 4899 :
507 4853 735 4900 matrem
767 4852 975 4909 autem,
1008 4843 1184 4914 ipsius
1210 4843 1558 4902 fabricatoris
1582 4847 1888 4916 scientiam,

209 4927 252 4962 ⁴
310 4949 435 4989 cum
465 4949 572 5004 qua
599 4949 928 5007 congressus
955 4938 1118 5005 Deus,
1165 4952 1271 4992 non
1317 4953 1467 4994 more
1499 4942 1760 5005 humano,
1795 4955 1890 5008 ge-

313 5025 540 5084 nerandi
571 5027 780 5082 semina
823 5029 1037 5096 insevit,
1065 5030 1268 5100 quibus
1301 5028 1390 5083 illa
1435 5029 1642 5086 Domini
1673 5033 1894 5089 semini-

315 5123 418 5177 bus
453 5119 614 5192 150
645 5119 878 5188 acceptis
921 5121 1165 5191 perfecto
1191 5129 1248 5176 et
1296 5119 1689 5178 fecundissimo
1735 5134 1892 5192 partu

315 5213 602 5272 amabilem
635 5223 691 5269 ct
722 5213 825 5268 sub
871 5225 1070 5267 sensus
1101 5213 1384 5267 cadentem
1424 5212 1592 5267 tilium
1655 5215 1891 5283 peperit.

718 5325 953 5382 SERMO
988 5325 1038 5381 Χ
1073 5325 1172 5401 [σί.
1203 5325 1486 5402 cxxvn].

314 5419 390 5476 De
413 5421 718 5492 parentibus
749 5419 1049 5474 liberorum
1084 5419 1447 5545 edbumtionem
1492 5410 1764 5491 neglectim
1799 5435 1894 5474 cu-

974 5501 1113 5545 rantr
1153 5507 1234 5545 us.

974 5501 1234 5546 fantibus.

386 5582 414 5637 1
443 5583 569 5656 Reg.
591 5603 651 5642 ιι.
683 5585 1009 5643 Renuntiavi
1038 5585 1086 5642 ei
1115 5600 1203 5642 me
1222 5581 1755 5640 ulturnm'familiam
1777 5580 1898 5652 ejus

384 3059 644 3166 ἓίέίιοηὶε.
677 3103 834 3175 Quod
868 3105 1009 3161 Deus
1054 3113 1140 3160 est
1185 3105 1412 3169 mundo,
1450 3104 1555 3161 hoc
1586 3105 1773 3164 liberis
1803 3121 1898 3177 pa-
1922 3059 1972 3124 α

1916 4401 1972 4464 D

2072 1813 2135 1864 Οἱ
2167 1811 2426 1884 πατέρες,
2460 1812 2538 1884 μὴ
2566 1813 2842 1884 ἐρεθίζετε
2861 1817 2928 1872 τὰ
2959 1817 3127 1874 τέκνα
3149 1818 3329 1888 ὑμῶν,
3363 1817 3455 1875 ἵνα
3507 1819 3590 1892 μὴ

2001 1901 2281 1974 ἀθυμῶσι.

2069 1995 2291 2050 Δίκαιόν
2319 1998 2434 2051 ἐστι
2455 1998 2566 2063 τοῖς
2593 1999 2861 2067 γονεῦσιν,
2891 2002 2982 2055 ἴνα
3036 2001 3226 2072 ῶσπερ
3254 2003 3310 2070 ἐξ
3339 2003 3459 2058 ῐσου
3489 2021 3592 2073 μειι

2001 2087 2368 2144 τιδεδώκασιν
2391 2089 2610 2162 ἑκάστῳ
2633 2091 2743 2146 τῶν
2774 2093 2983 2148 παίδων
3013 2094 3108 2148 τοῦ
3133 2089 3295 2156 εἶναι.
3324 2093 3470 2148 οὕτω
3487 2096 3588 2148 καὶ

2000 2179 2101 2242 τὰς
2130 2181 2268 2252 πρὸς
2290 2181 2351 2235 τὸ
2380 2182 2480 2255 ζῇν
2508 2184 2766 2254 ἀφορμὰς
2795 2183 2928 2248 ἴσως
2960 2185 3146 2250 αὐτοῖς
3177 2187 3270 2239 καὶ
3299 2187 3589 2258 δμοτίμυς

2003 2275 2291 2344 παρέχωσι

2074 2367 2285 2420 Παίδων
2308 2368 2588 2433 φείδεσθαι
2638 2371 2904 2442 πατρικὸς
2934 2372 3119 2440 νόμος.

2071 2455 2152 2510 Ta
2179 2459 2286 2510 τῶν
2313 2459 2522 2515 παίδων
2542 2461 2620 2532 τῷ
2664 2464 2836 2535 πατρὶ
2861 2461 3176 2532 λογίζεσθαι
3211 2460 3325 2516 τῶν
3350 2463 3591 2532 ἐννομω-

2001 2551 2179 2604 τάτων
2204 2569 2265 2605 τε
2307 2554 2401 2607 καὶ
2424 2553 2803 2612 δικαιοτάτων.

2073 2641 2137 2695 Ol
2159 2641 2257 2712 τῆς
2282 2642 2390 2697 τῶν
2416 2644 2625 2700 παίδων
2648 2646 3005 2717 κοσμιότητός
3027 2661 3086 2700 τε
3106 2644 3202 2699 καὶ
3225 2645 3591 2716 σωφροσύνης

2001 2730 2339 2801 ἀμελοῦντες
2394 2735 2631 2807 πατέρες
2680 2736 3022 2792 παιδοκτόνοι
3071 2736 3431 2806 τυγχάνουσι,
3492 2738 3591 2792 καὶ

2001 2823 2437 2898 χαλεπώτερονή
2469 2829 2688 2892 ἐκεῖνοι,
2714 2829 2827 2898 ὅσῳ
2851 2830 2946 2884 καὶ
2968 2829 3103 2899 πρὸς
3134 2829 3318 2901 ψυχὴν
3343 2832 3378 2903 ή
3433 2831 3592 2887 ἀπώ-

2001 2917 2121 2972 λεια
2151 2918 2244 2972 καὶ
2273 2920 2300 2972 ὁ
2335 2918 2586 2984 θάνατος.

2075 3098 2280 3171 Ὅπερ,
2306 3092 2486 3166 οἶμαι,
2514 3099 2649 3165 Θεὸς
2681 3103 2821 3172 πρὸς
2851 3101 3080 3172 κόσμον,
3113 3100 3274 3157 τοῦτο
3307 3102 3445 3172 πρὸς
3491 3103 3588 3158 τι-

2001 3207 2104 3248 κνα
2148 3191 2349 3260 γονεῖς,
2404 3190 2592 3263 ἀπειδή
2647 3192 2726 3256 ὡς
2771 3196 2981 3258 ἐκεῖνος
3038 3193 3121 3264 τῷ
3159 3194 3236 3266 μὴ
3278 3195 3588 3266 ὑπάρχοντι

2001 3279 2238 3350 ὕπαρξιν
2263 3280 2686 3352 κατειργάσατο,
2741 3284 2835 3337 καὶ
2864 3279 3015 3338 οὖτοι
3072 3284 3408 3354 μιμούμενοι
3456 3284 3586 3338 καθ’

1998 3372 2123 3428 ὅσον
2151 3367 2265 3426 οἷόν
2286 3390 2346 3426 τε
2371 3373 2468 3446 τήν
2495 3375 2707 3428 ἐκείνου
2739 3374 2994 3444 δύναμιν,
3025 3376 3084 3430 τδ
3111 3376 3267 3443 γένος
3315 3377 3582 3432 ἀθανατί-

1998 3461 2202 3527 ξουσιν.

2069 3553 2209 3616 Τοὺς
2244 3555 2392 3618 υίούς
2425 3573 2518 3609 σου
2552 3555 2820 3622 σπούδαζε
2859 3559 3330 3630 πεπαιδευμένους
3375 3560 3581 3632 μᾶλλον

1995 3646 2030 3718 ἢ
2069 3645 2358 3710 πλουσίους
2408 3648 2751 3703 καταλιπεῖν.
2813 3650 3114 3721 Κρείττους
3161 3651 3270 3723 γάρ
3318 3636 3458 3707 είσιν
3516 3655 3578 3708 at

1996 3739 2105 3792 τῶν
2127 3740 2576 3812 πεπαιδευμένων
2605 3741 2818 3826 ﬁnio};
2848 3741 2882 3816 ἢ
2917 3743 2946 3796 δ
2975 3743 3086 3797 τῶν
3110 3745 3347 3814 ἀμαθῶν
3405 3745 3573 3799 πλοῦ-

1996 3847 2102 3894 τος.
2709 3863 2736 3908 ς

2072 3923 2282 3992 Πατρὸς
2311 3922 2549 3996 [ἰατροῦ]
2573 3924 2728 3996 ὕϐρις
2757 3925 2854 3997 ήδὺ
2876 3926 3186 3997 φάρμακον.

2070 4013 2332 4086 Θυγάτηρ
2360 4017 2640 4089 ἀλλότριον
2667 4020 2851 4089 κτῆμα
2877 4019 3114 4092 ὑπάρχει
3137 4020 3212 4092 τῷ
3241 4021 3430 4092 πατρί.

2061 4106 2177 4176 Υίῷ
2234 4108 2326 4160 καὶ
2391 4107 2617 4179 θυγατρὶ
2681 4109 2757 4180 μὴ
2819 4113 3293 4186 προσμειδιάσῃς,
3345 4113 3431 4167 ἵνα
3492 4113 3576 4184 μὴ

1998 4198 2125 4253 ῦστε
2133 4217 2224 4268 ρον
2253 4199 2551 4272 δακρύσῃς.

2067 4292 2286 4356 Τέκνοις
2311 4293 2588 4364 αἰδέσιμον
2611 4291 2870 4366 καύχημα
2906 4295 3112 4368 πατρὸς
3139 4297 3389 4366 ἔπαινος.

2064 4473 2276 4544 Πατρδς
2299 4475 2392 4528 καὶ
2421 4476 2623 4545 μητρὸς
2650 4475 2829 4530 κοιναὶ
2865 4477 2963 4548 μὲν
2990 4479 3044 4531 αἱ
3068 4479 3310 4548 κλήσεις,
3327 4481 3582 4551 διάφοροι

1994 4563 2050 4618 δὲ
2074 4565 2354 4633 δυνάμεις.
2379 4565 2484 4620 Τὸν
2520 4566 2649 4636 γοῦν
2676 4569 2735 4622 τὺ
2758 4571 2864 4624 πᾶν
2901 4571 3018 4624 τόδε
3076 4572 3458 4642 ἐργασάμενον
3490 4575 3585 4645 δη-

1999 4661 2261 4732 μιουργὸν
2288 4661 2423 4733 ὁμοῦ
2459 4663 2556 4716 καὶ
2597 4665 2808 4737 πατέρα
2838 4661 2979 4720 εἶναι
3009 4665 3105 4719 τοῦ
3152 4669 3434 4736 γεγονότος
3493 4669 3582 4722 εύο

1995 4753 2093 4817 θὺς
2121 4755 2178 4808 ὲν
2209 4755 2334 4827 δίκῃ
2367 4755 2631 4827 φήσωμεν
2662 4771 2678 4788 ο
2715 4757 2928 4829 μητέρα
2950 4758 3005 4811 δὲ
3031 4757 3130 4830 τὴν
3155 4759 3247 4812 τοῦ
3281 4761 3583 4832 πεποιηκό-

1993 4863 2085 4910 τος
2118 4847 2429 4919 ἐπιστήμην
2459 4865 2474 4880 ο
2512 4838 2545 4922 ᾗ
2591 4847 2765 4903 συνὼν
2811 4848 2943 4914 Θεὸς
2989 4851 3088 4920 ούχ
3138 4851 3215 4915 ὡς
3269 4851 3580 4922 ἄνθρωπος.

1997 4938 2220 5010 ἔσπειρε
2246 4939 2461 5008 γένεσιν
2490 4955 2505 4969 ·
2547 4942 2580 5012 ή
2607 4940 2663 4993 δὲ
2695 4941 3111 5014 παραδεξαμένη
3139 4942 3208 4997 τὰ
3239 4943 3333 4997 τοῦ
3366 4943 3578 5014 Κυρίου

2000 5030 2315 5101 σπέρματα,
2339 5031 2687 5101 τελεσφόροις
2712 5033 2865 5088 ὠδῖσι
2898 5035 2989 5088 τὸν
3020 5035 3307 5105 ἀγαπητὸν
3341 5035 3434 5092 καὶ
3486 5036 3576 5090 cl-

2000 5122 2196 5196 σθητδν
2229 5122 2344 5176 υίδν
2381 5123 2671 5179 ἀπέτεκεν.

2628 5327 2847 5380 ΛΟΓΟΣ
2898 5323 2952 5380 I'.

2004 5417 2148 5488 Περὶ
2179 5418 2406 5488 γονέων
2454 5418 2980 5488 καταφρονητικῶς
3016 5418 3284 5488 ἐχόντων
3318 5418 3422 5488 τὰς
3455 5419 3576 5478 τῶν

2495 5487 2722 5541 τέκνων
2749 5487 3078 5560 ἀναγωγός.

2086 5579 2438 5651 ’Δπήγγελκα
2483 5579 2655 5652 αὐτῷ,
2679 5581 2760 5634 ὅτι
2796 5580 2994 5636 ἐκδικῶ
3024 5580 3133 5650 ἐγὼ
3166 5581 3254 5636 ἐπὶ
3285 5583 3376 5638 τὸν
3426 5578 3575 5642 οἷκον

386 5700 464 5776 (1)
497 5678 712 5758 Caecus
750 5704 911 5759 codex
948 5703 1121 5770 habet,
1160 5703 1340 5775 ἰατρὸς
1370 5700 1491 5775 (sic)
1523 5699 1680 5772 ὕϐρις
1730 5699 1828 5772 ἡδὺ
1875 5717 1895 5770 q

2028 5715 2190 5754 .ακον.
