3996 6194
930 192 961 201 .-

397 259 535 323 1045

1262 265 1433 324 LOCI
1473 259 1918 326 COMMUNES.
1944 286 2011 297 --
2044 261 2242 322 PARS
2286 260 2368 322 II.
2406 263 2667 325 SERMO
2698 267 2807 327 XI.

3524 269 3672 335 1046

391 375 556 431 αὑτοῦ
584 373 692 437 ἕως
744 375 941 440 αἰῶνος
972 390 985 405 °
1044 376 1125 429 ὅτι
1168 377 1532 445 ἐκακολόγουν
1575 377 1706 429 Θεὸν
1758 377 1807 428 οἱ
1860 376 1968 428 υἱοὶ

2095 389 2243 446 usque
2298 373 2352 428 in
2403 376 2661 431 saeculum
2714 394 2728 431 :
2772 378 2898 447 quia
2952 377 3045 431 lilii
3100 377 3219 445 ejus
3269 378 3653 436 malediceban:

394 467 581 528 αὐτοῦ,
612 466 709 519 καὶ
757 467 858 519 οὐκ
904 467 1175 521 ἐνουθέτει
1234 469 1454 531 αὐτούς.
1493 470 1602 521 Καὶ
1652 469 1748 538 οὐχ
1798 466 1972 530 οὕτως

390 557 580 626 ὤμοσα
604 558 682 626 τῷ
708 556 842 627 οἴκῳ
879 557 1049 621 Ἠλεὶ,
1077 559 1126 611 ει
1166 558 1583 628 ἐξιλασθήσεται
1605 560 1790 611 ἀδικία
1823 560 1971 611 οἴκου

402 651 553 704 Ἠλεὶ
573 651 631 701 ἐν
651 652 955 721 θυμιάματι
983 649 1078 703 καὶ
1107 651 1165 701 ἐν
1188 649 1399 713 θυσίαις
1428 650 1593 704 αὑτοῦ
1622 652 1728 714 ἕως
1756 651 1972 714 αἰῶνος.

471 747 566 806 ὐς
611 744 854 812 φείδεται
905 744 1003 816 τῆς
1060 743 1256 797 ἑαυτοῦ
1314 743 1637 815 βακτηρίας,
1690 747 1841 814 μισεί
1882 745 1973 797 τὸν

390 839 508 891 υῑδν
544 836 735 890 αὐτοῦ.

464 931 637 1001 "arpi.
659 929 852 984 ἀσεδεῐ
879 929 1152 1003 μέμψεται
1182 932 1370 999 τέκνα,
1394 932 1478 985 ὅτι
1530 930 1599 986 δι’
1628 930 1792 986 αὑτὸν
1827 930 1970 984 ὀνει-

391 1025 763 1092 δ;σθήσονται.

462 1120 662 1182 Ἵππος
717 1117 1030 1187 ἀδάμαστος
1064 1118 1348 1174 ἀποδαενει
1404 1119 1638 1189 σκληρός
1671 1133 1686 1150 ⁸
1717 1119 1813 1173 καὶ
1856 1118 1973 1185 υἱὸς

390 1210 676 1281 ἀνειμένος
731 1210 974 1264 ἐκϐαίνει
1029 1211 1298 1282 προαλής.
1345 1210 1650 1281 Τιθήνησον
1706 1214 1799 1265 τὸν
1857 1212 1971 1265 υἱόν

393 1318 508 1367 σου,
537 1301 630 1354 καὶ⁵
661 1300 999 1370 ὲκθαμδήσει
1025 1316 1105 1366 σε,
1142 1302 1236 1354 καὶ
1286 1300 1363 1371 μὴ
1412 1302 1752 1373 πγγελάσῃς
1798 1301 1968 1372 αὐτῷ,

390 1392 476 1445 ἵνα
510 1390 585 1462 μὴ
616 1391 991 1463 συλλυπηθῇς,
1017 1392 1112 1447 καὶ
1135 1393 1221 1446 ἐπ’
1249 1394 1493 1465 ἐσχάτων
1514 1396 1816 1466 γομφιάσει
1842 1396 1971 1460 τοὺς

389 1482 607 1544 ὀδόντας
642 1499 759 1536 σου.
783 1484 874 1554 Μὴ
906 1482 996 1546 δὸς
1029 1484 1178 1554 αὒτῷ
1203 1485 1450 1549 ἐξουσίαν
1481 1488 1539 1539 ὲν
1587 1488 1823 1558 νεότητι,
1878 1489 1967 1540 καὶ

391 1572 470 1643 μὴ
486 1573 721 1644 παρίδῃς
742 1573 841 1636 τὰς
870 1573 1096 1640 ἀγνοίας
1124 1576 1310 1634 αὐτοῦ.
1342 1576 1576 1647 Κάμψον
1615 1578 1708 1631 τὸν
1763 1578 1969 1648 τράχη-

388 1667 477 1718 λον
505 1666 671 1720 αὑτοῦ
697 1670 754 1721 ἐν
775 1668 1008 1739 νεότητι.
1039 1668 1248 1724 Θλάσον
1276 1671 1375 1733 τὰς
1407 1670 1646 1739 πλευρὰς
1676 1671 1862 1735 αὑτοῦ,
1892 1670 1968 1733 ὡς

2076 466 2209 533 Deo,
2236 483 2335 522 nee
2366 468 2487 523 illos
2511 469 2817 540 castigavit,
2858 470 3063 524 ideirco
3083 468 3262 539 juravi
3291 469 3511 524 Iarnilia:
3554 471 3657 534 Eli,

2075 560 2217 628 quod
2256 575 2357 615 nou
2394 560 2644 629 expietur
2680 562 2937 630 iniquitas
2970 562 3166 617 domus
3213 562 3333 631 ejus
3385 565 3437 617 in
3480 564 3652 618 suﬂ'u-

2075 650 2372 720 migatioue
2401 660 2455 704 et
2485 651 2769 706 sacrillciis
2800 667 2973 721 usque
3004 652 3059 705 in
3091 653 3379 708 saeculum.

2148 740 2423 796 Salomon.
2475 740 2577 808 Qui
2629 744 2800 812 parcit
2854 745 2971 800 suis
3019 747 3268 814 baculis,
3325 747 3499 803 tilium
3544 750 3659 804 odit

2075 850 2262 893 suum.

2149 924 2316 979 Eccli.
2350 926 2478 981 'au.
2535 923 2751 978 Patrem
2797 924 3026 996 impium
3071 929 3409 985 accusabunt
3454 930 3607 986 liberi
3645 972 3659 991 .

2073 1017 2201 1087 quia
2234 1023 2455 1087 propter
2488 1017 2664 1085 ipsum
2697 1016 2918 1085 probris
2958 1017 3282 1076 adicientur.

2146 1104 2289 1160 Ibid.
2337 1121 2466 1160 xxx.
2510 1103 2699 1176 Equus
2740 1105 3040 1163 indomitus
3070 1124 3166 1165 ore
3213 1111 3272 1166 ﬁt
3312 1112 3471 1180 duro,
3510 1114 3667 1169 ﬁlius

2074 1199 2426 1270 indulgenter
2491 1207 2760 1254 tractatus
2810 1200 2871 1254 tit
2915 1206 3240 1257 temerarius
3280 1214 3336 1259 et
3396 1220 3659 1274 praeceps.

2074 1292 2303 1363 lndulge
2345 1292 2457 1347 ﬁlio
2488 1301 2620 1361 tuo,
2667 1300 2722 1346 et
2761 1292 2877 1363 ipse
2924 1294 3195 1349 territabit
3238 1306 3332 1363 te;
3381 1312 3447 1352 ne
3501 1298 3663 1351 simul

2074 1400 2199 1441 cum
2227 1385 2323 1440 illo
2348 1385 2549 1450 rideas,
2590 1395 2649 1439 ut
2680 1400 2749 1440 ne
2772 1385 2937 1441 simul
2967 1401 3091 1442 cum
3121 1388 3215 1443 illo
3245 1390 3481 1445 tristeris
3504 1400 3558 1445 et
3592 1393 3660 1445 ad

2075 1486 2383 1533 extremum
2437 1478 2693 1535 dentibus
2742 1480 2849 1535 tuis
2899 1478 3229 1534 infrendeas.
3277 1480 3357 1535 Ne
3387 1484 3478 1537 des
3506 1483 3554 1537 ei
3605 1486 3659 1537 iu

2069 1568 2357 1639 juventute
2384 1570 2686 1637 licentiam,
2708 1578 2762 1625 et
2792 1570 3167 1639 ignorationes
3197 1574 3315 1641 ejus
3344 1588 3409 1627 ne
3434 1582 3656 1643 praeter-

2076 1663 2277 1719 mittas.
2315 1664 2374 1718 In
2406 1664 2691 1734 juventute
2743 1664 3010 1719 cervicem
3054 1665 3174 1734 ejus
3219 1665 3423 1721 ﬂectite
3452 1685 3465 1720 :
3498 1677 3550 1720 et
3582 1668 3661 1720 la-

388 1758 500 1811 ἕστι
530 1760 745 1829 νήπιος,
791 1760 864 1831 μή
890 1730 1021 1813 ποτε
1055 1730 1408 1831 σκληρυνθεις
1431 1730 1706 1835 ἀπειθήσῃ
1742 1730 1970 1826 (rogasti.

2095 1768 2191 1809 era
2225 1730 2644 1822 ipsius'tundito
2707 1756 2836 1810 dum
2868 1755 3048 1812 adhuc
3079 1730 3217 1826 puer
3244 1765 3349 1823 est,
3397 1772 3462 1812 ne
3494 1758 3655 1811 robu-

388 1852 542 1904 ἔσται
574 1868 657 1903 σοι
684 1851 744 1915 ἐξ
775 1852 939 1907 αὐτοῦ
969 1854 1129 1924 ὀδύνη
1161 1853 1363 1925 ψυχῆς.
1396 1853 1697 1907 Παίδευσον
1728 1856 1818 1907 τὸν
1847 1855 1965 1907 υἱόν

390 1958 509 2004 σου,
540 1942 633 1995 καὶ
658 1943 887 2013 ἐργασαι
912 1944 969 1996 ὲν
1004 1943 1169 2015 αὐτῷ,
1202 1944 1290 1997 ἵνα
1325 1946 1401 2014 μὴ
1428 1946 1483 1996 ὲν
1509 1947 1576 2016 τῇ
1611 1942 1969 2017 ἀσχημοσύνῃ

390 2031 557 2085 αὐτοῦ
602 2033 943 2107 προσκόψῃς.

464 2210 641 2263 Τέκνα
667 2210 928 2281 βδελυκτά
957 2212 1167 2281 γίνεται
1199 2214 1366 2268 τέκνα
1422 2215 1790 2285 ἁμαρτωλῶν.

464 2391 705 2459 Ἕγγονα
740 2389 953 2443 ἀσεϐῶν
983 2391 1045 2443 ού
1065 2389 1330 2460 πληθυνεί
1352 2391 1600 2458 κλάδους,
1668 2393 1763 2447 καὶ
1820 2393 1971 2463 ῥίζαι

388 2487 691 2558 ἀκάθαρτοι
725 2485 783 2549 ἐξ
811 2484 1118 2555 ἀκροτόπου
1140 2485 1365 2553 πέτρας.

470 2583 563 2637 Ἐκ
597 2580 913 2650 σπέρματος
944 2578 1125 2647 ὄφεων
1169 2578 1514 2642 ἐξελεύσεται
1560 2579 1759 2648 ἔκγονα
1809 2579 1972 2632 ἀσπί-

386 2677 495 2732 δων
521 2692 535 2705 '
570 2676 638 2729 τὰ
666 2675 722 2728 δὲ
766 2674 972 2743 ἔκγονα
997 2674 1179 2727 αὐτῶν
1207 2674 1361 2743 ὄφεις
1409 2674 1720 2742 πετόμενοι.

472 2767 832 2829 Ἀδικώτατος
864 2766 993 2836 περὶ
1017 2764 1120 2837 τὴν
1172 2766 1280 2819 τῶν
1328 2767 1570 2833 ἐγγόνων
1628 2766 1902 2837 ἐκτροφὴν
1942 2766 1971 2817 ὁ

386 2858 565 2920 ἀετός.
593 2857 697 2909 Δύο
713 2856 823 2925 γὰρ
852 2853 1142 2923 ἐξαγαγὼν
1175 2856 1443 2916 νεοττοὺς,
1460 2854 1553 2907 τὸν
1580 2853 1768 2925 ἕτερον
1787 2854 1971 2907 αὐτῶν

386 2951 468 3013 εις
490 2947 589 3019 τὴν
614 2949 720 3017 γῆν
755 2949 1193 3019 καταρρήγνυσι,
1215 2948 1334 3008 ταῖς
1362 2946 1602 3017 πληγαῖς
1630 2946 1737 3000 τῶν
1770 2943 1972 3014 πτερύ-

2072 1856 2194 1901 stus
2228 1847 2410 1901 factus
2452 1847 2590 1900 nolit
2620 1847 2718 1901 tibi
2758 1862 2973 1915 parere,
3009 1856 3175 1918 atque
3201 1863 3263 1901 ex
3290 1862 3355 1903 eo
3389 1857 3514 1903 tuus
3542 1850 3660 1902 ani-

2074 1950 2196 1989 mus
2224 1936 2471 1991 dolorem
2507 1937 2687 2007 capiat
2724 1940 3049 1993 maximum.
3099 1938 3296 1994 Filium
3348 1948 3499 1993 tuum
3532 1955 3660 1995 eru-

2072 2029 2187 2082 dito
2218 2043 2282 2084 ac
2314 2029 2607 2099 perpolito,
2641 2038 2699 2084 ut
2726 2031 2779 2085 in
2805 2031 3147 2100 turpitudine
3169 2032 3318 2088 illius
3348 2047 3455 2089 non
3487 2034 3659 2088 olien-

2070 2122 2248 2177 daris.

2142 2214 2505 2270 Abominandi
2537 2225 2665 2272 sunt
2686 2214 2844 2271 liberi
2871 2214 3244 2285 improborum
3274 2226 3331 2274 et
3357 2220 3657 2275 sceleribus

2075 2305 2382 2361 infantium.

2144 2398 2439 2468 lmpiorum
2474 2402 2674 2469 posteri
2714 2416 2820 2455 non
2874 2401 3318 2470 multiplicabunt
3366 2415 3567 2469 ramos,
3600 2414 3657 2457 et

2072 2490 2284 2546 radices
2313 2507 2377 2545 ex
2411 2493 2733 2549 acutissimo
2773 2509 2908 2549 saxo
2942 2495 3191 2563 impure.

2147 2584 2221 2636 Ex
2252 2583 2461 2638 semine
2499 2594 2814 2655 serpentum
2872 2587 3171 2657 prodibunt
3201 2586 3451 2656 aSpidum
3486 2585 3648 2651 fetus,

2072 2671 2215 2728 Ictus
2246 2682 2426 2728 autem
2460 2674 2703 2744 ipsarum
2733 2683 3018 2746 serpentes
3049 2685 3211 2731 erunt
3237 2676 3505 2730 volantes.

2135 2765 2329 2819 Incerti
2358 2767 2614 2821 auctoris.
2653 2765 3050 2823 Crudelissima
3093 2776 3179 2823 est
3210 2767 3264 2822 in
3309 2766 3471 2837 pullis
3518 2767 3654 2821 edu-

2073 2857 2262 2913 candis
2292 2858 2515 2927 aquila;
2554 2858 2694 2913 duos
2742 2858 2887 2913 enim
2925 2873 3053 2913 cum
3086 2858 3317 2913 ediderit
3349 2859 3546 2927 pullos,
3577 2858 3657 2911 al-

2074 2954 2249 3001 terum
2304 2947 2408 3003 alis
2456 2947 2747 3018 impellens
2798 2949 2856 3003 in
2899 2958 3103 3005 terram
3136 2949 3403 3022 deiectum
3441 2949 3652 3015 allidit,

386 3058 499 3109 γων
520 3039 909 3108 ἀπωθούμενος
941 3055 955 3069 ·
986 3040 1080 3092 τὸν
1108 3039 1165 3092 δὲ
1191 3039 1379 3108 ἕτερον
1403 3039 1566 3109 μόνον
1598 3036 1778 3092 λαῦὼν
1798 3039 1969 3090 οἰκει-

2095 3039 2307 3094 ilterum
2348 3047 2625 3095 retentum
2655 3043 3039 3097 tantummodo
3059 3056 3160 3112 pro
3191 3056 3294 3096 suo
3322 3051 3376 3096 et
3407 3041 3653 3112 legitimo

384 3130 563 3198 οὖται,
585 3134 675 3184 διὰ
698 3131 759 3184 τὸ
788 3130 887 3201 τῆς
940 3129 1152 3201 τροφῆς
1207 3128 1488 3199 ἐπίμονον,
1532 3128 1967 3200 ἁποποιούμενος

382 3221 445 3277 δν
477 3223 787 3292 ἐγέννησεν.
814 3222 1059 3275 Τοιοῦτοι
1084 3222 1191 3275 τῶν
1214 3221 1416 3289 γονέων
1445 3220 1586 3274 εἰσὶν
1630 3220 1679 3272 oi
1710 3221 1803 3273 ἐπὶ
1837 3234 1967 3289 προ-

387 3316 551 3385 φάσει
577 3315 770 3378 πενίας
794 3314 1132 3383 ἐκτιθέμενοι
1158 3314 1225 3367 τὰ
1250 3316 1447 3385 νήπια,
1470 3314 1521 3367 οἳ
1554 3314 1648 3367 καὶ
1676 3314 1733 3364 ὲν
1769 3316 1827 3382 τῇ
1852 3311 1967 3365 δια-

388 3413 531 3483 νομῇ
556 3409 652 3464 τοῦ
680 3411 882 3480 κλήρου
911 3411 1237 3464 ἀνισώτατοι
1274 3410 1412 3479 πρὸς
1438 3408 1506 3461 τὰ
1530 3408 1751 3475 ἔγγονα.

469 3588 673 3660 Ἰερεὺς
702 3584 770 3658 ἦν
817 3589 847 3640 ὁ
906 3586 1074 3653 Ἠλεὶ,
1128 3586 1224 3640 καὶ
1282 3587 1392 3648 τοῖς
1442 3588 1634 3638 παισὶν
1674 3580 1965 3638 ἀσεϐοῦσιν

386 3680 693 3750 sttit-lutea
725 3679 847 3749 μὲν,
873 3680 955 3732 ὅτι
988 3678 1045 3731 δὲ
1076 3679 1153 3747 μὴ
1216 3677 1462 3751 σφοδρῶς
1520 3677 1809 3746 ἐνεκλήθη,
1872 3678 1966 3728 καὶ

384 3774 542 3845 δίκην
567 3772 765 3841 ὑπέσχε
796 3770 975 3843 πατὴρ
1012 3770 1245 3841 εὐλαϐὴς
1275 3771 1483 3898 τὶαιδων
1515 3770 1887 3839 παρανομίας.

459 3952 880 4023 Καταγέλαστον
914 3950 1206 4021 ἀνθρώπῳ,
1243 3952 1321 4020 τῷ
1373 3951 1485 4005 τῶν
1543 3951 1690 4005 ἰδίων
1737 3951 1966 4020 ἀφειδῆ.

391 4065 566 4114 σαντι,
603 4046 883 4100 παιδεύειν
919 4043 1099 4107 ξένους
1135 4042 1530 4113 ἐπιχειροῦντι.

998 4161 1217 4214 ΛυΓυΣ
1248 4162 1348 4215 IA'.

388 4257 529 4327 Περὶ
557 4257 788 4314 παίδων
811 4255 1113 4327 τιμώντων
1169 4272 1389 4325 γον-εις,
1440 4254 1557 4327 καὶ,
1598 4253 1713 4327 ὅσα
1765 4253 1968 4307 ἕπεται

635 4329 825 4395 ἀγαθὰ
869 4324 1007 4392 ’τοῖς
1040 4327 1460 4379 ὑπακούουσιν
1491 4324 1717 4389 αὐτοῖς.

2070 3131 2253 3198 habet,
2306 3133 2466 3188 tredio
2519 3134 2905 3189 nutricationis
2961 3148 3122 3204 quem
3184 3134 3491 3205 procrearit
3539 3134 3656 3203 ipsa

2069 3225 2363 3295 repudians
2402 3233 2459 3281 et
2516 3226 2802 3282 abdicans.
2859 3225 3020 3282 Tales
3079 3237 3205 3281 sunt
3260 3234 3514 3296 parentes
3562 3226 3661 3293 qui

2070 3318 2406 3389 paupertatis
2440 3322 2628 3389 specie
2655 3332 2788 3372 suos
2827 3334 3029 3388 pueros
3062 3319 3298 3373 infantes
3324 3329 3610 3388 exponunt
3632 3357 3650 3383 .

2067 3411 2159 3481 qui
2207 3420 2261 3464 et
2312 3412 2428 3466 suis
2483 3411 2718 3481 posteris
2763 3411 2816 3465 in
2864 3411 3201 3467 hmreditatis
3262 3411 3655 3467 distributione

2075 3501 2411 3572 iniquissimi
2446 3513 2597 3557 sunt.

2142 3593 2169 3646 1
2194 3592 2318 3661 Reg.
2352 3607 2409 3645 ιι.
2434 3590 2703 3651 Sacerdos
2729 3592 2832 3647 fuit
2857 3592 2959 3660 Eli,
2994 3609 3056 3647 ac
3086 3595 3226 3650 ﬁlios
3259 3608 3389 3650 suos
3413 3594 3575 3664 impie
3597 3608 3657 3648 se

2082 3688 2332 3748 gerentes
2378 3679 2731 3747 reprehendit
2773 3682 3016 3750 quidem,
3051 3683 3146 3736 sed
3180 3683 3309 3749 quia
3360 3699 3467 3736 non
3516 3682 3654 3737 satis

2072 3771 2417 3824 vehementer
2476 3769 2833 3841 objurgavit,
2890 3781 3049 3842 pater
3102 3774 3391 3842 religiosus
3437 3787 3651 3841 paruam

2070 3863 2304 3918 ﬁliorum
2339 3866 2660 3920 temeritatis
2686 3876 2740 3921 et
2767 3864 3073 3933 iniquitatis
3103 3863 3225 3919 luit.

2144 3954 2410 4024 Diogenis.
2445 3953 2751 4011 Ridiculum
2797 3967 2881 4011 est
2923 3971 3046 4012 eum
3108 3956 3202 4025 qui
3248 3954 3362 4011 suis
3427 3964 3642 4025 parcat,

2071 4045 2280 4100 alienos
2311 4050 2579 4117 castigare
2604 4047 2765 4106 velle.
3164 4051 3169 4055 ’

2445 4162 2677 4218 SERMO
2720 4162 2787 4217 XI
2830 4161 2928 4235 [αι.
2970 4160 3275 4234 CXXVIII].

2072 4253 2147 4308 De
2178 4252 2355 4308 liberis
2388 4265 2629 4324 parentes
2661 4255 3066 4321 honorantibus,
3109 4264 3159 4308 et
3195 4270 3310 4325 qua:
3342 4253 3479 4310 bona
3524 4268 3649 4308 con-

2354 4335 2647 4395 sequantur
2675 4328 2767 4395 qui
2801 4326 2910 4380 illis
2937 4325 3367 4395 obtemperariut.

460 4420 609 4492 Τίμα
634 4422 728 4473 τὸν
758 4421 972 4490 πατέρα
1003 4435 1096 4471 σου
1120 4421 1215 4471 καὶ
1241 4418 1338 4487 τὴν
1398 4416 1609 4486 μητέρα
1648 4434 1761 4481 σου,
1796 4416 1881 4469 ἵνα
1904 4416 1964 4469 εὖ

2142 4414 2316 4469 Exod.
2350 4432 2443 4472 xx.
2475 4415 2690 4471 Honora
2723 4425 2929 4485 patrem
2960 4424 3013 4471 et
3047 4425 3273 4472 matrem
3302 4425 3447 4471 tuam
3472 4424 3535 4471 ut
3555 4415 3649 4471 tibi

392 4532 474 4569 σοι
499 4516 748 4583 γένηται,
780 4514 876 4568 καὶ
937 4511 1328 4582 μακροχρόνιος
1356 4511 1453 4581 ἔσῃ
1479 4511 1571 4562 ἐπὶ
1598 4511 1698 4578 τῆς
1728 4508 1853 4579 γῆς.

464 4608 739 4669 Ἕκαστος
760 4602 974 4674 πατέρα
1002 4602 1167 4657 αὑτοῦ
1196 4605 1288 4655 καὶ
1315 4604 1527 4673 μητέρα
1558 4601 1854 4671 φοϐείσθω.

462 4780 581 4846 Υἱὲ,
608 4781 850 4850 φύλασσε
879 4781 1075 4851 νόμους
1098 4782 1305 4852 πατρός
1341 4796 1457 4844 σου,
1490 4780 1583 4834 καὶ
1634 4780 1710 4851 μὴ
1766 4781 1965 4853 ἀπώσῃ

391 4873 626 4944 θεσμοὺς
660 4877 866 4946 μητρός
890 4892 1007 4938 σου,
1039 4874 1253 4943 ἄφαψαι
1281 4872 1337 4926 δὲ
1373 4872 1572 4935 αὐτοὺς
1600 4872 1693 4925 ἐπὶ
1747 4874 1812 4943 σῇ
1864 4872 1965 4942 ψυ-

390 4970 459 5039 χῇ
490 4968 803 5031 διαπαντὸς,
852 4968 945 5021 καὶ
996 4968 1318 5036 ἑγκλοίωσαι
1365 4964 1495 5036 περὶ
1556 4966 1635 5035 σῷ
1682 4965 1961 5036 τραχήλῳ.

391 5062 661 5128 Στέφανον
694 5059 799 5130 γὰρ
831 5059 1069 5129 χαρίτων
1117 5057 1245 5129 δέξῃ
1280 5059 1346 5126 σῇ
1375 5058 1611 5127 κορυφῇ,
1638 5057 1733 5110 καὶ
1784 5056 1967 5109 κλοιὸν

394 5150 622 5220 χρύσεον
647 5152 773 5220 περὶ
798 5149 875 5219 σῷ
908 5148 1183 5220 τραχήλῳ.

468 5240 694 5306 ¹ΙἌκουε,
732 5241 838 5305 υἱὲ,
869 5240 1076 5309 πατρὸς
1102 5240 1198 5291 τού
1235 5239 1596 5309 γεννήσαντάς
1630 5255 1714 5305 σε,
1762 5239 1857 5291 καὶ
1890 5236 1965 5309 μὴ

395 5333 747 5402 καταφρόνει,
777 5332 860 5385 ὅτι
885 5335 1165 5400 γεγηρακέ
1211 5348 1303 5383 σου
1332 5332 1364 5400 ἡ
1403 5332 1609 5400 μήτηρ.

463 5424 591 5488 Tib;
619 5423 831 5491 δοξάζει
856 5424 1085 5490 πατέρα.
1152 5423 1262 5475 Καὶ
1308 5424 1355 5475 ει
1414 5423 1606 5493 Πατήρ
1664 5424 1780 5491 ειμι
1831 5419 1963 5489 ἐγὼ,

391 5515 492 5569 ποῦ
526 5518 669 5568 ἐστιν
700 5517 732 5586 ἠ
773 5516 899 5580 δόξα
949 5530 1091 5582 μους

469 5608 533 5661 '0
564 5607 739 5677 τιμῶν
778 5608 995 5677 πατέρα
1053 5606 1219 5660 αὑτοῦ
1273 5605 1618 5671 ὲξιλάσκεται
1664 5604 1960 5675 ἁμαρτίας.

390 5700 500 5755 Καὶ
522 5700 597 5764 ὡς
628 5700 658 5752 ὁ
679 5698 1159 5769 ἁποθησαυρίζων,
1191 5701 1218 5752 ὁ
1246 5698 1485 5762 δοξάζων
1518 5698 1733 5768 μητέρα
1757 5696 1918 5751 αὑτοῦ
1944 5712 1958 5728 ⁸

2072 4502 2212 4559 bene
2249 4505 2340 4571 sit,
2373 4515 2428 4561 et
2460 4506 2622 4576 longo
2646 4513 2893 4574 tempore
2924 4507 2979 4560 in
3010 4515 3155 4562 terra
3186 4507 3364 4561 vivas.

2152 4599 2305 4670 151
2346 4598 2507 4653 Levii.
2551 4613 2661 4651 xix.
2701 4597 2916 4653 Patrem
2950 4615 3107 4655 suum
3142 4599 3377 4669 quisque
3424 4611 3488 4651 ac
3534 4610 3649 4650 ma-

2069 4705 2204 4748 trem
2248 4699 2475 4744 metuat.

2139 4784 2265 4850 Fili,
2298 4798 2431 4839 cave
2480 4781 2648 4838 violes
2696 4796 2725 4835 a
2763 4789 2918 4852 patre
2949 4782 3047 4838 tibi
3076 4783 3365 4852 impositas
3398 4782 3563 4855 leges,
3598 4795 3655 4839 et

2072 4876 2265 4945 matris
2310 4874 2516 4930 monita
2550 4888 2619 4929 ue
2658 4875 2929 4944 repellite,
2970 4872 3067 4929 sed
3106 4874 3379 4949 applicato
3433 4890 3653 4946 semper

2069 4968 2254 5021 animo
2284 4972 2398 5029 tuo,
2426 4973 2480 5019 et
2523 4965 2664 5022 collo
2699 4973 2800 5021 tuo
2842 4964 3064 5033 alligato
3092 4980 3109 5032 ;
3156 4964 3456 5035 gratiarum
3504 4968 3650 5023 enim

2069 5070 2328 5111 coronam
2360 5056 2415 5110 in
2439 5057 2702 5113 verticem
2725 5056 2925 5127 capitis
2956 5058 3209 5132 recipies,
3240 5068 3296 5116 et
3324 5059 3526 5118 monile
3546 5074 3651 5115 au-

2070 5161 2221 5201 reum
2250 5145 2306 5200 in
2330 5145 2542 5217 collum
2580 5157 2758 5202 tuum.

2139 5236 2303 5301 Audi,
2332 5236 2429 5301 iiii,
2465 5247 2669 5308 patrem
2705 5239 2797 5308 qui
2848 5246 2901 5295 te
2930 5241 3254 5309 procreavit,
3290 5254 3387 5296 nec
3421 5246 3649 5296 matrem

2076 5345 2263 5385 senem
2298 5331 2657 5386 contemnito.

2142 5420 2379 5477 Malach.
2417 5439 2455 5477 1.
2490 5422 2656 5479 Filius
2686 5424 2871 5496 gloriae
2901 5426 3004 5480 erit
3035 5424 3200 5495 patri.
3229 5423 3387 5491 Quod
3419 5423 3466 5480 si
3488 5423 3651 5485 Pater

2068 5530 2189 5571 sum
2222 5529 2343 5585 ego,
2376 5514 2467 5569 ubi
2495 5516 2681 5585 gloria,
2694 5518 2860 5571 mea?

2140 5606 2310 5660 Eccli.
2338 5619 2420 5660 ιιι.
2458 5606 2562 5672 Qui
2600 5616 2814 5677 patrem
2854 5621 3013 5663 suum
3041 5606 3250 5663 honore
3286 5606 3472 5672 adicit,
3508 5609 3653 5665 deici.

2070 5708 2317 5770 peccata.
2352 5699 2544 5767 Qualis
2566 5711 2651 5759 est
2684 5702 2777 5772 qui
2807 5701 3096 5758 thesauros
3122 5703 3388 5770 recondit,
3423 5703 3545 5760 talis
3572 5716 3652 5757 cst
