3996 6194
422 229 560 297 1047

1663 217 1983 280 ΑΝΤΟΝΙΙ
2026 216 2376 278 ΜΕιΙΒΞίΕ

3549 208 3689 275 10ιὸ

420 349 512 417 qui
546 351 774 400 matrem
805 356 959 398 suam
984 335 1155 410 gloria
1181 333 1341 390 allicit
1372 353 1386 400 ;
1418 333 1510 405 qui
1539 343 1745 404 patrem
1771 334 2001 389 honorat

2127 333 2326 403 i‘tthJv
2352 331 2566 404 πατέρα
2599 301 3036 403 εὐφρανθήσεται
3070 327 3173 381 ύπδ
3223 328 3451 393 τέκνων,
3480 328 3583 380 καὶ
3634 330 3692 378 ἐν

423 456 452 493 a
487 438 614 493 ﬁliis
641 435 828 492 laetitia
863 433 1146 497 ail'icietur,
1178 439 1231 484 et
1280 428 1549 483 orationis
1593 442 1708 482 suae
1754 436 2001 496 tempore

420 533 532 585 voti
569 530 661 584 liet
710 540 954 596 compos.
992 523 1096 589 Qui
1132 531 1343 592 patrem
1379 520 1551 590 gloria
1586 517 1849 583 aﬂecerit,
1885 519 2004 572 lon-

423 636 605 692 gaevus
657 619 767 674 erit
799 658 814 682 ,
841 627 897 671 et
935 615 1028 685 qui
1062 614 1212 668 audit
1248 613 1534 666 Dominum
1570 617 1796 664 matrem
1845 625 2001 666 suam

422 713 709 777 recreabit,
755 720 810 766 et
851 722 1108 778 tanquam
1142 703 1380 760 dominis
1425 703 1627 756 serviet
1677 703 1746 757 iis
1794 704 1891 773 qui
1945 719 2004 760 se

422 805 789 878 procrearint.
836 801 1019 858 Verbo
1062 808 1118 854 et
1159 810 1325 868 opera
1369 804 1574 864 patrem
1617 795 1798 861 colito,
1835 805 1896 850 ut
1936 797 2004 852 ab

418 898 512 951 illo
543 896 642 951 tibi
677 892 980 950 benedictio
1013 889 1241 946 accidat.
1271 885 1448 941 Patris
1470 884 1781 940 benedictio
1811 885 2004 942 domos

415 990 718 1044 liberorum
775 988 996 1050 ﬁrmat;
1038 993 1092 1036 at
1135 979 1327 1036 matris
1380 978 1688 1033 exsecratio
1741 977 2005 1034 radicitus

415 1081 772 1137 fundamenta
799 1079 1010 1132 evertit.

492 1172 634 1226 Ibid.
664 1169 790 1235 Fili,
827 1167 1135 1225 succurrite
1165 1167 1304 1236 patri
1341 1164 1674 1228 senescenti,
1707 1172 1760 1218 et
1791 1162 1836 1217 si
1869 1161 2006 1216 ami-

417 1264 553 1318 serit
604 1262 1045 1331 intelligentiam,
1094 1257 1309 1314 veniam
1372 1266 1682 1323 mereatur,
1745 1269 1847 1310 nec
1895 1253 2002 1308 ulla

413 1353 718 1424 ignominia
754 1352 889 1407 allici
935 1352 1108 1422 ipsum
1143 1351 1352 1421 patiare
1381 1365 1480 1420 pro
1511 1349 1770 1404 omnibus
1797 1346 2005 1400 viribus

417 1445 551 1501 tuis.
583 1443 766 1499 Patris
799 1445 943 1497 enim
981 1439 1355 1496 misericordia
1397 1453 1508 1494 non
1560 1436 1739 1492 veniet
1769 1434 1824 1490 in
1861 1432 2003 1488 obli-

413 1536 672 1602 vionem;
710 1543 764 1590 et
796 1543 854 1589 ut
883 1534 1151 1590 serenitas
1185 1531 1413 1604 glaciem
1448 1529 1751 1600 liquefacit,
1781 1527 1862 1583 sic
1884 1539 2005 1598 pec-

415 1639 536 1686 cata
565 1638 658 1684 tua
693 1627 1086 1685 disselventur.

485 1721 567 1776 Ex
594 1730 706 1776 toto
747 1722 931 1775 animo
963 1729 1079 1783 tuo,
1113 1729 1173 1774 ut
1208 1719 1383 1774 honor
1439 1727 1493 1772 et
1527 1717 1712 1788 gloriae
1748 1716 1824 1771 sis
1855 1714 1998 1785 patri
2027 1694 2076 1756 Β

413 1822 626 1878 curato,
677 1826 779 1868 nec
831 1814 1024 1867 matris
1062 1821 1166 1864 tuae
1213 1811 1459 1865 dolorum
1495 1807 1852 1863 ebliviscitor.
1890 1803 1998 1860 Re-

414 1905 646 1960 cordare
678 1914 728 1960 te
761 1904 829 1958 ab
875 1903 980 1957 illis
1008 1917 1130 1957 esse
1161 1911 1507 1972 procreatum
1546 1916 1560 1952 :
1604 1909 1659 1954 et
1701 1898 1830 1968 quid
1889 1897 1999 1954 illis

411 1997 630 2061 reddes,
661 1997 822 2066 quale
861 1995 964 2066 ipsi
997 1994 1266 2049 dederunt
1307 1993 1441 2048 tibi?

489 2089 708 2144 Honore
744 2086 943 2141 allicito
976 2097 1186 2157 patrem
1219 2093 1274 2140 et
1307 2095 1534 2138 matrem
1569 2091 1716 2136 tuam
1747 2121 1762 2146 ,
1792 2092 1843 2138 et
1879 2090 2000 2137 tan-

417 2197 587 2251 quam
620 2181 852 2249 teipsum
893 2179 1200 2248 proximum
1229 2175 1457 2245 diligite.

489 2272 681 2342 Ephes.
713 2289 782 2326 vi.
814 2270 1014 2336 Liberi,
1044 2268 1363 2338 parentibus
1385 2267 1585 2322 vestris
1605 2256 1823 2321 debedite
1846 2265 1898 2318 in
1920 2280 2003 2319 re-

422 2364 528 2419 bus
561 2363 818 2419 omnibus
843 2403 858 2427 ,
902 2361 1171 2432 siquidem
1206 2361 1306 2414 hoc
1342 2359 1572 2412 Domino
1610 2366 1914 2426 pergratum
1952 2367 2006 2410 et

416 2467 703 2527 acceptum
735 2462 838 2508 est.

485 2543 546 2607 S.
566 2544 781 2620 Basilii.
801 2545 1146 2600 Ciceniarum
1163 2560 1288 2613 erga
1313 2551 1566 2613 parentes
1591 2557 1748 2597 senes
1775 2543 2004 2597 beneve-

411 2635 578 2692 lentia
619 2638 756 2692 satis
795 2645 974 2706 potest
1020 2637 1222 2692 liberes
1255 2645 1497 2699 nostros,
1541 2637 1588 2690 si
1627 2635 1792 2691 modo
1823 2645 2002 2690 atten-

419 2729 550 2786 dere
573 2729 765 2796 velint,
791 2727 964 2799 patris
995 2735 1244 2782 amantes
1271 2725 1487 2781 elIicere
1512 2741 1527 2792 ;
1568 2740 1726 2781 nemo
1747 2734 1832 2782 est
1851 2726 1996 2780 enim

415 2823 554 2880 adeo
588 2823 882 2894 prudentia
921 2823 1244 2886 destitutus,
1273 2825 1365 2891 qui
1396 2837 1503 2877 non
1527 2821 1850 2894 pudendum
1879 2833 2003 2876 esse

407 2916 614 2987 iudicet
651 2919 720 2970 ab
754 2915 946 2970 avibus
978 2916 1208 2970 rationis
1237 2915 1554 2984 expertibus
1583 2913 1783 2968 virtute
1841 2925 2001 2982 supe-

411 3013 560 3074 rari;
594 3009 682 3064 ille
715 3010 860 3063 enim
893 3019 1098 3078 patrem
1121 3023 1230 3076 pra:
1268 3015 1549 3063 senectute
1577 3021 1786 3075 pennas
1809 3005 1998 3061 dimit-
2026 3029 2069 3090 ο

412 3111 619 3156 tentem
644 3101 697 3154 in
719 3100 909 3154 orbem
935 3099 1317 3164 circumstant,
1337 3113 1400 3153 ac
1424 3099 1622 3169 pennis
1648 3099 1762 3154 suis
1787 3097 1995 3164 levent,

413 3193 672 3247 alimenta
732 3191 956 3260 copiose
1002 3190 1459 3261 suppeditantes,
1509 3198 1775 3259 quantum
1833 3190 1994 3244 etiam

411 3292 650 3355 possunt
671 3283 910 3337 volatum
946 3282 1065 3351 ejus
1097 3280 1381 3350 adjuVant,
1416 3281 1626 3351 placide
1653 3281 1850 3351 pennis
1881 3282 1997 3336 suis

414 3377 678 3444 utrinque
710 3374 1030 3430 allevantes.
1067 3373 1247 3442 Atque
1278 3375 1359 3428 sic
1385 3373 1776 3429 beneficiorum
1812 3389 1998 3428 rem“.-

416 3465 762 3522 nerationem
793 3464 1268 3534 ἀντιπελάργωσιν
1296 3465 1604 3530 nominant,
1650 3465 1807 3536 quasi
1842 3465 1996 3520 dicas

416 3557 929 3614 rccieoniatienem.

485 3649 638 3705 Grati
674 3649 828 3705 liberi
867 3664 1060 3718 magna
1093 3650 1300 3705 iaciunt
1330 3657 1546 3718 patrum
1579 3648 1848 3703 encomia.

489 3827 646 3900 152
673 3829 940 3900 Tlicologi.
969 3829 1124 3897 Quod
1147 3832 1435 3886 honestum
1462 3839 1547 3886 est
1569 3842 1845 3898 exercete,
1869 3830 1994 3900 quia

409 3925 701 3982 honestum
731 3933 810 3978 cst
842 3924 979 3991 patri
1024 3937 1258 3992 parere;
1307 3922 1522 3979 etiamsi
1559 3921 1692 3977 nihil
1725 3924 1870 3977 aliud
1896 3923 1992 3979 tibi

411 4031 769 4072 accessurum
809 4025 972 4079 esset,
1011 4015 1112 4068 hoc
1141 4015 1321 4084 ipsum
1348 4029 1560 4070 merces
1583 4024 1666 4070 est
1699 4015 1840 4084 patri
1871 4031 1992 4087 gra-

412 4107 631 4162 tilicari.

486 4197 546 4256 S.
578 4196 855 4265 Clirysost.
896 4195 1034 4262 Quia
1072 4193 1262 4248 eadem
1298 4208 1577 4261 mensura,
1611 4203 1671 4249 ut
1698 4197 1774 4249 ait
1806 4194 1992 4252 Demi-

409 4303 538 4351 nus,
569 4289 623 4342 in
672 4301 890 4357 quaque
931 4301 989 4342 re
1023 4285 1261 4358 gerenda
1295 4289 1452 4342 nobis
1486 4289 1754 4355 redditur,
1789 4304 1990 4357 paren-

2107 426 2292 499 ὴμέρα
2323 426 2636 498 προσευχῆς
2671 423 2836 477 αὐτοῦ
2872 420 3382 490 είσακουσθήσεται.
3425 419 3486 473 Ὀ
3537 418 3691 483 δοξά-

2105 517 2214 581 ζων
2238 518 2448 587 πατέρα
2475 514 2960 587 μακροημερεύσει
2985 529 2999 544 ο
3031 512 3127 566 καὶ
3155 513 3182 564 ό
3217 511 3432 564 ἀκούων
3477 511 3694 578 Κυρίου

2104 611 2416 665 ἀναπαύσει
2448 609 2660 680 μητέρα
2693 605 2883 671 αὐτοῦ,
2913 606 3009 660 καὶ
3042 605 3118 667 ὡς
3149 603 3439 664 δεσπόταις
3464 601 3694 654 δουλεύ-

2108 719 2192 756 σει
2219 703 2333 766 τοῖς
2365 703 2697 772 γεννήσασιν
2727 699 2912 753 αὐτόν.
2957 698 3218 767 Ἐνέργῳ
3250 696 3342 748 καὶ
3375 695 3523 764 λόγῳ
3555 693 3695 760 τίμα

2105 797 2196 849 τὸν
2247 795 2462 866 πατέρα
2494 812 2612 860 σου,
2649 795 2736 848 ἵνα
2772 791 2976 864 ἐπέλθῃ
3009 808 3088 844 σοι
3145 788 3369 857 εὐλογία
3418 786 3552 857 παρ’
3600 787 3698 840 αύ-

2106 887 2222 938 τοῦ.
2264 884 2502 952 Εὐλογία
2531 883 2642 954 γὰρ
2669 882 2876 953 πατρὸς
2911 881 3159 951 στηρίξει
3207 877 3392 943 οῐκους
3441 877 3652 930 τέκνων
3678 889 3692 902 ·

2109 978 2320 1048 κατάρα
2354 977 2410 1030 δὲ
2441 977 2646 1048 μητρὸς
2675 977 2889 1046 ὲκριζοῖ
2932 974 3185 1043 θεμέλια.

2179 1161 2404 1222 Τέκνον,
2433 1157 2720 1212 ἁντιλαδοῦ
2751 1159 2809 1210 ἐν
2835 1157 2984 1228 γήρᾳ
3019 1154 3226 1225 πατρός
3271 1171 3387 1217 σου,
3443 1151 3544 1204 καὶ
3600 1151 3698 1202 ἐὰν

2108 1252 2353 1325 ἀπολίπῃ
2403 1250 2642 1316 σύνεσιν,
2686 1249 3020 1320 συγγνώμην
3076 1247 3266 1318 ἐχέτω,
3305 1244 3401 1298 καὶ
3445 1243 3521 1314 μὴ
3575 1245 3694 1296 ἀτι-

2111 1347 2288 1417 μάσῃς
2313 1347 2476 1399 αὐτὸν
2511 1347 2568 1398 ἐν
2616 1345 2766 1416 πάσῃ
2806 1343 2951 1414 ίσχύῖ
2981 1359 3092 1396 σου.
3147 1338 3526 1410 Ἑλεημοσύνη
3583 1335 3701 1404 γὰρ

2108 1440 2316 1510 πατρὸς
2353 1438 2452 1492 οὐκ
2475 1437 2905 1509 ὲπιλησθήσεται
2936 1451 2950 1467 ο
2984 1434 3080 1488 καὶ
3103 1433 3178 1496 ὡς
3202 1433 3357 1489 εὐδία
3405 1432 3464 1482 ὲν
3513 1444 3696 1496 παγε-

2107 1530 2204 1601 τῷ,
2231 1530 2404 1595 οὕτως
2433 1529 2870 1600 ἀναλυθὴσονταί
2902 1544 2997 1582 σου
3029 1528 3084 1580 al
3113 1523 3402 1595 ἁμαρτίαι.

2188 1714 2274 1767 Ἐν
2303 1714 2403 1785 ὅλῃ
2425 1711 2622 1782 καρδίᾳ
2651 1728 2746 1764 σου
2781 1708 3003 1774 δόξασόν
3032 1708 3123 1762 τὸν
3155 1705 3370 1776 πατέρα
3421 1721 3542 1766 σου,
3597 1704 3700 1756 καὶ

2107 1806 2314 1878 μητρὸς
2343 1805 2547 1859 ὠδίνων
2580 1805 2655 1874 μὴ
2686 1802 2943 1872 ἐπιλάθῃ.
2977 1800 3266 1870 Μνήσθητι
3292 1801 3374 1852 ὅτι
3405 1798 3475 1852 δι’
3508 1799 3701 1849 αὐτῶν

2103 1898 2400 1968 εγεννὴθης
2423 1914 2438 1930 ο
2471 1898 2564 1950 καὶ
2592 1894 3069 1956 τίάνταποδώσεις
3101 1894 3306 1959 αὐτοῖς,
3354 1890 3540 1954 καθὼς
3591 1891 3697 1947 αύ-

2103 1992 2186 2042 τοὶ
2223 1989 2304 2042 σοί
2329 2006 2345 2056 ;

2178 2083 2324 2154 Τίμα
2347 2083 2438 2137 τὸν
2469 2083 2678 2155 πατέρα
2715 2099 2807 2136 σου
2861 2083 2956 2136 καὶ
3014 2079 3112 2148 τὴν
3158 2079 3371 2150 μητέρα
3422 2094 3537 2144 σου,
3591 2080 3696 2132 καὶ

2104 2177 2294 2243 ἀγάπα
2321 2175 2413 2229 τὸν
2441 2174 2670 2246 πλησίον
2704 2192 2799 2230 σου
2828 2175 2903 2238 ὡς
2939 2174 3186 2231 σεαυτόν.

2176 2269 2375 2333 Τέκνα,
2414 2267 2720 2322 ὑπακούετε
2753 2270 2864 2332 τοῖς
2889 2266 3141 2337 γονεῦσιν
3170 2267 3325 2338 ὑμῶν
3352 2266 3489 2320 κατά
3539 2266 3697 2320 πάνυ

2103 2381 2188 2417 τα.
2219 2362 2388 2418 Τοῦτο
2415 2364 2525 2434 γάρ
2555 2366 2702 2418 ἐστιν
2729 2363 3022 2434 εὐάρεστον
3041 2361 3118 2433 τῷ
3149 2361 3362 2437 Κυρίῳ.

2184 2547 2251 2608 Ἦ
2277 2545 2406 2617 περὶ
2433 2548 2560 2610 τοὺς
2608 2548 2960 2619 γηράσαντας
3014 2547 3120 2601 τῶν
3163 2547 3454 2619 πελαργῶν
3497 2547 3701 2602 εὔνοια

2104 2635 2328 2706 ἐξαρκεῖ
2349 2637 2478 2699 τοὺς
2514 2637 2708 2701 παῖδας
2742 2639 2918 2708 ἡμῶν,
2955 2640 3005 2691 ει
3037 2639 3329 2709 προσέχειν
3381 2639 3696 2708 βούλοιντο,

2105 2729 2480 2800 φιλοπάτορας
2507 2729 2874 2800 καταστῆσαι.
2903 2731 3125 2795 Πάντως
3150 2731 3260 2802 γὰρ
3285 2733 3461 2794 οὐδεὶς
3510 2733 3698 2797 οὓτως

2104 2821 2372 2875 ἐλλείπων
2408 2821 2552 2874 κατὰ
2577 2822 2676 2892 τὴν
2708 2823 2994 2893 φρόνησιν,
3025 2822 3100 2886 ὡς
3129 2823 3204 2895 μὴ
3241 2823 3501 2893 αἰσχύνης
3535 2824 3699 2889 ἀξιον

2106 2909 2246 2966 εἶναι
2277 2911 2505 2982 κρίνειν,
2551 2914 2662 2966 τῶν
2719 2913 2934 2982 ἀλόγων
2981 2913 3210 2979 ὀρνίθων
3261 2916 3509 2987 ὑστερεῖν
3567 2917 3701 2970 κατ’

2102 3003 2328 3075 ἀρετήν.
2347 3001 2578 3059 Ἐκεῖνοι
2599 3004 2732 3076 γὰρ,
2756 3005 2849 3058 τὸν
2879 3007 3090 3076 πατέρα
3114 3006 3218 3060 ὑπὸ
3243 3008 3428 3077 γήρως
3454 3011 3702 3080 πτερορο

2110 3099 2394 3168 ρυήσαντα
2421 3097 2780 3168 περιστάντες
2815 3100 2872 3152 ἐν
2899 3096 3107 3170 κύκλῳ,
3136 3101 3251 3162 τοῖς
3281 3101 3505 3164 οἰκείοις
3559 3119 3701 3156 πτε-

2108 3191 2222 3258 ροῖς
2252 3188 2672 3259 περιθάλπουσι,
2701 3189 2795 3243 καὶ
2833 3190 2931 3252 τὰς
2962 3191 3170 3260 τροφὰς
3214 3192 3464 3260 ἀφθόνως
3507 3210 3702 3265 παρα-

2107 3280 2489 3347 σκευάζοντες,
2526 3280 2625 3351 τὴν
2649 3280 2883 3352 δυνατὴν
2916 3282 3007 3335 καὶ
3041 3285 3100 3335 ἐν
3148 3284 3214 3354 τῇ
3258 3284 3457 3353 πτήσει
3509 3286 3697 3351 παρέ-

2105 3386 2289 3438 χονται
2321 3369 2592 3440 βοήθειαν,
2624 3372 2808 3443 ἡρέμα
2837 3375 2947 3428 τῶν
2977 3375 3267 3444 πτερύγων
3306 3376 3696 3444 ἐπικουφίζων.

2103 3478 2194 3525 τες
2219 3463 2581 3535 ἑκατέρωθεν.
2615 3465 2724 3525 Καὶ
2750 3465 2925 3530 οὕτως
2952 3465 3052 3538 τὴν
3083 3466 3192 3522 τῶν
3227 3467 3694 3540 εὐεργετημάτων

2103 3555 2379 3611 ἀντίδοσιν
2398 3557 2875 3627 ἁντιπελάργωσιν
2907 3559 3289 3630 ὀνομάζουσιν.

2175 3648 2530 3718 Εύγνώμονες
2553 3651 2746 3714 παῖδες
2769 3651 2986 3722 μεγάλα
3019 3653 3236 3708 ποιοῦσι
3266 3653 3332 3707 τὰ
3373 3653 3483 3709 τῶν
3513 3655 3688 3710 πατέ·

2107 3759 2215 3811 ρων
2235 3742 2507 3815 ἐγκώμια.

2176 3835 2451 3906 Ἔργασαι
2475 3837 2535 3889 τὸ
2565 3818 2762 3905 καλὸνξ
2776 3837 2858 3892 ὃτι
2889 3839 3054 3893 καλὸν
3074 3839 3153 3910 τῷ
3178 3841 3344 3912 πατρὶ
3362 3841 3649 3895 πείθεσθαι
3673 3857 3692 3873 ο

2103 3926 2197 3978 καὶ
2229 3927 2282 3981 εἴ
2313 3944 2395 3981 σοι
2441 3928 2611 3996 μηδὲν
2660 3927 2882 3983 ἔσεσθαι
2937 3931 3144 4002 μέλλοι,
3203 3932 3361 3987 τοῦτο
3407 3935 3538 3987 αὐτὸ
3597 3952 3690 4004 μι-

2104 4017 2251 4080 σθὸς,
2287 4019 2348 4071 τὸ
2381 4022 2551 4089 πατρὶ
2584 4019 2925 4091 χαρίζεσθαι.

2186 4198 2273 4263 Ὠς
2297 4201 2406 4265 τοῖς
2440 4201 2621 4265 αὐτοῖς
2655 4201 2898 4272 μέτροις,
2923 4204 3068 4257 κατὰ
3093 4204 3191 4276 τὴν
3215 4203 3306 4259 τοῦ
3337 4206 3546 4276 Κυρίου
3570 4224 3688 4276 φω-

2101 4291 2217 4362 νὴν,
2249 4291 2335 4362 ἐφ’
2365 4292 2580 4363 ἑκάστῳ
2605 4292 2715 4347 τῶν
2745 4295 3134 4364 πραττομένων
3175 4296 3562 4366 μετρούμενοι,
3589 4300 3693 4368 μά-

409 4391 494 4437 tes
519 4389 781 4451 tanquam
815 4381 1072 4437 dominos
1105 4381 1379 4437 honorare
1415 4379 1720 4446 discamus,
1761 4388 1820 4434 ut
1868 4389 1924 4435 et
1967 4397 1997 4435 a

2127 4388 2290 4456 ιωμεν
2323 4384 2399 4448 ὡς
2430 4386 2699 4450 δεσπότας
2723 4387 2890 4457 τιμᾷν
2916 4390 3113 4455 γονεῖς,
3151 4389 3240 4442 ἵνα
3261 4391 3357 4442 καὶ
3413 4390 3522 4443 ὑπὸ
3578 4393 3693 4444 τῶν

411 4471 624 4526 nostris
660 4471 906 4540 ipsorum
942 4471 1146 4526 honore
1179 4467 1485 4524 efficiamur
1514 4467 1726 4534 liberis,
1753 4479 1808 4525 et
1835 4483 1866 4524 a
1894 4467 1998 4525 Do»-

413 4563 564 4618 mine
592 4564 645 4618 in
685 4561 790 4618 hac
820 4577 878 4618 re
907 4561 1186 4619 definitam
1214 4560 1521 4618 mercedem
1568 4561 1802 4631 amplam
1860 4562 1998 4617 reci-

410 4656 649 4726 piamus.

486 4772 770 4842 Tanquam
820 4786 987 4827 verna
1024 4768 1366 4841 genitoribus
1405 4769 1514 4824 tuis
1562 4769 1766 4827 servile
1800 4786 1815 4824 :
1866 4771 2000 4839 quid

413 4864 562 4920 enim
589 4864 700 4926 illis
723 4864 833 4919 tale
851 4864 1070 4927 reddas,
1114 4862 1276 4933 quale
1306 4863 1374 4917 ab
1409 4862 1515 4919 illis
1543 4863 1832 4932 accepisti?
1864 4863 1998 4918 Nam

416 4957 657 5020 vicissim
694 4971 953 5027 generare
985 4955 1106 5011 illos
1162 4970 1259 5012 :nn
1298 4955 1445 5010 licet.

485 5074 712 5129 Aristut.
753 5071 994 5144 (Equum
1030 5083 1114 5128 est
1165 5081 1226 5126 ut
1275 5067 1639 5143 lilius'patris
1691 5075 1762 5127 sit
1808 5087 2001 5126 servus

418 5165 594 5234 magis
621 5177 788 5234 quam
827 5176 992 5217 terna
1017 5177 1034 5228 ;
1064 5161 1153 5216 ille
1184 5162 1326 5216 enim
1352 5169 1545 5216 natura
1569 5162 1738 5234 patris
1767 5169 1852 5217 est
1882 5177 1998 5216 ser-

416 5272 535 5327 vus,
561 5257 650 5313 hic
679 5257 814 5325 lege.

490 5375 766 5431 Isocratis.
827 5372 1014 5428 Talem
1066 5378 1118 5430 te
1179 5379 1374 5440 praesta
1418 5370 1762 5440 parentibus,
1803 5369 1997 5439 quales

416 5475 571 5535 optas
606 5469 702 5521 tibi
739 5467 1037 5535 morigeros
1071 5463 1188 5518 fore
1223 5464 1444 5517 liberos.

490 5573 791 5630 Alexander
832 5589 928 5629 rex
960 5589 1084 5628 cum
1119 5575 1571 5642 interrogaretur,
1600 5582 1783 5627 utrum
1821 5573 1998 5644 magis

417 5663 755 5728 desideraret
809 5679 1022 5740 patrem
1070 5665 1414 5741 Philippum,
1472 5681 1538 5720 an
1592 5667 1991 5724 Aristotelem:

2107 4474 2250 4528 ίδίων
2283 4477 2607 4546 τιμηθῶμεν
2642 4477 2867 4543 παίδων,
2898 4480 2994 4532 καὶ
3022 4480 3114 4532 τὸν
3144 4482 3294 4549 παρὰ
3345 4480 3441 4536 τοῦ
3472 4483 3684 4553 Κυρίου

2101 4567 2404 4639 ὡρισμένον
2431 4569 2524 4624 ἐπὶ
2554 4569 2728 4639 τούτῳ
2763 4570 3018 4625 πλούσιον
3045 4572 3241 4643 μισθὸν
3291 4575 3684 4646 ἀπολάϐωμεν.

2189 4770 2277 4836 Ὠς
2299 4773 2516 4843 οἰκέτης
2541 4775 2834 4830 δούλευσον
2861 4779 2973 4842 τοῖς
3003 4779 3304 4850 γεννήσασί
3337 4797 3422 4837 σε.
3457 4782 3529 4836 Τί
3579 4785 3688 4858 γὰρ

2104 4867 2510 4932 ἀνταποδώσεις
2536 4869 2718 4934 αὐτοῖς
2749 4867 2835 4924 οἷα
2892 4873 3046 4926 αὐτοὶ
3107 4873 3191 4931 σοί
3213 4890 3229 4939 ;
3297 4878 3692 4950 ἀντιγεννῆσαι

2102 4957 2210 5027 γὰρ
2237 4959 2437 5023 αὐτοὺς
2466 4960 2562 5014 οὐκ
2593 4961 2691 5015 ἔνι.

2175 5075 2293 5146 Χρὴ
2324 5075 2414 5128 τὸν
2444 5075 2554 5128 υίὸν
2585 5076 2769 5129 δοῦλον
2819 5071 2964 5130 εἶναι
2995 5076 3091 5129 τοῦ
3137 5079 3344 5147 πατρὸς
3394 5082 3426 5152 ἧ
3471 5085 3565 5136 τὸν
3614 5087 3695 5137 oi-

2103 5166 2289 5235 κὲτην.
2336 5166 2394 5219 '0
2423 5165 2522 5238 μὲν
2545 5167 2653 5238 γὰρ
2678 5168 2835 5238 φύσει
2854 5168 2946 5222 τοῦ
2975 5169 3184 5244 πατρὶς
3213 5171 3400 5237 δοῦλός
3443 5175 3616 5243 ἐστιν,
3665 5181 3694 5232 ὀ

2102 5258 2156 5309 δὲ
2188 5258 2354 5326 νόμῳ.

2177 5365 2429 5430 Τοιοῦτος
2459 5367 2610 5436 γίνου
2647 5371 2774 5440 περὶ
2824 5373 2950 5436 τοὺς
2987 5376 3187 5441 γονεῖς,
3228 5375 3376 5440 οἴους
3402 5375 3470 5429 ἂν
3502 5377 3690 5442 abacto

2105 5463 2233 5532 περὶ
2259 5463 2489 5517 σεαυτὸν
2521 5463 2773 5531 γενέσθαι
2796 5467 2920 5528 τοὺς
2951 5465 3149 5521 σαυτοῦ
3183 5468 3400 5532 παῖδας.

2185 5575 2532 5646 Ἀλέξανδρος
2560 5579 2587 5629 ὁ
2629 5576 2904 5646 βασιλεὺς,
2939 5579 3259 5651 ἐρωτηθεὶς,
3321 5583 3445 5636 τίνα
3483 5584 3688 5652 μᾶλλον

2103 5667 2276 5733 ποθεῖ,
2312 5666 2402 5722 τὸν
2433 5667 2644 5737 πατέρα
2672 5668 2935 5724 Φίλιππον
2970 5669 3001 5741 ἢ
3043 5669 3444 5744 Ἀριστοτέλην,
3473 5673 3581 5729 Τὸν
3610 5675 3688 5729 δο-
