3996 6194
389 355 529 420 1049

1212 367 1387 427 LOCI
1428 363 1872 426 COMMUNES.
1907 389 1975 402 -
2017 366 2206 427 PARS
2241 367 2323 432 Il.
2365 367 2624 428 SERMO
2664 337 2834 431 xm.

3515 374 3652 438 1050

384 463 677 532 δάσκαλον,
716 465 819 539 ἔφη
854 485 868 499 ’
904 470 932 525 ὁ
975 471 1075 542 μὲν
1123 473 1231 544 γὰρ
1279 473 1372 527 τοῦ
1402 473 1680 544 γενέσθαι,
1717 473 1745 525 ὁ
1784 473 1838 526 δὲ
1879 472 1972 526 τοῦ

2092 474 2422 546 llagistrum,
2468 477 2643 547 inquit
2672 495 2688 544 ;
2722 479 2812 534 ille
2857 480 3002 535 enim
3031 490 3090 536 ut
3119 497 3315 545 essem,
3349 479 3434 537 hic
3468 491 3648 537 autem

385 557 565 621 καλῶς
599 561 720 626 γενέ
730 563 850 615 σθαι
885 565 1077 628 αἴτιος.

468 647 525 701 '0
559 651 723 714 αὐτὸς
761 653 906 722 βαρύ
921 672 973 708 τι
997 657 1393 728 ἐπιταττούσης
1419 658 1566 729 αὐτῷ
1592 659 1690 724 τῆς
1756 657 1964 727 μητρὸς

2066 575 2123 620 ut
2153 568 2414 635 praeclare
2446 568 2728 626 institutus
2759 588 2937 628 essem
2970 584 3159 633 auctor
3191 575 3312 631 fuit.

2136 657 2280 714 Idem
2311 675 2432 714 cum
2468 671 2645 717 mater
2674 661 2954 735 Olympias
2979 667 3027 720 ei
3063 667 3265 736 aliquid
3302 667 3520 736 gravius
3550 668 3650 720 im-

395 740 782 810 ὐ).υμπιάδο;,
818 745 920 818 ἔφη
947 764 960 779 ο
998 743 1067 800 Ὦ
1114 750 1309 821 μῆτερ,
1371 751 1569 822 πικρόν
1613 767 1680 820 με
1728 751 1962 804 ἐνοίκιον

2092 760 2328 806 μοι-ονοιε
2383 753 2675 820 Acerbam,
2726 773 2760 812 0
2809 767 3001 824 mater,
3057 760 3250 830 inquit,
3299 775 3396 828 pro
3451 773 3644 815 novem

378 832 476 899 τῆς
503 836 902 906 ὲννεαμηναίου
939 838 1213 904 ἀπαιτεῖς.

449 925 611 990 Οἷους
644 927 709 981 ἂν
740 930 961 999 ἐράνους
987 933 1218 1014 ἐνέγκῃς
1249 937 1359 998 τοῖς
1389 935 1632 1002 γονεῦσι,
1685 934 1959 996 τοιούτους

2063 844 2335 898 mensium
2385 860 2552 900 onere
2587 849 2892 902 mercedem
2922 852 3116 919 exigis.

2134 933 2364 990 Melesii.
2397 934 2591 1002 Qualia
2622 938 2674 992 in
2710 949 2962 1009 parentes
3009 944 3310 1000 contuleris
3338 945 3642 1013 beneficia,

377 1020 539 1083 αὐτὸς
589 1021 646 1073 ἐν
697 1022 776 1091 τῷ
827 1025 978 1097 γήρα
1026 1029 1178 1097 ποιρά
1235 1028 1343 1081 τῶν
1393 1027 1660 1082 τεκόντων
1703 1027 1956 1100 [τέκνων]

2092 1023 2188 1079 alia
2225 1027 2277 1080 in
2311 1037 2594 1085 senectute
2624 1044 2654 1083 a
2687 1031 2877 1087 liberis
2909 1043 3186 1104 exspecta.

377 1110 701 1180 προσδέχου.

377 1209 572 1272 Ὅστις
603 1211 660 1263 δὲ
687 1212 814 1275 τούς
845 1214 1108 1277 τεκόντας
1139 1216 1197 1268 ἐν
1225 1213 1325 1286 βίῳ
1357 1217 1529 1281 σέϐει,

387 1302 445 1353 '0
477 1300 523 1354 δ’
551 1304 666 1355 ἐστὶ
694 1304 791 1357 καὶ
834 1304 944 1369 ζῶν
979 1307 1071 1359 καὶ
1103 1306 1280 1361 θανὼν
1313 1308 1448 1362 Θεοῦ
1478 1310 1652 1379 φίλος.

375 1395 488 1446 Οὐκ
515 1393 632 1449 ἔστι
669 1398 827 1450 παισὶ
862 1398 1052 1450 τούτου
1085 1399 1305 1453 κάλλιον
1336 1402 1526 1472 γέρας,

377 1487 447 1537 Ἦ
480 1487 685 1557 πατρὸς
707 1487 898 1540 ἐσθλοῦ
925 1489 1172 1557 κάγαθοῦ
1227 1491 1557 1560 πεφυκέναι,

372 1576 484 1630 Καὶ
513 1580 624 1642 τοῖς
651 1579 907 1634 τεκοῦσιν
940 1582 1094 1648 ἀξίαν
1124 1583 1290 1654 τιμὴν
1319 1583 1523 1654 νέμειν.

442 1754 624 1808 Σόλων
655 1757 954 1828 ἐρωτηθεὶς
986 1757 1126 1812 διατί
1161 1759 1302 1812 κατὰ
1335 1760 1447 1813 τῶν
1477 1761 1789 1816 τυπτόντων
1821 1766 1949 1828 τοὺς

2136 1203 2338 1260 Vivens
2370 1215 2626 1272 parentes
2655 1208 2749 1278 qui
2781 1210 2931 1276 colit,

2132 1294 2374 1354 Futurus
2400 1309 2484 1354 est
2523 1311 2710 1370 gratus
2743 1303 2848 1356 Deo
2881 1305 3034 1356 vivus
3066 1304 3336 1372 simulque
3373 1314 3638 1359 mortuus.

2101 1386 2234 1442 Nec
2277 1392 2558 1458 praemium
2593 1392 2760 1446 ullum
2794 1393 3082 1448 estliberis
3111 1395 3420 1457 honestius,

2127 1482 2301 1546 Quam
2344 1485 2386 1536 si
2415 1485 2587 1553 probo
2616 1495 2914 1539 nascantur
2944 1497 2998 1540 et
3029 1486 3261 1540 boneSto
3295 1495 3466 1554 patre,

2131 1573 2428 1646 Dignisque
2455 1585 2710 1646 parentes
2744 1575 2979 1632 aliieiaut
3016 1578 3338 1631 honoribus.

2680 1669 3022 1741 (Euripidis)

2129 1759 2295 1816 Solon
2333 1761 2727 1832 interrogatus,
2765 1778 2865 1816 cur
2919 1762 3095 1816 nullas
3139 1775 3330 1831 poenas
3376 1760 3638 1817 adversus

368 1845 614 1914 πατέρας
638 1825 915 1916 ἐπιτίμιον
945 1849 1040 1918 οὐχ
1064 1847 1286 1919 ὥρισεν,
1320 1849 1422 1922 ἔφη
1446 1866 1462 1882 ·
1500 1850 1625 1905 Ὅτι
1680 1853 1777 1924 οὐχ
1811 1825 1946 1906 ύπέἑ

2092 1868 2150 1908 os
2205 1852 2298 1922 qui
2339 1860 2519 1922 patres
2559 1854 2940 1908 verberassent
2989 1853 3369 1906 constituisset
3419 1869 3432 1906 :
3481 1851 3634 1918 Quod

367 1938 531 1992 λαὸον
559 1939 840 2002 τοιούτους
879 1942 1029 2004 τινὰς
1062 1942 1302 1998 ἔσεσθαι.

438 2031 695 2102 Γαμὸροῦ
727 2035 754 2086 ό
785 2033 884 2102 μὲν
915 2034 1190 2105 ἐπιτυχὼν
1221 2033 1380 2106 εὗρεν
1416 2037 1551 2102 υἱὸν,
1586 2038 1614 2091 ό
1660 2039 1716 2092 δὲ
1747 2039 1948 2094 ἀποτυ-

366 2125 478 2194 χὼν
508 2123 758 2177 ἀπώλεσε
785 2127 875 2178 καὶ
907 2127 1100 2195 θυγατέ
1113 2145 1200 2196 ρα.

439 2220 566 2281 Τοῖς
595 2218 846 2287 γονεῦσιν
875 2221 996 2281 ἴσας
1028 2221 1163 2288 πρὸς
1205 2223 1325 2280 ἴσας
1373 2222 1665 2276 ἀποδοῦναι
1717 2225 1948 2293 χάριτας

363 2310 472 2364 τῶν
494 2311 793 2366 ἀδυνάτων.
839 2312 1250 2382 Ἀντιγεννῆσαι
1272 2315 1381 2384 γὰρ
1416 2315 1514 2383 οὐχ
1549 2312 1661 2368 οἷον
1688 2331 1768 2368 τε.

959 2518 1178 2572 ΛΟΓΟΣ
1243 2517 1342 2572 IB’.

360 2611 503 2681 Περὶ
539 2609 920 2678 πατραλοιῶν
958 2610 1056 2664 καὶ
1089 2611 1492 2679 μητραλοιῶν.
1525 2612 1623 2666 καὶ
1654 2613 1773 2666 ὅσα
1801 2613 1945 2682 ἕψε-

894 2698 990 2734 ται
1008 2681 1213 2747 αὐτοῖς
1236 2683 1414 2738 κακά.

434 2775 530 2838 ’ος
558 2774 753 2829 τύπτει
784 2775 1000 2846 πατέρα
1030 2773 1220 2840 αὐτοῦ,
1253 2775 1468 2845 θανάτῳ
1503 2775 1881 2831 θανατούσθω.

441 2957 502 3010 '0
533 2955 849 3024 κακολογῶν
883 2956 1098 3028 πατέρα
1129 2958 1298 3011 αὐτοῦ
1333 2957 1365 3028 ἢ
1401 2958 1615 3031 μητέρα
1646 2956 1811 3012 αὐτοῦ
1845 2958 1945 3014 θαο

357 3054 506 3122 νατῳ
537 3051 865 3106 τελευτάτω.

442 3146 878 3214 Ἐπικατάρατος
907 3145 1014 3206 πᾶς
1044 3146 1072 3198 ό
1099 3143 1381 3214 ἀτιμάζων
1414 3147 1626 3216 πατέρα
1675 3147 1844 3201 αὐτοῦ
1903 3148 1936 3221 ἢ
1967 3179 2016 3244 c

358 3241 572 3312 μητέρα
595 3239 760 3292 αὐτοῦ
793 3255 806 3268 ο
839 3237 934 3291 καὶ
957 3238 1073 3307 ἐρεῖ
1097 3239 1204 3300 πᾶς
1221 3239 1250 3288 ό
1274 3238 1423 3304 λαὸς,
1448 3238 1681 3305 Γένοιτο,
1706 3241 1936 3309 γένοιτο.

425 3420 553 3483 Υἱὸς
580 3418 809 3489 ἀνήκοος
841 3417 898 3469 ὲν
923 3415 1170 3486 ἀπωλείᾳ
1195 3415 1369 3470 ἔσται.

437 3517 495 3568 Ὀ
522 3511 802 3582 ἀτιμάζων
827 3509 1038 3581 πατέρα
1063 3508 1253 3575 αὐτοῦ,
1277 3509 1371 3563 καὶ
1397 3509 1789 3582 ἀπωθούμενος
1819 3531 1924 3583 μην

350 3608 489 3678 τέρα
549 3603 738 3668 αὐτοῦ,
801 3604 1351 3675 καταισχυνθήσεται,
1417 3604 1510 3658 καὶ
1567 3606 1934 3669 ἐπονείδιστος

351 3699 526 3751 ἔσται.

428 3783 873 3854 Κακολογοῦντος
925 3783 1141 3854 πατέρα
1198 3783 1232 3854 ἢ
1296 3783 1508 3854 μητέρα
1566 3783 1931 3855 σῦεσθήσεται

351 3880 614 3950 λαμπτὴρ
639 3894 654 3910 ο
683 3879 741 3934 αἱ
766 3877 823 3932 δὲ
856 3877 1018 3949 κόραι
1057 3876 1166 3930 τῶν
1195 3875 1494 3946 ὀφθαλμῶν
1517 3875 1680 3930 αὐτοῦ
1710 3875 1930 3947 ὄψονται

353 3972 568 4034 σκότος.

428 4066 527 4126 Ὃς
551 4060 918 4117 ἀποδάλλεται
945 4059 1164 4131 πατέρα
1188 4057 1222 4129 ἢ
1255 4059 1491 4130 μητέρα,
1546 4059 1644 4113 καὶ
1675 4058 1824 4114 δοκεῖ
1854 4060 1931 4132 μὴ

349 4155 712 4228 ἁμαρτάνειν,
753 4146 910 4214 οὗτος
936 4150 1194 4212 κοινωνός
1223 4151 1372 4204 ἐστιν
1398 4149 1591 4220 ἀνδρὸς
1621 4150 1876 4212 ἀσεσοῦς.

421 4247 539 4324 Οὐκ
569 4243 924 4316 εὐφραίνεται
956 4241 1138 4312 πατὴρ
1173 4241 1266 4295 ἐπὶ
1307 4241 1410 4311 υίῷ
1437 4241 1770 4313 ἀπαιδεύτῳ.
1801 4243 1931 4307 Υίδς

345 4340 406 4395 δὲ
435 4339 696 4408 φρόνιμος
724 4335 1009 4404 εὐφραίνει
1035 4334 1250 4406 μητέρα
1279 4331 1469 4388 αὐτοῦ.

421 4432 592 4502 Ὀργὴ
619 4433 789 4502 πατρὶ
819 4428 934 4492 υίὸς
961 4427 1177 4500 ἄφρων,
1217 4427 1314 4480 καὶ
1364 4425 1524 4498 ὀδύνη
1565 4427 1635 4498 τῇ
1692 4425 1928 4500 τεκούσῃ

345 4527 532 4582 αὐτόν.

427 4618 519 4681 Ὠς
550 4615 872 4687 βλάσφημος
924 4613 952 4666 ὁ
1005 4609 1418 4680 ἐγκαταλείπων
1476 4611 1692 4682 πατέρα
1734 4609 1922 4678 αὐτοῦ,

346 4711 441 4764 καὶ
481 4707 867 4778 κατηραμένος
897 4700 1007 4757 ὑπὸ
1040 4700 1246 4773 Κυρίου
1282 4702 1311 4753 ό
1341 4687 1698 4773 παροργίζων
1758 4702 1944 4773 μητέ-ο

347 4819 417 4873 ρα
472 4797 662 4853 αὐτοῦ.
1445 4861 1452 4867 .

417 4892 509 4963 Μὴ
537 4891 763 4958 δοξάςου
795 4890 853 4942 ἐν
881 4887 1079 4958 ἀτιμίᾳ
1110 4883 1319 4955 πατρός
1348 4900 1464 4938 σου.
1511 4881 1582 4937 Ἦ
1631 4882 1738 4954 γὰρ
1799 4881 1926 4948 δόξα

343 4985 652 5051 ἀνθρώπων
676 4984 739 5034 ὲκ
758 4980 926 5050 τιμῆς
954 4979 1160 5050 πατρὸς
1188 4975 1395 5032 αὐτῶν.

418 5079 482 5130 Οί
508 5075 710 5144 γονέων
747 5071 1069 5140 ἀλογοῦντες
1116 5070 1386 5140 ἑκατέρας
1419 5066 1637 5138 μερίδος
1668 5066 1806 5120 είσὶν
1835 5068 1926 5138 ἐχ-

347 5167 487 5240 θροὶ,
519 5169 611 5220 καὶ
645 5167 744 5235 τῆς
775 5163 910 5233 πρὸς
947 5163 1080 5216 Θεὸν
1105 5163 1204 5215 καὶ
1234 5163 1332 5232 τῆς
1358 5161 1495 5234 πρὸς
1517 5159 1860 5230 ἀνθρώπους.

947 5345 1168 5400 ΛΟΓΟΣ
1227 5343 1326 5397 II".

839 5439 978 5506 Περὶ
1044 5439 1174 5494 υἱοῦ
1206 5435 1426 5508 σοφοῦ.

414 5531 542 5596 Υἱὸς
573 5533 734 5600 σοφὸς
757 5530 1040 5603 εὐφραίνει
1087 5531 1297 5601 πατέρα
1323 5529 1512 5585 αὐτοῦ.
1565 5528 1693 5593 Υίδς
1737 5527 1921 5599 φρόνι-

347 5639 446 5693 μος
471 5622 753 5694 εὐφραίνει
788 5623 1002 5692 μητέρα
1051 5622 1240 5677 αὐτοῦ.

419 5717 806 5787 Εὐφραινέσθω
832 5719 858 5768 ό
893 5717 1073 5787 πατὴρ
1106 5719 1201 5771 καὶ
1228 5719 1258 5786 ἡ
1295 5716 1480 5788 μήτηρ
1510 5715 1604 5771 ἐπὶ
1642 5714 1760 5769 σοί·
1825 5715 1918 5770 καὶ

344 5810 580 5882 χαιρέτω
611 5813 642 5880 ἠ
674 5807 905 5868 τεκοῦσά
959 5827 1036 5864 σε.

2050 1943 2473 2013 nullos,inquit,
2509 1944 2646 1999 tales
2680 1945 2984 1999 exstituros
3014 1945 3426 1998 existimabam.

2119 2034 2392 2090 Generum
2429 2046 2644 2104 nactus,
2677 2035 2844 2089 lilium
2895 2034 3101 2090 invenit
3145 2050 3158 2087 :
3209 2043 3263 2088 at
3296 2035 3391 2104 qui
3434 2037 3634 2090 malum

2049 2139 2246 2184 nactus
2277 2137 2381 2194 est,
2417 2127 2653 2197 perdidit
2683 2136 2736 2182 et
2767 2127 2956 2181 tiliam.

2122 2221 2385 2276 Philonis.
2421 2220 2746 2275 Parentibus
2777 2235 2876 2289 par
2903 2217 3077 2288 gratia
3113 2217 3263 2273 reddi
3294 2218 3442 2272 nullo
3473 2218 3635 2271 modo

2050 2321 2232 2380 potest
2268 2327 2284 2364 :
2319 2325 2446 2365 nam
2503 2311 2743 2364 vicissim
2793 2322 2889 2362 eos
2941 2323 3205 2378 generare
3248 2308 3475 2365 omnino
3525 2321 3631 2362 non

2047 2403 2197 2459 licet.

2443 2511 2677 2570 SERMO
2718 2512 2816 2566 xu
2856 2510 2955 2584 [ἀί.
2980 2509 3239 2584 CXXIX].

2051 2613 2124 2666 De
2152 2609 2433 2670 vatricidis
2465 2617 2516 2663 et
2549 2608 2871 2728 matricidisl,
2901 2615 2950 2660 et
2978 2621 3094 2675 qua:
3119 2621 3206 2659 eos
3249 2613 3493 2658 secutura
3521 2603 3630 2658 sint

2751 2690 2837 2728 ma
2866 2695 2918 2728 a.

2751 2690 2918 2730 mata.

2119 2771 2294 2828 Exod.
2327 2787 2437 2827 XXI.
2485 2770 2590 2836 Qui
2650 2777 2860 2839 patrem
2909 2781 3070 2821 suum
3121 2766 3394 2834 verberat,
3455 2774 3630 2821 morte

2046 2864 2334 2918 multetur.

2115 2955 2285 3010 Leuit.
2315 2972 2405 3011 xx.
2441 2954 2544 3020 Qui
2575 2953 2717 3021 patri
2747 2961 2839 3008 aut
2874 2951 3035 3006 matri
3084 2949 3382 3015 maledicit,
3429 2949 3627 3004 mortis

2045 3047 2316 3122 supplicio
2342 3047 2628 3104 alliciatur.

2118 3142 2274 3198 Deut.
2324 3153 2496 3196 xxvu.
2547 3136 2930 3194 Exsecrandus
2980 3133 3234 3204 quisquis
3274 3143 3485 3202 patrem
3529 3138 3624 3184 aut

2044 3242 2270 3288 matrem
2299 3229 2597 3302 ignominia
2627 3229 2792 3284 allicit
2829 3245 2843 3282 :
2877 3235 3110 3283 cunctus
3138 3235 3317 3282 autem
3347 3225 3616 3295 populus,

2040 3326 2184 3390 Fiat,
2228 3324 2458 3393 inquiet,
2490 3321 2601 3376 liat.

2117 3416 2288 3472 Filius
2317 3415 2538 3471 rebellis
2568 3413 2767 3468 misere
2799 3411 3020 3481 peribit.

2116 3507 2270 3564 Prov.
2301 3524 2375 3562 vr.
2409 3507 2511 3572 Qui
2541 3517 2749 3576 patrem
2783 3519 2944 3560 suum
2972 3501 3286 3566 dedecorat,
3314 3510 3368 3556 et
3389 3505 3617 3553 matrem

2039 3616 2197 3660 suam
2228 3599 2463 3671 repellit,
2501 3598 2903 3669 ignominiosus
2933 3603 2986 3650 et
3014 3596 3312 3666 probrosus
3351 3597 3475 3648 crit.

2105 3800 2311 3868 Lumen
2347 3796 2729 3868 exsﬁnguetur
2757 3796 2896 3865 ejus,
2925 3797 3016 3876 qui
3044 3797 3098 3852 in
3133 3797 3288 3868 153
3321 3807 3527 3866 patrem
3559 3809 3613 3854 et

2035 3899 2270 3946 matrem
2318 3888 2605 3944 maledicta
2651 3888 3033 3958 congesserit,
3073 3899 3126 3944 et
3166 3890 3452 3945 oculorum
3489 3892 3610 3962 ejus

2035 3982 2255 4055 pupillae
2287 3978 2540 4036 tenebras
2572 3978 2863 4048 aspicient.

2105 4074 2204 4141 Qui
2237 4082 2447 4144 patrem
2491 4081 2584 4126 aut
2615 4077 2848 4126 matrem
2879 4069 3079 4141 reiicit,
3119 4078 3175 4126 et
3214 4078 3368 4141 putat
3403 4085 3464 4128 se
3496 4088 3605 4128 non

2032 4182 2286 4239 peccare,
2313 4164 2361 4220 is
2389 4173 2474 4220 est
2505 4165 2609 4221 viri
2643 4163 2794 4234 impii
2835 4163 3043 4219 socius.

2104 4258 2246 4314 Filio
2294 4258 2574 4313 inerudito
2603 4265 2657 4312 et
2692 4271 2802 4311 non
2827 4256 3093 4326 castigato
3126 4265 3280 4326 pater
3313 4271 3420 4312 non
3453 4257 3605 4314 laeta-

2032 4353 2220 4418 bitur;
2256 4362 2311 4405 at
2345 4352 2586 4422 prudens
2620 4349 2765 4402 ﬁlius
2808 4347 2995 4400 laetitia
3029 4347 3225 4401 aﬂiciet
3258 4359 3511 4405 matrem.

2099 4442 2276 4498 Filius
2303 4441 2576 4512 insipiens
2618 4449 2812 4492 auctor
2853 4446 2936 4490 est
2977 4445 3034 4490 ut
3072 4451 3288 4509 semper
3329 4432 3628 4496 irascatur.

1956 4533 2001 4589 D
2032 4545 2210 4608 pater,
2251 4543 2307 4589 et
2337 4531 2575 4604 genitrix
2609 4529 2803 4585 dolore
2835 4527 3124 4583 aﬂiciatur.

2102 4623 2272 4677 Eccli.
2311 4637 2397 4676 ιιι.
2438 4619 2543 4686 Qui
2576 4626 2789 4688 patrem
2832 4633 2991 4673 suum
3033 4615 3262 4682 deserit,
3298 4618 3496 4674 similis
3519 4628 3604 4674 est

2026 4714 2232 4772 summi
2259 4713 2355 4768 Dei
2385 4709 2787 4775 conviciatori;
2832 4719 2888 4765 et
2938 4709 3030 4777 qui
3079 4714 3308 4763 matrem
3356 4709 3424 4763 ad
3466 4709 3600 4763 iram

2029 4813 2314 4877 provocat,
2351 4803 2579 4858 Domino
2613 4801 2986 4858 exsecrandus
3019 4809 3126 4856 est.

2101 4897 2370 4952 Philonis.
2415 4894 2474 4950 ln
2520 4895 2692 4964 patris
2727 4891 3031 4964 ignominia
3080 4907 3192 4947 non
3226 4900 3312 4947 est
3359 4893 3604 4963 glarian-

2026 4989 2156 5044 dum
2187 5005 2202 5043 :
2239 5003 2338 5044 sua
2368 4987 2514 5043 enim
2539 4986 2737 5056 cuique
2761 4984 2936 5054 gloria
2961 4998 3027 5039 ex
3053 4985 3226 5052 patris
3260 4984 3473 5062 honore
3494 4992 3600 5043 est.

2101 5078 2284 5134 Liberi
2357 5087 2647 5148 parentum
2717 5076 2987 5130 rationem
3047 5089 3156 5130 non
3219 5075 3482 5131 habentes
3546 5075 3600 5126 iu

2028 5182 2315 5240 utramque
2363 5180 2600 5241 partem,
2641 5177 2758 5223 tum
2810 5170 2917 5223 Deo
2965 5179 3078 5222 tum
3114 5167 3432 5223 hominibus
3472 5176 3602 5222 sunt

2024 5262 2225 5317 odiosi.

2383 5351 2615 5408 SERth
2674 5351 2789 5407 xm
2847 5351 2947 5425 [αι.
3001 5350 3246 5424 CXXX].

2541 5444 2619 5499 De
2657 5447 2771 5512 ﬁlio
2804 5447 3057 5513 sapiente.

2102 5533 2265 5590 Prov.
2307 5551 2397 5591 xv.
2439 5534 2615 5604 Filius
2666 5536 2887 5606 sapiens
2924 5543 3136 5605 patrem
3189 5531 3352 5589 allicit
3383 5531 3592 5589 laetitia.

2027 5626 2200 5683 Filius
2230 5627 2474 5698 prudens
2505 5627 2668 5683 aﬂicit
2723 5629 2907 5682 Iustitia
2949 5636 3203 5681 matrem.

2094 5717 2336 5773 Laetetur
2365 5717 2432 5773 e'e
2467 5729 2516 5773 te
2553 5728 2711 5789 pater
2745 5728 2796 5772 et
2836 5727 3029 5785 mater,
3067 5727 3120 5774 et
3147 5735 3270 5792 quae
3303 5729 3355 5777 te
3381 5719 3594 5792 peperit

2025 5810 2277 5880 gaudeat.
