3976 6214
450 329 586 396 1051
888 287 894 292 “
1674 321 1996 388 ANTONII
2032 323 2378 385 MELISSA!
2779 381 2784 388 ,
3523 330 3625 397 1052

526 437 641 493 Viri
673 436 998 508 sapientiam
1025 433 1265 490 amantis
1293 431 1566 488 laetabitur
1592 440 1772 501 pater.
2053 435 2096 493 Α

2053 435 2102 493 Α
2213 431 2433 502 Ἀνδρὺς
2467 429 2750 501 φιλοῦντος
2783 431 2982 500 σοφίαν
3012 430 3351 502 εὐφραίνεται
3399 437 3423 489 6
3465 447 3610 514 πατήρ

529 530 586 585 Si
639 531 863 600 sapiens
899 527 1093 594 fueris,
1147 526 1242 592 fili,
1282 525 1380 580 tibi
1431 525 1536 594 ipsi
1576 528 1684 578 eris
1717 521 1938 592 sapiens
1983 530 2034 576 et

2213 521 2328 586 Υἱὲ,
2359 522 2456 576 ἐὰν
2491 523 2653 588 σοφὸς
2705 522 2861 594 γένῃ,
2897 523 3109 594 σεαυτῷ
3142 524 3296 594 σοφὸς
3324 525 3412 600 ἔσῃ
3454 531 3532 585 καὶ
3572 537 3627 605 τῷ

459 622 630 676 aliis:
670 619 756 676 sin
809 629 992 674 autem
1044 617 1222 672 malus
1267 627 1322 673 et
1381 615 1661 679 indoctus,
1711 613 1863 670 solus
1893 610 2029 666 feres

2139 615 2368 685 πλησίον
2391 632 2405 645 ·
2442 616 2536 668 ὲάν
2563 615 2619 669 δὲ
2649 615 2821 680 κακὸς
2859 617 3096 688 ἀποσῇς,
3129 617 3285 687 μόνος
3315 620 3559 694 ἀντλήσεις
3581 629 3629 681 τὰ

460 716 621 770 mala.

2138 708 2307 762 κακά.

534 805 761 874 Propter
791 803 960 856 tilium
995 801 1296 872 sapientem
1325 799 1546 855 animus
1575 805 1833 868 paternus
1893 793 2036 850 lauti-

1902 793 2036 850 ιωιί-
2225 801 2349 856 Ἐπὶ
2381 800 2484 872 υίῷ
2513 801 2662 870 σοφῷ
2690 800 3046 874 εὐφραίνεται
3076 803 3219 874 ψυχὴ
3265 807 3472 878 πατρός.

461 893 534 945 tia
590 892 861 946 aflicitur.

529 981 760 1038 Juvenis
792 981 1017 1051 probus,
1051 995 1263 1050 pauper
1286 987 1339 1034 et
1367 978 1614 1047 sapiens,
1643 947 1924 1034 antecellit
1953 990 2040 1032 re-

2216 983 2444 1052 ’Δγαθὺς
2475 985 2626 1051 παῖς,
2679 983 2851 1054 πένης
2909 983 3006 1038 καὶ
3064 983 3245 1053 σοφὸς,
3295 984 3420 1057 ὑπὲρ
3465 985 3635 1056 βασιλέα

459 1093 580 1146 gem
611 1076 885 1131 seniorem
927 1084 982 1129 et
1009 1076 1375 1144 insipientem.

1325 1089 1375 1126 η.
2141 1092 2245 1146 πρε
2255 1075 2513 1147 σσύτερον
2542 1079 2638 1130 καὶ
2665 1079 2895 1147 ἄφρονα.

535 1167 705 1223 Εετιι.
757 1183 868 1222 xu.
922 1165 1095 1222 Filius
1153 1181 1294 1222 unus
1351 1165 1557 1235 probus
1621 1174 1842 1237 praestat
1892 1165 2042 1222 mille

2015 1181 2042 1222 e
2219 1168 2262 1220 Κ
2271 1170 2486 1238 ρεῖσσον
2515 1165 2595 1232 εἷς
2623 1170 2736 1234 υίὸς
2761 1171 2967 1234 δίκαιος
2989 1171 3024 1240 ἢ
3050 1171 3246 1242 χίλιδοι
3265 1174 3364 1229 υἱοὶ
3389 1174 3585 1239 ἀσεϐεῖς.

461 1279 672 1318 llliDllS.

534 1303 535 1310 η
585 1279 672 1318 iis.

534 1279 714 1408 {lberi
745 1353 799 1408 in
830 1353 940 1407 vita
971 1351 1200 1408 honeste
1239 1358 1529 1406 versantes
1556 1365 1786 1406 suorum
1811 1351 2029 1424 genito.

2214 1348 2392 1402 Τέκνα
2414 1347 2472 1400 ὲν
2501 1349 2684 1420 ἀγαθῇ
2727 1348 2839 1420 ζωῇ
2872 1349 2971 1420 τὴν
3001 1351 3340 1424 ἀναστροφὴν
3367 1352 3530 1424 ἔχοντα
3560 1359 3638 1414 τῶν

459 1458 580 1497 rnni
617 1443 1020 1512 ignobilitatem
1060 1449 1265 1512 tegent.

2147 1440 2292 1493 ίδίων
2320 1443 2668 1513 γεννητόρων
2700 1445 2969 1512 κρύψουσι
3023 1445 3357 1515 δυσγένειαν.

537 1532 806 1604 Tlieologi.
857 1531 1013 1588 Unus
1049 1541 1134 1586 est
1174 1533 1469 1586 liberorum
1518 1531 1800 1588 felicitatis
1845 1533 2035 1588 termi-

2218 1524 2313 1593 Εἷς
2348 1531 2632 1597 εὐτεκνίας
2663 1533 2809 1603 ὅρος,
2846 1533 3039 1606 ἁρετὴ,
3077 1537 3172 1590 καὶ
3199 1539 3232 1608 ἡ
3264 1540 3392 1610 πρὸς
3416 1540 3468 1595 τδ
3509 1545 3643 1614 κρεῖτ-

457 1642 582 1692 nus,
628 1641 820 1694 nempe
867 1627 1059 1692 virtus,
1101 1634 1155 1679 et
1183 1625 1226 1679 si
1271 1625 1328 1680 in
1374 1625 1542 1682 rebus
1595 1625 1886 1681 laudandis
1940 1641 2027 1697 pa-

984 1641 1059 1692 us,
1101 1634 1155 1679 et
1183 1625 1226 1679 si
1271 1625 1328 1680 in
1374 1625 1542 1682 rebus
1595 1625 1886 1681 laudandis
1940 1641 2044 1697 pa-
2146 1638 2239 1674 τον
2273 1623 2554 1692 ὁμοίωσις.

459 1725 676 1770 rentum
711 1716 1129 1771 similitudinem
1168 1714 1440 1772 referant.

533 1808 864 1864 Liberorum
903 1810 1080 1864 virtus
1111 1809 1250 1878 patri
1295 1807 1482 1878 gloriae
1514 1816 1618 1862 est.
2070 1795 2103 1852 Ε

1523 1816 1618 1862 est.
2070 1795 2113 1852 Β
2215 1806 2434 1860 Τέκνων
2460 1807 2630 1879 ἀρετὴ
2657 1807 2785 1874 δόξα
2817 1809 3093 1881 πατέρων.

532 1900 794 1954 Philonis.
849 1900 996 1955 Satis
1032 1901 1167 1955 bene
1213 1898 1429 1954 fecundi
1483 1908 1632 1966 sunt,
1660 1898 1751 1969 qui
1782 1899 2044 1954 bonitatis

2216 1898 2486 1963 Εὐπαιδες
2515 1901 2565 1953 οἱ
2595 1900 2704 1954 τῶν
2742 1902 2927 1955 καλῶν
2960 1904 3054 1956 καὶ
3081 1903 3302 1973 ἀγαθῶν
3327 1905 3642 1978 ἐπιστήμονες.

463 2002 520 2046 et
551 1992 849 2063 probitatis
883 2000 1014 2047 sunt
1047 1991 1230 2062 periti.
1867 2041 1870 2044 .

846 2081 1078 2138 SERMO
1112 2081 1230 2148 XlV
1267 2082 1367 2155 [αι.
1401 2081 1670 2154 CXXXI].

1542 2081 1670 2154 .xq.
2743 2077 3112 2144 [ΑοΓοΣιΑκ

624 2177 705 2232 De
736 2177 848 2246 ﬁlio
890 2177 1188 2246 insipiente,
1228 2177 1464 2244 improbo
1499 2184 1548 2229 et
1587 2175 1870 2231 inerudito.
2148 2176 2194 2227 Π

2148 2170 2286 2240 Περὶ
2315 2171 2449 2226 υίοῦ
2469 2171 2753 2240 ἄφρονος,
2776 2172 2873 2226 καί
2897 2173 3193 2241 πονηροῦ,
3219 2175 3313 2229 καί
3337 2175 3646 2232 ἀπαιδεύτου.

540 2269 704 2324 Prov.
746 2270 885 2324 Filio
917 2269 1194 2324 inerudito
1231 2284 1337 2323 non
1368 2268 1640 2322 laetabitur
1673 2276 1847 2336 pater.

2223 2266 2337 2318 Οὐκ
2364 2264 2712 2335 εὐφραίνεται
2744 2267 2928 2336 πατὴρ
2954 2267 3046 2320 ἐπὶ
3073 2267 3176 2338 υίῷ
3213 2270 3511 2340 ἀπαιδεύτῳ.

532 2361 705 2417 Filius
744 2363 1016 2431 insipiens
1052 2371 1254 2431 patrem
1291 2361 1507 2415 deridet
1529 2376 1712 2414 suum.

2225 2359 2351 2419 Υἱὸς
2369 2358 2558 2427 ἄφρων
2586 2358 2912 2427 μυκτηρίζει
2941 2364 3158 2431 πατέρα
3186 2363 3365 2418 αὐτοῦ.

534 2455 808 2523 insipiens
859 2456 1003 2508 filius
1049 2465 1258 2522 patrem
1290 2452 1357 2506 ad
1405 2454 1543 2506 iram
1594 2459 1944 2517 commovet,
1993 2461 2046 2506 et

2231 2449 2400 2521 Ὀργὴ
2429 2452 2598 2522 πατρὶ
2633 2453 2746 2515 υίὸς
2775 2453 2988 2522 ἄφρων,
3023 2457 3122 2510 καὶ
3149 2455 3302 2528 ὀδύνη
3356 2459 3414 2528 τῇ
3470 2457 3647 2529 τεκούσῃ

459 2547 780 2618 genitricem
815 2546 1004 2600 dolore
1043 2544 1234 2599 afﬁcit.

760 2563 780 2599 ll
815 2546 1004 2600 dolore
1043 2544 1234 2599 afﬁcit.
2147 2542 2330 2597 αὐτόν.

533 2636 656 2690 Mali
685 2635 842 2690 liberi
883 2645 1091 2706 patrem
1115 2643 1496 2700 exsecrantur,
1529 2642 1583 2689 et
1619 2634 1778 2689 matri
1812 2649 1922 2689 non
1952 2636 2044 2690 be-

2215 2634 2478 2702 Ἔγγονον
2511 2636 2680 2689 κακδν
2712 2638 2924 2709 πατέρα
2960 2643 3270 2712 καταρᾶται
3318 2641 3409 2711 τὴν
3435 2642 3482 2695 δὲ
3527 2642 3649 2712 μητί-

464 2728 752 2783 nedicttnt.

2151 2744 2222 2798 ρα
2250 2730 2348 2780 οὐκ
2375 2729 2608 2796 εὐλογεῖ.

535 2821 662 2876 Mali
692 2820 846 2874 liberi
882 2820 1040 2875 elatis
1073 2830 1206 2874 sunt
1248 2819 1446 2884 oculis,
1480 2832 1534 2872 et
1572 2819 1858 2890 palpebras
1893 2836 2044 2877 sem-

2225 2821 2488 2887 Ἐγγονον
2518 2821 2685 2875 κακὸν
2715 2823 2953 2895 ὑψηλοὺς
2982 2825 3298 2897 ὀφθαλμοὺς
3346 2826 3469 2898 ἔχει,
3487 2827 3577 2888 τοῖς
3610 2824 3651 2877 ει

463 2930 561 2985 per
586 2915 866 2968 motitant.

2150 2911 2442 2984 βλεφάροις
2471 2914 2638 2969 αὐτοῦ
2668 2917 2985 2988 σπαίρεται.

535 3004 709 3062 Eccli.
741 3021 877 3059 xxii.
913 3004 1175 3058 Dedecori
1212 3013 1296 3059 est
1330 3005 1472 3075 patri
1502 3006 1686 3077 proles
1739 3004 2044 3062 inerudita.

1895 3004 2044 3062 idita.
2221 3008 2466 3079 Δίσχύνη
2495 3011 2705 3080 πατρὸς
2733 3013 2792 3064 ὲν
2817 3013 3126 3084 γεννήματι
3151 3013 3465 3086 ἀπαιδευτῳ.

534 3096 873 3154 Vitiosorum
929 3098 1228 3154 liberorum
1283 3097 1575 3153 basreditas
1609 3097 1772 3170 154
1819 3097 2040 3168 peribit,
2067 3148 2104 3208 ε

2083 3148 2118 3208 Β
2231 3099 2454 3156 Τέκνων
2495 3103 2841 3176 ἁμαρτωλῶν
2905 3106 3193 3162 ἀπολεῖται
3246 3107 3559 3178 κληρονομία,
3590 3104 3653 3158 καὶ

461 3200 519 3243 et
549 3189 604 3244 in
638 3192 960 3260 posteritate
990 3204 1184 3244 eorum
1211 3189 1632 3244 continuabitur
1669 3190 1953 3260 probrum.

1950 3229 1953 3242 .
2068 3189 2118 3208 "
2155 3195 2295 3266 μετά
2315 3195 2410 3249 τοῦ
2440 3197 2757 3266 σπέρματος
2789 3198 2973 3252 αὐτῶν
3002 3199 3297 3270 ἐνδελεχιιῖ
3325 3199 3520 3261 ὄνειδος.

538 3281 860 3337 Liberorum
896 3280 1305 3335 multitudinem
1342 3280 1617 3334 inutilium
1670 3296 1740 3336 ne
1778 3284 2042 3352 concupi-

2230 3288 2322 3358 Μὴ
2351 3287 2702 3360 ἐπιθυμήσῃς
2726 3287 2932 3358 πλῆθος
2989 3291 3203 3343 τέκνων
3235 3291 3498 3360 ἀχρήστων
3520 3306 3534 3322 ο
3557 3285 3655 3357 μηδι

467 3389 617 3438 scas,
679 3388 782 3427 nec
837 3372 1026 3446 liberis
1075 3371 1262 3442 impiis
1290 3371 1585 3427 latandum
1621 3371 1850 3462 tibi'est.
1901 3373 2037 3429 Prte-

2151 3379 2448 3450 εὐφραίνου
2493 3380 2586 3432 ἐπὶ
2641 3379 2778 3442 υίοῖς
2815 3381 3064 3439 ἀσεϐέσι.
3123 3383 3384 3450 Κρεῖσσον
3427 3378 3652 3434 ἀποθανεῖν

467 3477 574 3520 stat
606 3466 729 3520 sine
762 3465 952 3519 liberis
987 3479 1016 3518 a
1049 3467 1161 3518 vita
1195 3462 1488 3530 decedere,
1515 3478 1681 3535 quam
1715 3463 1912 3521 impios
1948 3469 2037 3520 ba-

1515 3478 1681 3535 quain
1715 3463 1912 3521 impios
1948 3469 2042 3520 ba-
2151 3473 2455 3544 ἄτεκνον,ἢ
2499 3474 2644 3543 ἔχειν
2670 3475 2840 3528 τέκνα
2870 3476 3064 3547 ἀσεϐῆ.

468 3557 598 3613 bere
627 3558 848 3612 liberos.

538 3648 719 3704 Liberi
751 3649 1064 3720 insipientia
1096 3657 1150 3703 et
1187 3648 1456 3719 imperitia
1499 3647 1800 3718 gloriantes
1838 3662 2043 3718 cogna-

2223 3651 2401 3705 Τέκνα
2425 3652 2482 3703 ὲν
2504 3649 2907 3723 καταφρονήσει
2932 3653 3027 3707 καὶ
3065 3654 3386 3726 ἀπαιδευσίᾳ
3407 3650 3651 3724 γαυριὼμι·

468 3742 640 3798 tionis
673 3757 786 3797 suae
812 3742 1194 3796 comaminant
1223 3741 1588 3796 nobilitatem.
1649 3731 1660 3746 “

2152 3760 2222 3798 να
2245 3743 2567 3812 συγγενείας
2600 3744 2810 3798 ἑαυτῶν
2844 3745 3069 3812 μολύνει
3105 3748 3427 3817 εὐγένειαν.·

852 3831 1085 3888 SERMO
1116 3831 1208 3886 XV
1243 3833 1342 3906 [ιιι.
1380 3831 1668 3904 CXXXII].
2162 3895 2178 3912 Ι

1583 3831 1668 3904 ut
2162 3895 2178 3912 κ
2783 3835 3142 3894 norozisz

829 3927 906 3981 De
943 3929 1059 3998 [ilia
1101 3928 1318 3980 honesta
1349 3936 1398 3980 et
1438 3929 1694 3981 modesta.
2366 3935 2399 3985 ι

2366 3931 2507 3998 Περὶ
2538 3932 2830 4001 θυγατρός
2851 3930 3088 4000 σεμνῆς
3117 3932 3213 3986 καί
3245 3933 3497 4002 κοσμίας.

543 4017 710 4075 Levii.
750 4035 865 4076 XIX.
918 4019 1111 4074 Filiam
1138 4027 1287 4072 tuam
1321 4033 1388 4073 ne
1421 4018 1731 4087 profanato,
1758 4033 1858 4076 nec
1887 4033 2045 4074 scor-

2226 4021 2302 4074 Οὐ
2349 4020 2678 4090 βεϐηλώσεις
2733 4019 2828 4088 τὴν
2879 4020 3161 4093 θυγατέρα
3218 4039 3310 4076 σου
3367 4018 3651 4090 ὲκπορνεῦσιι

469 4110 577 4164 tari
608 4111 796 4173 sinito,
834 4125 932 4163 nec
964 4108 1189 4178 patieris
1216 4123 1340 4163 esse
1375 4111 1763 4164 scortationem
1792 4111 1848 4164 in
1877 4120 2039 4180 terra,

2155 4112 2346 4180 αὐτὴν,
2381 4111 2474 4164 καὶ
2497 4111 2596 4166 οὐκ
2626 4109 2990 4180 ἐκπορνεύσει
3024 4112 3059 4182 ἡ
3096 4112 3192 4182 γῆ,
3231 4113 3323 4166 καὶ
3356 4109 3652 4181 πλησθήσεται

472 4217 542 4256 ne
569 4202 912 4274 compleatur
943 4201 1260 4270 iniquitate.

831 4210 912 4255 lur
943 4201 1260 4270 iniquitate.
2153 4202 2401 4273 ἀνομίας.

550 4293 719 4347 Eccli.
759 4309 906 4348 xxvt.
946 4294 1001 4347 Si
1049 4294 1144 4346 tibi
1180 4301 1312 4347 sunt
1343 4291 1489 4358 filiae,
1523 4307 1752 4361 corpora
1801 4292 2046 4364 ipsarum

2226 4295 2537 4362 Θυγατέρες
2576 4293 2661 4348 σοί
2692 4296 2820 4360 aiat,
2859 4297 3098 4367 πρόσεχε
3153 4298 3230 4366 τῷ
3273 4295 3467 4366 σώματι
3506 4283 3651 4351 αὐτῶν.

475 4395 724 4448 Sz-rvato,
754 4400 854 4439 nec
886 4386 1118 4439 hilarem
1159 4385 1368 4438 vultnni
1405 4393 1560 4439 tuum
1612 4384 1722 4439 illis
1752 4387 2040 4442 ostendito.

2157 4389 2250 4442 καὶ
2289 4389 2362 4456 μὴ
2415 4386 2692 4459 ίλαρώσης
2747 4388 2883 4460 πρὸς
2937 4389 3111 4452 αὐτὰς
3160 4391 3222 4443 τὸ
3271 4387 3528 4458 πρόσωπόν
3569 4399 3650 4436 σω.

477 4478 639 4531 Ιεζιυοει
670 4478 855 4542 tiliam,
877 4486 932 4529 et
964 4492 1076 4530 rem
1109 4491 1359 4544 magnam
1387 4475 1720 4546 perfeceris;
1747 4486 1910 4547 atque
1932 4479 2047 4534 viro

2085 4501 2128 4555 ι)
2161 4478 2356 4531 Ἐκδου
2385 4479 2688 4549 θυγατέρα,
2739 4479 2834 4532 καὶ
2867 4479 2962 4550 ἔσῃ
3014 4481 3314 4544 τετελεκὼς
3353 4480 3497 4552 ἔργον
3535 4478 3652 4545 μέγα.

476 4571 660 4642 sagaci
693 4571 747 4623 in
781 4568 1191 4622 matrimonium
1225 4569 1378 4622 dato.

2157 4571 2251 4624 καὶ
2279 4571 2436 4638 ἀνδρὶ
2467 4570 2672 4639 συνετῷ
2705 4570 2949 4640 δώρησαι
2972 4571 3169 4642 αὐτήν.

548 4661 688 4714 Ibid.
730 4677 862 4714 sui.
898 4660 1032 4714 Filia
1071 4662 1244 4730 patris
1278 4660 1486 4715 occulta
1514 4667 1599 4715 est
1626 4661 1830 4730 vigilia,
1862 4671 1915 4716 et
1943 4661 2056 4716 sol-

2229 4662 2489 4731 Θυγάτηρ
2522 4663 2690 4730 πατρὶ
2743 4662 3066 4732 ἁπόκρυφος
3103 4663 3392 4732 ἀγρυπνία,
3419 4660 3551 4725 καὶὴ

477 4756 703 4810 iicitndo
734 4762 800 4808 de
829 4756 945 4824 ipsa
981 4755 1146 4822 eripit
1186 4767 1440 4807 somnum
1471 4753 1632 4824 patri,
1683 4769 1745 4808 ac
1779 4755 1831 4807 in
1858 4754 2047 4823 juven-

2158 4769 2331 4824 ρῑμνα
2376 4754 2544 4822 αὐτῆς
2594 4755 2805 4825 ἁφιστᾷ
2866 4753 3033 4808 ὓπνον
3065 4771 3079 4785 ·
3117 4757 3176 4808 ἐν
3212 4755 3434 4824 νεότητι,
3465 4753 3526 4822 μή
3563 4761 3651 4799 ποτε

481 4857 596 4901 tute
629 4849 875 4917 quidem,
907 4861 972 4900 ne
1004 4845 1332 4900 deﬂorescat
1363 4844 1562 4911 forma,
1619 4855 1673 4899 et
1710 4861 1832 4899 cum
1883 4853 2051 4914 nupta

2157 4841 2500 4912 παρακμάσῃ
2527 4857 2541 4872 ·
2572 4842 2666 4894 καὶ
2706 4845 3103 4912 παρῳκηκυῖα,
3162 4846 3238 4915 μή
3305 4861 3423 4897 ποτε
3464 4838 3649 4911 μισηθῇ·

479 4946 587 5002 est,
623 4955 691 4991 ne.
743 4938 838 4992 fiat
871 4941 1098 5005 odiosa;
1142 4940 1192 4993 in
1226 4939 1556 5009 virginitate,
1594 4955 1662 4993 ne
1716 4937 1964 5004 vitietur,
1999 4947 2049 4993 et

2156 4935 2214 4986 ὲν
2240 4934 2532 5004 παρθενίᾳ,
2557 4936 2632 5004 μή
2662 4952 2792 4988 ποτε
2828 4935 3133 5006 βεὸηλωθῇ,
3172 4938 3268 4990 καὶ
3296 4939 3352 4990 ὲν
3383 4937 3482 4997 τοῖς
3508 4943 3649 4994 πατρί’

483 5029 540 5084 in
569 5030 781 5086 aadibus
813 5033 1054 5099 paternis
1100 5046 1388 5101 pra'gnans
1424 5029 1516 5085 fiat
1536 5049 1551 5096 ;
1587 5038 1641 5085 et
1672 5031 1882 5085 elocata
1915 5033 2052 5098 viro,

2156 5025 2273 5086 κοῖς
2303 5023 2475 5093 αὐτῆς
2499 5023 2693 5092 ἔγκυος
2725 5026 2948 5096 γένηται
2971 5041 2989 5057 ⁶
3025 5026 3121 5081 καὶ
3156 5029 3295 5098 μετὰ
3323 5026 3496 5097 ἀνδρὸς
3540 5019 3648 5076 οὖσαν

482 5141 554 5179 tte
585 5124 732 5194 leges
762 5124 1099 5177 matrimonii
1137 5124 1330 5179 violet.

1137 5124 1330 5179 violet.
2161 5116 2236 5185 μή
2267 5131 2398 5168 ποτε
2430 5117 2675 5187 παραϐῇ.

556 5215 702 5270 Ibid.
738 5231 871 5270 χχιι.
927 5212 1182 5270 Prudens
1239 5215 1350 5269 lilia
1405 5214 1524 5271 viro
1553 5225 1638 5271 est
1676 5215 1796 5270 vice
1828 5212 2054 5268 haeredi-

1981 5212 2054 5267 di-
2229 5205 2488 5277 Θυγάτηρ
2513 5207 2755 5278 φρονίμη
2779 5205 3089 5278 κληρονομή
3101 5226 3184 5263 σει
3208 5209 3371 5280 ἀνδρα
3393 5205 3551 5274 αὐτῆς.

482 5309 636 5363 tatis.

552 5401 742 5458 Puella
778 5403 977 5472 pudica
1014 5401 1178 5456 etiam
1223 5401 1398 5456 virum
1438 5397 1802 5455 reverebitur.

2222 5388 2481 5460 Θυγάτηρ
2503 5389 2796 5459 εὐσχήμων
2820 5387 2912 5440 καὶ
2957 5387 3048 5440 τὸν
3078 5387 3254 5458 ἄνδρα
3306 5381 3644 5472 ἐντραπήσεταιι

553 5495 580 5548 1
638 5460 867 5551 Τίηιίν.
916 5495 1050 5551 Volo
1083 5496 1252 5565 igitur
1291 5494 1542 5563 iuniores
1586 5490 1818 5553 nubere,
1854 5487 2054 5543 liberos

2225 5482 2500 5553 Βούλομαι
2530 5481 2625 5535 οὖν
2657 5480 2927 5549 νεωτέρας
2973 5481 3196 5549 γαμεῖν,
3253 5473 3566 5532 τεκνοποιείν,
3597 5460 3647 5512 οια

482 5600 794 5656 procreare,
850 5601 967 5642 rem
1033 5586 1358 5641 familiarem
1405 5582 1812 5647 administrare,
1847 5581 2052 5635 nullam

2157 5577 2524 5639 κοδεσποτεῖν,
2555 5573 2828 5644 μηδεμίαν
2852 5571 3110 5642 ἀφορμὴν
3140 5572 3336 5625 διδόναι
3383 5567 3451 5637 τῷ
3472 5567 3647 5620 itwa

487 5675 808 5730 adversario
841 5676 1190 5732 conviciandi
1219 5674 1567 5730 occasionem
1604 5669 1873 5742 ιιι-σώετε.

1237 5674 1567 5730 iccasiouem
1604 5669 1873 5742 ιιι-σώετε.
2159 5667 2306 5738 μένῳ
2334 5665 2596 5736 λοιδορίας
2628 5664 2807 5734 χάριν.

552 5765 795 5830 Epicteti.
832 5763 965 5822 Filia
1000 5769 1137 5839 patri
1173 5768 1347 5823 aliena
1380 5763 1654 5837 possessio
1699 5770 1808 5819 est.

2241 5759 2503 5830 Θυγάτηρ
2531 5758 2812 5830 ἀλλότριον
2849 5757 3032 5828 κτῆμα
3059 5755 3297 5828 ὑπάρχει
3321 5749 3390 5823 τῷ
3418 5741 3572 5816 πατρί.
