3976 6214
263 339 398 402 1053

1112 347 1283 408 LOCI
1317 344 1755 407 COMMUNESo
1795 363 1864 380 -'-
1901 340 2115 405 PARS.
2156 340 2241 403 ll.
2285 343 2541 404 SERMO
2579 344 2764 406 XVII.

3357 342 3509 407 ’1054

328 451 592 523 Γαμϐροῦ
619 454 648 508 ὁ
675 455 774 526 μὲν
801 458 1076 530 ἐπιτυχὼν
1101 453 1262 532 εὗρεν
1287 461 1424 528 υἱὸν,
1454 462 1483 515 ὁ
1505 460 1565 515 δὲ
1617 460 1832 516 ἀποτυ-

2007 453 2239 511 Solonis.
2269 454 2541 510 Generum
2584 468 2800 524 nactus,
2829 456 2998 511 lilium
3031 452 3239 510 invenit
3268 471 3282 508 :
3310 462 3507 510 nactus

261 542 371 614 χὼν
397 546 652 601 ἀπώλεσε
675 550 771 603 καὶ
793 550 1090 622 θυγατέρα.

856 642 1078 696 ΛΟΓΟΣ
1132 642 1252 712 ις’.

424 731 567 797 Περὶ
595 734 889 802 θυγατρὸς
927 736 1201 806 ἀσέμνου
1231 737 1332 793 καὶ
1374 737 1668 807 ἀκόσμου.

345 818 476 872 Ἐπὶ
527 818 759 892 θυγατρὶ⁸
803 821 1152 894 ἀδιατρέπτῳ
1207 825 1509 894 στερέωσον
1563 823 1831 893 φυλακὴν,

262 909 478 978 μήποτε
513 913 722 985 ποιήσῃ
758 929 816 966 σε
847 915 1134 985 ἑπίχαρμα
1163 915 1395 986 ἐχθρῶν.

331 1000 592 1074 Θυγάτηρ
631 1003 726 1058 ἐπὶ
755 1005 1052 1061 ἐλαττώσει
1081 1007 1315 1076 γίνεται.

333 1182 558 1252 Πατέρα
605 1185 700 1239 καὶ
752 1186 920 1258 ἄνδρα
964 1188 1318 1259 καταισχύνει
1374 1189 1408 1258 ἠ
1457 1187 1838 1264 θρασεῐαααὶ

260 1272 368 1327 ὑπὸ
395 1276 724 1347 ἀμφοτέρων
749 1279 1202 1351 ἀτιμασθήσεται.

336 1367 599 1440 θυγάτηρ
629 1371 899 1440 ἀσχήμων
931 1372 1162 1441 ἀτιμίαν
1193 1371 1551 1443 κατατρίψει.

865 1485 1087 1539 ΛΟΓΟΣ
1126 1485 1223 1541 IZ'.

260 1574 405 1646 Περί
435 1575 734 1645 γερόντων
776 1576 847 1631 ἐν
891 1577 1074 1702 apag?
1119 1578 1221 1633 καί
1271 1577 1525 1634 συνέσει
1571 1593 1835 1650 κοσμουι

951 1667 990 1702 ιι
1065 1666 1167 1702 ων.

945 1666 1167 1718 μενων.

345 1739 480 1794 ’Δπὺ
525 1738 823 1811 προσώπου
877 1741 1064 1794 πολιοῦ
1113 1741 1484 1813 ἐξαναστήσῃ,
1539 1741 1635 1794 καὶ
1668 1743 1835 1813 τιμή-

261 1848 380 1895 σεις
408 1821 703 1902 πρόσωπον
739 1833 1136 1903 πρεσϐυτέρου.
1590 1815 1596 1820 Ι

342 1921 725 1993 Ἐπερώτησον
758 1921 852 1977 τὸν
873 1925 1088 1994 πατέρα
1124 1940 1243 1991 σου,
1271 1924 1366 1980 καὶ
1395 1924 1690 1993 ἀναγγελεῖ
1720 1940 1829 1992 σοι,

256 2013 389 2076 τοὺς
403 1995 830 2086 [πρεσϐυτέρους
858 2032 974 2081 σου,
1006 2018 1102 2071 καὶ
1129 2015 1315 2090 ἐροῦσι
1344 2034 1448 2071 σοι.

347 2105 650 2178 Ἐλάλησαν
689 2110 738 2161 oi
789 2109 1151 2178 πρεσϐύτεροι
1201 2111 1338 2178 πρὸς
1413 2109 1691 2179 Ῥοϐοάμ,
1749 2109 1832 2163 λέ-

256 2200 450 2268 γοντές
497 2201 584 2253 οἱ⁶
619 2200 710 2254 Ἐν
757 2205 820 2270 τῇ
879 2202 1064 2272 ἡμέρᾳ
1130 2201 1302 2274 ταύτῃ
1368 2202 1466 2274 ἔσῃ
1515 2201 1703 2264 δοῦλος
1753 2201 1833 2272 τῷ

255 2292 376 2363 λαῷ
424 2293 621 2362 τούτῳ,
677 2296 774 2348 καὶ
814 2295 1122 2358 δουλεύσεις
1168 2296 1376 2360 αὐτοῖς,
1428 2295 1524 2347 καὶ
1575 2295 1836 2364 λαλήσεις

259 2385 403 2455 πρὸς
434 2386 632 2450 αὐτοὺς
662 2385 856 2456 λόγους
893 2387 1136 2455 ἀγαθούς
1160 2405 1176 2421 ο
1216 2388 1310 2441 καὶ
1340 2388 1556 2441 ἔσονταί
1605 2403 1687 2440 σοι
1717 2386 1834 2440 δοῦ-

257 2477 344 2530 λοι
392 2477 576 2540 πάσας
607 2479 706 2541 τάς
770 2478 1005 2550 ἡμέρας.
1039 2481 1149 2534 Καὶ
1211 2481 1540 2550 ἐγκατέλιπε
1600 2479 1835 2548 Ῥοϐοάμ

253 2569 358 2640 τὴν
387 2568 582 2641 βουλήν
615 2570 726 2624 τῶν
756 2572 1164 2644 πρεσϐυτέρων.

346 2663 622 2734 Ἀσφαλὴς
678 2665 788 2718 τῶν
851 2667 1244 2736 πρεσϐυτέρων
1305 2669 1338 2737 ή
1417 2668 1730 2737 είσήγησις,
1767 2669 1832 2737 τῇ

265 2753 441 2825 πολλῇ
471 2739 564 2807 tofi
598 2756 717 2825 βίον
749 2757 846 2810 καὶ
880 2756 989 2812 τῶν
1019 2758 1368 2830 πραγμάτων
1409 2759 1574 2829 πείρᾳ
1611 2759 1836 2830 βοηθου-

264 2845 428 2916 an.

345 2938 435 2991 Ἐν
467 2935 648 3009 πολλῷ
685 2937 864 3009 χρόνῳ
901 2939 1084 3009 σοφία,
1127 2941 1186 2993 ὲν
1222 2940 1278 2994 δὲ
1328 2941 1525 3012 μακρῷ
1558 2939 1659 3012 βίῳ
1705 2941 1828 2994 επι-

259 3030 360 3100 στή
371 3047 470 3100 μηο

337 3119 615 3191 Στέφανος
649 3118 976 3190 καυχήσεως
1023 3119 1226 3192 γῆρας,
1267 3123 1330 3176 ἐν
1375 3119 1433 3176 δὲ
1464 3121 1603 3176 ὁδοίτ
1635 3121 1840 3177 δικαιο-

259 3213 430 3284 σύνης
459 3211 801 3282 εὑρίσκεται.

335 3303 474 3371 Δόξα
504 3303 893 3376 πρεσϐυτέρων
929 3299 1134 3359 πολιαί.

340 3397 615 3464 Στέφανος
645 3395 922 3467 γερόντων
955 3395 1120 3450 τέκνα
1149 3394 1380 3452 τέκνων.

334 3487 510 3541 nona
556 3491 674 3541 εστι
714 3488 976 3557 φρόνησις
1020 3487 1356 3558 ἀνθρώποις,
1387 3488 1480 3542 καὶ
1513 3487 1701 3559 ήλικία
1733 3488 1838 3561 γή-

265 3596 379 3650 ρως
412 3579 496 3649 βίο
506 3599 521 3640 ;
554 3579 860 3648 ἀκηλίδωτο
869 3595 914 3641 ς.

341 3669 529 3742 Γῆρας
556 3668 788 3723 λεόντων
818 3669 1072 3739 κρεῖσσον
1098 3667 1357 3740 ἀκμαίων
1393 3659 1628 3742 νεϐρῶν.

352 3857 444 3911 Ἔν
479 3855 673 3925 πλήθει
699 3854 1092 3927 πρεσϐυτέρων
1127 3853 1285 3922 στῆθι
1303 3869 1320 3888 ο
1352 3853 1444 3907 καὶ
1473 3851 1525 3906 εῑ
1546 3868 1630 3916 τις
1651 3851 1834 3918 σοφὸς,

265 3947 710 4022 προσκολλήθητι
744 3946 915 4018 αὐτῷ.

344 4038 440 4108 Μὴ
466 4037 684 4108 ἀστόχει
721 4037 1064 4107 διηγήματος
1091 4031 1364 4102 γερόντων
1389 4045 1404 4062 ο
1423 4030 1520 4083 καὶ
1545 4026 1656 4098 γὰρ
1683 4025 1838 4081 αὐτοὶ

263 4129 473 4201 ἔμαθον
504 4130 656 4198 παρὰ
685 4127 796 4180 τῶν
826 4127 1081 4198 πατέρων
1110 4124 1310 4179 αὐτῶν.

336 4220 431 4290 Μὴ
477 4219 753 4290 ἀτιμάσῃς
793 4217 965 4285 ἄνδρα
991 4217 1050 4268 ὲν
1078 4215 1225 4285 γήρᾳ
1265 4211 1456 4278 αὐτοῦ,
1486 4211 1580 4264 καὶ
1609 4210 1718 4282 γὰρ
1746 4210 1841 4264 καὶ

263 4313 327 4380 ἐξ
353 4311 513 4384 ήμῶν
545 4310 944 4380 γηράσκουσιν.

342 4403 618 4472 Στέφανος
646 4401 918 4471 γερόντων
949 4397 1300 4466 πολυπειρία,
1349 4395 1444 4449 καὶ
1471 4393 1533 4448 τὸ
1575 4393 1839 4464 καύχημα

265 4494 454 4550 αὐτῶν
483 4493 642 4563 φόϐος
673 4491 906 4562 Κυρίου.

262 4678 568 4746 ἐπιγνῶναι
606 4674 842 4747 βουλήνι
881 4674 970 4738 Ὠς
1006 4673 1181 4742 ὡραία
1229 4672 1500 4740 γερόντων
1533 4668 1693 4723 σοφία
1743 4667 1838 4720 καὶ

264 4770 679 4840 δεδοξασμένοις
707 4767 1045 4838 διανοήματα
1075 4765 1268 4838 βουλῆς
1297 4765 1312 4818 l

341 4973 475 5026 Ὅτε
519 4964 586 5045 ἧς
633 4971 920 5038 νεώτερος,
968 4966 1234 5032 ἐζώννυες
1280 4962 1507 5017 σεαυτόν
1538 4972 1553 4988 ·
1608 4960 1738 5014 ὅταν
1787 4959 1845 5012 δὲ

263 5065 561 5137 γηράσῃς.
609 5061 851 5126 ὲκτενείς
895 5058 994 5124 τὰς
1044 5058 1234 5130 χεῖράς
1287 5073 1406 5122 σου,
1459 5053 1555 5107 καὶ
1587 5051 1744 5114 ἄλλος
1781 5066 1842 5102 σε

266 5157 460 5222 ζώσει.

345 5250 460 5303 ίίᾶν
485 5261 548 5299 το
579 5245 898 5317 ἀρχαιότητι
928 5243 1186 5316 διαφέρον
1213 5241 1522 5311 αἰδέσιμον.

346 5429 518 5485 Πλέον
562 5427 640 5500 τῷ
703 5427 821 5482 δντι
868 5427 968 5500 τῆς
1025 5427 1120 5481 ἐπὶ
1171 5423 1319 5497 θριξὶ
1374 5422 1705 5494 λευκότητος
1763 5422 1843 5487 είς

264 5517 677 5592 πρεσϐυτέρους
739 5518 914 5576 απασι
971 5517 1034 5573 τδ
1089 5521 1146 5572 ὲν
1204 5515 1471 5588 φρονήσει
1531 5511 1843 5586 πρεσϐυτε-

265 5615 604 5777 ριῖιϊιφέρει
644 5705 741 5760 τοῦ
790 5704 988 5778 νηπίου
1029 5703 1146 5760 καθ’
1183 5702 1404 5758 ήλικίαν
1451 5701 1605 5756 οὐδὲν
1648 5702 1677 5755 ὁ
1726 5699 1844 5764 ταῖς

265 5799 434 5872 φρεσὶ
460 5799 766 5880 ν-ηπιάζων.

1939 555 2118 602 autem
2147 549 2348 601 malum
2378 563 2658 617 generum,
2687 549 2850 603 lilium
2882 550 3046 604 etiam
3081 545 3336 616 perdidit.

2276 637 2517 693 SERMO
2554 639 2672 694 xv:
2713 639 2814 711 [σι.
2843 639 3158 712 cxxxnt].

2145 730 2222 785 De
2245 731 2360 800 ﬁlia
2400 732 2610 785 minime
2645 731 2860 786 honesta
2889 744 2936 787 et
2969 733 3300 787 inmodesta.

2011 819 2176 877 Eccli.
2212 838 2345 877 xm.
2410 821 2560 878 Filiae
2620 824 2877 894 inquietae
2925 839 3064 894 pone
3097 825 3400 888 custodem,
3442 840 3509 879 ne

1938 915 2138 984 gaudio
2176 915 2382 971 aﬂicias
2411 916 2666 972 inimicos
2693 923 2839 972 tuos.

2009 1004 2147 1061 Filia
2199 1005 2359 1079 (alia:
2401 1009 2618 1062 additur
2668 1009 2842 1081 fatua)
2883 1009 3111 1064 minoris
3164 1009 3314 1063 venit
3351 1008 3503 1062 aesti-

1937 1099 2165 1158 manda.

2006 1189 2150 1246 Ibid.
2181 1190 2376 1246 Audax
2407 1201 2462 1247 et
2495 1191 2781 1262 impudens
2813 1201 3024 1262 patrem
3050 1201 3105 1247 et
3133 1191 3309 1247 virum
3338 1189 3509 1246 dede-

1938 1295 2114 1349 corat,
2146 1296 2200 1340 et
2234 1286 2302 1340 ab
2334 1295 2572 1356 utroque
2609 1286 3030 1355 vituperabitur.
3243 1340 3247 1348 ,

2005 1373 2147 1430 Ibid.
2182 1391 2312 1432 χχιι.
2334 1376 2470 1431 Filia
2488 1378 2606 1432 sine
2629 1375 2956 1432 verecundia
2976 1374 3255 1431 infamiam
3285 1373 3510 1430 delebit.

2329 1485 2562 1543 SEltMO
2595 1488 2757 1544 xvu.
2786 1488 2884 1561 [αι.
2917 1487 3125 1560 CLIII].

2119 1580 2194 1634 De
2229 1580 2436 1636 senibus
2483 1582 2674 1634 virtute
2707 1591 2755 1634 ει
2781 1582 3061 1651 prudentia
3104 1579 3330 1634 ornatis.

2009 1737 2133 1796 Leu.
2167 1754 2279 1794 λιι.
2311 1739 2463 1795 Cano
2491 1739 2886 1806 assurgendum
2922 1741 3050 1804 :est,
3093 1745 3146 1790 et
3168 1735 3374 1791 seniori
3419 1734 3514 1788 lto-

1938 1847 2042 1887 nor
2070 1833 2352 1887 habendus
2377 1842 2484 1896 est,

2006 1925 2168 1978 Dent.
2219 1926 2491 1993 Interroga
2547 1932 2752 1992 patrem
2797 1934 2973 1988 tuum,
3005 1933 3076 1978 set
3133 1919 3513 1984 annnntiabil,

1939 2018 2188 2074 seniores
2221 2026 2367 2083 tuos,
2400 2025 2455 2070 et
2487 2017 2674 2071 dicent
2705 2017 2827 2070 tibi.

2011 2107 2077 2162 ΙΙ
2107 2108 2236 2180 Reg.
2272 2125 2349 2175 n;
2405 2106 2471 2162 II
2522 2108 2714 2162 Paral.
2774 2125 2826 2163 x.
2875 2106 3066 2162 Locuti
3100 2116 3224 2162 sunt
3280 2105 3346 2160 ad
3401 2104 3515 2158 Ro-

1941 2201 2100 2258 boan)
2145 2204 2390 2258 seniores
2427 2203 2478 2256 in
2529 2203 2677 2256 hunc
2713 2204 2931 2256 modum
2965 2219 2980 2256 :
3031 2201 3399 2256 Si'liodicrno
3427 2197 3516 2251 die

1941 2295 2115 2349 lueris
2149 2275 2343 2349 servus
2375 2295 2556 2363 populi
2594 2295 2774 2363 hujus,
2817 2295 2977 2363 eique
3013 2293 3302 2355 servieris,
3331 2303 3382 2345 et
3418 2291 3542 2345 bo-’

1943 2389 2028 2442 nis
2061 2399 2114 2442 et
2152 2387 2512 2441 humanitatis
2540 2386 2715 2457 plenis
2746 2387 2932 2450 verbis,
2954 2388 3168 2441 locutus
3203 2386 3391 2448 lucris,
3439 2386 3513 2438 illi

1945 2477 2110 2530 futuri
2153 2486 2280 2530 sunt
2315 2477 2367 2530 in
2401 2486 2722 2546 perpetuum
2757 2477 2899 2532 servi
2927 2478 3025 2532 tui.
3068 2476 3176 2532 Sed
3215 2476 3370 2546 155
3410 2475 3518 2530 Ro-

1941 2567 2099 2621 boam
2135 2567 2424 2621 consilium
2460 2566 2743 2620 seniorum
2777 2581 2884 2620 non
2927 2575 3010 2619 est
3037 2574 3282 2620 secutus.

2015 2659 2281 2715 Scholion.
2324 2659 2467 2715 Tuta
2498 2671 2580 2715 est
2635 2661 2911 2716 seniorum
2948 2659 3220 2725 doctrina,
3263 2669 3318 2714 et
3364 2674 3516 2714 con-

1944 2756 2123 2809 silium
2155 2755 2312 2825 longo
2345 2756 2462 2808 vita:
2490 2762 2544 2809 et
2580 2769 2764 2810 rerum
2804 2770 2906 2810 usu
2938 2754 3185 2823 adjutum
3222 2763 3277 2808 et
3310 2753 3504 2807 ﬁrma-

1946 2855 2085 2900 tum.

2015 2935 2111 2990 Job
2157 2950 2254 2991 ιιι.
2291 2935 2349 2990 in
2396 2935 2758 3010 diuturnitate
2817 2935 3080 3005 temporis
3132 2935 3424 3007 sapientia,
3457 2942 3512 2988 at

1950 3033 2005 3083 in
2040 3028 2199 3098 longa
2233 3029 2339 3081 vita
2374 3028 2602 3082 scientia
2635 3035 2741 3082 est.

2020 3116 2181 3172 Prov.
2223 3135 2330 3173 xw.
2359 3116 2720 3175 Gloriutionis
2755 3131 2961 3174 corona
2992 3125 3270 3186 senectus,
3306 3135 3428 3192 quae
3454 3120 3512 3175 in

1946 3209 2052 3266 viis
2074 3210 2303 3279 justitia:
2334 3212 2627 3280 reperitur.

2012 3299 2200 3357 Gloria
2229 3317 2424 3358 senum
2456 3301 2578 3356 cani
2606 3309 2758 3358 sunt.

2019 3393 2235 3450 Corona
2267 3409 2461 3449 senum
2487 3393 2646 3449 liberi
2680 3393 3000 3449 liberorum.

2016 3485 2148 3557 Sap.
2195 3502 2271 3541 ιν.
2321 3485 2569 3542 Canities
2603 3495 2689 3541 est
2734 3486 3026 3558 prudentia
3073 3486 3429 3557 hominibus;
3462 3496 3520 3544 et

1944 3580 2133 3637 senilis
2167 3587 2321 3644 tetas,
2361 3578 2470 3649 vita
2501 3578 2650 3632 nulla
2683 3577 2806 3632 labe
2839 3579 3233 3635 contaminata.

2025 3670 2427 3740 Hippothonlis.
2481 3669 2684 3725 Leonis
2732 3677 2986 3726 senectus
3033 3673 3384 3740 praestantior
3431 3684 3519 3728 est

1945 3764 2301 3820 liinnulorum
2329 3763 2580 3833 juventa.
2727 3747 2730 3750 i

2011 3856 2223 3913 θέωσι.
2273 3855 2612 3911 Mnltitudini
2639 3870 2832 3911 senum
2866 3853 3181 3925 acquiesce,
3231 3871 3295 3913 ac
3343 3857 3392 3913 ei
3429 3857 3521 3927 qui

1943 3950 2170 4021 sapiens
2198 3957 2284 4005 est
2316 3949 2680 4020 agglutinare.

2009 4041 2090 4098 Ne
2131 4042 2423 4112 repudiato
2471 4041 2821 4098 narrationes
2871 4040 3144 4112 majorum
3180 4051 3347 4111 natu;
3394 4059 3519 4099 nam

1943 4133 2021 4189 illi
2053 4149 2082 4188 a
2114 4131 2362 4204 patribus
2397 4133 2516 4191 suis
2554 4133 2888 4189 didicerunt.

2012 4224 2133 4279 Noli
2155 4233 2511 4280 contemnere
2529 4240 2860 4296 quemquam
2886 4223 2941 4279 in
2969 4233 3293 4294 senectute;
3318 4226 3520 4282 etenim

1942 4330 2010 4372 ex
2041 4315 2197 4372 vobis
2225 4317 2392 4372 etiam
2425 4318 2671 4387 suntqui
2708 4317 2876 4372 l‘uturi
2908 4318 3018 4372 sint
3051 4332 3237 4375 senes.

2013 4403 2229 4460 Corona
2272 4421 2465 4461 senum
2503 4420 2732 4477 magnus
2757 4421 2937 4460 rerqu
2984 4421 3154 4473 usus,
3186 4418 3240 4462 et
3274 4403 3527 4478 gloriatio

1870 4505 1914 4563 ς.
1945 4497 2190 4568 ipsorum
2226 4499 2319 4552 Dci
2355 4510 2552 4553 metus.

354 4587 444 4648 Ὧς
497 4583 697 4654 ὡραῖον
757 4583 970 4645 πολιαῖς
1025 4579 1232 4652 κρίσις,
1292 4579 1388 4634 καὶ
1445 4575 1841 4650 πρεσϐυτέροις
1893 4613 1896 4615 μ

2014 4586 2187 4653 Quam
2212 4587 2468 4644 decorum
2493 4596 2576 4643 est
2601 4585 2816 4643 canitiei
2834 4588 3124 4660 judicium,
3144 4599 3198 4647 et
3225 4591 3527 4660 majoribus

1952 4691 2085 4735 natu
2115 4696 2276 4736 nosse
2294 4681 2553 4736 consilia!
2589 4681 2759 4747 Quam
2785 4684 3011 4752 pulchra
3073 4695 3154 4738 est
3205 4699 3396 4738 senum
3431 4699 3519 4738 sa-

1952 4771 2157 4843 pientia
2181 4811 2197 4837 ,
2226 4782 2280 4826 et
2305 4781 2466 4827 aetate
2498 4781 2717 4829 evectos
2759 4789 2922 4844 quam
2983 4775 3140 4830 decet
3166 4774 3521 4829 consiliorum

1954 4865 2315 4934 intelligentia
2338 4866 2351 4919 l

2018 4955 2178 5012 Joan.
2212 4971 2326 5013 ut.
2359 4957 2490 5012 Cum
2548 4956 2770 5027 juvenis
2800 4971 2978 5026 esses,
3019 4957 3274 5029 cingebas
3323 4959 3526 5028 teipse;

1953 5063 2078 5106 cum
2106 5059 2290 5105 autem
2321 5049 2592 5117 senueris,
2620 5051 2882 5107 extendes
2906 5065 3101 5107 manus
3131 5062 3274 5119 tuas,
3302 5062 3358 5108 et
3382 5053 3528 5109 alius

1956 5152 2009 5198 te
2040 5142 2242 5214 cinget.

2037 5234 2099 5290 S.
2143 5233 2358 5292 Basilii.
2393 5231 2670 5306 Quidquid
2725 5245 3000 5296 vetustate
3047 5237 3266 5296 excellit
3295 5251 3525 5293 venera-

1955 5324 2066 5381 bile
2091 5332 2198 5382 est.

2024 5415 2227 5472 Senilis
2261 5415 2430 5472 animi
2483 5416 2707 5475 habitus
2739 5428 2794 5476 et
2844 5430 3057 5476 matura
3102 5417 3391 5490 prudentia
3443 5432 3527 5472 re.

1953 5523 2082 5565 vera
2136 5509 2485 5579 praestantior
2518 5511 2603 5565 vel
2644 5510 2965 5582 capillorum
3019 5509 3245 5576 canitie,
3279 5523 3406 5581 quas
3467 5507 3524 5563 in

1955 5600 2216 5659 omnibus
2249 5611 2410 5657 aetate
2442 5604 2714 5672 provectis
2751 5602 3044 5674 reperitur.

2008 5692 2163 5748 Nihil
2202 5693 2429 5749 interest
2483 5694 2629 5749 inter
2681 5702 2843 5752 actate
2891 5710 3124 5767 puerum
3171 5703 3382 5754 etcum
3429 5693 3524 5768 qui

1955 5800 2136 5845 mente
2165 5801 2366 5863 pueros
2395 5787 2661 5843 imitatur.
