3996 6194
563 288 705 358 1055
1834 284 2156 350 ANTONII
2200 287 2546 350 recussa
3599 307 3695 374 ωε,

631 402 904 473 Theologi.
934 401 1122 456 Melior
1157 408 1242 457 est
1267 399 1500 456 canities
1522 413 1649 455 cum
1685 396 1976 469 prudentia
1999 414 2132 456 con-
2157 405 2209 468 Α

2115 429 2132 441 -
2157 405 2213 468 Δ
2307 403 2580 475 Κρεϊσσον
2619 403 2782 459 πολιὰ
2814 403 2952 476 μετὰ
2985 405 3292 476 φρονήσεως
3322 405 3593 466 ἀπαιδεύτου
3616 422 3693 471 νεό-

555 497 768 566 junrta,
803 511 964 564 quam
990 495 1249 564 juventus
1285 492 1576 549 inerudita.
2127 539 2134 548 ,
2232 508 2418 563 τητος.

621 591 870 658 Magnum
910 604 1068 643 nsum
1120 601 1304 642 rerum
1335 599 1388 641 et
1437 584 1833 655 experientiam
1887 591 2134 655 tempore

2116 600 2134 641 ι
2307 585 2517 657 Πολλὴν
2563 587 2860 658 εμπειρίαν
2906 588 2985 660 τῷ
3018 588 3194 660 χρόνῳ
3223 591 3556 664 συνελέξαμεν,
3590 597 3633 660 ἐξ
3649 593 3694 667 ἦς

557 681 900 749 collegimus,
932 695 999 734 ex
1032 694 1139 748 qua
1167 679 1411 733 nascitur
1443 677 1734 746 sapientia.
1765 733 1777 742 ,

1077 694 1139 732 ua
1167 679 1411 733 nascitur
1443 677 1734 746 sapientia.
1765 733 1777 742 ,
2235 678 2398 747 σοφία
2423 679 2655 746 γίνεται.

626 773 742 828 Non
781 772 981 827 decent
1007 785 1166 826 senes
1192 771 1420 840 puerilia
1459 769 1689 823 ludicra.

2305 770 2417 840 Οὐχ
2446 770 2648 841 ὡραῖον
2679 771 2826 843 γήρᾳ
2857 773 3070 828 παίδων
3101 773 3393 845 ἀθύρματα.

620 863 679 919 S.
710 862 980 934 Chrysost.
1007 873 1055 917 et
1090 861 1218 930 Sap.
1251 878 1323 916 tv.
1358 861 1599 916 Canities
1658 876 1764 915 non
1795 860 1975 930 capilli
2001 861 2132 932 albi,

2001 861 2132 932 albi,
2305 862 2473 915 [Ιολιὰ
2498 863 2556 915 οὐ
2587 863 2775 932 τρίχες
2801 864 3014 928 λευκαὶ,
3044 865 3178 918 ἀλλὰ
3207 865 3373 936 ψυχῆς
3405 868 3579 938 aperi};

555 959 650 1012 sed
687 957 854 1011 animi
892 957 1086 1012 virtus.

621 1048 730 1102 Nec
758 1049 1014 1117 juvenem
1043 1047 1362 1110 criminare,
1389 1061 1566 1114 neque
1590 1061 1774 1100 senem
1807 1047 2002 1108 lauda;
2037 1064 2134 1104 ne-

2122 1077 2134 1096 .
2303 1042 2394 1111 Μὴ
2442 1042 2534 1098 τὸν
2582 1044 2700 1096 νέον
2757 1044 3053 1112 διάϐαλλε,
3113 1047 3247 1116 μηδὲ
3292 1047 3377 1100 τὸν
3425 1048 3700 1116 γεγηρακότα

554 1154 662 1207 que
697 1139 841 1192 enim
871 1139 924 1191 in
951 1138 1146 1203 aetatis,
1181 1137 1270 1192 sed
1305 1137 1359 1190 in
1395 1135 1564 1190 animi
1599 1135 1903 1193 differentia
1956 1138 2132 1193 virtus

2123 1155 2133 1193 ι
2232 1135 2442 1189 ἐπαίνει
2467 1153 2481 1168 ·
2517 1136 2643 1190 οὔτε
2672 1137 2783 1208 γὰρ
2810 1139 2868 1193 ἐν
2899 1141 2967 1209 τῇ
2994 1138 3229 1210 διαφορᾷ
3254 1139 3349 1210 τῆς
3372 1137 3557 1210 ἡλικίας
3580 1139 3701 1210 ἀρετὴ

553 1239 608 1283 et
639 1230 830 1283 vitium
863 1228 1134 1283 emisistit.

2233 1229 2328 1281 καὶ
2359 1229 2550 1293 κακία,
2587 1229 2704 1283 ἀλλ’
2736 1231 2794 1282 ὲν
2825 1232 2890 1301 τῇ
2920 1231 3153 1301 διαφορᾷ
3179 1233 3274 1299 τῆς
3305 1229 3523 1300 γνώμης.

621 1317 737 1372 Non
807 1328 1029 1372 aetatum
1097 1317 1467 1372 dilierentiam
1533 1319 1684 1373 novit
1749 1319 2128 1374 universitatis

2119 1335 2128 1372 ε
2303 1321 2420 1373 Οὐκ
2465 1321 2608 1374 οἶδεν
2655 1321 2875 1392 ἡλικίας
2922 1323 3187 1393 διαφορὰν
3221 1323 3250 1374 ό
3275 1321 3376 1376 τῶν
3419 1323 3536 1375 ὅλων
3577 1320 3697 1382 Θεός·

551 1411 728 1476 Deus;
781 1410 872 1464 sed
913 1410 1162 1478 pietatem
1221 1411 1396 1465 solam
1477 1419 1533 1464 et
1580 1426 1763 1464 rerum
1820 1412 2126 1465 divinarum

2123 1434 2126 1465 ι
2231 1409 2346 1462 ἀλλ’
2396 1410 2682 1466 εὐσέϐειαν
2735 1414 2906 1486 μόνην
2961 1414 3058 1468 καὶ
3113 1412 3382 1483 φιλοθεῖαν
3431 1410 3587 1482 ζητεῖ,
3629 1410 3701 1464 κᾶν

549 1502 787 1556 studium
822 1518 849 1554 a
884 1501 1043 1556 nobis
1077 1503 1306 1573 requirit
1331 1503 1530 1582 z'quod
1565 1505 1607 1556 si
1659 1503 1776 1557 haec
1823 1503 1876 1556 in
1922 1503 2127 1571 juvene

2229 1499 2363 1571 εὕρῃ
2395 1503 2601 1574 ταύτην
2629 1505 2688 1559 ἐν
2717 1505 2842 1574 νέῳ,
2892 1505 3102 1560 πολλῶν
3141 1504 3296 1560 τοῦτο
3336 1503 3586 1575 προτίθησι
3612 1520 3705 1573 πρε-

550 1593 835 1662 repererit,
870 1593 1054 1647 multis
1091 1595 1236 1649 hunc
1268 1605 1556 1664 anteponit
1584 1595 1825 1650 senibus.
2233 1594 2534 1665 σϐυτέρων.

611 1683 880 1740 Senectus
908 1696 962 1740 et
1017 1695 1305 1756 paupertas
1372 1687 1482 1741 duo
1560 1695 1688 1740 sunt
1738 1695 1934 1741 curatu
1983 1684 2124 1742 dilIi-

2074 1685 2124 1740 Ξ·-
2301 1685 2482 1756 Γῆρας
2515 1687 2610 1741 καὶ
2641 1688 2802 1743 πενία
2831 1687 2926 1742 δύο
2955 1688 3256 1759 πράγματα
3282 1687 3652 1758 δυσθεράπευτα.

548 1774 696 1827 cilia.

617 1865 884 1920 Philonis.
942 1866 1102 1936 156
1162 1865 1302 1920 Vere
1361 1881 1524 1920 senex
1574 1882 1681 1919 non
1729 1881 1796 1919 ex
1854 1867 2118 1936 temporis

2311 1862 2368 1916 '0
2417 1861 2647 1935 ἀληθείᾳ
2697 1863 3073 1934 πρεσϐύτερος
3125 1865 3229 1918 οὐκ
3270 1865 3326 1916 ὲν
3371 1863 3516 1933 μήκει
3540 1857 3707 1930 χρόνον»

548 1955 988 2025 longinquitate,
1040 1955 1134 2009 sed
1182 1970 1246 2010 ex
1295 1955 1557 2008 laudabili
1609 1963 1662 2007 et
1717 1954 1959 2023 perlecta
2012 1955 2124 2011 vita

1941 1970 1959 2008 ι
2012 1955 2124 2011 vita
2225 1954 2342 2008 ἀλλ’
2373 1956 2431 2008 ὲν
2462 1955 2739 2027 ἐπαινετῷ
2766 1957 2862 2010 καὶ
2890 1957 3081 2028 τελείῳ
3113 1957 3215 2028 βίῳ
3247 1956 3519 2027 θεωρεῖται.

551 2053 856 2113 spectatur.
1684 2042 1713 2072 ⁸
2031 2067 2036 2070 ·

617 2136 854 2191 Juvenili
907 2136 1030 2190 vita:
1075 2150 1199 2205 qua:
1243 2135 1295 2189 in
1349 2149 1536 2190 rerum
1593 2135 1810 2191 actione
1844 2144 2122 2202 versatur,

2294 2131 2449 2188 Μετὰ
2499 2132 2590 2186 τὸν
2639 2133 2699 2188 ἐν
2751 2135 2966 2206 νεότητι
3017 2134 3321 2205 πρακτικὸν
3349 2132 3580 2204 βίονόὲν
3601 2130 3708 2198 γήρᾳ

548 2229 739 2283 senilis
797 2227 1046 2282 succedit
1102 2227 1557 2296 praestantissima
1627 2237 1683 2282 et
1727 2228 2120 2293 sacratissima,

2225 2226 2557 2297 θεωρητικὸς
2605 2227 2720 2296 βίος
2771 2228 2996 2296 ἄριστος
3049 2231 3154 2283 καὶ
3206 2229 3515 2298 ἱερώτατος·
3558 2223 3606 2276 δν
3645 2217 3711 2275 οἷα

539 2335 720 2389 eaque
749 2320 800 2373 in
834 2335 1016 2372 rerum
1048 2317 1511 2388 contemplatione
1545 2319 1812 2384 cernitur,
1843 2321 1930 2373 cui
1963 2319 2117 2388 quasi

2224 2319 2567 2390 κυϐερνήτην
2612 2321 2999 2390 παραπέμψας
3045 2323 3073 2373 ὁ
3128 2321 3281 2384 Θεὸς,
3320 2320 3581 2388 ἐνεχείρισε
3618 2316 3710 2376 τοὺς

551 2413 904 2483 gubernatori
931 2428 961 2465 a
991 2426 1049 2466 se
1079 2411 1248 2466 misso
1275 2410 1416 2464 Deus
1441 2411 1809 2480 gubernacula
1840 2411 1896 2465 in
1929 2427 2124 2468 manus

2223 2412 2436 2479 οἴακας,
2487 2411 2563 2474 ὡς
2617 2411 2804 2464 ἱκανὸν
2836 2412 3227 2483 πηδαλιουχεῖν
3255 2413 3320 2465 τὰ
3351 2411 3560 2478 ἐπίγεια
3584 2405 3710 2476 χωρὶς

546 2505 792 2565 tradidit,
817 2515 1072 2574 tanquam
1106 2502 1305 2558 idoneo
1336 2503 1428 2572 qui
1461 2503 1634 2572 possit
1669 2511 1882 2557 terrena
1922 2505 2122 2575 guber-

2223 2503 2330 2574 γὰρ
2359 2504 2593 2574 θεωρίας
2616 2505 2814 2575 ὲπιστη
2825 2507 3053 2575 μονικῆς
3083 2506 3243 2561 οὐδὲν
3268 2504 3372 2559 τῶν
3396 2498 3713 2574 πραττομένων

559 2595 756 2650 nacula
792 2603 1012 2658 tenere;
1049 2608 1172 2647 nam
1209 2593 1326 2648 sine
1358 2593 1822 2662 contemplatione
1861 2604 1916 2650 et
1941 2597 2122 2650 scien-
2224 2597 2410 2651 καλόν.

551 2687 628 2743 tia
659 2686 792 2741 nihil
821 2687 872 2739 in
911 2687 1071 2740 rebus
1099 2685 1323 2754 agendis
1362 2685 1650 2739 honestum
1683 2695 1788 2740 est.

623 2777 865 2848 Evagrii.
899 2776 1040 2831 Tum
1075 2775 1311 2831 ﬂorescit
1342 2777 1562 2830 animus
1588 2775 1656 2828 ad
1690 2776 1974 2830 scientiam
2001 2791 2123 2846 per-

2308 2776 2485 2830 Ἀιιθεί
2519 2777 2654 2848 πρὸς
2691 2778 3003 2850 ἐπιστήμην
3037 2778 3220 2850 ψυχὴ,
3246 2777 3398 2832 ὁπότε
3430 2777 3486 2829 ἐκ
3523 2769 3602 2826 τοῦ
3642 2767 3715 2822 σώ-

541 2872 874 2942 eipiendam,
921 2887 1044 2925 cum
1099 2870 1268 2925 robur
1297 2869 1544 2939 corporis
1577 2868 1942 2924 diuturnitate
1984 2878 2119 2925 tern-

1867 2879 1942 2924 ttc
1984 2878 2121 2925 tcm-
2226 2881 2396 2935 ματος
2425 2867 2602 2936 ἀκμαὶ
2631 2869 2825 2938 χρόνον
2862 2869 3032 2939 μήκει
3066 2869 3445 2941 μαραίνονται.

542 2966 692 3032 poris
726 2963 1044 3016 marcescit.

620 3054 756 3108 Nili.
805 3054 1050 3123 Capillus
1087 3053 1247 3110 albus
1281 3051 1460 3108 factus
1493 3053 1732 3107 animam
1784 3054 1911 3108 hinc
1940 3054 2117 3109 abitu-

2295 3043 2428 3115 Θρὶξ
2455 3045 2865 3116 λελευκασμένη
2897 3047 2998 3117 τὴν
3027 3046 3293 3101 ἐντεῦθεν
3323 3044 3417 3116 τῆς
3441 3041 3595 3112 ψυχῆς
3622 3038 3719 3090 dite

543 3161 661 3200 ram
696 3155 930 3200 testatur
962 3154 1017 3199 et
1046 3147 1262 3198 clamat.

2150 3127 2195 3190 C
2225 3133 2426 3204 δημίαν
2459 3134 2558 3205 βοᾷ
2585 3140 2677 3190 καὶ
2709 3137 3179 3209 διαμαρτύρεται.

630 3238 879 3306 Symeon.
915 3233 1102 3304 Neque
1129 3235 1306 3289 cuivis
1337 3235 1451 3288 seni
1498 3235 1769 3289 litlendum
1805 3244 1909 3300 est,
1935 3251 2116 3306 neque

2295 3225 2436 3279 Οὔτε
2469 3229 2613 3281 πάνυ
2646 3230 2794 3300 γήρᾳ
2826 3232 3074 3302 θαρρεῖν,
3113 3231 3240 3286 οὗτε
3269 3229 3481 3299 νεότητα
3507 3224 3597 3296 χρὴ
3621 3234 3720 3274 itav-

542 3329 726 3397 quivis
778 3328 1004 3380 omnino
1053 3327 1275 3395 juvenis
1327 3326 1720 3394 repudiandus.
1775 3325 1918 3380 Fieri
1973 3328 2115 3382 enim

2222 3318 2460 3372 τάπασιν
2495 3321 2944 3393 ἀποδοκιμάζειν.
2985 3324 3113 3378 Ἐνι
3163 3328 3290 3394 γὰρ,
3321 3319 3483 3390 οἶμαι,
3527 3317 3604 3371 καὶ
3641 3328 3715 3362 σω-

541 3432 748 3493 potcst,
783 3432 834 3476 ut
869 3423 1089 3492 opinor,
1123 3430 1182 3474 ut
1213 3429 1264 3476 et
1297 3420 1560 3489 juventus
1594 3431 1906 3492 temperans
1936 3424 2028 3490 sit,
2064 3435 2119 3480 et

2223 3416 2442 3482 φρονεῖν
2485 3413 2586 3485 τὴν
2636 3417 2888 3487 νεότητα,
2917 3417 3015 3472 καὶ
3047 3419 3230 3489 γῆρας
3263 3416 3506 3476 πολλάκις
3543 3426 3625 3462 που
3650 3399 3717 3457 τοῦ

543 3526 799 3572 senectus
835 3529 976 3584 saepe
1001 3513 1243 3569 cilicium
1276 3514 1535 3584 negligat.

1276 3514 1535 3584 negligat,
2221 3502 2556 3570 καθήκοντος
2585 3506 2829 3574 ἀμελεῖν.

613 3607 891 3662 Plutarch.
943 3606 1126 3662 lliems
1172 3615 1568 3677 tegumentum,
1619 3617 1878 3665 senectus
1912 3608 2119 3668 doloris

2308 3595 2364 3648 '0
2404 3596 2503 3666 μὲν
2550 3596 2758 3667 χειμὼν
2814 3599 3056 3668 σκέπης,
3113 3601 3177 3656 τὸ
3225 3600 3281 3654 δὲ
3331 3597 3496 3669 γῆρας
3535 3585 3715 3646 ἀλυπίας

541 3699 869 3755 vanitatem
919 3698 1166 3768 requirit.

2218 3686 2406 3742 δεῖται.
3095 3689 3099 3693 ’

607 3791 792 3848 Solon.
827 3791 994 3846 Solon
1031 3800 1370 3848 senectutem
1420 3800 1646 3859 portum.
1677 3791 1946 3848 malorum
1993 3809 2118 3852 esse

2291 3781 2471 3836 Σόλων
2515 3782 2578 3835 τὸ
2617 3785 2794 3855 γῆρας
2839 3783 3028 3855 ἔλεγεν
3079 3788 3258 3858 ὅρμον
3304 3765 3714 3845 circumiit.“

540 3881 780 3946 dicebat,
816 3882 960 3950 quod
995 3881 1062 3936 ad
1087 3898 1205 3937 eam
1243 3881 1428 3936 omnia
1461 3881 1808 3952 confugiant.

1637 3883 1808 3952 giam.
2217 3872 2382 3926 αὑτὸν
2417 3872 2546 3941 γοῦν
2575 3877 2751 3928 πάντα
2783 3877 3152 3946 καταφεύγει.
3195 3913 3215 3928 .

604 3972 912 4028 Pliavorim'.
938 3971 1039 4037 Qui
1073 3975 1178 4028 sibi
1208 3975 1539 4042 voluptatem
1569 3975 1841 4043 reprimit,
1872 3975 2113 4046 sapiens,

2299 3963 2526 4048 Ἡδονῆς
2558 3968 2586 4019 ὁ
2625 3967 2727 4036 μὲν
2759 3967 3091 4038 εἰργόμενος
3120 3969 3285 4038 σοφός
3305 3983 3321 4000 ·
3353 3969 3381 4022 ὁ
3407 3965 3458 4020 δὲ
3486 3963 3552 4034 μὴ
3574 3956 3713 4026 δεόμε-

541 4065 636 4134 qui
666 4067 1014 4132 reprcssione
1047 4077 1152 4116 non
1181 4062 1414 4131 indiget,
1459 4064 1654 4120 beatus
1707 4075 1825 4120 est:
1857 4075 2115 4121 senectus

1947 4075 2115 4121 lectus
2217 4073 2305 4120 vo;
2339 4057 2610 4128 μακάριος
2631 4075 2646 4091 ο
2681 4057 2742 4112 τδ
2769 4057 2825 4112 δὲ
2851 4059 3035 4130 γῆρας
3067 4062 3210 4132 πρὸς
3239 4059 3525 4130 ἀμφότερα.

541 4159 609 4211 ad
663 4167 960 4224 utrumque
1013 4155 1128 4221 (vel
1191 4155 1250 4208 in
1303 4164 1593 4211 senectute
1644 4164 1728 4214 est
1759 4155 2110 4228 utrumque).

541 4245 781 4318 (Desunt
809 4245 1052 4316 quaedam
1075 4245 1114 4314 .)

1099 4377 1331 4433 δεξιΜο
1365 4376 1553 4434 XVIII.

2815 4374 3034 4430 ΛΟΓΟΣ
3083 4377 3194 4432 IH'.

740 4494 820 4549 De
849 4493 1056 4548 senibus
1085 4493 1367 4550 inhonestis
1398 4503 1445 4548 et
1475 4494 1908 4563 imprudentibus.
2139 4460 2186 4518 Β
2263 4491 2318 4542 Π

2139 4460 2186 4518 D
2263 4487 2405 4556 Περὶ
2434 4489 2729 4558 γερόντων
2757 4491 2827 4546 ἐν
2855 4494 3035 4562 ἀνοιᾳ
3069 4495 3174 4550 καί
3206 4494 3385 4561 κακίᾳ
3405 4490 3674 4557 βιούντων.

609 4610 778 4665 Eccli.
814 4625 941 4664 xxv.
966 4609 1164 4664 Senem
1191 4609 1498 4666 adulterum
1525 4611 1803 4666 intellectu
1829 4625 2106 4669 carentem

2296 4604 2590 4676 Ἐμίσησεν
2619 4607 2653 4676 ή
2682 4605 2830 4677 ψυχή
2881 4624 2993 4677 μου.
3020 4613 3263 4677 γέροντα
3309 4605 3506 4676 μοιχὸν,
3526 4591 3715 4653 timi-

539 4721 604 4760 ex
638 4697 824 4759 animo
851 4701 964 4758 odi.
2011 4697 2016 4701 ’

2011 4697 2016 4701 ’
2215 4712 2374 4766 μενον
2403 4697 2637 4751 σύνεσιν.

608 4793 636 4848 1
665 4792 789 4850 Cor.
825 4809 935 4848 xiv.
975 4789 1218 4857 Fratres,
1266 4806 1334 4845 ne
1379 4792 1501 4848 sitis
1548 4794 1746 4863 puerili
1773 4805 1970 4865 mente,
2015 4800 2109 4854 sed

2301 4789 2569 4858 Ἀδελφοὶ,
2618 4790 2692 4862 μὴ
2728 4791 2919 4848 παιδία
2961 4795 3194 4863 γίνεσθε
3236 4797 3358 4859 ταῖς
3403 4790 3592 4862 φρεσὶν,
3619 4777 3716 4834 ἀλλἃ

539 4885 689 4938 vitiis
724 4898 924 4954 pueros
954 4880 1273 4946 imitamini,
1307 4890 1364 4935 at
1425 4891 1609 4937 mente
1642 4883 1866 4953 perfecti
1911 4897 2107 4944 estote.

2212 4881 2276 4949 τῇ
2310 4881 2478 4950 κακίᾳ
2507 4881 2823 4950 νηπιάζετε,
2858 4886 2978 4947 ταῖς
3006 4885 3065 4940 δὲ
3104 4887 3273 4958 φρεσὶ
3319 4884 3504 4939 τέλειοι
3534 4869 3713 4946 γίνεσθε-

611 4973 774 5028 Hebr.
801 4990 856 5029 v.
889 4973 1049 5028 Tardi
1077 4973 1205 5026 lacti
1234 4966 1392 5028 'estis
1422 4972 1488 5026 ad
1516 4975 1866 5033 audiendum.
1894 4978 2106 5036 Etenim

2282 4971 2501 5041 Νωθροὶ
2527 4975 2789 5043 γεγόνατε
2822 4977 2940 5040 ταῖς
2964 4965 3190 5042 ἀκοαῖς,
3215 4979 3327 5031 Καὶ
3353 4979 3456 5046 γὰρ
3479 4969 3715 5038 ὀφείλοντες

536 5066 626 5138 qui
658 5074 876 5136 propter
932 5066 1344 5120 diuturnitatem
1382 5068 1642 5135 temporis
1673 5069 1941 5127 debuistis
1983 5089 2106 5128 esse

2211 5059 2351 5116 εἶναι
2380 5063 2690 5120 διδάσκαλοι
2723 5068 2811 5122 διὰ
2841 5069 2933 5123 τὸν
2966 5071 3188 5140 χρόνον,
3225 5070 3385 5124 πάλιν
3415 5065 3582 5137 χρείαν
3604 5057 3713 5123 ἕλετί

537 5158 804 5230 magistri,
840 5171 1032 5210 rursus
1063 5157 1283 5210 doctore
1317 5156 1510 5227 egetis,
1539 5159 1630 5228 qui
1660 5173 1755 5214 vos
1781 5161 2110 5234 doceatque:

2210 5155 2306 5208 τοῦ
2352 5155 2706 5211 διδάσκεσθαι
2751 5160 2917 5229 ὑμᾶς,
2955 5162 3082 5214 τίνα
3119 5162 3191 5215 τὰ
3221 5163 3454 5232 στοιχεῖα
3483 5158 3564 5222 τῆς
3586 5145 3711 5216 ἀριῆί

522 5255 654 5307 ‘sint
684 5250 1001 5305 divinorum
1047 5249 1392 5303 oraculorum
1426 5251 1695 5320 principia
1730 5261 1786 5307 et
1814 5255 2100 5320 elementa,

2209 5247 2318 5300 τῶν
2348 5247 2544 5317 λογίων
2573 5250 2665 5302 τοῦ
2699 5251 2854 5318 Θεοῦ,
2891 5255 2984 5306 καὶ
3017 5235 3289 5322 γεγόνατε
3341 5251 3517 5322 χρείαν
3555 5244 3711 5309 ἔχοντες

532 5345 778 5412 talesque
813 5343 946 5397 estis
986 5339 1086 5411 qui
1138 5338 1280 5394 lacte
1308 5340 1540 5410 egeatis,
1592 5356 1697 5395 non
1729 5342 1895 5396 etiam
1929 5345 2106 5399 solido

2208 5341 2503 5406 γάλακτος,
2540 5343 2630 5396 καὶ
2657 5344 2717 5395 οὺ
2768 5348 2992 5415 στερεᾶς
3021 5349 3240 5418 τροφῆς
3270 5365 3284 5379 ο
3320 5348 3424 5406 πᾶς
3455 5339 3591 5410 γᾶρῦ
3617 5344 3710 5400 μετ’

531 5435 658 5490 cibo
703 5461 712 5489 ς
742 5434 997 5504 quisquis
1031 5443 1210 5486 autem
1243 5431 1380 5488 lacte
1411 5431 1584 5486 utitur
1605 5431 1834 5498 iustitiae
1880 5435 2106 5492 rationis

2207 5430 2347 5501 έχων
2380 5433 2653 5500 γάλακτος
2695 5435 2922 5506 ἄπειρος
2963 5438 3131 5506 λόγου
3181 5421 3515 5503 δικαιοσύνης
3539 5431 3710 5494 ’νήπιος

534 5525 823 5594 imperitus
869 5535 968 5590 est,
1005 5523 1149 5592 quod
1183 5539 1318 5593 puer
1363 5523 1458 5576 sit.
1509 5513 1728 5577 Solidus
1771 5539 1898 5579 vero
1945 5525 2102 5584 cibus

2205 5525 2315 5594 γάρ
2345 5527 2481 5597 ἐστι.
2516 5527 2749 5582 Τελείων
2788 5530 2844 5584 δὲ
2881 5533 2913 5602 ἡ
2949 5535 3155 5601 στερεὰ
3189 5538 3385 5603 τροφὴ,
3417 5527 3514 5580 τῶν
3551 5521 3621 5574 διά
3640 5513 3710 5577 τὴν

531 5628 618 5671 est
671 5616 1038 5688 perfectorum
1092 5617 1186 5686 qui
1241 5631 1338 5686 per
1383 5614 1632 5669 habitum
1680 5631 1876 5672 sensus
1906 5617 2104 5678 habent

2207 5617 2322 5683 ἕξιν
2373 5622 2440 5671 τὰ
2488 5620 2820 5692 αἰσθητήρια
2873 5629 3314 5696 γεγυμνασμένα
3370 5622 3574 5693 ἑχόντων
3614 5603 3711 5676 πρίθί

531 5708 859 5763 exercitatos
893 5710 957 5763 ad
989 5707 1407 5763 discernendum
1435 5707 1575 5761 mala
1613 5723 1641 5763 a
1673 5707 1847 5764 bonis.
2027 5744 2030 5747 -

1571 5728 1575 5760 ι
1613 5723 1641 5763 a
1673 5707 1847 5764 bonis.
2027 5744 2030 5747 -
2207 5713 2480 5768 διάκρισιν
2516 5713 2683 5768 καλοῦ
2723 5733 2776 5768 τε
2816 5725 2904 5769 καὶ
2946 5718 3149 5770 κακοῦ.
