3996 6194
303 335 443 400 105⁸1

1165 331 1335 393 LOCI
1373 329 1908 394 COMMUNES.-
1947 328 2141 392 PARS
2181 329 2268 392 II.
2311 330 2570 391 SERMO
2605 332 2767 393 XIX.

3414 327 3551 390 1058

301 482 316 488 -
381 445 648 516 Διαφέρει
687 444 783 499 τοῦ
825 444 1024 516 νηπίου
1061 441 1184 498 καθ’
1214 441 1435 512 ἡλικίαν
1483 427 1636 495 οἰδὲν
1681 442 1712 494 6
1758 439 1881 503 ταῖς
1907 443 1945 504 Δ

2054 437 2115 493 S.
2149 436 2362 493 Basilii.
2399 433 2542 493 Nihil
2585 441 2816 494 interest
2848 438 2989 493 inter
3019 446 3232 494 aetatem
3291 440 3557 508 puerilem

309 556 473 612 φρεσι
508 538 814 608 νηπιάζων.

379 630 512 686 Οῖδά
537 647 696 694 τινας
729 632 789 684 ὲν
823 646 1037 700 νεοτητι
1083 628 1222 700 πρὸς
1262 627 1334 681 τὰ
1365 627 1463 698 τῆς
1498 629 1704 698 σαρκὸς
1729 625 1881 696 πάθη

309 724 832 791 κατολισθήσαντας,
858 723 951 775 καὶ
983 721 1148 790 μέχρι
1179 719 1372 781 πολιᾶς
1403 719 1574 788 αὐτῆς
1601 718 1688 772 διὰ
1720 718 1885 790 συνή-

310 815 464 868 Θειαν
491 814 588 866 τοῦ
622 812 794 866 κακοῦ
830 813 949 874 ταῖς
975 811 1278 882 ἁμαρτίαις
1309 810 1788 880 παραμείναντας.

381 904 618 974 Δίσχρδν
645 904 745 973 τὴν
778 903 877 974 μὲν
907 903 1126 972 ἡλικίαν
1171 901 1560 974 παρακμάσαι,
1599 900 1676 970 μὴ
1706 915 1886 970 παρα-

315 998 524 1068 κμάσαι
558 997 613 1050 δὲ
645 997 748 1065 τὴν
775 996 1086 1064 ἀσέλγειαν.
1541 992 1546 996 ’

387 1077 710 1140 Παιδέύεταί
741 1103 793 1138 τι
824 1085 919 1138 καὶ
960 1085 1145 1150 πολιὰ,
1173 1087 1272 1140 καὶ
1307 1086 1368 1138 οὐ
1402 1083 1568 1140 παντὶ
1594 1084 1657 1138 τὸ
1685 1083 1885 1154 γῆρας,

316 1181 391 1242 ὡς
423 1177 621 1242 ἔοικεν,
655 1179 738 1240 είς
771 1177 988 1231 σύνεσιν
1017 1177 1355 1244 ἀξιόπιστον.

392 1363 562 1417 Ὅταν
598 1356 693 1416 οὖν
726 1361 824 1416 καὶ
873 1361 1059 1434 γέρων
1107 1361 1177 1416 τὰ
1215 1361 1467 1432 νεότητος
1513 1361 1667 1430 νοσῇ,
1717 1361 1888 1430 ὑπερ-

321 1455 454 1527 ϐολὴ
497 1455 700 1518 κακίας
743 1453 863 1508 ἔστί
887 1470 902 1486 ·
955 1455 1048 1507 καὶ
1077 1453 1202 1507 οὐδὲ
1231 1455 1289 1505 ὲν
1318 1453 1533 1522 νεότητι
1567 1445 1723 1515 οὗτος
1756 1453 1894 1505 ἁπο-

321 1548 509 1616 λογίαν
538 1547 650 1618 ἔχει
673 1561 688 1575 ⁸
720 1547 782 1598 οὐ
813 1549 923 1612 γὰρ
949 1544 1172 1608 δυνατὸς
1205 1543 1408 1611 λέγειν·
1454 1543 1755 1612 Ἀμαρτίας
1783 1542 1897 1595 νεό-

321 1639 486 1708 τητός
519 1655 621 1708 μου
652 1638 746 1690 καὶ
777 1636 1002 1704 ἀγνοίας
1031 1653 1132 1704 μου
1170 1637 1244 1703 μὴ
1289 1635 1556 1705 μνησθῇς.
1591 1635 1682 1702 Μὴ
1715 1635 1898 1686 τοίνυν

1991 533 2046 581 et
2079 534 2315 581 mentem
2348 541 2548 595 pueros
2577 527 2907 585 imitantem.

2060 616 2196 670 Novi
2248 617 2513 686 quosdam
2545 618 2639 687 qui
2689 633 2816 673 cum
2866 620 2918 673 in
2948 619 3236 689 iuventute
3281 619 3338 674 in
3381 622 3563 677 carnis

1993 705 2119 760 vitia
2151 707 2392 777 prolapsi
2424 717 2630 772 essent,
2663 709 2716 763 in
2741 711 2822 765 eis
2855 722 3078 781 propter
3105 711 3563 768 cousuetudinem

1991 801 2058 852 ad
2091 812 2260 854 canos
2289 814 2461 869 usque
2485 814 2910 870 perseverarunt

2065 887 2334 960 Theologi.
2367 889 2548 960 Turpe
2585 900 2670 946 est
2698 893 2878 948 aetatis
2926 893 3166 964 vigorem
3202 893 3567 959 deferbuisse,

1993 980 2276 1036 lididinem
2310 993 2494 1036 autem
2529 999 2637 1039 non
2673 984 3038 1041 deferbuisse.

2064 1072 2124 1128 S.
2170 1073 2444 1144 Chrysost.
2497 1073 2663 1131 Discit
2714 1077 2921 1147 aliquid
2970 1079 3134 1133 etiam
3181 1079 3431 1144 canities,
3470 1091 3570 1133 nec

1995 1164 2241 1233 cujusvis
2273 1174 2532 1220 senectus
2564 1166 2870 1236 prudentiae
2893 1170 3031 1224 satis
3063 1176 3225 1224 nacta
3250 1185 3370 1226 esse
3393 1171 3569 1226 videri

1996 1257 2183 1311 debet.

2077 1347 2234 1418 157
2264 1344 2323 1402 S.
2356 1345 2634 1418 Cltrysost.
2690 1350 2831 1421 Ergo
2863 1366 2986 1406 cum
3023 1365 3189 1407 senex
3233 1353 3422 1408 iisdem
3450 1352 3574 1421 qui-

2003 1440 2102 1495 bus
2137 1441 2397 1510 juventus
2422 1444 2624 1498 morbis
2661 1443 2892 1510 laborat,
2926 1444 3222 1498 maxitnum
3248 1445 3438 1498 vitium
3468 1453 3572 1510 est,

2003 1544 2067 1584 ac
2101 1547 2170 1586 ne
2199 1534 2267 1589 de
2311 1531 2598 1604 iuventute
2659 1535 2878 1603 quidem
2922 1536 3334 1587 excusationem
3390 1533 3574 1597 habet,

2006 1636 2182 1692 neque
2215 1633 2358 1680 enim
2397 1625 2485 1680 illa
2521 1635 2697 1694 potest
2737 1625 2958 1683 dicere:
2993 1624 3221 1680 Peccata
3268 1624 3578 1693 iuventutis

324 1733 412 1784 διὰ
452 1730 558 1784 τῶν
601 1731 660 1782 ἐν
694 1733 841 1799 γήρᾳ
875 1727 1182 1797 γινομένων
1231 1727 1617 1798 ἀποστερήσῃς
1671 1725 1898 1779 σεαυτὸν
1933 1789 1945 1799 _

2037 1728 2140 1768 nea:
2162 1727 2216 1770 et
2244 1717 2609 1786 ignorationes
2640 1733 2786 1773 meas
2820 1735 2887 1773 ne
2939 1718 3278 1774 memineris.
3313 1715 3449 1771 Vide
3480 1717 3578 1786 igi-

327 1821 422 1873 καὶ
448 1819 548 1887 τῆς
579 1818 686 1871 τῶν
705 1789 826 1871 ἰὲὲί
844 1789 1060 1888 νεότητι
1091 1789 1511 1888 ἁμαρτημάτων
1545 1789 1896 1886 συγγνώμης.
1932 1789 1945 1843 1

2037 1820 2094 1859 ur
2120 1821 2186 1862 ne
2221 1820 2441 1878 propter
2469 1810 2662 1865 senilia
2697 1811 2837 1865 facta
2865 1810 3189 1880 iuvenilium
3221 1818 3578 1880 peccatorum

398 1998 538 2060 Τοὺς
566 1997 742 2050 αίῶνα
785 1995 957 2050 πολὺν
998 1995 1298 2066 τρίψαντας
1328 1996 1387 2048 ὲν
1431 1997 1498 2066 τῇ
1537 1995 1677 2066 μετά
1711 1995 1900 2064 σῶμα·

326 2104 420 2151 τος
451 2086 564 2159 ζωῇ
610 2086 736 2156 δίχα
786 2085 1216 2154 καλοκαγαθίας,
1263 2086 1654 2156 πολυχρονίους
1704 2086 1902 2149 παῖδας

329 2183 570 2246 λεκτέον,
616 2179 916 2251 μαθήματα
960 2178 1154 2244 πολιᾶς
1187 2177 1316 2244 ἄξια
1355 2179 1628 2248 μηδέποτε
1674 2180 1897 2233 παιδευο

329 2271 547 2333 θέντας.

403 2362 584 2432 Μέχρι
613 2362 759 2426 τίνος
783 2362 948 2432 ἡμεῖς
977 2363 1028 2415 oi
1055 2359 1312 2432 γέροντες
1338 2361 1420 2414 ἔτι
1465 2362 1660 2427 παῖδές
1691 2365 1900 2433 ἐσμεν,

329 2459 402 2512 τὰ
438 2457 538 2526 μὲν
568 2456 798 2528 σώματα
821 2458 1042 2529 χρόνου,
1053 2459 1221 2527 μήκει
1246 2457 1488 2527 παλαιοὶ,
1518 2459 1616 2524 τὰς
1639 2460 1697 2514 δὲ
1727 2460 1904 2532 ψυχὰς

332 2551 428 2605 ὑπ’
453 2549 813 2621 ἀναισθησίας
849 2550 1046 2622 κομιδῆ
1077 2548 1264 2620 νήπιοι
1288 2567 1304 2618 ;

407 2733 592 2805 Γέρων
621 2733 868 2804 ἀνόητος,
893 2730 1083 2803 ὥσπερ
1119 2732 1325 2804 τρίϐων
1355 2732 1608 2799 παλαιὸς,
1640 2735 1722 2798 είς
1750 2733 1908 2790 οὐδέν

336 2829 486 2882 ἔστιν
515 2824 757 2890 εὔθετος.

408 2919 666 2987 Διογένης
710 2916 836 2971 ίδὼν
871 2915 1046 2987 γραῦν
1077 2914 1587 2986 καλλωπιζομένην,
1619 2909 1775 2971 εἶπεν
1796 2935 1812 2951 ’
1846 2917 1909 2970 Εἰ

339 3011 440 3081 μὲν
465 3011 601 3080 πρὸς
629 3009 755 3072 τοὺς
786 3009 1018 3074 ζῶντας,
1051 3008 1426 3080 πεπλάνησαι·
1455 3010 1506 3063 εί
1536 3008 1592 3063 δὲ
1617 3009 1756 3080 πρὸς
1782 3010 1910 3074 τοὺς

339 3104 592 3172 νεκροὺς,
622 3102 696 3172 μὴ
726 3100 980 3172 βράδυνε.
1049 3100 1055 3105 ’

412 3195 570 3248 Ἔστι
595 3210 700 3248 που
729 3192 949 3254 σύνεσις
981 3189 1266 3255 νέων,,καὶ
1294 3189 1567 3259 γερόντων
1607 3189 1908 3244 ἀσυνεσίαο

337 3289 532 3360 χρόνος
581 3287 690 3357 γὰρ
726 3286 789 3339 οὐ
833 3283 1077 3337 διδάσκει
1107 3282 1394 3353 φρόνησιν,
1425 3283 1564 3339 ἀλλὰ
1611 3285 1777 3354 φύσις
1809 3282 1909 3338 καὶ

336 3380 477 3454 ὀρθὴ
507 3381 708 3435 δίαιτα.

937 3464 1158 3534 ΛΟΓΟΣ
1211 3465 1315 3522 ιον.

335 3563 502 3631 ΔΠερὶ
535 3561 690 3616 νέων
721 3558 961 3625 παιδείᾳ
998 3565 1096 3613 καὶ
1125 3559 1378 3614 συνέσει
1414 3561 1869 3631 κοσμουμένων.

425 3656 486 3709 '0
522 3655 579 3708 δὲ
620 3651 827 3723 Ἰησοῦς
878 3649 997 3704 υἱοῦ
1045 3652 1208 3723 Ναυῆ
1246 3653 1367 3716 νέος
1402 3653 1504 3706 οὐκ
1555 3653 1913 3708 ἐβεποοεύετο

341 3748 406 3799 ἐκ
433 3744 532 3814 τῆς
561 3743 763 3813 σκηνῆς
791 3740 885 3795 τοῦ
919 3741 1246 3812 μαρτυρίου.

414 3916 527 3972 Καί
552 3932 638 3983 γε,
659 3912 922 3984 νεώτερος
949 3910 1101 3982 ὑμῶν
1130 3910 1226 3976 ὣν,
1247 3910 1347 3965 οὐκ
1369 3912 1484 3981 είμὶ
1512 3910 1916 3982 ἀσυνετώτερος

345 4007 521 4078 ὑμῶν.
556 4004 838 4074 Νεώτερος
873 4004 973 4073 μέν
1012 4004 1128 4072 είμι
1173 4002 1252 4073 τῷ
1283 4003 1480 4073 χρόνῳ,
1513 4003 1674 4074 ὑμεῖς
1705 4005 1761 4057 δέ
1792 4007 1916 4057 ἐστε

344 4096 713 4168 πρεσϐύτεροι
739 4111 756 4128 ο
808 4093 889 4147 διὸ
949 4091 1197 4161 ἡσύχασα
1225 4130 1241 4157 ,
1275 4092 1533 4162 φυσηθεὶς
1595 4093 1918 4160 ἀναγγεῖλαι

2008 1897 2165 1951 venia
2203 1909 2254 1952 te
2280 1901 2484 1968 prives.

2077 1988 2331 2044 Philonis.
2372 1990 2473 2058 Qui
2517 1992 2746 2047 multum
2788 1992 2886 2047 aevi
2940 1993 2995 2047 in
3017 1994 3128 2047 vita
3173 1995 3424 2064 corporis
3453 2009 3583 2050 con-

2007 2079 2259 2139 triverint
2309 2083 2430 2137 sine
2464 2084 2572 2136 ulla
2625 2085 2828 2138 virtute
2877 2096 2930 2138 et
2975 2087 3264 2154 probitate,
3295 2101 3390 2142 eos
3437 2085 3584 2156 longi

2007 2175 2271 2242 temporis
2307 2189 2507 2244 pueros
2572 2177 2848 2246 appellare
2894 2177 3040 2238 licet,
3088 2188 3148 2232 ut
3182 2179 3276 2250 qui
3310 2179 3474 2236 nullis
3502 2177 3585 2234 di-

1981 2265 2258 2334 sciplinis
2283 2267 2487 2320 eruditi
2519 2269 2632 2322 sint
2683 2279 2964 2324 senectute
2991 2270 3194 2341 dignis.

2078 2358 2373 2428 Quousque
2404 2358 2622 2412 tandem
2665 2375 2764 2415 nos
2821 2376 2983 2417 senes
3033 2363 3215 2417 adhuc
3265 2365 3420 2433 pueri
3477 2365 3587 2421 eri-

2007 2464 2150 2514 mus,
2179 2452 2500 2521 corporibus
2531 2451 2751 2521 quidem
2792 2462 3016 2523 propter
3052 2456 3316 2526 temporis
3370 2459 3588 2529 longin-

2007 2541 2268 2610 quitatem
2286 2549 2518 2607 veteres,
2537 2543 2733 2597 animis
2753 2553 2930 2597 autem
2949 2553 3175 2614 propter
3190 2545 3588 2615 ignorationem

2007 2645 2062 2690 et
2095 2633 2478 2690 hebetudinem
2505 2635 2795 2690 admodum
2822 2636 3022 2706 pueri?

2080 2724 2384 2780 Plutarchi.
2412 2727 2593 2782 Senex
2618 2729 2840 2792 stultus,
2883 2729 3344 2797 quemadmodum
3371 2733 3591 2792 lacerna

2009 2826 2243 2882 vetusta,
2276 2818 2409 2874 nulli
2444 2820 2521 2874 rei
2551 2829 2634 2874 est
2657 2831 2839 2890 aptus.

2082 2907 2361 2979 Diogenes.
2383 2910 2671 2980 Diogenes,
2704 2927 2869 2967 anum
2898 2922 3170 2984 comptam
3204 2919 3556 2989 conspicatus
3576 2959 3593 2988 ,

2013 2999 2092 3065 Si,
2125 3000 2325 3070 inquit,
2369 3002 2435 3056 ad
2462 3003 2629 3068 vivos,
2668 3005 2803 3060 falsa
2830 3020 2920 3073 es;
2959 3009 3045 3062 sin
3092 3008 3159 3062 ad
3201 3022 3477 3079 mortuos,
3527 3031 3594 3070 ne

1937 3123 1982 3182 ϐ
2017 3104 2298 3152 cunctere.

2089 3185 2437 3244 Philemonis.
2472 3173 2838 3260 Reperiuntur
2863 3193 3156 3263 aliquando
3182 3195 3412 3265 iuvenes
3438 3211 3595 3268 saga-

2018 3293 2129 3348 ces,
2175 3291 2228 3336 et
2278 3298 2439 3338 senes
2499 3268 2758 3349 hebetes;
2794 3295 3008 3355 tempus
3061 3288 3206 3342 enim
3246 3281 3594 3358 prudentiam

2015 3389 2126 3430 non
2160 3374 2336 3442 docet,
2366 3381 2458 3432 sed
2493 3389 2685 3431 natura
2730 3390 2784 3433 et
2825 3377 2980 3434 recta'
3017 3383 3310 3438 institutio.

2439 3467 2673 3523 SERMO
2712 3469 2830 3524 XIX
2875 3471 2975 3543 [αῖ.
3012 3473 3168 3547 CLI].

2125 3557 2204 3613 De
2228 3559 2508 3628 juvenibus
2551 3562 2852 3616 eruditione
2879 3574 2927 3616 et
2950 3567 3228 3629 prudentia
3265 3572 3490 3628 ornatis.

2092 3647 2257 3704 Num.
2288 3666 2476 3716 xxv";
2507 3650 2677 3705 Eccli.
2713 3666 2854 3706 τινι.
2875 3652 3222 3717 Jesus,Nave
3252 3659 3595 3729 ﬁlius,juve-

2019 3739 2106 3794 nis
2136 3754 2260 3793 cum
2283 3749 2446 3806 esset,
2504 3755 2610 3794 non
2648 3743 3033 3810 egrediebatur
3082 3745 3150 3800 de
3187 3750 3483 3805 testimonii
3518 3761 3600 3806 ta—

2022 3830 2340 3886 bernaculo.

2093 3918 2194 3974 Job
2244 3935 2421 3974 xxx".
2460 3921 2572 3975 Etsi
2628 3920 2784 3976 vobis
2824 3936 2943 3976 sum
2982 3923 3210 3993 iunior,
3271 3942 3381 3983 non
3415 3939 3596 3986 tamen

2026 4013 2290 4070 hebetior.
2321 4014 2515 4070 Junior
2545 4031 2665 4071 sum
2699 4025 2966 4087 tempore,
2987 4035 3082 4074 vos
3102 4031 3283 4075 autem
3316 4025 3597 4092 seniores;

2024 4107 2210 4176 itaque
2243 4124 2329 4164 me
2373 4111 2662 4175 continui,
2716 4112 2925 4167 veritus
2974 4115 3128 4170 vobis
3171 4118 3446 4188 explicare
3480 4137 3601 4189 qute

347 4192 478 4262 ὑμῖν
535 4190 635 4260 τὴν
689 4186 882 4240 ἑαυτοῦ
934 4186 1267 4255 ἐπιστήμην.
1314 4182 1456 4265 Eine:
1504 4185 1582 4250 δὲ,
1628 4185 1712 4238 δτι
1746 4186 1843 4256 οὐχ
1892 4187 1921 4239 6

2037 4200 2288 4255 sciebam.
2317 4200 2450 4276 lll_ud
2479 4210 2658 4257 autem
2701 4204 3034 4275 cogitabam,
3067 4182 3280 4278 tempus
3311 4227 3420 4265 non
3451 4182 3602 4283 loqui

348 4284 540 4354 χρόνος
572 4281 720 4334 ἐστὶν
747 4281 776 4333 ὁ
805 4275 981 4331 λαλῶν
1003 4295 1018 4310 ·
1051 4279 1110 4332 ὲν
1142 4277 1358 4338 πολλοῖς
1391 4275 1452 4329 δὲ
1494 4274 1673 4330 ἐτεσιν
1701 4277 1800 4330 οὐκ
1843 4277 1920 4331 ol-

2037 4289 2232 4356 solere,
2263 4303 2423 4363 atque
2465 4309 2572 4348 non
2600 4296 2654 4349 in
2695 4296 2879 4350 multis
2913 4299 3071 4354 annis
3094 4299 3224 4353 sciri
3253 4303 3604 4371 sapientiam,

348 4375 474 4428 δασι
510 4372 701 4440 σοφίαν
723 4387 739 4404 ο
784 4367 922 4424 ἀλλὰ
951 4366 1172 4437 πνεῦμᾶ
1203 4369 1354 4421 ἐστιν
1404 4368 1463 4419 ἐν
1515 4367 1745 4437 βροτοῖς,
1783 4367 1921 4438 πνοὴ

2037 4384 2123 4438 sed
2149 4399 2271 4441 esse
2315 4386 2567 4456 spiritum
2618 4388 2672 4442 in
2719 4389 3063 4454 mortalibus,
3103 4393 3608 4467 aspirationemtu

347 4466 404 4520 δὲ
436 4461 878 4532 Παντοκράτορός
917 4460 1064 4512 ἐστιν
1129 4459 1162 4528 ἡ
1210 4457 1541 4512 διδάσκουσα
1572 4475 1660 4529 με.
1707 4459 1782 4512 Οὐ
1812 4459 1920 4530 γὰρ

2037 4475 2428 4546 Dmnipotentis
2479 4493 2600 4534 esse
2649 4493 2768 4547 qua:
2803 4494 2888 4532 me
2943 4480 3174 4550 doceat;
3242 4501 3414 4556 neque
3457 4491 3605 4544 enim

347 4560 400 4611 oi
452 4553 793 4626 πολυχρόνιοί
823 4556 930 4607 είσι
984 4551 1162 4618 σοφοὶ,
1201 4551 1327 4605 οὐδὲ
1373 4553 1424 4605 oi
1457 4553 1710 4624 γέροντες
1747 4553 1922 4607 οῐδασι

2037 4569 2260 4640 Iongrevi
2293 4569 2384 4640 qui
2416 4580 2563 4634 sunt,
2595 4571 2758 4625 iidem
2808 4572 3085 4643 sapientes
3114 4589 3262 4643 sunt,
3318 4593 3418 4636 nec
3448 4595 3608 4639 senes

349 4648 549 4720 κρίμα.

2037 4657 2370 4726 diiudicandi
2401 4662 2666 4716 rationem
2702 4674 2923 4718 norunt.

434 4741 522 4795 Ἐν
569 4739 678 4793 τίνι
720 4736 1060 4809 κατορθώσει
1109 4750 1374 4805 νεωτερος
1414 4736 1518 4808 τὴν
1567 4737 1683 4793 ὁδδν
1716 4737 1916 4807 αὐτοῦς

2104 4751 2219 4815 Qua
2251 4751 2304 4804 in
2342 4768 2398 4805 re
2424 4753 2880 4810 adolescentiores
2910 4757 3030 4813 vita)
3076 4737 3380 4815 institutum
3419 4776 3610 4820 emen-

363 4836 452 4888 Ἐν
479 4833 560 4904 τῷ
608 4833 944 4902 φυλάξασθαι
966 4832 1094 4895 τοὺς
1123 4830 1311 4898 λόγους
1343 4845 1458 4882 σου.

2037 4842 2271 4897 dabunt?
2299 4842 2356 4897 Si
2389 4844 2499 4898 tuis
2535 4848 2878 4902 sermonibus
2903 4852 3186 4917 parebunt.
3273 4846 3280 4852 ’

424 4929 645 4998 Κόσμος
681 4926 919 4988 νεανίαις
955 4925 1137 4994 σοφία.

2106 4932 2547 4990 Adolescenlium
2576 4950 2807 4994 ornatus
2825 4941 3091 5009 sapientia
3113 4954 3216 4998 est.

427 5021 759 5090 Εὐφραίνου,
810 5018 1085 5080 νεανίσκε,
1126 5018 1184 5069 ὲν
1224 5017 1459 5086 ἡμέραις
1507 5016 1757 5087 νεότητός
1805 5033 1922 5081 σου,

2105 5025 2376 5082 Solomon.
2414 5027 2616 5090 Eccles'.
2668 5048 2729 5086 ιι.
2766 5032 2896 5086 Dum
2939 5013 3156 5100 iuvenis
3200 5051 3285 5104 es,
3324 5037 3526 5104 laetare,
3560 5047 3616 5095 et

354 5116 448 5168 ut
479 5112 807 5181 ἁγαθυνάτω
839 5125 899 5162 σε
930 5109 962 5178 ή
993 5108 1189 5176 καρδία
1221 5124 1314 5160 σου
1340 5123 1354 5136 ·
1385 5107 1481 5160 καὶ
1512 5109 1806 5177 περιπάτει
1868 5107 1926 5158 ὲν

2037 5121 2338 5200 animu'tuo
2363 5123 2690 5193 obsequere,
2741 5126 2988 5180 instituta
3021 5127 3208 5184 cordis
3242 5133 3324 5191 tui,
3369 5133 3490 5186 sine
3517 5147 3615 5186 cu-

350 5210 491 5269 ὁδοῖς
536 5207 759 5276 καρδίας
795 5221 888 5257 σου
943 5203 1196 5272 ἄμωμος,
1233 5203 1329 5254 καὶ
1385 5204 1444 5254 ἑν
1479 5201 1670 5270 ὁράσει
1723 5201 1925 5270 ὀφθαλ-

2037 5209 2228 5279 iusque
2280 5213 2724 5280 reprehensione,
2777 5225 2833 5268 et
2875 5231 2996 5285 quae
3041 5209 3274 5272 viderint
3323 5222 3463 5273 oculi
3511 5221 3610 5282 tui,

356 5299 473 5366 μῶν
507 5314 622 5350 σου·
652 5300 747 5351 καὶ
778 5294 946 5364 γνῶθι
976 5295 1060 5348 ὅτι
1092 5293 1186 5346 ἐπὶ
1218 5293 1352 5345 πᾶσι
1388 5291 1600 5354 τούτοις
1651 5291 1770 5355 ἄξει
1805 5307 1862 5343 σε
1899 5291 1926 5343 ό

2037 5318 2284 5372 sequere.
2321 5303 2427 5358 Sed
2461 5303 2586 5357 illud
2620 5306 2760 5358 scito
2799 5306 2932 5372 fore,
2991 5317 3046 5360 ut
3100 5309 3164 5362 de
3218 5307 3302 5362 his
3360 5310 3615 5367 omnibus

353 5390 487 5450 Θεὸς
522 5390 602 5451 είς
636 5387 841 5459 κρίσιν.

2038 5391 2179 5446 Deus
2204 5401 2256 5444 te
2285 5391 2626 5462 in‘judicium
2662 5403 2817 5447 vocet
2839 5409 3020 5448 suum.

426 5477 594 5534 Εἶπον
619 5483 666 5534 oi
694 5479 1055 5548 πρεσϐύτεροι
1087 5476 1222 5548 πρὸς
1251 5476 1471 5546 Δανιήλο
1500 5475 1671 5547 Δεῦρο
1700 5477 1924 5530 κάθισον

2107 5482 2243 5536 Dan.
2296 5499 2415 5539 χιιι.
2478 5485 2736 5538 Dixerunt
2771 5487 3014 5539 seniores
3049 5483 3254 5538 Danieli
3283 5503 3296 5538 :
3331 5485 3462 5552 Age,
3488 5502 3586 5542 con

357 5574 415 5625 ὲν
451 5573 603 5641 μέσῳ
632 5571 814 5640 ἡμῶν,
858 5570 952 5623 καὶ
1003 5566 1340 5637 ἀπάγγειλον
1370 5568 1524 5638 ἡμῖν,
1558 5568 1640 5620 δτι
1675 5583 1757 5621 σοι
1792 5568 1926 5621 ἐδω-

2038 5575 2154 5629 side
2188 5577 2240 5628 in
2288 5577 2465 5629 medio
2507 5589 2776 5638 nostrum,
2818 5592 2881 5629 ac
2914 5576 3128 5628 deelara
3165 5576 3322 5631 nobis
3355 5593 3614 5648 quantum

357 5681 453 5716 κεν
483 5665 512 5716 6
543 5665 674 5725 Θεὸς
705 5664 765 5716 τὸ
798 5662 1218 5732 πρεσϐυτέριον.

2039 5663 2132 5716 tibi
2163 5662 2387 5718 senilem
2415 5665 2757 5733 prudentiam
2791 5663 3016 5732 largitus
3047 5663 3117 5719 sit
3149 5663 3308 5720 Deus.

429 5757 652 5823 Τέκνον,
703 5757 761 5808 ὲν
813 5754 1025 5823 νεότητί
1080 5769 1174 5806 σου
1225 5753 1473 5820 ἓπίλεξαι
1506 5754 1778 5819 παιδείαν,
1827 5755 1927 5808 καὶ

2109 5755 2295 5811 Siraclt
2328 5772 2400 5812 γι.
2436 5756 2563 5823 Fili,
2592 5758 2644 5810 in
2685 5763 2841 5810 aetate
2877 5754 3105 5824 juvenili
3135 5758 3324 5829 collige
3355 5759 3616 5818 eruditio.
