3976 6214
42 6064 209 6125 Α

427 278 568 342 1059
1679 268 1999 335 ANTONII

2129 265 2384 333 ΕΙ.ῐὸδῶ
3532 266 3673 334 ιοεο

422 412 564 461 nem,
602 402 659 453 et
696 394 849 466 quasi
896 407 1061 449 arans
1106 398 1163 448 et
1209 405 1399 448 serens
1434 389 1502 448 ad
1528 406 1650 448 eam
1677 393 1895 459 accede,
1926 389 1991 447 il-

2129 403 2167 451 l;
2191 386 2462 458 ἀροτριῶν
2489 386 2588 443 καὶ
2616 384 2860 457 σπείρων
2895 382 3162 455 πρόσελθε
3193 384 3330 455 αὐτῇ
3358 398 3377 418 ’
3413 384 3513 438 καὶ
3542 385 3676 439 ἀνά-

423 487 629 555 liusque
665 485 901 554 optimos
932 481 1143 537 fructus
1178 481 1341 551 158
1368 490 1711 551 exspectato.

493 579 623 645 Fili,
663 577 847 631 ﬂorem
876 574 1054 630 aetatis
1075 581 1181 629 tum
1215 583 1383 627 tutqu
1410 580 1756 629 conservato.

490 669 720 739 Ignatii;
752 666 1042 735 Theophori
1068 665 1167 736 (l).
1201 664 1420 720 Samuel
1445 678 1569 719 cum
1598 665 1776 718 adhuc
1800 679 2000 734 parvus

427 772 594 825 esset,
650 760 842 813 videns
877 767 962 813 est
1014 767 1237 812 vocatus
1272 770 1335 809 ac
1369 756 1423 809 in
1465 754 1854 829 prophetarum
1895 771 2002 810 nu-

427 868 630 908 merum
672 861 977 919 cooptatus.
1032 850 1218 904 Daniel
1249 850 1428 903 adhuc
1471 846 1688 917 juvenis
1730 864 1998 904 consenes

427 946 693 1015 quosdam
722 944 928 1011 judicio
967 942 1267 1007 damnavit,
1321 955 1528 1010 eosque
1578 957 1687 996 non
1733 942 2000 1007 seniores,

426 1038 519 1094 sed
554 1035 1109 1106 perdite.libidinosos
1133 1049 1254 1089 esse
1300 1035 1716 1090 demonstravit.
1740 1032 2004 1091 Jeremias

427 1144 547 1181 cum
580 1124 886 1195 juventutis
918 1139 1082 1178 causa
1109 1139 1228 1177 eam
1268 1138 1430 1191 quam
1468 1123 1610 1178 Deus
1642 1124 1691 1178 ei
1727 1123 2002 1187 tradebat,

429 1216 787 1286 prophetanui
843 1215 1177 1283 provinciam
1212 1224 1509 1277 recusaret,
1554 1230 1583 1268 a
1636 1216 1746 1270 Deo
1780 1216 1871 1269 illa
1899 1231 2002 1269 au-

430 1310 509 1364 dit
542 1326 555 1361 :
586 1308 660 1361 Te
689 1307 961 1377 juniorem
1011 1320 1131 1361 esse
1170 1320 1239 1361 ne
1296 1306 1467 1361 dicito
1499 1324 1513 1371 ;
1549 1307 1617 1362 ad
1648 1321 2003 1377 quoscunque

430 1400 573 1452 enim
609 1406 657 1449 te
686 1396 908 1459 misero,
947 1394 1331 1462 proﬁcisceris.
1378 1394 1639 1449 Salomon
1688 1405 1866 1449 autem
1913 1394 2006 1449 ille

431 1490 648 1559 sapiens
692 1502 817 1541 cum
856 1485 1139 1540 duodecim
1201 1486 1426 1541 haberet
1488 1501 1683 1551 annos,
1750 1500 2003 1556 magnam

430 1580 779 1650 quaestionem
825 1577 893 1631 de
952 1577 1295 1646 ignoratione
1349 1578 1636 1632 mulierum
1670 1593 1777 1631 non
1834 1592 2003 1648 agno-

431 1673 695 1730 scentium
777 1685 912 1724 suos
978 1671 1179 1726 liberos
1245 1669 1587 1739 tlijudicavit.
1662 1667 1832 1722 David
1885 1683 2007 1737 pro-

431 1766 592 1835 pheta
648 1760 814 1815 simul
880 1770 932 1814 et
991 1776 1085 1814 rex
1134 1760 1584 1815 adolescentulus
1633 1758 1871 1813 adhuca
1905 1758 2005 1813 Sa-
2038 1739 2083 1799 Β

431 1856 609 1909 tnuele
638 1856 702 1907 ad
732 1854 974 1907 futurum
1010 1870 1233 1923 regnum
1273 1854 1516 1924 ungitur.

494 1950 523 2002 Ι
543 1947 691 2001 Petr.
712 1946 991 2010 Juniores,
1016 1946 1248 2013 subjecti
1269 1955 1443 2001 estote
1471 1944 1797 2000 senioribus.

504 2036 562 2093 S.
596 2037 801 2091 Basilii.
824 2035 942 2089 Non
973 2037 1115 2091 enim
1146 2044 1302 2091 aatate
1325 2034 1563 2105 juvenis,
1592 2034 1687 2091 sed
1721 2035 1812 2105 qui
1832 2034 2013 2091 animo

434 2126 755 2197 imperfecto
784 2134 866 2181 est
886 2126 1070 2195 junior
1092 2126 1310 2181 dicitur.

507 2218 776 2289 Theologi.
806 2216 862 2272 Si
896 2218 1023 2288 quis
1042 2217 1263 2287 juvenis
1301 2226 1404 2284 est,
1445 2218 1723 2276 adversus
1749 2218 2015 2291 cupidita-

433 2320 515 2366 tes
537 2321 591 2365 et
651 2310 1085 2380 perturbationes
1128 2306 1283 2364 [ortis
1328 2309 1419 2373 sit,
1459 2318 1778 2382 tantumque
1807 2326 1871 2366 ex
1896 2311 2013 2381 ipsa

428 2401 721 2471 juventute
762 2400 942 2469 capiat
968 2398 1235 2465 utilitatis,
1306 2407 1366 2454 ut
1412 2399 1692 2467 iuniorum
1732 2401 2017 2471 perturba-

434 2492 682 2546 tionibus
733 2505 843 2545 non
892 2491 1119 2556 serviat,
1150 2491 1242 2545 sed
1282 2490 1510 2546 senilem
1556 2492 1905 2562 prudentiam
1955 2493 2013 2549 in

438 2575 641 2653 vigenti
682 2596 911 2653 corpore
950 2591 1225 2648 exerceat,
1259 2591 1313 2638 et
1351 2582 1405 2638 id
1440 2583 1547 2638 erit
1574 2584 1746 2655 gratia
1780 2584 2009 2657 dignum

435 2675 663 2744 majore,
692 2688 857 2745 quam
896 2672 989 2743 qui
1028 2673 1081 2727 in
1115 2673 1376 2745 Olympiis
1412 2685 1770 2732 coronantur.

503 2766 779 2836 Optimum
844 2774 929 2821 est
975 2765 1229 2835 juvenem
1279 2765 1362 2827 vel
1407 2776 1535 2823 ante
1564 2777 1775 2839 tempus
1818 2776 2020 2840 tempe-

434 2869 644 2912 tantem
686 2871 824 2912 €830.

503 2946 725 3003 Juvenis
751 2964 831 3012 es,
862 2958 947 3004 sta
986 2956 1178 3003 contra
1225 2960 1405 3002 motus
1434 2950 1600 3003 animi
1631 2951 2016 3020 perturbatos;

2103 497 2231 551 μενε
2256 480 2383 542 τοὺς
2414 478 2657 546 ἀγαθοὺς
2688 477 2935 548 καρποὺς
2972 476 3167 546 αὐτῆς.

2172 572 2394 635 Τέκνον,
2422 572 2610 640 ἀκμὴν
2639 569 2857 640 ἡλικίας
2883 585 2979 624 σου
3011 569 3357 639 συντήρησον
3386 568 3637 639 ἀσφαλῆ.

2184 664 2244 716 '0
2277 663 2562 732 Σαμουὴλ,
2598 662 2883 729 παιδάριον
2906 661 3001 727 ὢν,
3034 664 3061 714 ὁ
3090 661 3302 730 βλέπων
3324 661 3556 731 suam,
3585 660 3681 714 καὶ

2100 755 2178 824 τῷ
2221 753 2367 825 χορῷ
2411 754 2519 806 τῶν
2552 753 2850 824 προφητῶν
2896 753 3289 822 έγκατελέχθη.
3323 753 3526 823 Δανιὴλ
3558 752 3681 814 νέος

2102 846 2197 907 ὢν,
2232 845 2449 917 ἔκρινεν
2502 846 2870 914 ὀμογέροντάς
2901 862 3079 908 τινας,
3112 844 3293 909 δείξας
3326 844 3551 908 ἐξώλεις
3586 846 3683 896 aio

2101 939 2227 1001 τοὺς
2267 938 2360 990 καὶ
2388 938 2449 990 οὐ
2504 936 2908 1006 πρεσϐυτέρους
2960 933 3119 993 εἶναι.
3160 941 3435 1009 Ἱερεμίας
3480 939 3572 991 διὰ
3622 939 3683 989 τὸ

2104 1028 2224 1081 νέον
2270 1028 2704 1098 παραιτούμενος
2734 1029 2834 1098 τὴν
2869 1027 3319 1099 ὲγχειριζοίιένην
3348 1028 3504 1097 αὐτῷ
3531 1030 3686 1097 παρὰ

2104 1117 2197 1170 τοῦ
2232 1118 2366 1170 Θεοῦ
2416 1119 2775 1188 προφητείαν,
2814 1120 3005 1171 ἀκούει
3033 1135 3047 1149 ’
3089 1138 3107 1170 ι
3156 1120 3249 1188 Μὴ
3280 1120 3427 1186 λέγε,
3468 1120 3684 1171 Νεώτε-

2110 1212 2201 1280 ρος
2249 1212 2402 1279 εἰμι’
2436 1211 2570 1263 διότι
2619 1212 2758 1277 προς
2799 1213 3007 1273 πάντας
3052 1211 3148 1272 οὓς
3194 1214 3288 1264 ἐὰν
3334 1208 3686 1273 ἐξαποςτελώ

2109 1320 2190 1363 σε,
2244 1300 2508 1372 πορεύσῃ.
2566 1320 2585 1353 ι
2635 1302 2890 1370 Σολομῶν
2936 1302 2992 1355 δὲ
3043 1303 3072 1355 6
3123 1303 3307 1371 σοφὸς,
3348 1302 3686 1354 δυοκαίδεκα

2106 1391 2390 1459 τυγχάνων
2448 1390 2604 1453 ἐτῶν,
2638 1391 2838 1459 συνῆκε
2867 1391 2925 1443 τὸ
2959 1393 3101 1461 μέγα
3133 1391 3234 1461 τῆς
3266 1391 3549 1457 ἀγνωσίας
3578 1388 3694 1442 τῶν

2108 1484 2385 1551 γυναικών
2416 1486 2509 1537 ἐπὶ
2534 1487 2647 1547 τοῖς
2676 1486 2959 1555 σφετέροις
2986 1487 3200 1547 τέκνοις
3220 1486 3461 1555 ζήτημα.
3494 1484 3693 1551 Δαυῖδ,

2107 1579 2135 1629 ὁ
2186 1578 2470 1645 προφήτης
2508 1577 2643 1646 ὁμοῦ
2679 1579 2772 1629 καὶ
2820 1578 3096 1646 βασιλεὺς,
3129 1580 3416 1648 μειράκων
3468 1577 3694 1647 χρίεται

2112 1669 2216 1722 ὑπὸ
2245 1669 2502 1737 Σαμουὴλ
2535 1670 2612 1730 είς
2649 1669 2898 1737 βασιλέα.

2179 1938 2476 2009 Νεώτεροι.
2504 1938 2814 2009 ὑποτάγητε
2846 1939 3266 2011 πρεσϐυτέροις.

2181 2034 2259 2089 Οὐ
2300 2033 2409 2103 γάρ
2439 2033 2537 2101 τὴν
2568 2033 2784 2102 ἠλικίαν
2821 2035 2960 2100 νέος,
2992 2034 3108 2089 ἀλλ’
3134 2036 3164 2088 ὸ
3196 2034 3298 2105 τὴν
3543 2034 3683 2089 duo

2112 2125 2231 2196 λης.
2264 2126 2525 2197 νεώτερος
2554 2126 2795 2195 λέγεται.

2184 2217 2323 2280 Νέος
2361 2218 2443 2280 τίς
2471 2219 2620 2284 toti;
2659 2219 2799 2272 κατά
2830 2219 2938 2271 τῶν
2967 2217 3153 2271 παθῶν
3192 2216 3547 2287 άνδριζέσθω.
3582 2220 3690 2270 καὶ

2113 2307 2367 2364 τοσοῦτον
2395 2310 2723 2364 άπολαυέτω
2754 2309 2853 2371 τῆς
2886 2310 3158 2379 νεότητος,
3194 2310 3257 2363 τὸ
3293 2308 3370 2379 μὴ
3396 2307 3688 2377 νεωτέρων

2117 2399 2345 2469 παθεῖν,
2389 2402 2524 2459 ἀλλὰ
2586 2402 2960 2474 πρεσϐυτικὴν
3034 2403 3298 2475 φρόνησιν
3342 2402 3404 2455 έν
3456 2402 3692 2473 ἀκμαίῳ

2116 2492 2194 2561 τῷ
2246 2494 2459 2566 σώματι
2508 2494 2844 2567 έξασκείτω,
2893 2494 2992 2550 καὶ
3040 2496 3203 2565 χάρις
3251 2495 3409 2550 ἕσται
3438 2498 3509 2567 τῇ
3557 2495 3692 2566 νίκη

2118 2587 2280 2641 πλέον
2313 2588 2345 2659 ἢ
2380 2588 2438 2641 ὲν
2468 2585 2787 2657 Ὀλυμπίοις
2819 2587 3272 2659 στεφανούμενοι.

2188 2764 2493 2843 Κράτιστον
2521 2765 2611 2818 τὸν
2640 2764 2757 2820 νέον
2790 2764 2887 2819 καὶ
2916 2765 3023 2836 πρὸ
3056 2764 3210 2835 ὥρας
3234 2765 3565 2835 σωφρονεῖν.

2189 2944 2329 3011 Νέος
2366 2942 2453 3015 sl;
2486 2948 2641 3018 στῆθι
2662 2948 2804 3005 κατά
2846 2949 2955 3004 τῶν
3000 2949 3228 3005 παθών·
3282 2949 3426 3022 μετὰ
3447 2950 3550 3021 τῆς
3594 2949 3700 3004 τοῦ

432 3058 557 3099 cum
591 3040 930 3110 baptismatis
993 3040 1199 3094 auxilio
1232 3041 1283 3094 in
1349 3042 1443 3096 Dei
1472 3042 1641 3097 aciem
1710 3043 1795 3100 fac
1846 3045 2012 3099 adnu-

2129 3038 2499 3111 βαπτίσματος
2547 3044 2864 3114 συμμαχίας
2898 3043 2977 3107 είς
3006 3042 3142 3097 Θεοῦ
3205 3044 3511 3114 παράταξιν
3540 3044 3697 3112 άριθ-

435 3134 664 3190 ntereris
683 3152 698 3201 ;
717 3142 901 3187 contra
925 3131 1136 3188 Goliath
1152 3148 1276 3203 gere
1298 3140 1350 3188 te
1370 3133 1614 3203 fortiter;
1640 3150 1859 3192 assume
1874 3137 2012 3192 mille

2129 3132 2371 3202 μήθητισ
2429 3133 2751 3204 άρίστευσον
2802 3136 2947 3188 κατὰ
2992 3135 3088 3189 τοῦ
3138 3134 3367 3190 Γολιάθ·
3419 3136 3556 3191 λάϐε
3598 3139 3702 3199 τὰς

435 3236 531 3281 aut
558 3227 745 3281 decem
781 3224 997 3279 millia:
1032 3225 1099 3279 ad
1153 3224 1299 3280 hunc
1339 3224 1559 3281 modum
1615 3227 1849 3283 fructum
1901 3242 2023 3297 per-

435 3318 601 3386 cipito
631 3317 889 3386 juventae.

506 3408 806 3462 Plutarchi.
834 3406 1162 3462 Plutarchus
1181 3405 1406 3477 juvenes
1439 3406 1757 3462 hortabatur
1785 3417 1843 3463 ut
1905 3409 2021 3465 haec

437 3500 540 3554 tria
583 3498 780 3552 habere
813 3509 1069 3553 curarent
1112 3514 1127 3553 :
1167 3500 1216 3551 in
1258 3498 1442 3553 animo
1473 3503 1909 3570 temperantiam,
1951 3503 2009 3560 in

438 3591 621 3661 lingua
653 3590 952 3655 silentium,
990 3592 1042 3644 in
1078 3604 1173 3646 ore
1206 3598 1387 3644 autent
1418 3590 1711 3660 pudorem.

864 3700 1096 3758 SERMO
1136 3701 1232 3755 xx
1265 3701 1367 3774 [αι.
1408 3701 1592 3774 CLII].

442 3796 515 3851 Da
527 3796 810 3866 juvenibus
838 3797 892 3850 in
926 3796 1356 3918 imprudentgobet
1385 3794 1713 3865 ignoratione
1743 3796 1903 3851 vitam
1933 3797 2024 3853 do-

1090 3877 1225 3918 oenn
1254 3882 1267 3916 ι
1308 3880 1390 3918 ιιι.

1088 3877 1390 3936 gemmeus.

506 3955 599 4011 111
638 3957 765 4027 Reg.
794 3972 889 4010 xu.
917 3955 1244 4011 Deliberavit
1274 3954 1515 4010 ltoboam
1551 3971 1676 4010 cum
1702 3957 2022 4013 adolescen-

436 4049 563 4103 tulis
586 4050 888 4117 aequalibus
913 4047 1049 4108 suis,
1070 4048 1162 4114 qui
1190 4045 1615 4100 circumstabant
1641 4047 1787 4101 illum
1814 4064 1827 4103 :
1857 4047 2018 4114 Quid,

437 4142 634 4209 inquit,
669 4139 800 4190 mihi
822 4136 1130 4198 consulitis,
1157 4144 1216 4189 ut
1246 4138 1607 4205 respondeam
1644 4139 1770 4194 huic
1796 4140 2017 4208 populo,

431 4242 490 4285 et
529 4232 635 4285 illis
660 4230 750 4297 qui
794 4228 899 4282 bac
942 4226 1191 4281 oratione
1225 4227 1368 4297 apud
1396 4244 1480 4283 me
1510 4229 1773 4283 utentur:
1806 4230 2013 4301 Jugqu

436 4322 579 4391 quod
616 4332 766 4391 pater
802 4330 929 4375 tuus
978 4319 1135 4374 nobis
1167 4317 1447 4389 imposuit,
1486 4319 1658 4377 levius
1686 4320 1890 4377 facito?
1931 4323 2012 4377 illi

443 4380 772 4480 respondent
803 4428 816 4464 :
852 4408 951 4465 His
976 4408 1181 4477 verbis,
1208 4380 1465 4479 inquiunt
1512 4410 1629 4477 isti,
1672 4413 1874 4482 populo
1930 4429 2016 4470 re-
2044 4380 2092 4441 θ

436 4502 771 4572 spondebis:
800 4500 1045 4557 Parvitas
1076 4516 1195 4556 mea
1234 4501 1422 4557 lumbo
1449 4504 1620 4572 patris
1647 4504 1750 4559 mei
1774 4504 2014 4562 crassior

434 4606 556 4661 cst;
582 4605 635 4649 et
661 4608 807 4650 nunc
836 4603 987 4664 pater
1013 4608 1169 4649 meus
1198 4595 1345 4666 gravi
1371 4594 1504 4665 jugo
1522 4594 1675 4651 vobis
1696 4596 2009 4667 imperavit.

435 4706 538 4762 ego
570 4691 789 4761 gravius
844 4689 1121 4759 imponam
1164 4687 1352 4755 vobis;
1392 4697 1549 4757 pater
1602 4703 1763 4745 meus
1791 4689 2013 4762 ﬂagellis

434 4798 532 4841 vos
564 4781 887 4853 castigavit,
912 4794 1015 4853 ego
1043 4794 1140 4836 vos
1170 4779 1551 4849 scorpionibus
1571 4782 1876 4852 castigabo.

503 5045 794 5101 Scholium.
851 5044 1055 5099 Audaci
1088 5052 1252 5112 atque
1304 5040 1542 5111 superbo
1574 5040 1808 5097 consilio
1853 5040 2013 5109 juve-

430 5157 560 5196 num
606 5138 767 5208 159
808 5138 934 5192 dum
990 5146 1144 5205 paret
1176 5135 1446 5200 Roboam,
1500 5135 1776 5205 subjectos
1811 5135 1875 5191 ad
1916 5135 2011 5192 de-

430 5234 723 5288 ﬁcientium
757 5238 810 5284 et
838 5228 1207 5283 rebellandum
1232 5227 1577 5297 praeparavit.

508 5322 668 5378 Prov.
695 5337 830 5375 xm.
862 5318 1102 5375 Stultitia
1126 5333 1360 5388 appensa
1400 5327 1483 5373 est
1530 5316 1682 5371 cordi
1708 5317 2005 5387 juvenum,

426 5418 573 5488 virga
599 5424 782 5469 autem
811 5422 865 5466 et
891 5411 1175 5482 castigatio
1202 5421 1333 5465 sunt
1365 5410 1557 5479 procul
1592 5409 1659 5463 ab
1690 5410 1791 5464 eis.

501 5507 677 5560 lfccle.
720 5519 780 5560 ιι.
818 5502 1079 5558 Juventus
1109 5510 1163 5555 et
1202 5501 1461 5571 iniquitas
1507 5500 1638 5554 nihil
1689 5500 1835 5556 aliud
1881 5509 2009 5557 sunt

425 5614 583 5668 quam
622 5597 852 5652 vanitas.

497 5711 571 5778 (ι)
600 5711 643 5764 ιι
690 5709 849 5778 epist.
884 5708 948 5763 ad
985 5708 1384 5778 Maguesianos.

2122 3226 2389 3299 χιλιάδας,
2436 3226 2471 3298 ἢ
2517 3228 2615 3290 τάς
2664 3228 2957 3299 μυριάδας.
2988 3227 3151 3282 οὕτω
3185 3228 3282 3299 τῆς
3312 3229 3536 3298 ἡλικίας
3565 3232 3701 3284 ἀπό-

2123 3320 2340 3375 λαυσον.

2197 3412 2540 3483 Πλούταρχος
2573 3412 2973 3482 παρεκελεύετο
3005 3416 3118 3477 τοῖς
3154 3415 3322 3477 νέοις,
3356 3417 3485 3485 τρία
3516 3416 3691 3469 ταῦτα

2122 3506 2266 3575 ἔχειν
2297 3519 2312 3534 θ
2361 3503 2452 3557 έπὶ
2487 3504 2587 3572 μὲν
2614 3504 2716 3572 τῆς
2768 3504 2994 3575 γνώμης
3035 3508 3353 3576 σωφρονεῖν,
3387 3509 3480 3561 ἐπὶ
3508 3506 3565 3560 δὲ
3589 3509 3690 3579 τῆς

2122 3597 2373 3667 γλώσσης
2406 3596 2592 3663 σιγὴν,
2626 3596 2718 3649 ὲπὶ
2744 3596 2801 3649 δὲ
2830 3596 2925 3649 τοῦ
2954 3596 3250 3667 προσώπου
3280 3597 3435 3653 αἰδῶ.

2726 3705 2943 3759 ΛΟΓΟΣ
2995 3707 3081 3763 κ’.

2187 3791 2326 3862 Περὶ
2354 3794 2507 3847 νέων
2533 3794 2604 3848 ἐν
2634 3795 2952 3869 ἀφροσύνῃ
2988 3800 3087 3854 καί
3112 3802 3331 3873 ἀγνοίᾳ
3366 3802 3621 3864 ζώντων.

2192 3950 2658 4009 Συνεϐουλεύσατο
2720 3954 2960 4027 Ῥοϐοάμ
3022 3961 3163 4025 μετὰ
3225 3961 3336 4013 τῶν
3388 3962 3695 4032 παιδαρίων

2120 4041 2229 4096 τῶν
2279 4044 2664 4113 έκτραφέντων
2704 4046 2824 4117 μετ’
2860 4049 3049 4115 αὐτοῦ,
3102 4049 3212 4104 τῶν
3261 4055 3695 4125 παρεστηκότων

2121 4134 2228 4203 πρὸ
2260 4135 2549 4202 προσώπου
2580 4138 2769 4213 αὐτοῦ,
2798 4140 2923 4194 lusi.
2974 4139 3128 4195 εἶπεν
3158 4144 3346 4209 αὒτοῖς
3367 4162 3382 4175 ο
3416 4147 3482 4200 Τί
3535 4148 3697 4216 ὑμεῖς

2122 4225 2521 4294 συμϐουλεύετέ
2576 4246 2705 4300 μοι;
2745 4234 2840 4287 καὶ
2876 4233 3164 4306 ἀποκριθῶ
3213 4237 3291 4307 τῷ
3343 4239 3462 4309 λαῷ
3515 4240 3694 4314 τούτῳ

2120 4316 2215 4371 καὶ
2242 4320 2350 4384 τοῖς
2381 4318 2601 4374 λαλοῦσι
2631 4323 2769 4393 πρός
2794 4338 2885 4395 με·
2914 4326 3192 4395 Κούφισον
3222 4328 3332 4383 ἀπὸ
3358 4331 3460 4383 τοῦ
3484 4332 3698 4398 κλοιοῦ,

2115 4403 2179 4465 οὗ
2224 4408 2427 4466 ἔδωκεν
2467 4414 2495 4466 ὁ
2537 4417 2723 4486 πατήρ
2762 4433 2855 4470 σου
2896 4420 2986 4488 ἐφ’
3031 4422 3199 4490 ἡμᾶς.
3254 4422 3365 4477 Καὶ
3424 4425 3700 4497 ἐλάλησαν

2113 4501 2254 4571 πρὸς
2285 4502 2450 4558 αὐτὸν
2480 4505 2754 4576 λέγοντες·
2782 4508 2920 4565 Τάδε
2949 4510 3205 4583 λαλήσεις
3235 4514 3313 4584 τῷ
3346 4514 3465 4587 λαῷ
3493 4520 3697 4589 τούτῳ·

2128 4592 2193 4654 Ἦ
2228 4595 2495 4666 μικρότης
2526 4615 2629 4666 μου
2662 4602 2948 4672 παχυτέρα
2993 4604 3091 4674 τῆς
3117 4605 3323 4673 ὀσφύος
3353 4607 3453 4661 τοῦ
3487 4612 3698 4683 πατρός

2116 4683 2220 4759 μοῦ
2253 4686 2369 4740 ἐστι
2400 4702 2417 4719 ⁶
2465 4691 2563 4743 καὶ
2592 4690 2684 4744 νῦν
2725 4694 2754 4746 ὀ
2786 4695 2969 4766 πατήρ
3002 4714 3107 4766 μου
3136 4698 3447 4755 ἐπέτασσεν
3481 4702 3618 4773 ὑμῖν
3646 4708 3698 4757 ἐν

2117 4774 2283 4844 κλοιῷ
2311 4776 2491 4845 βαρεῖ,
2534 4781 2690 4849 κάγὼ
2719 4786 3014 4855 προσθήσω
3052 4788 3148 4840 ἐπὶ
3181 4791 3275 4842 τὸν
3300 4790 3488 4845 κλοιὸν
3524 4795 3695 4863 ὑμῶν.

2130 4865 2193 4919 Ὀ
2225 4870 2408 4937 πατήρ
2453 4887 2557 4939 μου
2588 4872 2909 4927 ἐπαίδευσεν
2951 4876 3096 4945 ὑμᾶς
3139 4880 3197 4932 ἐν
3237 4880 3490 4951 μάστιξι,
3544 4886 3697 4953 κάγὼ

2119 4958 2396 5014 παιδεύσω
2425 4962 2568 5030 ὑμᾶς
2602 4965 2660 5017 ὲν
2698 4967 3001 5036 σκορπίοις.

2188 5050 2268 5120 Τῇ
2320 5052 2549 5135 θρασείᾳ
2578 5056 2671 5109 καὶ
2703 5058 3039 5131 ὑπερηφάνῳ
3079 5062 3387 5135 συμϐουλία
3420 5066 3532 5120 τῶν
3562 5067 3691 5119 νέων

2121 5134 2366 5206 πεισθεῖς
2422 5145 2685 5216 Ῥοϐοάμ,
2734 5150 3035 5218 ἀφηνιάσαι
3062 5153 3162 5222 τῆς
3200 5134 3491 5223 βασιλείας
3532 5174 3693 5227 mp:-

2114 5237 2348 5291 σκεύασε
2378 5240 2506 5302 τοὺς
2541 5239 2836 5310 ὑπηκόους.

2205 5327 2383 5397 Ἀνοίᾳ
2408 5328 2642 5399 ἐξῆπται
2675 5333 2872 5401 καρδία
2898 5334 3020 5387 νέου
3044 5352 3057 5365 ·
3090 5335 3285 5406 ῥάϐδος
3330 5337 3388 5391 δὲ
3435 5343 3532 5396 καὶ
3571 5357 3691 5396 ηδ-

2116 5418 2233 5471 δεία
2270 5420 2487 5490 μακρὰν
2518 5421 2615 5475 ἀπ’
2642 5424 2829 5480 αὐτοῦ.

2122 5589 2133 5596 ⁸
2202 5510 2264 5564 Ἥ
2300 5514 2486 5585 νεότης
2513 5516 2665 5586 καὶὴ
2701 5517 2901 5589 ἀνομία
2937 5522 3259 5593 ματαιότης.
