3976 6214
347 281 482 348 1061

1160 285 1335 348 LOCl
1360 283 1808 353 COMMUNES.
1853 311 1923 330 --
1959 287 2158 352 PARS
2196 289 2284 354 Il.
2324 287 2589 353 SERMO
2623 293 2786 355 XXI.

3477 290 3620 359 1062

410 393 578 446 Φύσει
603 391 950 466 ἀρρώστημα
979 392 1138 450 τοῦτο
1166 397 1331 462 νέοις,
1362 397 1663 469 κουφότητι
1693 398 1920 470 γνώμης
1951 438 1958 462 ι

2098 399 2157 455 S.
2182 398 2399 456 Basilii.
2436 400 2748 460 iuventutis
2778 402 3029 460 naturale
3054 401 3245 460 vitium
3285 402 3394 461 hoc
3418 415 3528 471 est,
3559 417 3622 460 ut

343 489 491 556 ἔχειν
521 485 942 558 ἦδηονομίζουσι
979 487 1045 541 τὰ
1079 489 1406 544 ἐλπισθέντα
1429 505 1444 519 ⁸
1478 491 1609 546 ὅταν
1641 492 1748 563 γάρ
1789 510 1920 547 ποτε

343 580 581 649 ἡσυχίας
611 578 872 643 λάϐωσιν,
908 579 940 649 ἦ
998 579 1236 650 ἐρημίας
1268 583 1616 653 νυκτερινῆς,
1645 584 1924 640 ἀναπλάτ-

349 687 529 724 τουσιν
558 671 774 735 ἑαυτοῖς
803 671 1104 740 φαντασίας
1137 673 1569 739 ἀνυποστάτους,
1600 678 1668 747 τῇ
1700 675 1925 748 εὐκολίᾳ

345 762 442 829 τῆς
489 760 720 832 γνώμης
771 762 863 815 ἐπὶ
915 762 1094 817 πάντα
1149 765 1479 833 φερόμενοι,
1537 765 1925 836 ὑποτιθέμενοι

345 853 711 924 περιφανείας
760 853 900 924 βίου,
961 854 1177 924 γάμους
1223 855 1533 930 λαμπροὺς,
1584 858 1922 926 εὐπαιδείαν,

345 947 522 1014 γῆρας
565 945 723 1015 βαθὺ,
748 945 850 1011 τὰς
897 948 1048 1016 παρὰ
1081 947 1304 1002 πάντων
1335 948 1499 1020 τιμάς
1527 966 1540 980 ο
1593 945 1713 1003 εἶτα
1751 951 1925 1020 μηδα-

349 1037 452 1108 μοῦ
504 1041 699 1106 στῆναι
749 1040 864 1102 τοῖς
912 1039 1197 1110 λογισμοῖς
1239 1043 1558 1111 δυνάμενοι,
1601 1043 1928 1112 ὑποφυσῶν-

346 1147 459 1195 ται,
505 1129 602 1184 καὶ
658 1129 764 1183 ὑπὸ
808 1130 907 1200 τῆς
954 1132 1145 1194 ἀνοίας
1193 1133 1493 1187 ἀπολαύειν
1545 1134 1769 1188 δοκοῦσι
1819 1136 1928 1187 τῶν

346 1223 738 1291 ἐλπισθέντων,
763 1222 838 1287 ὡς
867 1224 969 1296 ήδη
998 1227 1308 1296 παρόντων,
1337 1227 1434 1280 καὶ
1463 1230 1524 1283 ὲν
1572 1227 1705 1281 ποσὶ
1739 1228 1930 1298 κειμέ-

347 1333 457 1369 νων
485 1316 696 1376 αὐτοῖς.

419 1494 635 1565 Κοῦφον
667 1497 698 1566 ὴ
751 1497 961 1564 νεότης,
1004 1498 1098 1551 καὶ
1128 1498 1416 1570 εὐκίνητον
1465 1501 1602 1571 προς
1630 1502 1698 1555 τὰ
1727 1503 1928 1572 φαῦλα,

350 1588 640 1657 ἐπιθυμίαι
686 1589 1068 1656 δυσκάθεκτοι,
1121 1590 1287 1662 ὀργαὶ
1340 1591 1668 1662 θηριώδεις,
1723 1598 1932 1664 προπέ-

352 1697 512 1743 vetat,
544 1680 721 1750 ὕϐρις,
747 1679 1146 1751 ὑπερηφανίαι,
1175 1685 1271 1735 καὶ
1299 1684 1622 1751 φυσιώσεις,
1648 1686 1931 1757 σύντροφα

2027 497 2255 560 propter
2289 491 2572 546 levitatem
2605 493 2818 548 consilii
2876 510 2940 550 ea
2985 509 3045 549 se
3083 495 3287 552 habere
3323 494 3436 565 jam
3467 495 3619 549 arbi-

2036 589 2255 638 trentur
2279 597 2402 652 quae
2459 598 2556 654 spe
2600 585 3036 656 concupierunt;
3090 603 3213 643 eum
3247 589 3391 641 enim
3441 587 3624 652 quies-

2023 683 2193 740 cunt,
2263 684 2358 730 aut
2418 684 2581 730 noctu
2657 677 2752 732 soli
2819 688 2982 742 sunt,
3049 679 3260 748 tingunt
3334 677 3442 732 sibi
3502 679 3621 734 visa

2025 779 2148 835 quae
2228 779 2497 834 nusquam
2555 773 2704 831 sunt,
2747 765 3002 822 facilitate
3079 768 3279 839 ingenii
3335 782 3434 837 per
3505 781 3625 820 θηνα-

2025 856 2116 912 nia
2163 855 2550 928 cogitationem
2599 857 3086 920 circumferentes.
3148 859 3460 931 splendidas
3506 845 3621 914 sibi

2027 949 2153 1004 vitae
2202 946 2554 1003 conditiones
2604 961 2961 1026 proponunt,
3011 950 3326 1021 magnificas
3361 950 3618 1018 nuptias,

2029 1041 2325 1098 liberorum
2369 1041 2581 1097 felicem
2631 1044 3088 1111 procreationem,
3124 1051 3462 1098 senectutem
3502 1042 3620 1096 lon-

2029 1151 2193 1207 gam,
2228 1151 2290 1190 ac
2345 1136 2583 1190 honores
2639 1134 2742 1189 sibi
2793 1134 2860 1188 ab
2903 1117 3158 1188 omnibus
3209 1134 3537 1188 deferendos
3594 1150 3610 1187 :

2029 1227 2230 1282 deinde
2262 1242 2388 1281 cum
2445 1241 2715 1295 nusquam
2766 1225 3094 1293 cogitatione
3138 1225 3444 1279 consistere
3492 1241 3621 1294 pns-

2029 1319 2142 1374 sint
2167 1359 2184 1385 ,
2219 1318 2498 1384 inflantur,
2527 1333 2591 1372 ac
2637 1332 2747 1387 prae
2776 1316 3002 1372 stultitia
3033 1317 3262 1385 speratis
3295 1331 3354 1371 se
3384 1316 3486 1369 l'rui
3516 1332 3620 1385 pu-

2033 1420 2174 1477 tant,
2208 1420 2473 1480 tanquam
2508 1410 2873 1479 praesentibus
2892 1419 2948 1464 et
2985 1418 3110 1463 ante
3138 1409 3302 1479 pedes
3334 1409 3549 1478 positis.

2111 1501 2381 1557 Jttventus
2419 1511 2502 1556 est
2540 1500 2674 1556 levis
2701 1509 2754 1553 et
2783 1500 2850 1554 ad
2874 1500 3276 1569 improbitatem
3331 1500 3618 1567 proclivis;

2033 1593 2300 1664 cupiditas
2331 1593 2617 1657 effrenata,
2647 1593 2954 1646 belluarum
2993 1592 3093 1655 ira,
3142 1592 3438 1655 temeritas,
3474 1594 3620 1658 inju-

2036 1685 2138 1748 ria,
2197 1685 2451 1753 superbia
2480 1724 2495 1748 ,
2533 1692 2586 1737 et
2625 1684 2960 1744 inflationes,
3014 1684 3302 1754 magnique
3368 1684 3619 1754 Spiritus,

353 1774 414 1840 τῇ
445 1770 658 1840 νεότητι
686 1771 859 1840 πάθη,
896 1773 1085 1839 φθόνοι
1129 1773 1266 1842 πρὸς
1291 1773 1351 1826 τὸ
1383 1774 1670 1846 ὑπερέχον,
1705 1777 1929 1846 ὑποψίαι

2056 1776 2325 1846 :ongenita
2377 1786 2432 1830 ct
2477 1777 2674 1830 coalita
2710 1777 2848 1830 mala
2898 1778 3208 1844 juventutis
3271 1775 3382 1828 haec
3436 1785 3563 1830 sunt
3606 1793 3621 1829 ε

350 1862 488 1931 προς
527 1862 587 1914 τὸ
614 1861 819 1916 οἰκεῖον
843 1879 857 1892 °
895 1863 1106 1935 μυρίων
1139 1865 1331 1918 κακῶν
1366 1867 1535 1935 ἐσμὸς
1573 1868 1930 1932 συνέζευκται

2061 1867 2254 1922 nvidiae
2282 1867 2545 1920 adversus
2594 1882 2706 1922 rem
2732 1866 3126 1930 excellentem,
3177 1865 3524 1933 suspiciones
3555 1865 3624 1918 de

355 1956 414 2024 τῇ
445 1955 657 2025 νεότητι
685 1971 700 1986 ·
732 1950 807 2008 ῶν
844 1958 1065 2010 πάντων
1097 1957 1314 2026 ἀνάγκη
1343 1959 1642 2013 ἀπολαύειν
1671 1962 1797 2024 τοὺς
1828 1963 1929 2028 ἀρ-

352 2046 636 2115 χομένους,
680 2047 817 2100 διότι
860 2047 928 2100 τὰ
973 2047 1079 2102 τῶν
1145 2048 1421 2118 ἀρχόντων
1469 2052 1614 2105 κακά
1671 2054 1928 2122 συμφορά

352 2138 464 2199 τοῖς
494 2138 822 2208 ἀρχομένοις
857 2139 1092 2207 γίνεται.

2040 1959 2428 2014 familiaribus.
2473 1959 2713 2028 Denique
2751 1958 3018 2012 malorum
3075 1966 3334 2024 tanquam
3392 1971 3622 2009 examen

2039 2048 2312 2119 jnventuti
2349 2053 2662 2103 connexum
2692 2056 2746 2101 et
2769 2045 3083 2114 copulatum
3113 2052 3218 2106 est,
3245 2058 3476 2113 quorum
3509 2057 3626 2096 om-

2040 2143 2192 2196 nium
2233 2142 2474 2196 fructum
2504 2154 2733 2196 necesse
2760 2147 2846 2194 est
2871 2139 2927 2193 in
2948 2138 3227 2208 subjectos
3263 2135 3573 2191 redundare
3603 2174 3620 2200 ,

352 2245 638 2304 propterea
666 2236 810 2305 quod
845 2239 1265 2323 magistratuum
1298 2237 1427 2293 vitia
1460 2237 1720 2308 subjectis
1752 2238 2048 2307 importent
2079 2236 2466 2292 calamitatem.

422 2331 754 2398 Εὑρίπιστον
789 2333 820 2402 ἡ
853 2333 1064 2401 νεότης,
1093 2335 1187 2386 καὶ
1219 2334 1418 2403 ῥᾳδίως
1447 2337 1567 2395 ταῖς
1596 2335 1785 2396 κεναῖς
1813 2334 1924 2386 τῶν

354 2423 586 2478 ἐλπίδων
635 2424 1128 2496 μετεωριζόμενον.
1164 2427 1223 2480 Ei
1253 2425 1308 2480 δὲ
1341 2426 1437 2478 καὶ
1463 2425 1712 2492 ἐξουσίας
1757 2426 1931 2490 ὑπερ-

357 2517 448 2585 >χὴ
490 2517 743 2588 προσείη,
793 2517 997 2586 μείζων
1045 2518 1144 2587 μὲν
1177 2519 1208 2589 ἡ
1246 2517 1537 2588 κουφότης,
1572 2518 1652 2580 εἰς
1703 2517 1937 2587 μείζονα·

356 2607 410 2662 δὲ
436 2608 626 2662 ἄνοιαν
657 2609 754 2662 καὶ
785 2609 1012 2673 πτῶσιν,
1041 2607 1116 2671 ὡς
1143 2610 1212 2663 τὰ
1241 2609 1415 2662 πολλά
1446 2609 1748 2678 προχωρεῖ.

430 2699 759 2769 Εὐρίπιστος
802 2701 837 2771 ἠ
878 2701 1090 2771 νεότης,
1127 2702 1221 2755 καὶ
1273 2701 1410 2771 πρὸς
1457 2701 1657 2754 κακίαν
1705 2699 1934 2773 όξύῤῥο-

297 2790 303 2796 ’
359 2809 455 2855 πος
481 2807 496 2824 ·
541 2791 824 2864 διαφόροις
865 2795 974 2864 γὰρ
1015 2794 1360 2866 παθημάτων
1401 2791 1793 2864 περικλύζεται
1837 2792 1935 2846 κύ-

359 2903 515 2956 μασι.
548 2888 730 2940 Δεῖται
760 2885 943 2942 τοίνυν
971 2887 1066 2941 τοῦ
1097 2887 1487 2959 πδηγοῦντος,
1519 2885 1612 2939 καὶ
1638 2886 1778 2956 πρὸς
1804 2887 1932 2951 τοὺς

357 2979 585 3048 λιμένας
615 2977 765 3032 διευθ
775 2979 1014 3044 ύνοντος.

425 3071 494 3123 Τί
526 3070 726 3140 σαρκὸς
754 3071 1104 3144 εύπαθούσης
1135 3071 1231 3126 καὶ
1266 3073 1524 3143 νεότητος
1561 3071 1935 3144 περιφερομέ-

360 3181 454 3233 νης
485 3163 784 3233 ἀφρονέστε
793 3180 883 3232 ρον
907 3180 924 3231 ;

429 3349 638 3416 Νεότης
669 3347 964 3417 βράσματα
993 3345 1216 3418 χρόνου.
1561 3415 1567 3426 ’

434 3442 582 3507 Πρδς
637 3440 809 3511 θυμὸν
864 3440 959 3494 καὶ
1018 3441 1154 3510 πρὸς
1213 3436 1512 3507 ἐπιθυμίας
1559 3427 1934 3506 ἐύεμπτωτος

364 3533 567 3603 μᾶλλον
619 3534 765 3586 ἐστιν
811 3533 840 3585 ὁ
891 3533 1052 3595 νέοςθ
1100 3532 1181 3585 διὸ
1223 3531 1316 3584 καὶ
1361 3530 1608 3592 πλείονος
1637 3530 1809 3582 δεῖται
1839 3531 1940 3596 τῆς

363 3625 638 3695 φυλακῆς,
689 3624 1048 3695 σφοδροτέρου
1095 3641 1189 3679 του
1224 3624 1468 3694 χαλινοῦ,
1527 3620 1939 3690 ἀσφαλεστέρου

363 3717 460 3773 τοῦ
488 3719 692 3788 τοιχίου
727 3717 822 3772 καὶ
852 3716 944 3770 τοῦ
977 3717 1323 3787 κωλύματος.

448 3809 516 3862 'H
559 3807 721 3861 πολιὰ
768 3808 888 3860 τότε
921 3807 1067 3859 ἐστὶν
1100 3807 1398 3876 αἰδέσιμος,
1436 3807 1566 3859 ὅταν
1595 3806 1664 3859 τά
1692 3804 1792 3874 τῆς
1846 3817 1946 3856 που

365 3902 483 3962 λιᾶς
514 3899 748 3969 πράττῃ·
782 3898 920 3970 ὅταν,
941 3896 996 3949 δὲ
1026 3898 1325 3968 νεωτερίζῃ
1349 3898 1416 3950 τά
1444 3896 1552 3948 τῶν
1589 3895 1748 3960 νέων,
1770 3909 1947 3947 κατα-

365 3987 731 4057 γελαστοτὲρα
765 3987 942 4040 ἔσται.

455 4167 578 4222 Ἐπὶ
609 4166 810 4231 παντὸς
835 4165 910 4230 ὡς
949 4167 1044 4220 ἐπὶ
1077 4165 1214 4220 πολὺ
1258 4164 1588 4236 πράγματος
1636 4159 1947 4231 ἐπισφαλὴς

372 4259 674 4327 σύμϐουλος
706 4261 738 4327 η
771 4259 983 4328 νεότης,
1013 4259 1108 4311 καὶ
1154 4257 1254 4310 οὐκ
1306 4257 1374 4311 ἄν
1413 4273 1498 4318 τις
1547 4253 1700 4324 εὖροι
1750 4269 1948 4320 κατορο

371 4347 544 4400 θωθέν
599 4364 650 4400 τι
701 4347 895 4418 ῥᾳδίως
929 4346 1037 4400 τῶν
1089 4345 1326 4415 σπουδῆς
1380 4343 1568 4410 ἀξίων,
1618 4335 1662 4410 ᾧ
1723 4341 1800 4412 μὴ
1853 4338 1950 4393 καὶ

2106 2329 2399 2395 Juventute
2424 2329 2560 2384 nihil
2592 2329 2872 2392 mobilius,
2905 2339 2960 2383 et
2999 2328 3159 2384 facile
3183 2344 3319 2382 vana
3352 2343 3449 2398 spe
3467 2326 3630 2381 effer-

2039 2435 2130 2479 tur
2189 2440 2202 2477 :
2263 2423 2406 2493 quod
2464 2423 2508 2480 si
2571 2433 2900 2494 potestatem
2942 2439 3216 2480 summam
3263 2424 3626 2494 adipiscatur.

2039 2525 2152 2572 tum
2186 2516 2379 2572 levitas
2409 2515 2582 2586 major
2618 2515 2676 2570 fit
2700 2557 2716 2582 ,
2743 2524 2858 2570 tum
2909 2515 2964 2578 in
3005 2515 3271 2585 majorem
3341 2515 3628 2571 stultitiam

2039 2619 2094 2665 et
2118 2609 2336 2662 ruinam
2369 2607 2482 2662 fere
2504 2608 2878 2678 progreditur.

2105 2699 2460 2754 Mobilissitna
2489 2699 2771 2767 juventus,
2803 2708 2859 2753 et
2900 2697 2967 2753 ad
3017 2698 3144 2753 vitia
3195 2713 3500 2768 propensa;
3533 2698 3628 2754 di-

2031 2791 2206 2845 versis
2232 2791 2380 2844 enim
2411 2791 2884 2860 perturbationum
2914 2790 3173 2845 fluetibus
3191 2790 3454 2858 agitatur.
3491 2789 3629 2862 Eget

2031 2875 2202 2947 igitur
2227 2879 2473 2946 ductore,
2510 2878 2605 2951 qui
2634 2877 2702 2935 ad
2732 2889 2950 2949 portum
2983 2888 3133 2935 recta
3162 2880 3412 2940 deduCat.

2107 3053 2373 3126 Theologi.
2407 3055 2548 3122 Quid
2600 3055 2953 3126 insipientius
2981 3070 3208 3124 corpore
3237 3055 3376 3110 bene
3422 3054 3630 3110 consti-

2041 3156 2155 3201 tuto
2192 3162 2255 3202 ac
2299 3147 2512 3203 deliciis
2544 3149 2843 3204 allluente?
2872 3160 2967 3204 aut
3002 3149 3292 3219 juventute
3314 3157 3537 3204 errante
3568 3155 3628 3204 et

2039 3240 2207 3294 nullis
2227 3242 2394 3295 certis
2423 3243 2647 3298 sedibus
2669 3243 3016 3299 consistente
3039 3241 3063 3296 ?

2109 3330 2377 3387 Inventus
2403 3335 2665 3403 temporis
2698 3343 2783 3389 est
2815 3344 3002 3389 (estus.

2110 3423 2169 3478 S.
2206 3425 2481 3494 Clirysoat.
2534 3426 2614 3479 Ira
2646 3437 2696 3482 et
2756 3427 3147 3498 cupiditatibus
3177 3426 3628 3494 faciliusjuvcnes

2039 3515 2314 3570 ducuntur
2339 3525 2393 3571 et
2443 3517 2737 3571 vincuntur
2779 3535 2794 3572 :
2835 3534 3000 3588 quare
3029 3519 3288 3587 majorem
3335 3519 3626 3587 quamdam

2040 3606 2346 3660 custodiam
2382 3607 2696 3676 requirunt,
2726 3623 2790 3662 ac
2825 3611 3042 3663 frenum
3072 3609 3283 3675 durius,
3309 3609 3547 3680 parietes
3569 3620 3625 3665 et

2042 3696 2284 3752 claustra
2318 3698 2541 3752 tutiora.
2599 3725 2606 3733 -

2114 3786 2248 3841 Cani
2285 3797 2398 3841 tum
2433 3788 2650 3842 demum
2678 3790 3020 3847 venerabiles
3042 3790 3311 3846 exsistunt
3350 3807 3470 3846 cum
3503 3808 3627 3860 quae

2045 3876 2196 3930 cauis
2229 3877 2391 3946 digna
2447 3886 2600 3942 sunt,
2643 3878 2781 3934 ﬁunt
2814 3895 2828 3933 :
2859 3895 2982 3934 cum
3015 3888 3197 3934 autem
3226 3881 3543 3950 juveniliter
3565 3898 3628 3936 se

2045 3977 2248 4037 gerunt
2306 3983 2504 4033 senes,
2563 3971 2772 4038 majore
2829 3970 2946 4026 risu
2999 3986 3162 4041 quam
3209 3971 3439 4041 juvenes
3480 3971 3626 4042 digni

2048 4068 2233 4111 erunt.

2123 4147 2486 4220 Greg.,1\'yss.
2511 4149 2568 4205 ln
2600 4151 2749 4206 omni
2787 4152 2896 4208 fere
2929 4155 3146 4225 negotio
3177 4155 3477 4226 periculosa
3499 4164 3629 4210 sunt

2054 4240 2214 4311 160
2248 4241 2684 4329 adolescentium
2732 4243 2963 4298 consilia
2987 4287 3002 4311 ,
3045 4260 3148 4300 nec
3197 4245 3354 4300 facile
3388 4245 3632 4312 reperias

2050 4331 2142 4398 qui
2179 4331 2383 4400 aliquid
2424 4342 2572 4388 recte
2606 4336 2873 4404 gesserint
2913 4351 3090 4390 rerum
3133 4353 3470 4408 magnarum,
3507 4338 3629 4407 qui-

371 4437 533 4490 πολιά
584 4437 1023 4507 συμπαρελήφθη
1075 4434 1213 4505 πρὸς
1271 4433 1560 4488 κοινωνίαν
1608 4429 1705 4484 τοῦ
1777 4430 1952 4500 σκέμ-

2061 4422 2164 4476 btts
2193 4423 2318 4476 cani
2372 4439 2478 4477 non
2540 4422 2746 4479 fuerint
2779 4427 2846 4480 ad
2892 4428 3348 4485 considerationis
3377 4446 3626 4485 continu-

415 4546 542 4583 ατο(
548 4568 563 4583 υ

415 4546 514 4582 ατο
548 4568 563 4583 .

374 4547 414 4598 μ
447 4546 655 4688 Νεῗςτης
690 4619 814 4691 μετ’
867 4619 1116 4685 ἐξουσίας
1151 4616 1521 4688 αὑτοκρατοῦς
1559 4617 1757 4689 ὁρμαῖς
1808 4615 1947 4668 ἀκα-

372 4713 587 4775 θέκτοις
615 4715 897 4786 χρωμένη,
923 4712 1094 4767 κακὸν
1121 4710 1402 4784 δύσμαχον
1431 4710 1670 4780 γίνεται.

441 4889 650 4959 Νεότης
703 4889 887 4943 πονεῖν
924 4888 1023 4943 οὐκ
1053 4888 1337 4956 ἐθέλουσα,
1369 4886 1507 4958 πρὸς
1535 4886 1596 4942 τὸ
1629 4888 1806 4960 γῆρας
1844 4905 1946 4944 κα-

373 4984 670 5050 κοπραγεῖ.

956 5072 1175 5126 ΛΟΓΟΣ
1227 5072 1359 5125 KA'.

746 5162 888 5232 Περὶ
928 5162 1242 5217 δεσποτῶν
1273 5163 1574 5231 χρηστῶν.

448 5252 513 5306 Ei
541 5251 810 5321 ὲφαύλισα
839 5253 1013 5323 κρίμα
1043 5253 1374 5321 θεράποντός
1405 5269 1511 5320 μου
1542 5253 1573 5322 ἢ
1607 5252 1945 5322 θεραπαίνης

374 5343 720 5415 κρινομένων
748 5341 926 5396 αὐτῶν
956 5343 1088 5412 παρ’
1127 5343 1284 5411 ἐμοί·
1324 5342 1548 5413 πότερον
1579 5341 1676 5412 οὐχ
1722 5343 1796 5404 ὡς
1833 5343 1945 5410 ἐγὼ

374 5437 648 5505 ἐγενόμην
681 5440 740 5490 ὲν
771 5436 989 5506 γαστρὶ,
1025 5435 1118 5488 καὶ
1153 5437 1350 5488 ἐκεῖνοι
1399 5435 1724 5502 γεγόνασιν;
1779 5435 1946 5502 Γεγό-

373 5551 548 5606 ναμεν
589 5534 645 5588 δὲ
677 5536 734 5588 ὲν
764 5538 831 5607 τῇ
862 5535 999 5606 αὐτῇ
1031 5533 1229 5604 κοιλίᾳ.
1266 5533 1326 5586 EE
1358 5531 1414 5584 δὲ
1459 5529 1554 5584 καὶ
1583 5527 1843 5591 πολλάκις
1875 5525 1949 5582 εἷ-

375 5641 480 5678 πον
510 5623 566 5678 αί
595 5624 921 5693 θεράπαιναί
952 5641 1054 5694 μου
1077 5638 1090 5652 '
1125 5623 1222 5685 Τίς
1255 5623 1320 5677 ἂν
1363 5620 1475 5692 δῴη
1506 5621 1641 5691 ημῖν
1671 5619 1777 5672 τῶν
1817 5637 1948 5690 σαρ-

375 5717 491 5767 κῶν
532 5716 695 5770 αύτοῦ
740 5716 1157 5787 ὲμπλησθῆναι;
1189 5714 1310 5768 λίαν
1346 5731 1446 5783 μου
1489 5710 1727 5782 χρηστοῦ
1755 5711 1948 5775 αὐταῖς

377 5812 554 5865 ιντος.

2053 4513 2270 4567 nionem
2291 4515 2543 4569 adhibiti.

2126 4602 2390 4661 Philonis.
2421 4604 2649 4662 Juvenis
2676 4623 2944 4664 summam
2976 4619 3302 4682 potestatem
3350 4613 3583 4682 adeptus
3603 4651 3623 4678 ,

2050 4696 2437 4764 cupiditatibus
2485 4711 2643 4756 utens
2692 4701 2990 4772 eilrenatis,
3045 4704 3246 4760 malum
3304 4707 3364 4759 lit
3398 4706 3629 4776 inexpu-

2058 4790 2300 4861 gnabﬂe.

2119 4881 2346 4938 Juvertis
2389 4884 2623 4941 laborem
2648 4901 2914 4944 recusans
2943 4888 2997 4944 in
3025 4897 3309 4946 senectute
3368 4888 3536 4946 miser
3569 4896 3628 4946 et

2051 4974 2406 5031 calamitosus
2433 4987 2537 5033 cst.

2461 5070 2695 5127 SERMO
2739 5069 2860 5126 XXI
2892 5071 2990 5144 [αι.
3019 5070 3226 5146 CXVI].

2047 5237 2052 5241 ι
2393 5162 2469 5218 De
2513 5167 2659 5219 bonis
2692 5174 2740 5218 et
2775 5163 3010 5236 benignis
3033 5165 3280 5220 dominis.

2129 5261 2228 5316 Job
2263 5276 2414 5316 xxxi.
2452 5257 2508 5313 Si
2569 5257 2806 5324 perverti
2841 5257 3104 5327 judicium
3137 5257 3276 5313 servi
3301 5267 3394 5311 aut
3419 5271 3586 5311 serva?
3609 5297 3625 5321 ,

2053 5371 2174 5411 eum
2207 5352 2350 5423 apud
2380 5366 2465 5404 me
2486 5350 2864 5419 Iitigarent,an
2899 5364 3004 5402 non
3043 5356 3100 5403 ut
3152 5363 3250 5417 ego
3274 5348 3324 5401 in
3353 5356 3502 5402 utero
3526 5348 3624 5412 fui,

2052 5448 2131 5503 sic
2161 5445 2233 5498 illi
2257 5441 2520 5498 fuerunt?
2550 5439 2777 5494 Fuimus
2802 5448 2984 5493 autem
3012 5437 3064 5494 io
3100 5437 3287 5490 eodem
3315 5443 3493 5490 utero.
3526 5437 3624 5492 Sin

2053 5545 2229 5590 autem
2258 5549 2401 5603 saepe
2444 5531 2606 5587 etiam
2640 5531 2894 5584 dixerunt
2919 5527 3128 5582 ancillae
3164 5541 3296 5581 mea:
3334 5525 3507 5595 :Quis
3533 5527 3647 5584 det'

2054 5629 2212 5682 nobis
2249 5635 2308 5681 ut
2337 5626 2596 5680 carnibus
2630 5623 2749 5692 ejus
2778 5619 3141 5688 expleatnur?
3170 5634 3294 5674 cum
3331 5619 3442 5678 illis
3467 5622 3627 5678 value

2054 5735 2229 5775 essem
2258 5717 2575 5773 commodus
2602 5725 2652 5770 et
2684 5715 2945 5768 clemens.
