3976 6214
317 278 460 340 1065

373 389 598 444 Οίκέται
631 391 786 458 σοφοί⁵
819 390 981 452 ἰδίους
1012 391 1278 454 δεσπότας
1307 391 1666 447 δανείσουσιν.

377 481 588 542 Γλυκὺς
629 482 655 533 ὁ
683 479 849 544 ὕπνος
878 481 971 536 τοῦ
1003 482 1211 548 δούλου,
1241 483 1356 536 εἴτε
1398 483 1602 551 ὀλίγον,
1638 484 1747 535 εἴτε
1781 483 1876 535 καὶ

299 570 440 622 πολὺ
471 571 725 638 φάγεται.

371 661 464 731 Μὴ
498 659 757 734 κακώσῃς
782 662 1001 732 οἰκέτην
1024 663 1394 733 ἐργαζόμενον
1424 665 1483 718 ἐν
1514 665 1765 735 ἀληθείᾳ.

369 837 601 904 Οἰκέτην
658 838 878 891 συνετὸν
937 837 1205 906 ἀγαπάτω
1238 856 1334 892 σου
1381 840 1415 909 ἡ
1452 839 1622 910 ψυχὴ,
1665 839 1760 893 καὶ
1797 839 1872 910 μὴ

296 931 576 1002 στερησῃς
603 928 767 981 αὑτὸν
795 928 1129 998 ἐλευθερίας.

320 1027 334 1033 ·
369 1018 570 1086 Οὲκέτῃ
598 1016 806 1087 συνετῷ
839 1018 1113 1087 ἐλεύθεροι
1144 1019 1604 1091 ὑπουργήσουσιν.

369 1109 435 1160 οι
456 1107 655 1173 δοῦλοι,
671 1111 920 1178 ἀγαπᾶτε
941 1110 1068 1174 τοὺς
1090 1111 1234 1165 κατά
1252 1112 1426 1184 σάρκα
1450 1114 1672 1178 κυρίους
1692 1113 1870 1182 ὑμῶν,

296 1200 440 1266 μετὰ
471 1198 638 1268 φόϐου
669 1200 762 1254 καὶ
790 1201 1015 1270 τρόμου,
1043 1204 1102 1255 ὲν
1127 1203 1392 1273 ἁπλότητι
1431 1204 1661 1274 καρδίας
1690 1205 1867 1274 ὑμῶν,

295 1289 628 1358 (ροόούμενοι
683 1291 773 1344 τὸν
822 1292 1046 1361 Κύριον,
1079 1295 1173 1348 καὶ
1220 1295 1294 1364 μὴ
1339 1297 1460 1348 κατ’
1499 1297 1871 1367 ὀφθαλμοδου-

293 1379 474 1445 λείαν,
504 1381 578 1443 ὡς
612 1381 1082 1453 ἀνθρωπάρεσκοι,
1112 1385 1228 1439 ἀλλ’
1256 1388 1332 1448 ὡς
1375 1387 1552 1441 δοῦλοι
1599 1389 1864 1458 Χριστοῦ,

294 1474 579 1537 ποιοῦντες
613 1475 675 1528 τὸ
702 1476 914 1546 θέλημα
959 1479 1054 1532 τοῦ
1084 1479 1223 1534 Θεοῦ
1257 1481 1323 1533 ὲκ
1358 1480 1560 1552 ψυχῆς,
1611 1483 1732 1551 μετ’
1775 1485 1868 1535 εὑ-

292 1565 469 1631 νοίας,
523 1565 866 1630 δουλεύοντες
911 1569 990 1638 τῷ
1034 1570 1225 1641 Κυρίῳ
1271 1571 1366 1625 καὶ
1403 1573 1504 1626 οὐκ
1533 1573 1866 1643 ἀνθρώποις,

293 1655 500 1717 εἰδότες
555 1655 638 1709 ὅτι
692 1655 920 1721 ἕκαστος
980 1659 1010 1712 ὃ
1067 1662 1284 1728 ποιήσει
1329 1662 1555 1730 ἀγαθὸν,
1588 1663 1746 1718 τοῦτο
1776 1681 1868 1720 κο-

297 1750 509 1816 μιεῖται
533 1749 684 1818 παρὰ
713 1749 943 1820 Κυρίου,
965 1751 1077 1806 εἴτε
1105 1753 1308 1823 δοῦλος,
1343 1757 1452 1811 εῖτε
1486 1757 1794 1828 ἐλεύθερος.

371 1926 435 1979 Ol
459 1926 652 1990 δοῦλοι,
679 1930 984 1986 ὑπακούετε
1011 1935 1120 1998 τοῖς
1145 1935 1286 1988 κατὰ
1317 1936 1499 2005 σάρκα
1525 1938 1752 2008 κυρίοις,
1792 1939 1868 2008 μὴ

296 2020 360 2071 ὲν
409 2020 950 2092 όφθαλμοδουλείαις,
1007 2025 1084 2088 ὡς
1139 2026 1614 2099 ἀνθρωπάρεσκοι,
1664 2030 1780 2083 ἀλλ’
1810 2034 1868 2083 ὲν

291 2109 564 2180 ἁπλότητι
589 2113 834 2181 καρδίας,
866 2115 1188 2186 φοϐούμενοι
1218 2119 1308 2172 τὸν
1335 2119 1538 2190 Κύριον
1557 2136 1573 2153 ο
1606 2122 1701 2174 καὶ
1723 2121 1751 2175 ὃ
1775 2122 1867 2175 ἐὰν

291 2202 508 2270 ποιῆτε,
541 2207 603 2257 ἐκ
630 2205 808 2275 ψυχῆς
831 2207 1156 2276 ἐργάζεσθε,
1191 2209 1268 2271 ὡς
1303 2209 1380 2280 τῷ
1413 2211 1603 2282 Κυρίῳ
1634 2213 1728 2264 καὶ
1768 2212 1867 2264 οὑκ

289 2297 624 2366 ἀνθρώποις,
659 2301 863 2363 εἰδότες
909 2301 992 2354 ὅτι
1038 2303 1192 2373 παρὰ
1234 2305 1440 2374 Κυρίου
1481 2305 1718 2377 λήψεσθε
1766 2307 1866 2377 τὴν

286 2388 562 2443 ἀντίδοσιν
592 2391 692 2460 τῆς
721 2391 1087 2463 κληρονομίας
1119 2393 1296 2465 ὑμῶν.

365 2568 429 2620 Οί
486 2567 716 2632 οἰκέται,
779 2570 1208 2641 ὑποτασσόμενοι
1256 2573 1315 2626 ὲν
1368 2575 1530 2628 παντὶ
1571 2573 1722 2644 φόϐῳ
1753 2576 1864 2638 τοῖς

285 2656 604 2724 δεσπόταις,
655 2661 714 2712 οὑ
769 2661 930 2730 μόνον
969 2664 1083 2724 τοῖς
1130 2663 1356 2730 ἀγαθοῖς
1400 2665 1493 2717 καί⁵
1538 2665 1860 2730 ἐπιεικέσιν,

285 2749 428 2804 ἀλλὰ
459 2752 551 2804 καὶ
584 2755 696 2814 τοῖς
722 2753 972 2817 σκολιοῖς.
1007 2755 1177 2808 Τοῦτο
1218 2755 1326 2826 γὰρ
1357 2758 1515 2826 χάρις
1539 2759 1690 2828 παρὰ
1719 2757 1860 2827 Θεῷ,

285 2843 341 2892 εί
395 2840 480 2893 διὰ
513 2842 820 2913 συνείδησιν
867 2846 1081 2916 ἀγαθὴν
1137 2847 1400 2919 ὑποφέρει
1443 2866 1527 2912 τις
1553 2848 1730 2911 λύπας
1752 2849 1861 2903 πά-

287 2948 440 3001 σχων
494 2933 712 2995 ἀδίκως.
761 2937 920 2988 Ποῖον
968 2937 1078 3007 γὰρ
1121 2938 1294 3006 κλέος,
1344 2942 1394 2992 οί
1453 2941 1862 3011 ἁμαρτάνοντες

284 3027 386 3076 καὶ
442 3024 879 3096 κολαφιζόμενοι,
942 3028 1276 3098 ὑπομένετες
1360 3034 1503 3086 Ἀλλ’
1549 3033 1598 3086 οί
1658 3033 1928 3126 ἀγαθωο

283 3115 569 3178 ποιοῦντες
613 3117 705 3168 καὶ
770 3119 1088 3188 πάσχοντες,

279 3207 441 3274 παρὰ
467 3206 605 3277 Θεῷ.

357 3299 421 3351 Oi
451 3301 626 3353 δοῦλοι
663 3303 737 3370 μὴ
769 3304 1053 3373 ὲράτωσαν
1080 3305 1188 3358 ἀπὸ
1212 3305 1305 3359 τοῦ
1330 3306 1512 3360 κοινοῦ
1541 3304 1856 3376 ἐλευθεροῦ-

279 3391 451 3444 σθαι·
488 3392 602 3446 ἀλλ’
631 3395 710 3456 είς
744 3395 902 3459 δόξαν
929 3397 1067 3470 θεοῦ
1097 3397 1258 3450 πλέον
1304 3398 1724 3462 δουλευέτωσαν,
1751 3399 1856 3452 ’ἵνα

279 3485 598 3553 κρείττονος
633 3485 945 3556 ἐλευθερίας
974 3487 1082 3542 ἀπὸ
1112 3475 1245 3542 Θεού
1279 3489 1534 3560 τύχωσιν.

392 3576 458 3628 Οί
487 3575 540 3627 δὲ
567 3577 798 3642 οἰκέται,
832 3579 925 3630 καὶ
956 3579 1190 3648 μάλιστα
1214 3582 1262 3633 oi
1291 3581 1449 3647 Θεοῦ,

395 3668 488 3738 Μὴ
519 3671 870 3738 φευγέτωσαν
901 3674 1104 3727 εὐνοεῖν
1135 3676 1246 3738 τοῖς
1281 3674 1592 3737 δεσπόταις.

1142 3123 1466 3194 ὑπομένετε,
1493 3123 1652 3178 τοῦτο
1694 3125 1855 3196 χάρις

414 3851 711 3921 Ελεύθερον
740 3855 830 3906 καὶ
857 3853 1042 3907 δοῦλον
1075 3857 1102 3908 ὁ
1124 3856 1326 3925 τρόπος
1354 3855 1579 3925 γράφει.

395 3944 504 3996 Καὶ
531 3944 763 4015 Χριστὸς
786 3943 940 4014 ὤφθη
963 3945 1172 4012 δοῦλος,
1200 3947 1319 4002 ἀλλ’
1345 3949 1659 4019 ἠλευθέρου.

359 4217 595 4270 Γλυκεία
650 4218 850 4273 δούλων
901 4222 1091 4283 ἀκοαῖς
1161 4223 1504 4278 δεσποτικῶν
1561 4225 1860 4298 θαυμάτων

277 4307 563 4374 διήγησις.

1101 281 1272 341 LOCI
1312 279 1752 342 COMMUNES.
1800 297 1874 315 -·
1917 278 2111 336 PARS
2152 278 2238 337 II.
2281 277 2537 337 SERMO
2580 277 2789 336 XXIV.

1853 443 1857 446 .
1909 398 1952 454 Α
2053 390 2210 443 Servi
2235 390 2513 459 sapientes
2539 388 2792 444 dominos
2813 401 2944 442 suos
2973 387 3135 440 utiles
3166 383 3270 439 sibi
3301 384 3552 437 reddunt.

3425 268 3560 333 iOlili

2049 479 2232 534 Dulcis
2255 495 2480 535 somnus
2511 480 2652 534 servi
2676 487 2777 544 est,
2805 479 2920 533 sive
2945 493 3160 548 parum,
3189 475 3304 530 sive
3326 473 3554 527 multum

1979 571 2086 626 cibi
2112 571 2430 641 sumpserit.

2048 662 2214 718 Eccli.
2251 679 2442 718 χχχιιι.
2471 661 2721 717 Servum'
2748 662 2958 717 sincere
2982 677 3119 732 opus
3141 660 3421 716 facientem
3485 671 3552 711 ne

1978 755 2118 809 male
2169 763 2423 810 tractato.

2047 847 2375 904 Prudentem
2399 864 2618 905 servum
2652 866 2716 906 ex
2752 853 2934 906 animo
2981 849 3212 920 diligite,
3261 860 3362 899 nec
3419 855 3546 896 eum

1974 938 2222 994 libertate
2244 939 2512 997 fraudato.

2048 1028 2236 1098 Sagaci
2264 1045 2422 1087 servo
2474 1033 2630 1089 liberi
2681 1035 3084 1090 ministrabant.

2048 1119 2242 1188 Ephes.
2270 1137 2347 1177 vr.
2381 1123 2558 1190 Servi,
2587 1126 2839 1180 dominos
2875 1135 3078 1178 vestros
3104 1120 3398 1176 secundum
3429 1131 3550 1169 car-

1973 1228 2095 1266 nem
2130 1213 2360 1283 diligite,
2394 1225 2698 1272 metuentes
2736 1216 3022 1270 Dominum
3073 1228 3195 1268 cum
3257 1211 3451 1262 timore
3492 1215 3548 1257 et

1973 1312 2211 1362 tremore
2245 1308 2300 1363 in
2325 1310 2508 1365 cordis
2544 1312 2706 1365 vestri
2733 1309 3122 1379 simplicitate;
3157 1319 3265 1358 non
3301 1302 3539 1372 quidem.

1972 1406 2031 1450 ut
2054 1399 2143 1465 qui
2179 1409 2389 1453 tantum
2413 1403 2656 1456 serviunt
2687 1402 2859 1457 oculis
2888 1399 3113 1462 domini,
3147 1406 3208 1450 ut
3231 1393 3545 1450 hominibus

1971 1485 2246 1554 placeatis,
2272 1490 2365 1545 sed
2411 1500 2470 1544 ut
2518 1491 2720 1546 Christi
2787 1492 2927 1545 servi
2981 1488 3239 1544 iacientes
3292 1484 3543 1538 volunta-

1970 1586 2074 1630 tem
2135 1577 2227 1634 Dei
2265 1594 2331 1634 ex
2364 1582 2561 1647 anima,
2618 1597 2738 1637 cum
2776 1581 3141 1636 benevolentia
3194 1575 3441 1636 Domino,
3490 1580 3544 1623 ct

1972 1681 2079 1720 non
2111 1669 2419 1724 hominibus
2472 1673 2772 1726 servientes
2800 1686 2815 1737 ;
2847 1672 3080 1725 scientes
3111 1668 3253 1734 quod
3311 1665 3542 1732 (ιιιὶετιυθ

1899 1733 1940 1789 Β
1972 1754 2098 1810 boni
2131 1757 2340 1820 fecerit,
2378 1759 2431 1812 id
2485 1775 2513 1812 a
2549 1759 2776 1814 Domino
2799 1773 2925 1814 eum
2959 1763 3389 1827 reportaturum,
3425 1752 3540 1806 sive

1969 1863 2164 1904 servus
2189 1851 2283 1912 sit,
2315 1851 2430 1904 sive
2462 1851 2613 1905 liber.

2039 1937 2218 2002 Servi,
2249 1938 2466 1994 obedite
2489 1940 2724 1994 dominis
2751 1939 2948 1994 vestris
2966 1938 3268 1992 secundum
3297 1946 3536 1992 carnem,

1969 2042 2078 2082 non
2115 2027 2217 2084 illis
2241 2031 2308 2084 ad
2346 2031 2565 2084 oculum
2599 2031 2922 2094 servientes,
2954 2027 3107 2098 quasi
3155 2027 3250 2096 qui
3301 2023 3537 2078 homini-

1969 2121 2069 2175 bus
2087 2123 2262 2175 velitis
2285 2121 2520 2190 placere,
2544 2122 2638 2177 sed
2663 2121 2894 2192 simplici
2924 2118 3087 2175 corde
3115 2118 3399 2172 Dominum
3429 2130 3536 2168 me-

1967 2219 2184 2266 tuentes
2216 2231 2226 2264 :
2253 2223 2306 2266 et
2337 2213 2600 2282 quidquid
2625 2212 2888 2280 feceritis,
2920 2213 2971 2265 id
2998 2225 3064 2266 ex
3096 2209 3277 2263 animo
3331 2206 3536 2261 facien-

1965 2303 2093 2356 dum
2125 2303 2405 2372 suscipite,
2429 2311 2690 2373 tanquam
2719 2304 2945 2356 Domino
2963 2313 3016 2356 et
3039 2315 3146 2356 non
3182 2299 3533 2354 hominibus:

1966 2394 2097 2448 illud
2141 2409 2248 2448 non
2300 2394 2616 2465 ignorantes
2649 2393 2785 2458 fore,
2825 2401 2883 2447 ut
2925 2408 2955 2446 a
2983 2391 3214 2447 Domino
3259 2390 3538 2460 recipiatis

1967 2483 2467 2540 remunerationem
2491 2483 2824 2539 baereditatis
2845 2491 3070 2537 vestrae.

2036 2573 2067 2628 I
2105 2574 2251 2648 Patr,
2311 2583 2371 2630 ll.
2412 2573 2588 2638 Servi,
2643 2573 2872 2644 subjecti
2926 2581 3102 2627 estote
3149 2571 3201 2624 in
3261 2570 3409 2624 omni
3475 2569 3542 2619 li-

1965 2679 2116 2719 more
2144 2664 2378 2720 dominis
2409 2664 2628 2729 vestris,
2664 2679 2769 2717 non
2801 2663 2978 2716 solum
3007 2661 3164 2715 bonis
3191 2669 3244 2714 et
3300 2657 3542 2712 clemen-

1964 2755 2131 2821 tibus,
2162 2755 2258 2810 sed
2287 2755 2452 2809 etiam
2481 2755 2808 2823 importunis
2848 2771 2861 2819 ;
2900 2755 3001 2806 boc
3019 2751 3166 2806 enim
3218 2757 3433 2819 gratum
3453 2757 3540 2799 est

1963 2845 2218 2910 Domino,
2256 2848 2303 2901 si
2325 2847 2452 2916 quis
2482 2845 2623 2900 bona
2643 2845 2977 2902 conscientia
3002 2843 3280 2897 molestias
3307 2846 3360 2895 et
3381 2838 3536 2893 doin-

1963 2951 2051 2992 res
2079 2937 2318 3007 patiatur
2367 2937 2663 2992 immerito.
2725 2936 2863 3002 Quid
2919 2935 3062 2989 enim
3118 2933 3280 2988 habet
3329 2944 3391 2986 ea
3450 2945 3538 2983 res

1960 3026 2167 3094 gloriae,
2199 3027 2245 3082 si
2280 3037 2505 3096 prOpter
2533 3037 2753 3096 peccata
2789 3025 3037 3094 colaphis
3059 3023 3183 3077 οωςί
3245 3018 3539 3092 patimini!

1961 3117 2066 3173 Sed
2099 3119 2142 3172 si
2177 3118 2402 3172 honeste
2431 3125 2485 3172 et
2509 3129 2697 3172 sancte
2723 3118 2965 3171 viventes
3000 3112 3246 3184 patimini
3303 3121 3358 3167 et
3423 3111 3539 3164 sul-

1962 3210 2136 3276 fertis,
2172 3211 2273 3265 hoc
2303 3213 2518 3265 demum
2555 3210 2664 3263 Deo
2698 3216 2780 3263 est
2810 3218 3042 3278 gratum.

2030 3301 2244 3372 Ignem.
2275 3301 2424 3356 Servi
2456 3317 2560 3354 non
2588 3310 2831 3371 quaerant
2854 3299 3182 3353 mundanam
3211 3297 3538 3358 libertatem,

1960 3395 2056 3448 sed
2096 3395 2273 3464 ponus
2308 3395 2358 3447 in
2414 3393 2570 3462 162
2603 3393 2691 3447 Dei
2727 3391 2950 3461 gloriam
2983 3391 3242 3455 serviant,
3270 3399 3326 3442 ut
3359 3382 3546 3442 melio"

1959 3499 2071 3537 rem
2091 3499 2118 3537 ιι
2155 3483 2381 3539 Domino
2404 3473 2805 3552 consequantur
2839 3484 3166 3537 libertatem.

2105 3576 2240 3630 Cum
2273 3591 2480 3638 omnes,
2513 3585 2626 3628 tum
2661 3577 2890 3627 maxime
2928 3573 3018 3626 Dei
3052 3573 3191 3627 servi

2105 3667 2395 3722 Elaborare
2425 3666 2621 3720 debent
2651 3676 2708 3720 ut
2737 3665 2943 3718 Domini
2983 3664 3407 3717 benevolentiam

3029 3753 3463 3814 lconsectentur.

2106 3850 2361 3906 Liberum
2392 3859 2446 3902 et
2489 3863 2701 3902 servum
2744 3859 2920 3901 mores
2954 3844 3268 3908 ostendunt,

2111 3942 2318 3997 Etenim
2349 3941 2604 3996 Christus
2639 3940 2785 3993 visus
2813 3949 2896 3992 est
2922 3950 3133 3999 servus,
3177 3934 3267 3988 sed
3308 3934 3504 3986 liberos

2509 4036 2518 4040 ”
3193 4047 3289 4085 nos
3319 4030 3461 4085 fecit.

3033 4125 3345 4199 (Theoloyi.)

2040 4220 2100 4278 S.
2146 4221 2420 4292 Chrysost.
2471 4221 2776 4277 Iucundum
2827 4228 2908 4275 est
2960 4220 3180 4273 auribus
3228 4234 3534 4284 servorum,

1965 4315 2012 4371 si
2047 4315 2172 4382 quid
2207 4314 2523 4369 admirabile
2559 4315 2624 4368 de
2656 4314 2889 4368 dominis
2915 4319 3183 4365 narretur.

360 4401 634 4464 Μέγιστον
659 4401 932 4468 ἐγκώμιον
971 4403 1186 4458 οίκέτου
1221 4406 1450 4478 μηδενὸς
1475 4400 1551 4463 ὧν
1585 4409 1652 4463 ἂν
1686 4429 1858 4481 προσο

2040 4405 2302 4460 Philonis.
2376 4405 2664 4459 Maximum
2711 4414 2792 4459 est
2841 4403 2979 4458 servi
3023 4403 3330 4456 cncominm
3405 4406 3535 4456 nihil

284 4492 448 4557 τάξει
479 4493 506 4544 ὁ
534 4493 940 4564 οἰκοδεσπότης,
977 4495 1284 4568 ὀλιγωρεῖν,
1323 4499 1533 4564 ἀόκνως
1563 4501 1618 4555 δὲ
1645 4503 1738 4555 καὶ
1774 4520 1864 4570 φι-

277 4585 526 4646 λοπόνως
556 4586 697 4656 ὑπὲρ
728 4586 956 4659 δύναμιν
985 4590 1163 4644 πάντα
1191 4593 1510 4659 σπουδάζειν
1537 4596 1697 4666 αίσίῳ
1725 4597 1864 4666 γνώ-

284 4693 322 4744 μ
338 4691 365 4744 ῃ
404 4675 724 4747 κατορθοῦν.

886 4895 1106 4951 ΛΟΓΟΣ
1139 4898 1264 4951 ΚΔ’.

688 5009 826 5076 Περί
859 5010 1098 5065 δούλων
1113 5013 1454 5082 μοχθηρῶν.

367 5121 572 5174 ’ἰδοῦσα
603 5125 781 5195 ’Λγαρ
813 5126 894 5179 ὄτι
920 5128 979 5179 ὲν
1008 5129 1204 5198 γαστρὶ
1229 5128 1364 5198 ἔχει,
1394 5131 1671 5202 ήτιμάσθη
1705 5135 1737 5203 ή
1768 5152 1861 5187 κυ-

282 5213 380 5284 ρία
432 5215 601 5283 αὐτῆς
655 5216 888 5272 ἐνώπιον
945 5217 1136 5288 αὐτῆς.
1190 5216 1326 5274 Εἷπε
1389 5223 1445 5274 δὲ
1494 5224 1681 5294 Σάρρα
1723 5227 1859 5295 πρὸς

291 5305 592 5376 Ἀὁραάμο
661 5309 976 5379 ’Ᾱδικοῦμαι
1025 5311 1089 5365 ὲκ
1143 5311 1258 5366 σοῦ.
1319 5312 1460 5382 Ἐγὼ
1505 5315 1710 5368 δέδωκα
1761 5317 1858 5387 τὴν

281 5397 583 5467 παιδίσκην
619 5417 720 5467 μου
748 5402 826 5463 είς
859 5401 948 5454 τὸν
985 5402 1179 5456 κόλπον
1212 5422 1302 5458 σου
1331 5421 1346 5436 ·
1381 5405 1561 5458 ἰδοῦσα
1595 5409 1647 5459 δὲ
1692 5409 1772 5460 ὅτι
1799 5411 1858 5461 ὲν

279 5493 482 5558 γαστρὶ
534 5491 663 5560 ἔχει,
707 5493 1017 5564 ὴτιμάσθην
1073 5496 1314 5548 ἐναντίον
1361 5496 1554 5565 αὐτῆς.
1611 5500 1857 5568 Κρινεῖό

276 5583 414 5646 Θεὸς
448 5583 551 5636 ἀνὰ
576 5587 738 5654 μέσον
761 5585 894 5654 ἐμοῦ
922 5589 1012 5639 καὶ
1039 5590 1151 5640 σοῦ.
1182 5583 1314 5642 Eii-re
1342 5589 1396 5642 δὲ
1422 5591 1558 5660 αὑτῇ
1578 5584 1852 5660 “69251;;-

291 5675 422 5727 Ἰδοὺ
455 5678 487 5747 ἡ
524 5676 780 5746 παιδίσκη
817 5695 909 5730 σου
944 5679 1000 5730 ὲν
1029 5681 1151 5738 ταῖς
1184 5680 1340 5747 χερσί
1385 5697 1496 5734 σου.
1529 5681 1658 5749 Χρῶ
1692 5683 1850 5751 αὐτῇ,

575 5771 842 5832 PnnoL.
881 5774 995 5834 Gn.
1029 5772 1352 5832 CXXXVI.

1970 4515 2156 4554 eorum
2208 4514 2326 4568 quas
2360 4496 2750 4567 praescripserit
2790 4495 2836 4548 ei
2869 4495 3120 4549 dominus
3160 4504 3533 4558 contemnere,

1968 4592 2060 4646 sed
2097 4591 2322 4660 impigre
2346 4601 2400 4644 et
2432 4589 2692 4642 industrie
2719 4603 2882 4656 supra
2915 4588 3054 4640 vires
3095 4587 3378 4657 diligenter
3422 4603 3539 4640 om-

1968 4688 2055 4740 nia
2113 4677 2328 4748 curare,
2383 4692 2439 4735 ul
2478 4682 2620 4734 bono
2677 4679 2904 4732 Consilio
2959 4679 3227 4742 absolvat,
3277 4689 3332 4732 et
3391 4690 3537 4732 recte

1965 4775 2330 4831 adtninistret.

2343 4906 2554 4962 SERll.
2589 4905 2749 4959 xxrv
2803 4906 2901 4976 [αί.
2939 4904 3150 4974 cmi.

2450 5021 2521 5074 De
2550 5021 2712 5074 servis
2745 5017 3019 5084 improbis.

2033 5137 2162 5193 Gen.
2201 5153 2310 5190 xvr.
2335 5135 2468 5189 Cum
2501 5131 2724 5185 vidisset
2752 5117 2896 5196 Agar
2923 5145 2980 5184 se
3000 5138 3363 5201 praegnantem
3388 5146 3528 5197 esse,

1961 5227 2176 5298 probris
2212 5224 2390 5279 aﬂecit
2436 5222 2707 5277 dominam
2750 5233 2925 5285 suam,
2955 5235 3017 5274 ac
3047 5235 3153 5290 pra:
3183 5234 3241 5274 se
3290 5231 3532 5273 contem-

1963 5319 2087 5389 psit.
2128 5317 2262 5371 Sara
2313 5323 2490 5368 autem
2517 5312 2656 5381 apud
2688 5311 3053 5365 Abrahamum
3100 5311 3345 5379 queritur
3388 5310 3466 5362 sic
3511 5323 3528 5362 :

1962 5411 2158 5480 Injuria
2191 5409 2394 5464 aﬂicior
2431 5407 2526 5462 abs
2558 5415 2632 5461 te.
2673 5408 2784 5477 Ego
2812 5407 2948 5460 hanc
2976 5401 3202 5471 puellam
3253 5401 3304 5453 in
3352 5401 3527 5455 sinum

1963 5515 2111 5558 lunm
2138 5500 2428 5562 collocavi;
2462 5508 2515 5551 at
2568 5508 2850 5566 postquam
2882 5509 2942 5548 se
2999 5500 3364 5561 praegnantem
3413 5505 3534 5545 esse

1961 5592 2116 5655 vidit,
2145 5591 2404 5658 probrosa
2425 5589 2503 5642 illi
2535 5589 2648 5642 visa
2683 5600 2822 5640 sum.
2860 5581 3074 5635 Judicet
3111 5581 3250 5633 Deus
3282 5580 3421 5634 inter
3447 5595 3532 5633 me

1957 5691 2012 5736 et
2041 5690 2112 5736 te.
2147 5679 2491 5734 Abrahamus
2529 5684 2707 5731 autem
2744 5691 2757 5727 :
2799 5671 3027 5730 Ancilla.
3064 5671 3257 5739 inquit,
3292 5676 3391 5725 sub
3437 5682 3526 5726 tua

2949 5761 3023 5820 34
