3996 6194
615 256 756 322 1061
1875 269 2193 333 ANTONII
2229 273 2570 334 MELISSIE
3641 292 3746 362 1m

613 384 774 425 manu
803 378 907 437 est,
955 381 1128 430 tracta
1157 387 1277 430 eam
1307 384 1368 431 ut
1407 374 1508 432 tibi
1541 375 1838 436 videbitur.
1874 379 2012 435 Sara
2043 381 2184 438 male

2164 398 2184 438 τ
2211 376 2261 443 Ᾰ
2286 384 2361 447 ὡς
2391 386 2460 438 ἀν
2496 403 2579 440 σοι
2614 387 2848 458 ἀρεστὸν
2995 390 3109 444 Καὶ
3143 391 3402 449 ἐκάκωσεν
3424 397 3568 471 αὐτὴν
3589 403 3742 478 Σάρρα.

612 464 780 532 cmpit
805 470 1064 533 tractare,
1096 468 1170 522 ita
1205 476 1266 522 ut
1293 469 1568 540 aufugerit
1595 485 1626 525 ε
1648 481 1945 541 conspectu
1967 473 2107 542 ejus.

1722 481 1945 541 aspectu
1967 473 2107 542 ejus.
2289 478 2382 530 καὶ
2415 476 2626 548 ἀπέδρα
2655 479 2765 533 ἀπὸ
2796 479 3090 550 προσώπου
3119 484 3300 554 αὐτῆς.

682 553 838 609 Prov.
865 572 1016 612 χχιχ.
1037 558 1250 618 Servus
1285 561 1456 617 durus
1491 573 1544 617 et
1585 563 1832 631 pertinax
1857 563 2040 620 verbis
2074 580 2183 620 non

2169 582 2183 620 ι
2359 565 2555 632 Λόγοις
2607 569 2668 620 οὐ
2703 569 3126 638 παιδευθήσεται
3169 553 3371 642 οἰκέτης
3407 575 3624 649 σκληρός.
3657 582 3747 636 Ἐὰν

603 646 924 714 erudietur;
957 651 1217 707 nam-etsi
1253 652 1536 724 intelligat,
1564 670 1672 710 nou
1721 667 1903 710 tamen
1941 655 2180 713 obedict.

1834 670 1903 710 en
1941 655 2180 713 obediet.
2289 657 2396 726 γὰρ
2431 657 2522 710 καὶ
2554 659 2742 731 νοήσῃ,
2773 661 2889 714 ἀλλ’
2912 663 3012 732 οὐχ
3041 663 3412 722 ὑπακούσεται.

672 737 790 794 Non
825 745 1157 798 conveniunt
1208 745 1480 812 insipienti
1546 747 1790 804 deliciae:
1823 748 1944 803 etsi
1991 763 2184 805 servus

2167 765 2184 805 ι
2361 747 2436 798 Οὐ
2469 749 2736 820 συμφέρει
2762 752 2960 823 ἄφρονι
2981 754 3190 823 τρυφή·
3213 753 3302 806 καὶ
3321 753 3410 808 ἐὰν
3428 757 3612 831 οἰκέτης
3629 762 3745 834 ἄρξῃ,

606 823 931 901 magistratu
967 835 1244 906 fungatur,
1276 836 1540 906 iniuriose
1561 848 1838 910 potestate
1873 849 2078 905 utetur.

1446 852 1540 894 ose
1561 848 1838 910 potestate
1873 849 2078 905 utetur.
2293 835 2412 904 μεθ’
2445 835 2656 908 ὕϐρεως
2681 838 3021 896 δυναστεύει.

676 919 837 978 Prov.
889 939 1037 976 χχνι.
1099 922 1393 992 Flagellum
1446 940 1608 993 equo,
1671 927 1927 983 stimulus
1969 929 2128 985 asino
2161 954 2182 986 ›

2171 954 2182 982 ι
2361 927 2575 996 Μάστιξ
2617 929 2789 1000 ἵππῳ,
2824 932 2920 985 καὶ
2955 931 3178 1004 κέντρον
3207 933 3329 1004 δνῳ,
3356 937 3530 1006 ρἀδος
3548 939 3597 993 δὲ
3616 941 3749 1014 οἰκέτῃ

608 1015 754 1078 virga
786 1013 1273 1083 servo-inSipienti.

927 1027 958 1065 )·
971 1013 1273 1083 inSipienti.
2288 1018 2505 1089 ἄφρονι.

682 1101 855 1156 Ecc‘li.
889 1117 1061 1158 χχχιι.
1092 1101 1316 1168 Pabula,
1356 1103 1530 1175 virga,
1563 1113 1617 1160 et
1645 1121 1812 1161 onera
1841 1107 2054 1163 asinum
2084 1108 2181 1164 de-

2171 1137 2181 1150 »
2361 1109 2730 1179 Χορτάσματα
2757 1113 2850 1166 καὶ
2878 1115 3073 1184 ῥάϐδος
3091 1119 3188 1171 καὶ
3212 1121 3398 1191 φορτία
3427 1121 3549 1192 δνῳο
3572 1124 3749 1194 ἀρτοςδέ

603 1201 774 1248 cent:
811 1207 1028 1247 servum
1054 1201 1260 1256 autem,
1305 1193 1484 1261 panis,
1523 1195 1829 1264 castigatio,
1877 1205 2110 1266 etopus.

1608 1195 1829 1264 itigatio,
1877 1205 1932 1252 et
1951 1211 2110 1266 opus.
2292 1201 2386 1254 καὶ
2412 1200 2628 1254 παιδεία
2662 1202 2756 1256 καὶ
2788 1203 2952 1274 ἔργον
2982 1208 3186 1279 οἰκέτῃ.

673 1284 815 1337 Cura
837 1292 898 1338 ut
919 1299 1108 1340 servus
1130 1299 1268 1354 opus
1291 1285 1472 1352 faciat,
1489 1297 1542 1340 et
1565 1289 1800 1356 requiem
1833 1289 2077 1347 invenies
2101 1307 2118 1347 :
2137 1292 2185 1348 si

2174 1292 2185 1346 i
2365 1289 2636 1358 Ἐργασαι
2659 1293 2720 1345 ἑν
2754 1295 2931 1360 παιδὶ,
2963 1297 3058 1350 καὶ
3078 1299 3328 1368 εὑρήσεις
3351 1301 3644 1357 ἀνάπαυσινο
3666 1304 3752 1366 ἄνες

605 1376 885 1431 remiseris
912 1391 1131 1429 manum
1159 1376 1257 1441 illi,
1285 1378 1830 1448 quaeretlibcrtatcm.

1814 1420 1830 1437 ,
2291 1383 2448 1450 χεῖρα
2485 1383 2654 1454 αὐτῷ,
2690 1387 2784 1440 καὶ
2813 1388 3038 1459 ζητήσει
3061 1390 3387 1462 ἐλευθερίαν.

676 1467 848 1522 Servo
865 1466 1110 1536 improbo
1125 1482 1193 1523 ue
1222 1479 1434 1524 veretor
1450 1469 1591 1526 latus
1615 1471 1680 1524 ad
1704 1470 2022 1542 sanguinem
2051 1480 2187 1528 tun-

2127 1489 2187 1528 n-
2362 1472 2559 1545 Οίκιτῃ
2589 1475 2811 1554 πονηρῷ
2833 1477 2912 1551 μὴ
2938 1482 3236 1553 αἰσχυνθῇς
3264 1484 3485 1554 πλευρὰν
3509 1486 3705 1555 αἱμάξαι.

603 1557 758 1612 dere.

670 1653 867 1721 Iugum
897 1659 956 1710 et
979 1653 1156 1708 lorum
1188 1647 1453 1709 cer”vicem
1484 1652 1725 1727 [duram]
1749 1654 2042 1724 inflectent,
2074 1671 2189 1712 ser-
2213 1722 2248 1730 _

2177 1687 2189 1702 .
2213 1722 2258 1730 Δ
2361 1651 2535 1720 Ζυγδς
2587 1655 2681 1708 καὶ
2729 1655 2860 1724 ίμάς
2910 1657 3189 1728 τράχηλον
3239 1660 3554 1730 κάμψουσιν,
3595 1660 3755 1727 οἰκέτην

600 1759 729 1798 vum
743 1753 922 1800 autem
940 1744 1236 1815 malignum
1253 1722 1520 1800 tormenta
1533 1722 1938 1818 etquaestiones.
1955 1722 2035 1803 Ad
2050 1763 2178 1818 opus

2178 1766 2187 1806 ι
2213 1722 2264 1785 Β
2291 1743 2596 1814 κακοῦργον
2643 1722 2897 1818 στρέϐλαι
3077 1722 3343 1818 *βάσανοπ
3363 1722 3375 1730 '
3396 1750 3604 1818 Ἐμδαλε
3640 1722 3756 1804 stiria

600 1834 911 1895 faciendum
957 1835 1285 1904 compellito,
1317 1851 1388 1890 ne
1437 1837 1532 1891 ﬂat
1575 1837 1879 1893 desidiosus
1928 1846 1982 1894 et
2030 1839 2178 1908 igna-

2179 1868 2183 1879 .
2292 1833 2375 1894 εἰς
2429 1835 2716 1904 ἔργασίαν,
2764 1837 2852 1890 ἵνα
2910 1839 2985 1910 μὴ
3041 1841 3222 1910 ἀργῇ’
3277 1841 3461 1910 πολλὴν
3489 1841 3579 1909 γὰρ
3615 1842 3757 1893 κακίαν

605 1937 706 1977 vus
727 1941 741 1978 :
761 1923 926 1979 multa
950 1924 1094 1980 enim
1114 1925 1244 1980 vitia
1268 1925 1660 1981 docuitotium.
1691 1927 1748 1983 lu
1777 1943 1839 1983 ea
1864 1943 1995 1999 ergo
2014 1944 2179 2000 opera

2177 1978 2179 1985 λ
2291 1923 2528 1989 ιδίδαξεν
2579 1928 2610 1998 ἠ
2660 1929 2851 1997 ἀργία.
2899 1931 2995 1994 Et;
3032 1929 3174 2001 ἔργα
3218 1933 3531 2003 κατάστησον
3561 1933 3688 1984 αὐτὸν
3707 1931 3755 1990 ὡς

606 2013 878 2082 applicato
905 2029 1052 2075 eum,
1081 2029 1204 2085 quae
1251 2015 1328 2070 illi
1379 2018 1916 2088 conveniunt:quod
1967 2021 2014 2076 si
2074 2037 2183 2077 non

2177 2044 2183 2077 ι
2293 2014 2494 2084 πρέπει
2541 2017 2724 2088 αὐτῷ’
2762 2021 2857 2073 καὶ
2911 2020 3010 2074 ὲάν
3061 2021 3136 2092 μὴ
3172 2022 3449 2094 πειθαρχῇ,
3474 2022 3662 2092 pepqu
3690 2022 3755 2080 τὰς

608 2110 822 2172 pareat,
853 2104 1133 2174 graviores
1154 2103 1318 2175 injice
1367 2105 1442 2160 illi
1498 2109 1808 2177 compedes.

1100 2103 1318 2175 rsinjice
1367 2105 1442 2160 illi
1498 2109 1808 2177 compedes.
2292 2105 2459 2169 πέδας
2493 2107 2678 2165 αὐτοῦ.

677 2193 939 2265 Theologi.
957 2193 1081 2252 Mali
1109 2197 1254 2252 enim
1271 2198 1414 2254 servi
1431 2211 1516 2254 est
1530 2199 1812 2255 dominum
1854 2202 2179 2258 arrideatem

2063 2211 2179 2258 .tem
2360 2193 2560 2250 Δούλου
2588 2199 2760 2252 κακοῦ
2789 2200 2896 2271 γὰρ
2925 2202 3314 2272 προσγελῶντα
3337 2203 3430 2274 μὲν
3457 2203 3608 2257 σέϐειν
3627 2218 3641 2234 ·

1906 2293 1988 2347 col
2028 2310 2052 2347 r

677 2373 1068 2447 Obiurgantem
1088 2386 1267 2433 autem
1287 2389 1341 2434 et
1366 2380 1719 2450 castigantem
1749 2290 1948 2438 malaIm
1971 2309 2176 2454 pistre.

2059 2309 2176 2440 :i’re,
2359 2375 2464 2430 Τὸν
2491 2377 2757 2449 δεσπότην
2787 2381 3093 2450 πλήττοντα
3128 2383 3184 2436 δ’
3221 2384 3454 2454 ἡγεῖσθαι
3479 2383 3637 2437 κακόν.

686 2464 816 2521 Illud
856 2475 941 2521 est
984 2468 1263 2539 proprium
1297 2471 1561 2526 malorum
1597 2489 1878 2528 servorum
1907 2485 1966 2530 ut
2020 2477 2180 2532 heros

2177 2512 2180 2526 .
2357 2471 2573 2526 Δούλων
2611 2475 2846 2546 ὑπάρχει
2885 2477 3073 2530 κακῶν
3119 2479 3336 2532 ἀθετεῖν
3373 2477 3657 2540 δεσποτείαν,
3691 2475 3755 2526 καὶ

611 2571 742 2612 suos
770 2557 1036 2628 rejiciant,
1061 2571 1118 2615 et
1158 2560 1394 2620 dominis
1433 2565 1707 2627 resistant.
1729 2573 1784 2621 et
1823 2565 2024 2650 liberos
2051 2581 2181 2622 con-

2177 2598 2181 2608 ›
2287 2563 2678 2618 ἐπανίστασθαι
2699 2567 3004 2636 κυριότητι,
3021 2569 3118 2622 καὶ
3137 2569 3421 2640 ὁμόδουλον
3441 2568 3620 2628 ἑαυτοῖς
3635 2566 3755 2616 ποιεῖ-

609 2666 798 2708 servos
855 2653 1100 2710 reddent.

2287 2653 2410 2708 σθαι
2439 2653 2499 2706 τὸ
2525 2653 2823 2725 ἐλεύθερον.

682 2742 940 2802 Philonis.
953 2744 1125 2802 Nemo
1141 2756 1248 2802 tam
1268 2749 1492 2815 insanit,
1511 2765 1672 2819 quam
1685 2750 1800 2821 qui,
1817 2766 2004 2810 servus
2022 2755 2176 2826 163

2354 2743 2542 2807 Οὐδεὶς
2573 2740 2716 2797 οὕτω
2741 2746 3004 2816 μέμηνεν,
3039 2749 3116 2813 ώς
3147 2749 3332 2814 δοῦλος
3369 2750 3440 2804 ὢν
3462 2746 3755 2804 ἐναντιοῦσθαι

609 2846 734 2886 cum
751 2831 844 2899 sit,
878 2834 1102 2892 domino
1143 2836 1480 2894 adversatur.

961 2835 1102 2892 mino
1143 2836 1480 2894 adversatur.
2283 2835 2539 2907 δεσπότῃ.

683 2921 931 2995 Ηενιιιορ.
988 2925 1192 2983 Natura
1249 2930 1394 2985 enim
1444 2931 1584 2984 servi
1645 2931 1991 2988 dominorum
2043 2946 2173 2992 sunt

2043 2946 2173 2992 sum
2351 2926 2512 2983 Φύσει
2536 2928 2644 2999 γὰρ
2667 2927 2859 2999 δχθρδν
2884 2929 2944 2983 τὸ
2969 2929 3164 2986 δοῦλον
3195 2935 3304 2996 τοῖς
3334 2932 3607 2992 δεσπόταις.

611 3027 837 3070 1111111161.
2197 3073 2240 3130 c

999 3213 1230 3272 ssnuo
1281 3216 1422 3271 xxv
1453 3217 1552 3290 [ah
1601 3219 1758 3288 an.

1682 3219 1758 3288 η.
2865 3217 3084 3270 ΛΟΓΟΣ
3123 3219 3260 3274 κε’.

1043 3331 1116 3382 De
1148 3329 1320 3398 probis
1349 3330 1543 3384 credito
1553 3333 1719 3387 ribus.

2628 3329 2769 3397 Περί
2817 3328 3166 3385 δανειστῶν
3194 3330 3476 3400 χρηστῶν.

683 3439 859 3495 Exod.
893 3455 1029 3495 χχιι.
1077 3441 1133 3496 Si
1172 3443 1458 3512 pecuniam
1505 3447 1842 3503 mutuaveris
1887 3447 2042 3504 fratri
2081 3459 2176 3506 tuo

2175 3484 2176 3489 η
2360 3442 2487 3498 Ἐὰν
2548 3444 2811 3515 ἀργύριον
2859 3443 3182 3519 ἑκδανείσῃς
3229 3446 3306 3515 τῷ
3355 3443 3550 3511 ἀδελφῷ
3591 3456 3664 3493 σου
3701 3434 3753 3502 τῷ

616 3523 992 3606 ρευρετὶῼηιιὶ
1015 3535 1159 3604 apud
1195 3544 1247 3591 te
1274 3544 1550 3604 versatur,
1574 3553 1700 3594 eum
1727 3554 1904 3610 neque
1933 3543 2174 3612 urgebis,

2280 3532 2470 3602 πένητι
2500 3534 2578 3603 τῷ
2601 3535 2753 3603 παρά
2783 3536 2888 3599 σοὶ,
2921 3535 3023 3588 οὐκ
3051 3535 3157 3608 ἔσῃ
3183 3536 3328 3604 αὐτῷ
3351 3531 3664 3599 κατεπείγων,
3684 3526 3753 3578 οὐχ

615 3641 794 3696 neque
824 3641 1046 3682 usuram
1078 3629 1144 3684 ab
1172 3642 1238 3684 eo
1261 3627 1466 3698 exiges.

2279 3623 2563 3695 ἐπιθήσεις
2592 3624 2681 3678 ἐπ’
2703 3624 2852 3695 αὖτῷ
2879 3628 3060 3683 τόκον.

685 3716 850 3773 Leuit.
878 3734 1008 3774 χχν.
1035 3717 1239 3776 Tecum
1265 3721 1408 3777 vivet
1433 3721 1627 3777 fratrer
1652 3733 1798 3787 tuus,
1829 3739 1932 3780 nec
1947 3725 1995 3780 ei
2025 3725 2178 3780 dabis

2175 3744 2178 3776 ι
2349 3715 2584 3785 Ζήσεται
2615 3716 2642 3768 ό
2666 3715 2892 3784 ἀδελφός
2923 3735 3016 3770 σου
3047 3720 3192 3787 μετὰ
3215 3718 3328 3772 σοῦ.
3357 3717 3425 3770 Τὸ
3452 3711 3753 3811 ἀργύριόνργι

614 3813 897 3880 pecuniam
938 3822 1083 3866 tuam
1118 3813 1186 3868 ad
1235 3828 1483 3880 usuram,
1514 3829 1612 3871 nec
1674 3823 1734 3870 ut
1778 3816 1904 3885 plus
1947 3815 2178 3885 recipias

2176 3851 2178 3864 .
2281 3808 2344 3861 οὐ
2377 3807 2571 3870 δώσεις
2619 3807 2769 3878 αὑτῷ
2801 3809 2896 3861 isti.
2941 3809 3113 3882 τόκῳ,
3169 3814 3264 3866 καὶ
3302 3810 3392 3863 ἐπὶ
3426 3807 3696 3870 πλεονασμῷ
3713 3807 3754 3848 οὐ

611 3899 766 3957 dabis
797 3900 844 3955 ei
879 3899 946 3957 de
974 3902 1247 3958 alimentis
1281 3902 1410 3959 tuis.

2280 3897 2473 3961 δώσεις
2505 3897 2651 3966 αὺτῷ
2677 3899 2745 3951 τὰ
2777 3897 3042 3969 βρώματά
3072 3918 3193 3958 σου.

687 3991 845 4049 Deut.
878 3997 1030 4048 χχιιι.
1061 3994 1306 4050 Mutuum
1338 3996 1466 4051 dato
1487 3998 1733 4066 proximo
1757 4008 1870 4063 tuo,
1905 4009 2171 4070 quantum

2353 3989 2572 4045 Δάνειον
2597 3991 2799 4054 δανιεῖς
2841 3991 2920 4062 τῷ
2951 3991 3184 4062 πλησίον
3216 4010 3330 4056 σου,
3361 3993 3477 4046 ὅσου
3521 3983 3752 4040 ἐπιδέεται·

614 4086 661 4139 ei
709 4101 846 4156 opus
877 4096 982 4150 est,
1017 4100 1119 4140 nec
1147 4097 1368 4155 gravate
1414 4098 1507 4143 aut
1553 4105 1675 4143 cum
1716 4093 1886 4145 animi
1942 4108 2178 4148 interere

2177 4134 2178 4137 η
2283 4082 2376 4135 καὶ
2411 4082 2470 4134 οὐ
2502 4081 2794 4155 λυπηθήσῃ
2824 4085 2891 4154 τῇ
2924 4083 3128 4156 καρδίᾳ
3156 4102 3249 4138 σου
3278 4085 3496 4141 διδόντος
3518 4095 3597 4131 σου
3620 4070 3755 4136 αὐτῷ·

614 4176 804 4241 dabis;
839 4191 963 4236 nam
1013 4176 1084 4230 ob
1117 4175 1273 4232 istam
1319 4192 1541 4234 causam
1574 4181 1877 4236 fortunabit
1911 4183 2006 4237 tibi
2041 4185 2178 4239 Deus

2282 4174 2363 4225 ὅτι
2392 4173 2480 4226 διὰ
2502 4173 2576 4239 ,τὸ
2610 4174 2764 4243 ῥῆμα
2791 4174 2950 4228 τοῦτο
2983 4174 3277 4246 εὐλογήσει
3312 4192 3369 4228 σε
3411 4169 3634 4243 Κύριοςὸ
3666 4160 3757 4220 Θεός

614 4269 796 4322 omnia
829 4283 990 4338 opera
1025 4277 1138 4324 tua.

2286 4282 2377 4320 σου
2410 4269 2466 4320 ἐν
2496 4268 2630 4321 πᾶσι
2660 4269 2772 4329 τοῖς
2803 4265 2984 4336 ἔργοις
3025 4283 3149 4322 σου.

683 4357 799 4460 Non
851 4359 1210 4417 fmueraberis
1263 4361 1414 4418 fratri
1470 4374 1566 4419 tuo
1618 4363 1845 4433 cibaria,
1902 4376 1996 4422 aut
2030 4370 2175 4425 aliud
2209 4406 2253 4460 Β

2209 4406 2253 4460 D
2351 4360 2471 4412 Οὐκ
2523 4359 2790 4419 ὲκτοκιεῖς
2834 4355 2912 4427 τῷ
2942 4355 3163 4429 ἀδελφῷ
3194 4375 3302 4460 σου.
3335 4357 3482 4409 τόκον
3510 4348 3757 4460 βρωμάτων]

614 4451 935 4524 quidquam,
972 4458 1114 4526 quod
1153 4456 1308 4512 fratri
1344 4465 1440 4512 tuo
1471 4459 1826 4515 mutuaveris.

2209 4443 2252 4460 ν
2283 4451 2377 4506 καὶ
2411 4453 2569 4505 τόκον
2619 4449 2820 4513 παντὸς
2861 4449 3214 4519 πράγματος,
3244 4443 3304 4503 οὗ
3337 4448 3426 4501 ἐὰν
3464 4443 3674 4510 arma:
3707 4449 3759 4498 τφ

2281 4543 2494 4615 ἀδελφῷ
2525 4560 2642 4598 σου.

689 4631 786 4688 Job
835 4648 984 4690 χχχι.
1010 4632 1382 4705 Syngrapham
1447 4652 1611 4706 quam
1681 4635 1942 4692 habebam
1988 4649 2176 4695 contra

2351 4635 2680 4706 Συγγραφὴν
2705 4634 2773 4704 ἢν
2813 4629 2955 4705 εῐχον
2985 4635 3130 4690 κατά
3177 4650 3341 4697 τινος,
3372 4631 3452 4684 ἐπ’
3479 4627 3624 4696 ὤμοις
3647 4632 3758 4706 περί⁴

615 4719 923 4794 quempiam
947 4726 1194 4782 humeris
1213 4727 1608 4783 circumdatam
1633 4737 1891 4799 tanquam
1914 4746 2175 4787 coronam

2281 4729 2532 4794 θέμενος,
2559 4727 2635 4790 ὡς
2683 4727 2944 4796 στέφανον
2987 4727 3379 4795 ἀνεγίνωσκον,
3411 4721 3500 4806 tu}
3536 4714 3672 4786 ῥήξας

617 4816 879 4887 legebam,
909 4829 964 4873 et
995 4833 1114 4872 eam
1147 4833 1176 4872 a
1228 4831 1314 4872 me
1341 4817 1566 4874 fractam
1593 4820 1824 4889 reddidi,
1850 4823 1986 4878 nihil
2037 4824 2180 4877 acci-

2279 4820 2378 4890 τὴν
2413 4819 2694 4885 ἀπέδωκα,
2745 4818 2911 4889 μηδὲν
2953 4817 3292 4888 παραλαϐὼν
3331 4799 3759 4883 παρά’”χρεωφειλέ·

617 4912 771 4978 piens
795 4927 824 4966 a
843 4911 1098 4972 debitore
1127 4927 1270 4967 meo.

952 4911 1098 4968 nitore
1127 4927 1270 4967 meo.
2279 4927 2374 4964 του
2405 4927 2530 4980 μου.

689 4981 987 5056 Ριαίδχιν.
1015 5004 1314 5073 Argentum
1360 5019 1468 5061 non
1515 5007 1664 5062 dedit
1709 5007 1926 5072 faenori,
1963 5016 2019 5062 et
2063 5024 2180 5062 mu-

2353 4975 2426 5054 Τδ
2480 5000 2744 5072 ἀργύριον
2792 5000 2958 5055 αὑτοῦ
3009 4999 3110 5052 οὐκ
3165 4999 3366 5053 εδωκεν
3413 4995 3497 5048 ini
3539 4975 3759 5086 τόκέμααξ

620 5105 749 5146 nera
773 5101 964 5146 contra
993 5096 1312 5150 innocentes
1337 5113 1446 5152 non
1474 5099 1682 5169 accepit
1709 5117 1722 5154 :
1759 5100 1853 5170 qui
1880 5099 1995 5154 haec
2015 5114 2173 5154 exer—

2280 5095 2431 5166 δῶρα
2477 5094 2566 5146 ἔπ’
2600 5093 2798 5156 ἀθώοις
2836 5095 2936 5146 οὐκ
2991 5091 3205 5146 ἔλαϐεν.
3247 5091 3306 5144 '0
3354 5086 3512 5141 ποιῶν
3551 5085 3688 5134 ταῦτα
3718 5085 3757 5118 ου

619 5191 739 5250 cet,‘
764 5198 872 5239 non
903 5191 1361 5255 conquassabitur
1394 5191 1506 5246 ullo
1537 5201 1801 5260 tempore.

2285 5184 2679 5255 σαλευθήσεται
2715 5185 2794 5247 εἰς
2825 5185 2916 5238 τὸν
2944 5185 3142 5238 αἰῶνα.
3641 5259 3649 5271 1

688 5275 783 5331 Vir
817 5279 992 5333 bonus
1046 5289 1130 5334 cst
1181 5281 1228 5335 is
1260 5281 1353 5351 qui
1405 5281 1698 5338 miseretur
1748 5290 1802 5338 et
1847 5282 2177 5344 commodat,

2356 5278 2604 5349 Χρηστδς
2635 5275 2774 5347 ἀνὴρ
2807 5278 2836 5331 ὁ
2881 5278 3168 5347 οἰκτείρων
3209 5275 3304 5332 καὶ
3350 5269 3568 5344 κιχρῶν·
3615 5264 3761 5312 οἰκονο-

617 5369 857 5440 disponit
887 5355 1171 5426 sermones
1202 5386 1330 5428 suos
1361 5373 1414 5428 in
1444 5373 1672 5443 judicio.

2289 5371 2454 5442 μήσει
2480 5369 2604 5432 τοὺς
2635 5369 2827 5436 λόγους
2861 5368 3029 5421 αὐτοῦ
3063 5373 3120 5422 ὲν
3151 5369 3350 5436 κρίσει.

685 5459 874 5519 Justus
909 5465 1197 5522 miseretur
1225 5475 1278 5522 et
1302 5467 1633 5523 commodat.

2361 5461 2578 5522 Δίκαιος
2611 5457 2868 5528 οἰκτείρει
2905 5461 2999 5512 καὶ
3026 5459 3211 5527 κιχρᾷ.

689 5549 960 5610 Solomon.
992 5556 1330 5613 Creditorem
1365 5559 1532 5615 simul
1586 5564 1641 5611 et
1709 5556 2006 5612 debitorem
2058 5571 2184 5611 con-

2183 5587 2184 5592 η
2364 5515 2654 5604 Amata-.105
2706 5515 2800 5602 καί
2849 5515 3251 5620 χρεωφείλότου
3286 5541 3518 5610 ἀλλήλοις
3555 5515 3761 5583 συνελθόν·

619 5641 782 5697 corde
811 5645 1049 5705 viventes
1081 5651 1297 5720 inspicit
1339 5651 1620 5704 Dominus.

2294 5660 2421 5706 των,
2451 5642 2753 5713 ἐπισκοπὴν
2784 5643 3108 5714 ἀμφοτέρων
3150 5641 3377 5694 ποιεῖται
3415 5632 3609 5700 Κύριος·
