  <div class='ocr_page' id='page_1' title='image "/cluster/home/n/w/nwhite01/storage/ocr_20150623/136/hvd.32044054100201/542.png"; bbox 0 0 3976 6214; ppageno 0'>
   <div class='ocr_carea' id='block_1_1' title="bbox 1057 346 2712 419">
    <p class='ocr_par' dir='ltr' id='par_1_1' title="bbox 1057 346 2712 419">
     <span class='ocr_line' id='line_1_1' title="bbox 1057 346 2712 419; baseline 0.008 -15"><span class='ocrx_word' id='word_1_1' title='bbox 1057 346 1230 406; x_wconf 88' lang='lat' dir='ltr'>LOCI</span> <span class='ocrx_word' id='word_1_2' title='bbox 1271 347 1713 410; x_wconf 81' lang='lat' dir='ltr'><strong>COMMUNES.</strong></span> <span class='ocrx_word' id='word_1_3' title='bbox 1742 375 1807 385; x_wconf 70' lang='grc' dir='ltr'><strong>-ο</strong></span> <span class='ocrx_word' id='word_1_4' title='bbox 1854 351 2049 412; x_wconf 80' lang='lat' dir='ltr'><strong>PARS</strong></span> <span class='ocrx_word' id='word_1_5' title='bbox 2090 351 2164 415; x_wconf 73' lang='grc' dir='ltr'><strong>Π.</strong></span> <span class='ocrx_word' id='word_1_6' title='bbox 2209 354 2467 416; x_wconf 63' lang='grc' dir='ltr'><strong>ΞΕῐὶίΜΟ</strong></span> <span class='ocrx_word' id='word_1_7' title='bbox 2498 359 2712 419; x_wconf 80' lang='lat' dir='ltr'><strong>XXVI.</strong></span> 
     </span>
    </p>
   </div>
   <div class='ocr_carea' id='block_1_2' title="bbox 347 452 1856 541">
    <p class='ocr_par' dir='ltr' id='par_1_2' title="bbox 347 452 1853 528">
     <span class='ocr_line' id='line_1_2' title="bbox 347 452 1853 528; baseline 0.005 -23"><span class='ocrx_word' id='word_1_8' title='bbox 347 452 593 526; x_wconf 73' lang='grc' dir='ltr'><strong>[⁸οστις]</strong></span> <span class='ocrx_word' id='word_1_9' title='bbox 644 454 1014 526; x_wconf 78' lang='grc' dir='ltr'><strong>ὲνεχυρασμδν</strong></span> <span class='ocrx_word' id='word_1_10' title='bbox 1060 458 1367 527; x_wconf 77' lang='grc' dir='ltr'><strong>ὀφείλοντος</strong></span> <span class='ocrx_word' id='word_1_11' title='bbox 1427 462 1719 528; x_wconf 70' lang='grc' dir='ltr'><strong>ἀποδώσει,</strong></span> <span class='ocrx_word' id='word_1_12' title='bbox 1761 463 1853 515; x_wconf 74' lang='grc' dir='ltr'><strong>καὶ</strong></span> 
     </span>
    </p>
   </div>
   <div class='ocr_carea' id='block_1_3' title="bbox 1979 452 3533 541">
    <p class='ocr_par' dir='ltr' id='par_1_3' title="bbox 2029 468 3533 541">
     <span class='ocr_line' id='line_1_3' title="bbox 2029 468 3533 541; baseline 0.003 -23"><span class='ocrx_word' id='word_1_13' title='bbox 2029 468 2219 522; x_wconf 75' lang='lat' dir='ltr'><strong>Ezeclr.</strong></span> <span class='ocrx_word' id='word_1_14' title='bbox 2249 483 2344 532; x_wconf 82' lang='lat' dir='ltr'><strong>vn,</strong></span> <span class='ocrx_word' id='word_1_15' title='bbox 2383 485 2537 523; x_wconf 85' lang='lat' dir='ltr'><strong>xvut.</strong></span> <span class='ocrx_word' id='word_1_16' title='bbox 2565 469 2670 536; x_wconf 87' lang='lat' dir='ltr'><strong>Qui</strong></span> <span class='ocrx_word' id='word_1_17' title='bbox 2710 469 2971 525; x_wconf 89' lang='lat' dir='ltr'><strong>debitoris</strong></span> <span class='ocrx_word' id='word_1_18' title='bbox 2990 471 3184 541; x_wconf 76' lang='lat' dir='ltr'><strong>pignus</strong></span> <span class='ocrx_word' id='word_1_19' title='bbox 3213 469 3533 533; x_wconf 85' lang='lat' dir='ltr'><strong>reddiderit,</strong></span> 
     </span>
    </p>
   </div>
   <div class='ocr_carea' id='block_1_4' title="bbox 275 548 1854 621">
    <p class='ocr_par' dir='ltr' id='par_1_4' title="bbox 275 548 1854 621">
     <span class='ocr_line' id='line_1_4' title="bbox 275 548 1854 621; baseline 0.001 -17"><span class='ocrx_word' id='word_1_20' title='bbox 275 549 342 604; x_wconf 69' lang='grc' dir='ltr'><strong>τὸ</strong></span> <span class='ocrx_word' id='word_1_21' title='bbox 371 548 634 620; x_wconf 81' lang='grc' dir='ltr'><strong>ἀργύριον</strong></span> <span class='ocrx_word' id='word_1_22' title='bbox 682 550 850 603; x_wconf 78' lang='grc' dir='ltr'><strong>αὑτοῦ</strong></span> <span class='ocrx_word' id='word_1_23' title='bbox 903 551 995 603; x_wconf 72' lang='grc' dir='ltr'><strong>ἐπὶ</strong></span> <span class='ocrx_word' id='word_1_24' title='bbox 1035 556 1180 621; x_wconf 83' lang='grc' dir='ltr'><strong>τόκῳ</strong></span> <span class='ocrx_word' id='word_1_25' title='bbox 1222 554 1283 605; x_wconf 81' lang='grc' dir='ltr'><strong>οὐ</strong></span> <span class='ocrx_word' id='word_1_26' title='bbox 1333 552 1516 619; x_wconf 81' lang='grc' dir='ltr'><strong>δώσει,</strong></span> <span class='ocrx_word' id='word_1_27' title='bbox 1551 556 1644 608; x_wconf 71' lang='grc' dir='ltr'><strong>καὶ</strong></span> <span class='ocrx_word' id='word_1_28' title='bbox 1697 555 1854 607; x_wconf 83' lang='grc' dir='ltr'><strong>πλεο-</strong></span> 
     </span>
    </p>
   </div>
   <div class='ocr_carea' id='block_1_5' title="bbox 277 639 1857 719">
    <p class='ocr_par' dir='ltr' id='par_1_5' title="bbox 277 639 1857 719">
     <span class='ocr_line' id='line_1_5' title="bbox 277 639 1857 719; baseline 0.002 -22"><span class='ocrx_word' id='word_1_29' title='bbox 277 643 488 714; x_wconf 74' lang='grc' dir='ltr'><strong>νασμὸν</strong></span> <span class='ocrx_word' id='word_1_30' title='bbox 534 643 596 696; x_wconf 81' lang='grc' dir='ltr'><strong>οὐ</strong></span> <span class='ocrx_word' id='word_1_31' title='bbox 648 643 916 712; x_wconf 74' lang='grc' dir='ltr'><strong>λήψεται,</strong></span> <span class='ocrx_word' id='word_1_32' title='bbox 951 645 1156 706; x_wconf 84' lang='grc' dir='ltr'><strong>δίκαιος</strong></span> <span class='ocrx_word' id='word_1_33' title='bbox 1186 639 1344 708; x_wconf 75' lang='grc' dir='ltr'><strong>οὗτός</strong></span> <span class='ocrx_word' id='word_1_34' title='bbox 1371 647 1507 708; x_wconf 80' lang='grc' dir='ltr'><strong>ἐστι,</strong></span> <span class='ocrx_word' id='word_1_35' title='bbox 1540 647 1651 719; x_wconf 77' lang='grc' dir='ltr'><strong>ζωῇ</strong></span> <span class='ocrx_word' id='word_1_36' title='bbox 1696 649 1857 718; x_wconf 77' lang='grc' dir='ltr'><strong>ζήσε-</strong></span> 
     </span>
    </p>
   </div>
   <div class='ocr_carea' id='block_1_6' title="bbox 276 734 839 804">
    <p class='ocr_par' dir='ltr' id='par_1_6' title="bbox 276 734 839 804">
     <span class='ocr_line' id='line_1_6' title="bbox 276 734 839 804; baseline 0.004 -16"><span class='ocrx_word' id='word_1_37' title='bbox 276 752 393 795; x_wconf 85' lang='grc' dir='ltr'><strong>ται,</strong></span> <span class='ocrx_word' id='word_1_38' title='bbox 430 736 577 802; x_wconf 74' lang='grc' dir='ltr'><strong>λέγει</strong></span> <span class='ocrx_word' id='word_1_39' title='bbox 617 734 839 804; x_wconf 81' lang='grc' dir='ltr'><strong>Κύριος.</strong></span> 
     </span>
    </p>
   </div>
   <div class='ocr_carea' id='block_1_7' title="bbox 366 825 1857 898">
    <p class='ocr_par' dir='ltr' id='par_1_7' title="bbox 366 825 1857 898">
     <span class='ocr_line' id='line_1_7' title="bbox 366 825 1857 898; baseline 0.001 -19"><span class='ocrx_word' id='word_1_40' title='bbox 366 827 424 879; x_wconf 85' lang='lat'><strong>&#39;0</strong></span> <span class='ocrx_word' id='word_1_41' title='bbox 448 825 616 878; x_wconf 81' lang='grc' dir='ltr'><strong>ποιῶν</strong></span> <span class='ocrx_word' id='word_1_42' title='bbox 637 825 785 888; x_wconf 70' lang='grc' dir='ltr'><strong>ἔλεος</strong></span> <span class='ocrx_word' id='word_1_43' title='bbox 805 826 976 880; x_wconf 77' lang='grc' dir='ltr'><strong>δανιεϊ</strong></span> <span class='ocrx_word' id='word_1_44' title='bbox 1005 826 1082 896; x_wconf 82' lang='grc' dir='ltr'><strong>τῷ</strong></span> <span class='ocrx_word' id='word_1_45' title='bbox 1122 827 1354 897; x_wconf 80' lang='grc' dir='ltr'><strong>πλησίον</strong></span> <span class='ocrx_word' id='word_1_46' title='bbox 1371 845 1388 861; x_wconf 79' lang='grc' dir='ltr'><strong><em>ο</em></strong></span> <span class='ocrx_word' id='word_1_47' title='bbox 1411 827 1504 881; x_wconf 79' lang='grc' dir='ltr'><strong>καὶ</strong></span> <span class='ocrx_word' id='word_1_48' title='bbox 1530 830 1558 881; x_wconf 91' lang='grc' dir='ltr'><strong>ὀ</strong></span> <span class='ocrx_word' id='word_1_49' title='bbox 1583 828 1857 898; x_wconf 73' lang='grc' dir='ltr'><strong>ὲπισχύων</strong></span> 
     </span>
    </p>
   </div>
   <div class='ocr_carea' id='block_1_8' title="bbox 276 917 1191 989">
    <p class='ocr_par' dir='ltr' id='par_1_8' title="bbox 276 917 1191 989">
     <span class='ocr_line' id='line_1_8' title="bbox 276 917 1191 989; baseline 0.003 -19"><span class='ocrx_word' id='word_1_50' title='bbox 276 921 346 989; x_wconf 83' lang='grc' dir='ltr'><strong>τῇ</strong></span> <span class='ocrx_word' id='word_1_51' title='bbox 389 920 534 988; x_wconf 83' lang='grc' dir='ltr'><strong>χειρὶ</strong></span> <span class='ocrx_word' id='word_1_52' title='bbox 560 917 726 969; x_wconf 75' lang='grc' dir='ltr'><strong>αὐτοῦ</strong></span> <span class='ocrx_word' id='word_1_53' title='bbox 757 920 916 989; x_wconf 86' lang='grc' dir='ltr'><strong>τηρεῖ</strong></span> <span class='ocrx_word' id='word_1_54' title='bbox 952 920 1191 983; x_wconf 74' lang='grc' dir='ltr'><strong>ἐντολάς.</strong></span> 
     </span>
    </p>
   </div>
   <div class='ocr_carea' id='block_1_9' title="bbox 355 1099 1854 1169">
    <p class='ocr_par' dir='ltr' id='par_1_9' title="bbox 355 1099 1854 1169">
     <span class='ocr_line' id='line_1_9' title="bbox 355 1099 1854 1169; baseline 0.007 -17"><span class='ocrx_word' id='word_1_55' title='bbox 355 1100 446 1169; x_wconf 84' lang='grc' dir='ltr'>Τῷ</span> <span class='ocrx_word' id='word_1_56' title='bbox 483 1099 724 1153; x_wconf 78' lang='grc' dir='ltr'><strong>αἰτοῦντί</strong></span> <span class='ocrx_word' id='word_1_57' title='bbox 757 1117 814 1152; x_wconf 92' lang='grc' dir='ltr'><strong>σε</strong></span> <span class='ocrx_word' id='word_1_58' title='bbox 863 1101 1030 1165; x_wconf 91' lang='grc' dir='ltr'><strong>δίδου,</strong></span> <span class='ocrx_word' id='word_1_59' title='bbox 1083 1104 1299 1158; x_wconf 78' lang='grc' dir='ltr'><strong>καὶτὸν</strong></span> <span class='ocrx_word' id='word_1_60' title='bbox 1346 1103 1572 1159; x_wconf 78' lang='grc' dir='ltr'><strong>Θέλοντα</strong></span> <span class='ocrx_word' id='word_1_61' title='bbox 1616 1107 1724 1161; x_wconf 84' lang='grc' dir='ltr'><strong>ἀπὸ</strong></span> <span class='ocrx_word' id='word_1_62' title='bbox 1761 1106 1854 1162; x_wconf 76' lang='grc' dir='ltr'><strong>σοῦ</strong></span> 
     </span>
    </p>
   </div>
   <div class='ocr_carea' id='block_1_10' title="bbox 277 1190 1161 1263">
    <p class='ocr_par' dir='ltr' id='par_1_10' title="bbox 277 1190 1161 1263">
     <span class='ocr_line' id='line_1_10' title="bbox 277 1190 1161 1263; baseline 0.005 -19"><span class='ocrx_word' id='word_1_63' title='bbox 277 1190 634 1244; x_wconf 77' lang='grc' dir='ltr'><strong>δανείσασθαι</strong></span> <span class='ocrx_word' id='word_1_64' title='bbox 668 1192 742 1260; x_wconf 86' lang='grc' dir='ltr'><strong>μὴ</strong></span> <span class='ocrx_word' id='word_1_65' title='bbox 781 1193 1161 1263; x_wconf 80' lang='grc' dir='ltr'><strong>ἀποστραφῇς.</strong></span> 
     </span>
    </p>
   </div>
   <div class='ocr_carea' id='block_1_11' title="bbox 368 1280 1856 1356">
    <p class='ocr_par' dir='ltr' id='par_1_11' title="bbox 368 1280 1856 1356">
     <span class='ocr_line' id='line_1_11' title="bbox 368 1280 1856 1356; baseline 0.003 -20"><span class='ocrx_word' id='word_1_66' title='bbox 368 1284 498 1336; x_wconf 75' lang='grc' dir='ltr'><strong>Ἐὰν</strong></span> <span class='ocrx_word' id='word_1_67' title='bbox 529 1284 811 1349; x_wconf 78' lang='grc' dir='ltr'><strong>δανείζητε</strong></span> <span class='ocrx_word' id='word_1_68' title='bbox 836 1285 966 1356; x_wconf 83' lang='grc' dir='ltr'><strong>παρ’</strong></span> <span class='ocrx_word' id='word_1_69' title='bbox 994 1280 1070 1340; x_wconf 76' lang='grc' dir='ltr'><strong>ὧν</strong></span> <span class='ocrx_word' id='word_1_70' title='bbox 1104 1285 1351 1350; x_wconf 73' lang='grc' dir='ltr'><strong>ἐλπίζετε</strong></span> <span class='ocrx_word' id='word_1_71' title='bbox 1379 1287 1695 1352; x_wconf 82' lang='grc' dir='ltr'><strong>ἀπολαϐεῖν,</strong></span> <span class='ocrx_word' id='word_1_72' title='bbox 1725 1289 1856 1340; x_wconf 89' lang='grc' dir='ltr'><strong>ποία</strong></span> 
     </span>
    </p>
   </div>
   <div class='ocr_carea' id='block_1_12' title="bbox 283 1374 1856 1447">
    <p class='ocr_par' dir='ltr' id='par_1_12' title="bbox 283 1374 1856 1447">
     <span class='ocr_line' id='line_1_12' title="bbox 283 1374 1856 1447; baseline 0.003 -22"><span class='ocrx_word' id='word_1_73' title='bbox 283 1376 416 1441; x_wconf 85' lang='grc' dir='ltr'><strong>ὑμῖν</strong></span> <span class='ocrx_word' id='word_1_74' title='bbox 448 1375 607 1444; x_wconf 80' lang='grc' dir='ltr'><strong>χάρις</strong></span> <span class='ocrx_word' id='word_1_75' title='bbox 655 1374 809 1440; x_wconf 61' lang='lat' dir='ltr'><strong>soci;</strong></span> <span class='ocrx_word' id='word_1_76' title='bbox 861 1378 955 1428; x_wconf 79' lang='grc' dir='ltr'><strong>καὶ</strong></span> <span class='ocrx_word' id='word_1_77' title='bbox 995 1377 1106 1445; x_wconf 80' lang='grc' dir='ltr'><strong>γὰρ</strong></span> <span class='ocrx_word' id='word_1_78' title='bbox 1145 1377 1462 1446; x_wconf 73' lang='grc' dir='ltr'><strong>ἁμαρτωλοὶ</strong></span> <span class='ocrx_word' id='word_1_79' title='bbox 1511 1378 1856 1447; x_wconf 79' lang='grc' dir='ltr'><strong>ἁμαρτωλοῖς</strong></span> 
     </span>
    </p>
   </div>
   <div class='ocr_carea' id='block_1_13' title="bbox 277 1466 1855 1538">
    <p class='ocr_par' dir='ltr' id='par_1_13' title="bbox 277 1466 1855 1538">
     <span class='ocr_line' id='line_1_13' title="bbox 277 1466 1855 1538; baseline 0.001 -18"><span class='ocrx_word' id='word_1_80' title='bbox 277 1466 640 1531; x_wconf 73' lang='grc' dir='ltr'><strong>δανείζουσιν,</strong></span> <span class='ocrx_word' id='word_1_81' title='bbox 674 1466 760 1519; x_wconf 76' lang='grc' dir='ltr'><strong>ἵνα</strong></span> <span class='ocrx_word' id='word_1_82' title='bbox 792 1468 1106 1520; x_wconf 82' lang='grc' dir='ltr'><strong>ἀπολάϐωσι</strong></span> <span class='ocrx_word' id='word_1_83' title='bbox 1151 1470 1218 1522; x_wconf 82' lang='grc' dir='ltr'><strong>τὰ</strong></span> <span class='ocrx_word' id='word_1_84' title='bbox 1268 1471 1382 1524; x_wconf 81' lang='grc' dir='ltr'><strong>ῐσα.</strong></span> <span class='ocrx_word' id='word_1_85' title='bbox 1415 1470 1564 1538; x_wconf 80' lang='grc' dir='ltr'><strong>Πλὴν</strong></span> <span class='ocrx_word' id='word_1_86' title='bbox 1604 1469 1855 1537; x_wconf 79' lang='grc' dir='ltr'><strong>ἀγαπᾶτε</strong></span> 
     </span>
    </p>
   </div>
   <div class='ocr_carea' id='block_1_14' title="bbox 279 1557 1854 1628">
    <p class='ocr_par' dir='ltr' id='par_1_14' title="bbox 279 1557 1854 1628">
     <span class='ocr_line' id='line_1_14' title="bbox 279 1557 1854 1628; baseline 0 -16"><span class='ocrx_word' id='word_1_87' title='bbox 279 1559 412 1620; x_wconf 70' lang='grc' dir='ltr'><strong>τοὺς</strong></span> <span class='ocrx_word' id='word_1_88' title='bbox 428 1557 658 1627; x_wconf 72' lang='grc' dir='ltr'><strong>ἐχθροὺς</strong></span> <span class='ocrx_word' id='word_1_89' title='bbox 682 1557 858 1628; x_wconf 79' lang='grc' dir='ltr'><strong>ὑμῶν,</strong></span> <span class='ocrx_word' id='word_1_90' title='bbox 875 1558 972 1612; x_wconf 74' lang='grc' dir='ltr'><strong>καὶ</strong></span> <span class='ocrx_word' id='word_1_91' title='bbox 995 1560 1392 1625; x_wconf 77' lang='grc' dir='ltr'><strong>ἀγαθοποιεῖτε,</strong></span> <span class='ocrx_word' id='word_1_92' title='bbox 1420 1561 1516 1615; x_wconf 76' lang='grc' dir='ltr'><strong>καὶ</strong></span> <span class='ocrx_word' id='word_1_93' title='bbox 1535 1561 1808 1625; x_wconf 78' lang='grc' dir='ltr'><strong>δανείζετε</strong></span> <span class='ocrx_word' id='word_1_94' title='bbox 1839 1601 1854 1625; x_wconf 91' lang='grc'><strong>,</strong></span> 
     </span>
    </p>
   </div>
   <div class='ocr_carea' id='block_1_15' title="bbox 285 1651 1856 1724">
    <p class='ocr_par' dir='ltr' id='par_1_15' title="bbox 285 1651 1856 1724">
     <span class='ocr_line' id='line_1_15' title="bbox 285 1651 1856 1724; baseline -0.009 -5"><span class='ocrx_word' id='word_1_95' title='bbox 285 1651 457 1719; x_wconf 71' lang='grc' dir='ltr'><strong>μηδὲν</strong></span> <span class='ocrx_word' id='word_1_96' title='bbox 482 1651 898 1717; x_wconf 77' lang='grc' dir='ltr'><strong>ἀπελπίζοντες,</strong></span> <span class='ocrx_word' id='word_1_97' title='bbox 929 1653 1022 1705; x_wconf 72' lang='grc' dir='ltr'><strong>και</strong></span> <span class='ocrx_word' id='word_1_98' title='bbox 1047 1653 1203 1705; x_wconf 76' lang='grc' dir='ltr'><strong>ἔσται</strong></span> <span class='ocrx_word' id='word_1_99' title='bbox 1228 1655 1256 1706; x_wconf 82' lang='lat'><em>6</em></span> <span class='ocrx_word' id='word_1_100' title='bbox 1289 1653 1479 1721; x_wconf 77' lang='grc' dir='ltr'><strong>μισθὸς</strong></span> <span class='ocrx_word' id='word_1_101' title='bbox 1505 1652 1661 1724; x_wconf 75' lang='grc' dir='ltr'><strong>ὑμῶν</strong></span> <span class='ocrx_word' id='word_1_102' title='bbox 1689 1654 1856 1716; x_wconf 82' lang='grc' dir='ltr'><strong>πολὺς</strong></span> 
     </span>
    </p>
   </div>
   <div class='ocr_carea' id='block_1_16' title="bbox 279 1742 801 1811">
    <p class='ocr_par' dir='ltr' id='par_1_16' title="bbox 279 1742 801 1811">
     <span class='ocr_line' id='line_1_16' title="bbox 279 1742 801 1811; baseline 0.004 -17"><span class='ocrx_word' id='word_1_103' title='bbox 279 1744 346 1794; x_wconf 71' lang='grc' dir='ltr'><strong>ἒν</strong></span> <span class='ocrx_word' id='word_1_104' title='bbox 375 1743 490 1804; x_wconf 80' lang='grc' dir='ltr'><strong>τοῖς</strong></span> <span class='ocrx_word' id='word_1_105' title='bbox 529 1742 801 1811; x_wconf 78' lang='grc' dir='ltr'><strong>οὐρανοῖς.</strong></span> 
     </span>
    </p>
   </div>
   <div class='ocr_carea' id='block_1_17' title="bbox 1959 559 3534 629">
    <p class='ocr_par' dir='ltr' id='par_1_17' title="bbox 1959 559 3534 629">
     <span class='ocr_line' id='line_1_17' title="bbox 1959 559 3534 629; baseline 0.003 -22"><span class='ocrx_word' id='word_1_106' title='bbox 1959 562 2011 607; x_wconf 90' lang='lat' dir='ltr'><strong>et</strong></span> <span class='ocrx_word' id='word_1_107' title='bbox 2045 564 2328 625; x_wconf 76' lang='lat' dir='ltr'><strong>argentum</strong></span> <span class='ocrx_word' id='word_1_108' title='bbox 2380 573 2539 612; x_wconf 91' lang='lat' dir='ltr'><strong>suum</strong></span> <span class='ocrx_word' id='word_1_109' title='bbox 2587 559 2781 613; x_wconf 79' lang='lat' dir='ltr'><strong>foeuori</strong></span> <span class='ocrx_word' id='word_1_110' title='bbox 2837 575 2947 614; x_wconf 90' lang='lat' dir='ltr'><strong>non</strong></span> <span class='ocrx_word' id='word_1_111' title='bbox 3001 559 3239 626; x_wconf 76' lang='lat' dir='ltr'><strong>dederit,</strong></span> <span class='ocrx_word' id='word_1_112' title='bbox 3289 559 3534 629; x_wconf 90' lang='lat' dir='ltr'><strong>nihilque</strong></span> 
     </span>
    </p>
   </div>
   <div class='ocr_carea' id='block_1_18' title="bbox 1960 648 3530 719">
    <p class='ocr_par' dir='ltr' id='par_1_18' title="bbox 1960 648 3530 719">
     <span class='ocr_line' id='line_1_18' title="bbox 1960 648 3530 719; baseline 0.003 -17"><span class='ocrx_word' id='word_1_113' title='bbox 1960 648 2100 702; x_wconf 90' lang='lat' dir='ltr'><strong>ultra</strong></span> <span class='ocrx_word' id='word_1_114' title='bbox 2152 658 2352 704; x_wconf 92' lang='lat' dir='ltr'><strong>sortem</strong></span> <span class='ocrx_word' id='word_1_115' title='bbox 2394 651 2680 719; x_wconf 76' lang='lat' dir='ltr'><strong>receperit,</strong></span> <span class='ocrx_word' id='word_1_116' title='bbox 2728 652 2774 705; x_wconf 88' lang='lat' dir='ltr'><strong>is</strong></span> <span class='ocrx_word' id='word_1_117' title='bbox 2816 652 2901 705; x_wconf 89' lang='lat' dir='ltr'><strong>vir</strong></span> <span class='ocrx_word' id='word_1_118' title='bbox 2945 652 3123 707; x_wconf 88' lang='lat' dir='ltr'><strong>bonus</strong></span> <span class='ocrx_word' id='word_1_119' title='bbox 3169 660 3276 716; x_wconf 89' lang='lat' dir='ltr'><strong>est,</strong></span> <span class='ocrx_word' id='word_1_120' title='bbox 3308 652 3387 705; x_wconf 87' lang='lat' dir='ltr'><strong>ait</strong></span> <span class='ocrx_word' id='word_1_121' title='bbox 3420 651 3530 706; x_wconf 90' lang='lat' dir='ltr'><strong>Do-</strong></span> 
     </span>
    </p>
   </div>
   <div class='ocr_carea' id='block_1_19' title="bbox 1962 738 2976 808">
    <p class='ocr_par' dir='ltr' id='par_1_19' title="bbox 1962 738 2976 808">
     <span class='ocr_line' id='line_1_19' title="bbox 1962 738 2976 808; baseline 0.006 -20"><span class='ocrx_word' id='word_1_122' title='bbox 1962 738 2160 802; x_wconf 84' lang='lat' dir='ltr'><strong>minus,</strong></span> <span class='ocrx_word' id='word_1_123' title='bbox 2193 748 2247 792; x_wconf 92' lang='lat' dir='ltr'><strong>et</strong></span> <span class='ocrx_word' id='word_1_124' title='bbox 2276 755 2439 808; x_wconf 89' lang='lat' dir='ltr'><strong>quam</strong></span> <span class='ocrx_word' id='word_1_125' title='bbox 2476 739 2785 795; x_wconf 89' lang='lat' dir='ltr'><strong>diutissime</strong></span> <span class='ocrx_word' id='word_1_126' title='bbox 2814 741 2976 796; x_wconf 90' lang='lat' dir='ltr'><strong>vivet.</strong></span> 
     </span>
    </p>
   </div>
   <div class='ocr_carea' id='block_1_20' title="bbox 2032 824 3531 902">
    <p class='ocr_par' dir='ltr' id='par_1_20' title="bbox 2032 824 3531 902">
     <span class='ocr_line' id='line_1_20' title="bbox 2032 824 3531 902; baseline 0.003 -21"><span class='ocrx_word' id='word_1_127' title='bbox 2032 824 2386 884; x_wconf 81' lang='lat' dir='ltr'><strong>Eccli.xx1x.</strong></span> <span class='ocrx_word' id='word_1_128' title='bbox 2437 830 2541 897; x_wconf 84' lang='lat' dir='ltr'><strong>Qui</strong></span> <span class='ocrx_word' id='word_1_129' title='bbox 2593 831 3029 886; x_wconf 87' lang='lat' dir='ltr'><strong>misericordiam</strong></span> <span class='ocrx_word' id='word_1_130' title='bbox 3085 831 3349 902; x_wconf 80' lang='lat' dir='ltr'><strong>impertit,</strong></span> <span class='ocrx_word' id='word_1_131' title='bbox 3402 846 3531 900; x_wconf 84' lang='lat' dir='ltr'><strong>pro-</strong></span> 
     </span>
    </p>
   </div>
   <div class='ocr_carea' id='block_1_21' title="bbox 1957 920 3530 991">
    <p class='ocr_par' dir='ltr' id='par_1_21' title="bbox 1957 920 3530 991">
     <span class='ocr_line' id='line_1_21' title="bbox 1957 920 3530 991; baseline 0.003 -18"><span class='ocrx_word' id='word_1_132' title='bbox 1957 920 2107 974; x_wconf 78' lang='lat' dir='ltr'><strong>ximo</strong></span> <span class='ocrx_word' id='word_1_133' title='bbox 2140 933 2387 975; x_wconf 91' lang='lat' dir='ltr'><strong>mutuum</strong></span> <span class='ocrx_word' id='word_1_134' title='bbox 2419 921 2570 976; x_wconf 85' lang='lat' dir='ltr'><strong>dabit</strong></span> <span class='ocrx_word' id='word_1_135' title='bbox 2597 940 2610 976; x_wconf 91' lang='lat'>:</span> <span class='ocrx_word' id='word_1_136' title='bbox 2636 929 2692 976; x_wconf 91' lang='lat' dir='ltr'><strong>et</strong></span> <span class='ocrx_word' id='word_1_137' title='bbox 2731 923 2825 991; x_wconf 84' lang='lat' dir='ltr'><strong>qui</strong></span> <span class='ocrx_word' id='word_1_138' title='bbox 2855 937 3022 978; x_wconf 87' lang='lat' dir='ltr'><strong>manu</strong></span> <span class='ocrx_word' id='word_1_139' title='bbox 3063 939 3162 978; x_wconf 88' lang='lat' dir='ltr'><strong>sua</strong></span> <span class='ocrx_word' id='word_1_140' title='bbox 3190 923 3530 989; x_wconf 84' lang='lat' dir='ltr'><strong>corroborat,</strong></span> 
     </span>
    </p>
   </div>
   <div class='ocr_carea' id='block_1_22' title="bbox 1961 1019 2466 1082">
    <p class='ocr_par' dir='ltr' id='par_1_22' title="bbox 1961 1019 2466 1082">
     <span class='ocr_line' id='line_1_22' title="bbox 1961 1019 2466 1082; baseline 0.012 -18"><span class='ocrx_word' id='word_1_141' title='bbox 1961 1019 2230 1082; x_wconf 70' lang='lat' dir='ltr'><strong>praecepta</strong></span> <span class='ocrx_word' id='word_1_142' title='bbox 2263 1023 2466 1071; x_wconf 81' lang='lat' dir='ltr'><strong>servat.</strong></span> 
     </span>
    </p>
   </div>
   <div class='ocr_carea' id='block_1_23' title="bbox 2034 1099 3535 1173">
    <p class='ocr_par' dir='ltr' id='par_1_23' title="bbox 2034 1099 3535 1173">
     <span class='ocr_line' id='line_1_23' title="bbox 2034 1099 3535 1173; baseline 0.003 -21"><span class='ocrx_word' id='word_1_143' title='bbox 2034 1099 2158 1155; x_wconf 85' lang='lat' dir='ltr'><strong>Luc.</strong></span> <span class='ocrx_word' id='word_1_144' title='bbox 2188 1118 2256 1156; x_wconf 83' lang='lat' dir='ltr'><strong>Vl.</strong></span> <span class='ocrx_word' id='word_1_145' title='bbox 2286 1099 2497 1158; x_wconf 84' lang='lat' dir='ltr'><strong>Petenti</strong></span> <span class='ocrx_word' id='word_1_146' title='bbox 2543 1104 2640 1159; x_wconf 89' lang='lat' dir='ltr'><strong>abs</strong></span> <span class='ocrx_word' id='word_1_147' title='bbox 2704 1114 2755 1159; x_wconf 85' lang='lat' dir='ltr'><strong>te</strong></span> <span class='ocrx_word' id='word_1_148' title='bbox 2783 1103 2948 1171; x_wconf 89' lang='lat' dir='ltr'><strong>dato;</strong></span> <span class='ocrx_word' id='word_1_149' title='bbox 2980 1111 3036 1159; x_wconf 88' lang='lat' dir='ltr'><strong>et</strong></span> <span class='ocrx_word' id='word_1_150' title='bbox 3067 1103 3136 1159; x_wconf 87' lang='lat' dir='ltr'><strong>ab</strong></span> <span class='ocrx_word' id='word_1_151' title='bbox 3162 1118 3230 1160; x_wconf 89' lang='lat' dir='ltr'><strong>eo</strong></span> <span class='ocrx_word' id='word_1_152' title='bbox 3277 1103 3373 1173; x_wconf 89' lang='lat' dir='ltr'><strong>qui</strong></span> <span class='ocrx_word' id='word_1_153' title='bbox 3419 1104 3535 1160; x_wconf 84' lang='lat' dir='ltr'><strong>vult</strong></span> 
     </span>
    </p>
   </div>
   <div class='ocr_carea' id='block_1_24' title="bbox 1957 1193 3101 1263">
    <p class='ocr_par' dir='ltr' id='par_1_24' title="bbox 1957 1193 3101 1263">
     <span class='ocr_line' id='line_1_24' title="bbox 1957 1193 3101 1263; baseline 0.004 -16"><span class='ocrx_word' id='word_1_154' title='bbox 1957 1193 2052 1248; x_wconf 90' lang='lat' dir='ltr'><strong>abs</strong></span> <span class='ocrx_word' id='word_1_155' title='bbox 2081 1203 2130 1248; x_wconf 88' lang='lat' dir='ltr'><strong>te</strong></span> <span class='ocrx_word' id='word_1_156' title='bbox 2166 1203 2414 1250; x_wconf 89' lang='lat' dir='ltr'><strong>mutuum</strong></span> <span class='ocrx_word' id='word_1_157' title='bbox 2447 1211 2684 1263; x_wconf 87' lang='lat' dir='ltr'><strong>sumere,</strong></span> <span class='ocrx_word' id='word_1_158' title='bbox 2709 1210 2780 1252; x_wconf 90' lang='lat' dir='ltr'><strong>ne</strong></span> <span class='ocrx_word' id='word_1_159' title='bbox 2814 1196 3101 1253; x_wconf 83' lang='lat' dir='ltr'><strong>avertaris.</strong></span> 
     </span>
    </p>
   </div>
   <div class='ocr_carea' id='block_1_25' title="bbox 2033 1281 3531 1359">
    <p class='ocr_par' dir='ltr' id='par_1_25' title="bbox 2033 1281 3531 1359">
     <span class='ocr_line' id='line_1_25' title="bbox 2033 1281 3531 1359; baseline 0.001 -19"><span class='ocrx_word' id='word_1_160' title='bbox 2033 1287 2090 1340; x_wconf 79' lang='lat' dir='ltr'><strong>Si</strong></span> <span class='ocrx_word' id='word_1_161' title='bbox 2142 1297 2393 1343; x_wconf 87' lang='lat' dir='ltr'><strong>mutuum</strong></span> <span class='ocrx_word' id='word_1_162' title='bbox 2434 1281 2577 1345; x_wconf 84' lang='lat' dir='ltr'><strong>datis</strong></span> <span class='ocrx_word' id='word_1_163' title='bbox 2617 1304 2646 1343; x_wconf 88' lang='lat' dir='ltr'><strong>a</strong></span> <span class='ocrx_word' id='word_1_164' title='bbox 2675 1289 2876 1359; x_wconf 88' lang='lat' dir='ltr'><strong>quibus</strong></span> <span class='ocrx_word' id='word_1_165' title='bbox 2923 1288 3155 1359; x_wconf 80' lang='lat' dir='ltr'><strong>speratis</strong></span> <span class='ocrx_word' id='word_1_166' title='bbox 3195 1302 3294 1343; x_wconf 87' lang='lat' dir='ltr'><strong>vos</strong></span> <span class='ocrx_word' id='word_1_167' title='bbox 3338 1301 3531 1356; x_wconf 81' lang='lat' dir='ltr'><strong>recep-</strong></span> 
     </span>
    </p>
   </div>
   <div class='ocr_carea' id='block_1_26' title="bbox 1957 1379 3533 1449">
    <p class='ocr_par' dir='ltr' id='par_1_26' title="bbox 1957 1379 3533 1449">
     <span class='ocr_line' id='line_1_26' title="bbox 1957 1379 3533 1449; baseline 0.002 -18"><span class='ocrx_word' id='word_1_168' title='bbox 1957 1388 2132 1441; x_wconf 83' lang='lat' dir='ltr'><strong>turos,</strong></span> <span class='ocrx_word' id='word_1_169' title='bbox 2162 1395 2280 1448; x_wconf 78' lang='lat' dir='ltr'><strong>qme</strong></span> <span class='ocrx_word' id='word_1_170' title='bbox 2307 1379 2460 1436; x_wconf 83' lang='lat' dir='ltr'><strong>vobis</strong></span> <span class='ocrx_word' id='word_1_171' title='bbox 2487 1381 2660 1449; x_wconf 72' lang='lat' dir='ltr'><strong>gratia</strong></span> <span class='ocrx_word' id='word_1_172' title='bbox 2710 1379 2828 1435; x_wconf 84' lang='lat' dir='ltr'><strong>est?</strong></span> <span class='ocrx_word' id='word_1_173' title='bbox 2856 1380 3056 1434; x_wconf 87' lang='lat' dir='ltr'><strong>etenim</strong></span> <span class='ocrx_word' id='word_1_174' title='bbox 3106 1379 3369 1436; x_wconf 90' lang='lat' dir='ltr'><strong>scelerosi</strong></span> <span class='ocrx_word' id='word_1_175' title='bbox 3410 1396 3533 1434; x_wconf 89' lang='lat' dir='ltr'><strong>mu-</strong></span> 
     </span>
    </p>
   </div>
   <div class='ocr_carea' id='block_1_27' title="bbox 1958 1469 3536 1541">
    <p class='ocr_par' dir='ltr' id='par_1_27' title="bbox 1958 1469 3536 1541">
     <span class='ocr_line' id='line_1_27' title="bbox 1958 1469 3536 1541; baseline -0.001 -15"><span class='ocrx_word' id='word_1_176' title='bbox 1958 1483 2108 1526; x_wconf 89' lang='lat' dir='ltr'><strong>tuum</strong></span> <span class='ocrx_word' id='word_1_177' title='bbox 2133 1470 2264 1525; x_wconf 83' lang='lat' dir='ltr'><strong>dant</strong></span> <span class='ocrx_word' id='word_1_178' title='bbox 2295 1471 2602 1535; x_wconf 76' lang='lat' dir='ltr'><strong>scelerosis,</strong></span> <span class='ocrx_word' id='word_1_179' title='bbox 2636 1480 2696 1526; x_wconf 89' lang='lat' dir='ltr'><strong>ut</strong></span> <span class='ocrx_word' id='word_1_180' title='bbox 2722 1471 2872 1541; x_wconf 88' lang='lat' dir='ltr'><strong>paria</strong></span> <span class='ocrx_word' id='word_1_181' title='bbox 2899 1471 2999 1526; x_wconf 90' lang='lat' dir='ltr'><strong>sibi</strong></span> <span class='ocrx_word' id='word_1_182' title='bbox 3035 1469 3387 1536; x_wconf 83' lang='lat' dir='ltr'><strong>referantur:</strong></span> <span class='ocrx_word' id='word_1_183' title='bbox 3425 1470 3536 1525; x_wconf 91' lang='lat' dir='ltr'><strong>imo</strong></span> 
     </span>
    </p>
   </div>
   <div class='ocr_carea' id='block_1_28' title="bbox 1958 1561 3541 1634">
    <p class='ocr_par' dir='ltr' id='par_1_28' title="bbox 1958 1561 3541 1634">
     <span class='ocr_line' id='line_1_28' title="bbox 1958 1561 3541 1634; baseline 0.002 -22"><span class='ocrx_word' id='word_1_184' title='bbox 1958 1579 2087 1618; x_wconf 79' lang='lat' dir='ltr'><strong>vero</strong></span> <span class='ocrx_word' id='word_1_185' title='bbox 2135 1562 2341 1634; x_wconf 78' lang='lat' dir='ltr'><strong>diligite</strong></span> <span class='ocrx_word' id='word_1_186' title='bbox 2387 1563 2639 1618; x_wconf 86' lang='lat' dir='ltr'><strong>inimicos</strong></span> <span class='ocrx_word' id='word_1_187' title='bbox 2674 1571 2911 1630; x_wconf 82' lang='lat' dir='ltr'><strong>vestros,</strong></span> <span class='ocrx_word' id='word_1_188' title='bbox 2954 1578 3020 1618; x_wconf 88' lang='lat' dir='ltr'><strong>ac</strong></span> <span class='ocrx_word' id='word_1_189' title='bbox 3059 1561 3388 1625; x_wconf 78' lang='lat' dir='ltr'><strong>benefacite,</strong></span> <span class='ocrx_word' id='word_1_190' title='bbox 3421 1577 3541 1615; x_wconf 91' lang='lat' dir='ltr'><strong>mu-</strong></span> 
     </span>
    </p>
   </div>
   <div class='ocr_carea' id='block_1_29' title="bbox 1958 1653 3534 1724">
    <p class='ocr_par' dir='ltr' id='par_1_29' title="bbox 1958 1653 3534 1724">
     <span class='ocr_line' id='line_1_29' title="bbox 1958 1653 3534 1724; baseline 0.001 -18"><span class='ocrx_word' id='word_1_191' title='bbox 1958 1664 2221 1724; x_wconf 87' lang='lat' dir='ltr'><strong>tuumque</strong></span> <span class='ocrx_word' id='word_1_192' title='bbox 2266 1654 2392 1708; x_wconf 88' lang='lat' dir='ltr'><strong>date</strong></span> <span class='ocrx_word' id='word_1_193' title='bbox 2425 1653 2558 1708; x_wconf 81' lang='lat' dir='ltr'><strong>nihil</strong></span> <span class='ocrx_word' id='word_1_194' title='bbox 2603 1654 2730 1709; x_wconf 89' lang='lat' dir='ltr'><strong>inde</strong></span> <span class='ocrx_word' id='word_1_195' title='bbox 2761 1664 3068 1722; x_wconf 82' lang='lat' dir='ltr'><strong>sperantes,</strong></span> <span class='ocrx_word' id='word_1_196' title='bbox 3097 1663 3150 1708; x_wconf 91' lang='lat' dir='ltr'><strong>et</strong></span> <span class='ocrx_word' id='word_1_197' title='bbox 3180 1654 3285 1707; x_wconf 89' lang='lat' dir='ltr'><strong>erit</strong></span> <span class='ocrx_word' id='word_1_198' title='bbox 3324 1669 3534 1710; x_wconf 83' lang='lat' dir='ltr'><strong>merces</strong></span> 
     </span>
    </p>
   </div>
   <div class='ocr_carea' id='block_1_30' title="bbox 1958 1747 2682 1816">
    <p class='ocr_par' dir='ltr' id='par_1_30' title="bbox 1958 1747 2682 1816">
     <span class='ocr_line' id='line_1_30' title="bbox 1958 1747 2682 1816; baseline 0.006 -19"><span class='ocrx_word' id='word_1_199' title='bbox 1958 1757 2135 1800; x_wconf 89' lang='lat' dir='ltr'><strong>vestra</strong></span> <span class='ocrx_word' id='word_1_200' title='bbox 2165 1747 2219 1799; x_wconf 86' lang='lat' dir='ltr'><strong>in</strong></span> <span class='ocrx_word' id='word_1_201' title='bbox 2251 1747 2406 1801; x_wconf 85' lang='lat' dir='ltr'><strong>coelis</strong></span> <span class='ocrx_word' id='word_1_202' title='bbox 2435 1747 2682 1816; x_wconf 90' lang='lat' dir='ltr'><strong>copiosa.</strong></span> 
     </span>
    </p>
   </div>
   <div class='ocr_carea' id='block_1_31' title="bbox 356 1810 1856 1907">
    <p class='ocr_par' dir='ltr' id='par_1_31' title="bbox 356 1810 1856 1907">
     <span class='ocr_line' id='line_1_31' title="bbox 356 1810 1856 1907; baseline 0.003 -21"><span class='ocrx_word' id='word_1_203' title='bbox 356 1835 512 1902; x_wconf 85' lang='grc' dir='ltr'><strong>Μήτε</strong></span> <span class='ocrx_word' id='word_1_204' title='bbox 547 1810 638 1886; x_wconf 66' lang='grc' dir='ltr'><strong>τδν</strong></span> <span class='ocrx_word' id='word_1_205' title='bbox 683 1833 904 1887; x_wconf 78' lang='grc' dir='ltr'><strong>Θέλοντα</strong></span> <span class='ocrx_word' id='word_1_206' title='bbox 940 1834 1290 1889; x_wconf 80' lang='grc' dir='ltr'><strong>δανείσασθαι</strong></span> <span class='ocrx_word' id='word_1_207' title='bbox 1333 1836 1715 1907; x_wconf 79' lang='grc' dir='ltr'><strong>ἀποστραφῇς,</strong></span> <span class='ocrx_word' id='word_1_208' title='bbox 1763 1837 1856 1890; x_wconf 72' lang='grc' dir='ltr'><strong>καὶ</strong></span> 
     </span>
    </p>
   </div>
   <div class='ocr_carea' id='block_1_32' title="bbox 1979 1810 3540 1907">
    <p class='ocr_par' dir='ltr' id='par_1_32' title="bbox 2033 1810 3540 1906">
     <span class='ocr_line' id='line_1_32' title="bbox 2033 1810 3540 1906; baseline -0.003 -14"><span class='ocrx_word' id='word_1_209' title='bbox 2033 1836 2090 1892; x_wconf 90' lang='lat' dir='ltr'><strong>S.</strong></span> <span class='ocrx_word' id='word_1_210' title='bbox 2134 1837 2346 1891; x_wconf 68' lang='lat' dir='ltr'><strong>Basilii.</strong></span> <span class='ocrx_word' id='word_1_211' title='bbox 2395 1810 2582 1906; x_wconf 73' lang='lat' dir='ltr'><strong>Neque</strong></span> <span class='ocrx_word' id='word_1_212' title='bbox 2612 1836 2882 1891; x_wconf 84' lang='lat' dir='ltr'><strong>volentem</strong></span> <span class='ocrx_word' id='word_1_213' title='bbox 2931 1836 3030 1889; x_wconf 88' lang='lat' dir='ltr'><strong>abs</strong></span> <span class='ocrx_word' id='word_1_214' title='bbox 3058 1844 3108 1888; x_wconf 89' lang='lat' dir='ltr'><strong>te</strong></span> <span class='ocrx_word' id='word_1_215' title='bbox 3155 1823 3406 1888; x_wconf 77' lang='lat' dir='ltr'><strong>mutuum</strong></span> <span class='ocrx_word' id='word_1_216' title='bbox 3440 1850 3540 1888; x_wconf 86' lang='lat' dir='ltr'><strong>su-</strong></span> 
     </span>
    </p>
   </div>
   <div class='ocr_carea' id='block_1_33' title="bbox 279 1925 1859 1997">
    <p class='ocr_par' dir='ltr' id='par_1_33' title="bbox 279 1925 1859 1997">
     <span class='ocr_line' id='line_1_33' title="bbox 279 1925 1859 1997; baseline 0.003 -20"><span class='ocrx_word' id='word_1_217' title='bbox 279 1925 346 1978; x_wconf 80' lang='grc' dir='ltr'><strong>τὸ</strong></span> <span class='ocrx_word' id='word_1_218' title='bbox 373 1925 636 1995; x_wconf 73' lang='grc' dir='ltr'><strong>ἀργύριόν</strong></span> <span class='ocrx_word' id='word_1_219' title='bbox 690 1942 784 1978; x_wconf 86' lang='grc' dir='ltr'><strong>σου</strong></span> <span class='ocrx_word' id='word_1_220' title='bbox 821 1926 880 1977; x_wconf 83' lang='grc' dir='ltr'><strong>οὑ</strong></span> <span class='ocrx_word' id='word_1_221' title='bbox 933 1925 1123 1989; x_wconf 83' lang='grc' dir='ltr'><strong>δώσεις</strong></span> <span class='ocrx_word' id='word_1_222' title='bbox 1163 1927 1254 1979; x_wconf 75' lang='grc' dir='ltr'><strong>ἐπὶ</strong></span> <span class='ocrx_word' id='word_1_223' title='bbox 1305 1927 1449 1997; x_wconf 83' lang='grc' dir='ltr'><strong>τόκῳ</strong></span> <span class='ocrx_word' id='word_1_224' title='bbox 1475 1944 1489 1956; x_wconf 73' lang='grc'><strong>⁸</strong></span> <span class='ocrx_word' id='word_1_225' title='bbox 1527 1928 1612 1980; x_wconf 82' lang='grc' dir='ltr'><strong>ῐνα</strong></span> <span class='ocrx_word' id='word_1_226' title='bbox 1653 1930 1717 1981; x_wconf 74' lang='grc' dir='ltr'><strong>ἐκ</strong></span> <span class='ocrx_word' id='word_1_227' title='bbox 1753 1929 1859 1981; x_wconf 83' lang='grc' dir='ltr'><strong>Πα-</strong></span> 
     </span>
    </p>
   </div>
   <div class='ocr_carea' id='block_1_34' title="bbox 280 2016 1856 2090">
    <p class='ocr_par' dir='ltr' id='par_1_34' title="bbox 280 2016 1856 2090">
     <span class='ocr_line' id='line_1_34' title="bbox 280 2016 1856 2090; baseline 0.004 -21"><span class='ocrx_word' id='word_1_228' title='bbox 280 2016 446 2079; x_wconf 75' lang='grc' dir='ltr'><strong>λαιᾶς</strong></span> <span class='ocrx_word' id='word_1_229' title='bbox 478 2025 570 2069; x_wconf 81' lang='grc' dir='ltr'><strong>καὶ</strong></span> <span class='ocrx_word' id='word_1_230' title='bbox 596 2016 743 2080; x_wconf 78' lang='grc' dir='ltr'><strong>Νέας</strong></span> <span class='ocrx_word' id='word_1_231' title='bbox 787 2017 1060 2087; x_wconf 77' lang='grc' dir='ltr'><strong>Διαθήκης</strong></span> <span class='ocrx_word' id='word_1_232' title='bbox 1089 2019 1158 2070; x_wconf 78' lang='grc' dir='ltr'><strong>τὰ</strong></span> <span class='ocrx_word' id='word_1_233' title='bbox 1188 2019 1541 2089; x_wconf 84' lang='grc' dir='ltr'><strong>συμφέροντα</strong></span> <span class='ocrx_word' id='word_1_234' title='bbox 1577 2019 1856 2090; x_wconf 78' lang='grc' dir='ltr'><strong>διδαχθῇς,</strong></span> 
     </span>
    </p>
   </div>
   <div class='ocr_carea' id='block_1_35' title="bbox 284 2107 1859 2183">
    <p class='ocr_par' dir='ltr' id='par_1_35' title="bbox 284 2107 1859 2183">
     <span class='ocr_line' id='line_1_35' title="bbox 284 2107 1859 2183; baseline 0.004 -24"><span class='ocrx_word' id='word_1_235' title='bbox 284 2107 432 2176; x_wconf 74' lang='grc' dir='ltr'><strong>μετὰ</strong></span> <span class='ocrx_word' id='word_1_236' title='bbox 456 2107 672 2177; x_wconf 76' lang='grc' dir='ltr'><strong>ἀγαθῆς</strong></span> <span class='ocrx_word' id='word_1_237' title='bbox 701 2107 920 2170; x_wconf 76' lang='grc' dir='ltr'><strong>ἐλπίδος</strong></span> <span class='ocrx_word' id='word_1_238' title='bbox 940 2109 1075 2179; x_wconf 75' lang='grc' dir='ltr'><strong>πρὸς</strong></span> <span class='ocrx_word' id='word_1_239' title='bbox 1099 2109 1231 2162; x_wconf 77' lang='grc' dir='ltr'><strong>Θεὸν</strong></span> <span class='ocrx_word' id='word_1_240' title='bbox 1256 2108 1446 2183; x_wconf 82' lang='grc' dir='ltr'><strong>ἀπίῃς,</strong></span> <span class='ocrx_word' id='word_1_241' title='bbox 1477 2111 1592 2163; x_wconf 75' lang='grc' dir='ltr'><strong>ἐκεῖ</strong></span> <span class='ocrx_word' id='word_1_242' title='bbox 1611 2112 1738 2172; x_wconf 78' lang='grc' dir='ltr'><strong>τοὺς</strong></span> <span class='ocrx_word' id='word_1_243' title='bbox 1771 2112 1859 2165; x_wconf 86' lang='grc' dir='ltr'><strong>τό·</strong></span> 
     </span>
    </p>
   </div>
   <div class='ocr_carea' id='block_1_36' title="bbox 286 2197 1772 2269">
    <p class='ocr_par' dir='ltr' id='par_1_36' title="bbox 286 2197 1772 2269">
     <span class='ocr_line' id='line_1_36' title="bbox 286 2197 1772 2269; baseline 0.003 -19"><span class='ocrx_word' id='word_1_244' title='bbox 286 2213 422 2260; x_wconf 78' lang='grc' dir='ltr'><strong>κους</strong></span> <span class='ocrx_word' id='word_1_245' title='bbox 454 2197 564 2250; x_wconf 85' lang='grc' dir='ltr'><strong>τῶν</strong></span> <span class='ocrx_word' id='word_1_246' title='bbox 603 2197 824 2265; x_wconf 80' lang='grc' dir='ltr'><strong>ἀγαθῶν</strong></span> <span class='ocrx_word' id='word_1_247' title='bbox 853 2198 1029 2269; x_wconf 71' lang='grc' dir='ltr'><strong>ἔςγων</strong></span> <span class='ocrx_word' id='word_1_248' title='bbox 1065 2198 1503 2268; x_wconf 79' lang='grc' dir='ltr'><strong>ἀποληψόμενος.</strong></span> <span class='ocrx_word' id='word_1_249' title='bbox 1763 2252 1772 2254; x_wconf 94' lang='lat'>_</span> 
     </span>
    </p>
   </div>
   <div class='ocr_carea' id='block_1_37' title="bbox 361 2287 1858 2358">
    <p class='ocr_par' dir='ltr' id='par_1_37' title="bbox 361 2287 1858 2358">
     <span class='ocr_line' id='line_1_37' title="bbox 361 2287 1858 2358; baseline 0.002 -18"><span class='ocrx_word' id='word_1_250' title='bbox 361 2289 425 2340; x_wconf 86' lang='lat' dir='ltr'><strong>El</strong></span> <span class='ocrx_word' id='word_1_251' title='bbox 459 2287 638 2357; x_wconf 79' lang='grc' dir='ltr'><strong>βούλει</strong></span> <span class='ocrx_word' id='word_1_252' title='bbox 663 2288 756 2341; x_wconf 84' lang='grc' dir='ltr'><strong>τὸν</strong></span> <span class='ocrx_word' id='word_1_253' title='bbox 784 2289 1019 2358; x_wconf 81' lang='grc' dir='ltr'><strong>Χριστὸν</strong></span> <span class='ocrx_word' id='word_1_254' title='bbox 1052 2288 1195 2358; x_wconf 77' lang='grc' dir='ltr'><strong>ἐχειν</strong></span> <span class='ocrx_word' id='word_1_255' title='bbox 1221 2290 1374 2358; x_wconf 80' lang='grc' dir='ltr'><strong>φίλον</strong></span> <span class='ocrx_word' id='word_1_256' title='bbox 1406 2291 1693 2358; x_wconf 80' lang='grc' dir='ltr'><strong>διηνεκῶς,</strong></span> <span class='ocrx_word' id='word_1_257' title='bbox 1726 2291 1858 2344; x_wconf 86' lang='grc' dir='ltr'><strong>πολ-</strong></span> 
     </span>
    </p>
   </div>
   <div class='ocr_carea' id='block_1_38' title="bbox 280 2379 1860 2453">
    <p class='ocr_par' dir='ltr' id='par_1_38' title="bbox 280 2379 1860 2453">
     <span class='ocr_line' id='line_1_38' title="bbox 280 2379 1860 2453; baseline 0.001 -21"><span class='ocrx_word' id='word_1_258' title='bbox 280 2380 394 2432; x_wconf 71' lang='grc' dir='ltr'><strong>ιιῶν</strong></span> <span class='ocrx_word' id='word_1_259' title='bbox 414 2381 579 2432; x_wconf 72' lang='grc' dir='ltr'><strong>αὐτὸν</strong></span> <span class='ocrx_word' id='word_1_260' title='bbox 602 2379 942 2449; x_wconf 75' lang='grc' dir='ltr'><strong>κατάστησον</strong></span> <span class='ocrx_word' id='word_1_261' title='bbox 969 2379 1266 2451; x_wconf 78' lang='grc' dir='ltr'><strong>χρεώστην.</strong></span> <span class='ocrx_word' id='word_1_262' title='bbox 1294 2382 1429 2436; x_wconf 78' lang='grc' dir='ltr'><strong>Οὐδὲ</strong></span> <span class='ocrx_word' id='word_1_263' title='bbox 1450 2381 1557 2453; x_wconf 80' lang='grc' dir='ltr'><strong>γὰρ</strong></span> <span class='ocrx_word' id='word_1_264' title='bbox 1577 2383 1718 2435; x_wconf 80' lang='grc' dir='ltr'><strong>οὕτω</strong></span> <span class='ocrx_word' id='word_1_265' title='bbox 1740 2383 1860 2452; x_wconf 82' lang='grc' dir='ltr'><strong>χαίο</strong></span> 
     </span>
    </p>
   </div>
   <div class='ocr_carea' id='block_1_39' title="bbox 286 2469 1858 2544">
    <p class='ocr_par' dir='ltr' id='par_1_39' title="bbox 286 2469 1858 2544">
     <span class='ocr_line' id='line_1_39' title="bbox 286 2469 1858 2544; baseline 0.001 -21"><span class='ocrx_word' id='word_1_266' title='bbox 286 2489 375 2523; x_wconf 89' lang='grc' dir='ltr'><strong>οει</strong></span> <span class='ocrx_word' id='word_1_267' title='bbox 431 2472 714 2537; x_wconf 79' lang='grc' dir='ltr'><strong>δανειστὴς</strong></span> <span class='ocrx_word' id='word_1_268' title='bbox 745 2472 1029 2540; x_wconf 75' lang='grc' dir='ltr'><strong>ὀφειλέτας</strong></span> <span class='ocrx_word' id='word_1_269' title='bbox 1073 2473 1216 2542; x_wconf 76' lang='grc' dir='ltr'><strong>ἔχων</strong></span> <span class='ocrx_word' id='word_1_270' title='bbox 1243 2491 1258 2508; x_wconf 84' lang='lat'><strong>-</strong></span> <span class='ocrx_word' id='word_1_271' title='bbox 1311 2475 1402 2527; x_wconf 75' lang='grc' dir='ltr'><strong>καὶ</strong></span> <span class='ocrx_word' id='word_1_272' title='bbox 1433 2469 1515 2537; x_wconf 76' lang='grc' dir='ltr'><strong>οἷς</strong></span> <span class='ocrx_word' id='word_1_273' title='bbox 1559 2477 1660 2543; x_wconf 71' lang='grc' dir='ltr'><strong>μὲν</strong></span> <span class='ocrx_word' id='word_1_274' title='bbox 1688 2474 1858 2544; x_wconf 81' lang='grc' dir='ltr'><strong>μηδὲν</strong></span> 
     </span>
    </p>
   </div>
   <div class='ocr_carea' id='block_1_40' title="bbox 278 2559 1854 2633">
    <p class='ocr_par' dir='ltr' id='par_1_40' title="bbox 278 2559 1854 2633">
     <span class='ocr_line' id='line_1_40' title="bbox 278 2559 1854 2633; baseline 0.001 -18"><span class='ocrx_word' id='word_1_275' title='bbox 278 2563 518 2631; x_wconf 82' lang='grc' dir='ltr'><strong>ὀφείλει,</strong></span> <span class='ocrx_word' id='word_1_276' title='bbox 547 2561 767 2625; x_wconf 81' lang='grc' dir='ltr'><strong>τούτους</strong></span> <span class='ocrx_word' id='word_1_277' title='bbox 793 2564 890 2618; x_wconf 72' lang='grc' dir='ltr'><strong>καὶ</strong></span> <span class='ocrx_word' id='word_1_278' title='bbox 923 2563 1251 2633; x_wconf 76' lang='grc' dir='ltr'><strong>ἀποφεύγειο</strong></span> <span class='ocrx_word' id='word_1_279' title='bbox 1281 2559 1363 2628; x_wconf 78' lang='grc' dir='ltr'><strong>οἷς</strong></span> <span class='ocrx_word' id='word_1_280' title='bbox 1387 2564 1443 2618; x_wconf 74' lang='grc' dir='ltr'><strong>δδ</strong></span> <span class='ocrx_word' id='word_1_281' title='bbox 1473 2563 1705 2632; x_wconf 78' lang='grc' dir='ltr'><strong>ὀφείλει,</strong></span> <span class='ocrx_word' id='word_1_282' title='bbox 1731 2563 1854 2621; x_wconf 78' lang='grc' dir='ltr'><strong>τού-</strong></span> 
     </span>
    </p>
   </div>
   <div class='ocr_carea' id='block_1_41' title="bbox 281 2653 856 2726">
    <p class='ocr_par' dir='ltr' id='par_1_41' title="bbox 281 2653 856 2726">
     <span class='ocr_line' id='line_1_41' title="bbox 281 2653 856 2726; baseline 0.003 -20"><span class='ocrx_word' id='word_1_283' title='bbox 281 2672 402 2717; x_wconf 89' lang='grc' dir='ltr'><strong>τοις</strong></span> <span class='ocrx_word' id='word_1_284' title='bbox 429 2656 521 2709; x_wconf 77' lang='grc' dir='ltr'><strong>καὶ</strong></span> <span class='ocrx_word' id='word_1_285' title='bbox 554 2653 856 2726; x_wconf 79' lang='grc' dir='ltr'><strong>ἐπιτρέχει.</strong></span> 
     </span>
    </p>
   </div>
   <div class='ocr_carea' id='block_1_42' title="bbox 868 2746 1264 2814">
    <p class='ocr_par' dir='ltr' id='par_1_42' title="bbox 868 2746 1264 2814">
     <span class='ocr_line' id='line_1_42' title="bbox 868 2746 1264 2814; baseline 0 -14"><span class='ocrx_word' id='word_1_286' title='bbox 868 2746 1087 2801; x_wconf 81' lang='grc' dir='ltr'><strong>ΛΟΓυΣ</strong></span> <span class='ocrx_word' id='word_1_287' title='bbox 1123 2746 1264 2814; x_wconf 74' lang='lat' dir='ltr'><strong>Kq&#39;.</strong></span> 
     </span>
    </p>
   </div>
   <div class='ocr_carea' id='block_1_43' title="bbox 635 2839 1509 2908">
    <p class='ocr_par' dir='ltr' id='par_1_43' title="bbox 635 2839 1509 2908">
     <span class='ocr_line' id='line_1_43' title="bbox 635 2839 1509 2908; baseline -0.002 -14"><span class='ocrx_word' id='word_1_288' title='bbox 635 2839 773 2906; x_wconf 75' lang='lat' dir='ltr'><strong>napi</strong></span> <span class='ocrx_word' id='word_1_289' title='bbox 813 2839 1144 2894; x_wconf 77' lang='grc' dir='ltr'><strong>δανειστῶν</strong></span> <span class='ocrx_word' id='word_1_290' title='bbox 1171 2839 1509 2908; x_wconf 78' lang='grc' dir='ltr'><strong>μοχθηρῶν.</strong></span> 
     </span>
    </p>
   </div>
   <div class='ocr_carea' id='block_1_44' title="bbox 362 2929 1859 3002">
    <p class='ocr_par' dir='ltr' id='par_1_44' title="bbox 362 2929 1859 3002">
     <span class='ocr_line' id='line_1_44' title="bbox 362 2929 1859 3002; baseline 0.001 -19"><span class='ocrx_word' id='word_1_291' title='bbox 362 2929 603 3000; x_wconf 62' lang='grc' dir='ltr'><strong>Πρέσεχε</strong></span> <span class='ocrx_word' id='word_1_292' title='bbox 633 2932 868 3002; x_wconf 83' lang='grc' dir='ltr'><strong>σεαυτῷ,</strong></span> <span class='ocrx_word' id='word_1_293' title='bbox 903 2932 978 3002; x_wconf 79' lang='grc' dir='ltr'><strong>μὴ</strong></span> <span class='ocrx_word' id='word_1_294' title='bbox 1027 2932 1246 3001; x_wconf 71' lang='grc' dir='ltr'><strong>γένηται</strong></span> <span class='ocrx_word' id='word_1_295' title='bbox 1278 2933 1430 3002; x_wconf 81' lang='grc' dir='ltr'><strong>ῥῆμα</strong></span> <span class='ocrx_word' id='word_1_296' title='bbox 1468 2929 1710 3000; x_wconf 80' lang='grc' dir='ltr'><strong>κρυπτὸν</strong></span> <span class='ocrx_word' id='word_1_297' title='bbox 1734 2930 1859 2984; x_wconf 85' lang='grc' dir='ltr'><strong>ἀνό-</strong></span> 
     </span>
    </p>
   </div>
   <div class='ocr_carea' id='block_1_45' title="bbox 287 3021 1857 3097">
    <p class='ocr_par' dir='ltr' id='par_1_45' title="bbox 287 3021 1857 3097">
     <span class='ocr_line' id='line_1_45' title="bbox 287 3021 1857 3097; baseline -0.003 -20"><span class='ocrx_word' id='word_1_298' title='bbox 287 3042 452 3095; x_wconf 83' lang='grc' dir='ltr'><strong>μημα</strong></span> <span class='ocrx_word' id='word_1_299' title='bbox 481 3027 539 3077; x_wconf 84' lang='grc' dir='ltr'><strong>ὲν</strong></span> <span class='ocrx_word' id='word_1_300' title='bbox 569 3029 636 3094; x_wconf 80' lang='grc' dir='ltr'><strong>τῇ</strong></span> <span class='ocrx_word' id='word_1_301' title='bbox 667 3024 864 3097; x_wconf 81' lang='grc' dir='ltr'><strong>καρδίᾳ</strong></span> <span class='ocrx_word' id='word_1_302' title='bbox 900 3043 1014 3089; x_wconf 89' lang='grc' dir='ltr'><strong>σου,</strong></span> <span class='ocrx_word' id='word_1_303' title='bbox 1058 3025 1214 3091; x_wconf 81' lang='grc' dir='ltr'><strong>λέγον</strong></span> <span class='ocrx_word' id='word_1_304' title='bbox 1238 3039 1254 3055; x_wconf 74' lang='grc'><strong><em>⁸</em></strong></span> <span class='ocrx_word' id='word_1_305' title='bbox 1298 3023 1537 3091; x_wconf 80' lang='grc' dir='ltr'><strong>Ἐγγίζει</strong></span> <span class='ocrx_word' id='word_1_306' title='bbox 1562 3022 1623 3075; x_wconf 74' lang='grc' dir='ltr'><strong>τὸ</strong></span> <span class='ocrx_word' id='word_1_307' title='bbox 1650 3022 1769 3083; x_wconf 73' lang='grc' dir='ltr'><strong>ἔτος</strong></span> <span class='ocrx_word' id='word_1_308' title='bbox 1797 3021 1857 3074; x_wconf 81' lang='grc' dir='ltr'><strong>τὸ</strong></span> 
     </span>
    </p>
   </div>
   <div class='ocr_carea' id='block_1_46' title="bbox 282 3113 1856 3185">
    <p class='ocr_par' dir='ltr' id='par_1_46' title="bbox 282 3113 1856 3185">
     <span class='ocr_line' id='line_1_46' title="bbox 282 3113 1856 3185; baseline -0.004 -16"><span class='ocrx_word' id='word_1_309' title='bbox 282 3117 518 3184; x_wconf 72' lang='grc' dir='ltr'><strong>⁶ἐϐδομον</strong></span> <span class='ocrx_word' id='word_1_310' title='bbox 560 3117 654 3185; x_wconf 84' lang='grc' dir='ltr'><strong>τῆς</strong></span> <span class='ocrx_word' id='word_1_311' title='bbox 690 3116 960 3184; x_wconf 77' lang='grc' dir='ltr'><strong>ἀφέσεως.</strong></span> <span class='ocrx_word' id='word_1_312' title='bbox 1007 3115 1114 3168; x_wconf 72' lang='grc' dir='ltr'><strong>Καὶ</strong></span> <span class='ocrx_word' id='word_1_313' title='bbox 1163 3113 1560 3184; x_wconf 84' lang='grc' dir='ltr'><strong>πονηρεύσεται</strong></span> <span class='ocrx_word' id='word_1_314' title='bbox 1588 3115 1616 3166; x_wconf 90' lang='grc' dir='ltr'><strong>ό</strong></span> <span class='ocrx_word' id='word_1_315' title='bbox 1651 3113 1856 3180; x_wconf 80' lang='grc' dir='ltr'><strong>ὀφθαλ-</strong></span> 
     </span>
    </p>
   </div>
   <div class='ocr_carea' id='block_1_47' title="bbox 288 3204 1855 3276">
    <p class='ocr_par' dir='ltr' id='par_1_47' title="bbox 288 3204 1855 3276">
     <span class='ocr_line' id='line_1_47' title="bbox 288 3204 1855 3276; baseline 0 -17"><span class='ocrx_word' id='word_1_316' title='bbox 288 3207 394 3274; x_wconf 84' lang='grc' dir='ltr'><strong>μός</strong></span> <span class='ocrx_word' id='word_1_317' title='bbox 426 3223 520 3260; x_wconf 86' lang='grc' dir='ltr'><strong>σου</strong></span> <span class='ocrx_word' id='word_1_318' title='bbox 554 3205 631 3276; x_wconf 83' lang='grc' dir='ltr'><strong>τῷ</strong></span> <span class='ocrx_word' id='word_1_319' title='bbox 665 3205 876 3274; x_wconf 84' lang='grc' dir='ltr'><strong>ἀδελφῷ</strong></span> <span class='ocrx_word' id='word_1_320' title='bbox 909 3223 1002 3259; x_wconf 91' lang='grc' dir='ltr'><strong>σου</strong></span> <span class='ocrx_word' id='word_1_321' title='bbox 1039 3205 1116 3275; x_wconf 85' lang='grc' dir='ltr'><strong>τῷ</strong></span> <span class='ocrx_word' id='word_1_322' title='bbox 1146 3205 1498 3276; x_wconf 80' lang='grc' dir='ltr'><strong>ἐπιδεομένῳ,</strong></span> <span class='ocrx_word' id='word_1_323' title='bbox 1533 3204 1627 3258; x_wconf 76' lang='grc' dir='ltr'><strong>καὶ</strong></span> <span class='ocrx_word' id='word_1_324' title='bbox 1660 3204 1720 3257; x_wconf 86' lang='grc' dir='ltr'><strong>οὐ</strong></span> <span class='ocrx_word' id='word_1_325' title='bbox 1750 3205 1855 3272; x_wconf 85' lang='grc' dir='ltr'><strong>δῷς</strong></span> 
     </span>
    </p>
   </div>
   <div class='ocr_carea' id='block_1_48' title="bbox 285 3296 1860 3368">
    <p class='ocr_par' dir='ltr' id='par_1_48' title="bbox 285 3296 1860 3368">
     <span class='ocr_line' id='line_1_48' title="bbox 285 3296 1860 3368; baseline -0.003 -15"><span class='ocrx_word' id='word_1_326' title='bbox 285 3296 462 3367; x_wconf 84' lang='grc' dir='ltr'><strong>αὐτῷ,</strong></span> <span class='ocrx_word' id='word_1_327' title='bbox 516 3300 610 3352; x_wconf 69' lang='grc' dir='ltr'><strong>καὶ</strong></span> <span class='ocrx_word' id='word_1_328' title='bbox 661 3297 920 3368; x_wconf 77' lang='grc' dir='ltr'><strong>βοήσεται</strong></span> <span class='ocrx_word' id='word_1_329' title='bbox 953 3299 1096 3351; x_wconf 85' lang='grc' dir='ltr'><strong>κατά</strong></span> <span class='ocrx_word' id='word_1_330' title='bbox 1148 3297 1243 3351; x_wconf 81' lang='grc' dir='ltr'><strong>σοῦ</strong></span> <span class='ocrx_word' id='word_1_331' title='bbox 1300 3298 1437 3368; x_wconf 76' lang='grc' dir='ltr'><strong>πρὸς</strong></span> <span class='ocrx_word' id='word_1_332' title='bbox 1496 3297 1723 3367; x_wconf 83' lang='grc' dir='ltr'><strong>Κύριον,</strong></span> <span class='ocrx_word' id='word_1_333' title='bbox 1766 3297 1860 3349; x_wconf 81' lang='grc' dir='ltr'><strong>καὶ</strong></span> 
     </span>
    </p>
   </div>
   <div class='ocr_carea' id='block_1_49' title="bbox 283 3390 1113 3460">
    <p class='ocr_par' dir='ltr' id='par_1_49' title="bbox 283 3390 1113 3460">
     <span class='ocr_line' id='line_1_49' title="bbox 283 3390 1113 3460; baseline -0.001 -16"><span class='ocrx_word' id='word_1_334' title='bbox 283 3391 445 3444; x_wconf 75' lang='grc' dir='ltr'><strong>ἔσται</strong></span> <span class='ocrx_word' id='word_1_335' title='bbox 477 3407 560 3443; x_wconf 87' lang='grc' dir='ltr'><strong>σοι</strong></span> <span class='ocrx_word' id='word_1_336' title='bbox 588 3391 838 3460; x_wconf 80' lang='grc' dir='ltr'><strong>ἁμαρτία</strong></span> <span class='ocrx_word' id='word_1_337' title='bbox 881 3390 1113 3459; x_wconf 68' lang='grc' dir='ltr'><strong>μεγάλη.</strong></span> 
     </span>
    </p>
   </div>
   <div class='ocr_carea' id='block_1_50' title="bbox 361 3481 1693 3552">
    <p class='ocr_par' dir='ltr' id='par_1_50' title="bbox 361 3481 1693 3552">
     <span class='ocr_line' id='line_1_50' title="bbox 361 3481 1693 3552; baseline 0 -17"><span class='ocrx_word' id='word_1_338' title='bbox 361 3482 598 3545; x_wconf 82' lang='grc' dir='ltr'><strong>Πλοῦτος</strong></span> <span class='ocrx_word' id='word_1_339' title='bbox 628 3482 829 3544; x_wconf 84' lang='grc' dir='ltr'><strong>ἀδίκως</strong></span> <span class='ocrx_word' id='word_1_340' title='bbox 861 3483 1228 3550; x_wconf 71' lang='grc' dir='ltr'><strong>συναγόμενος</strong></span> <span class='ocrx_word' id='word_1_341' title='bbox 1271 3481 1693 3552; x_wconf 80' lang='grc' dir='ltr'><strong>ὲξεμηθήσεται.</strong></span> 
     </span>
    </p>
   </div>
   <div class='ocr_carea' id='block_1_51' title="bbox 361 3571 1861 3644">
    <p class='ocr_par' dir='ltr' id='par_1_51' title="bbox 361 3571 1861 3644">
     <span class='ocr_line' id='line_1_51' title="bbox 361 3571 1861 3644; baseline -0.002 -17"><span class='ocrx_word' id='word_1_342' title='bbox 361 3571 656 3644; x_wconf 83' lang='grc' dir='ltr'><strong>Πληθύνων</strong></span> <span class='ocrx_word' id='word_1_343' title='bbox 710 3573 802 3624; x_wconf 75' lang='grc' dir='ltr'><strong>τὸν</strong></span> <span class='ocrx_word' id='word_1_344' title='bbox 853 3572 1085 3626; x_wconf 82' lang='grc' dir='ltr'><strong>πλοῦτον</strong></span> <span class='ocrx_word' id='word_1_345' title='bbox 1128 3572 1292 3625; x_wconf 82' lang='grc' dir='ltr'><strong>αὐτοῦ</strong></span> <span class='ocrx_word' id='word_1_346' title='bbox 1347 3573 1488 3643; x_wconf 86' lang='grc' dir='ltr'><strong>μετά</strong></span> <span class='ocrx_word' id='word_1_347' title='bbox 1540 3573 1717 3626; x_wconf 86' lang='grc' dir='ltr'><strong>τόκων</strong></span> <span class='ocrx_word' id='word_1_348' title='bbox 1761 3573 1861 3625; x_wconf 78' lang='grc' dir='ltr'><strong>καὶ</strong></span> 
     </span>
    </p>
   </div>
   <div class='ocr_carea' id='block_1_52' title="bbox 284 3647 1783 3735">
    <p class='ocr_par' dir='ltr' id='par_1_52' title="bbox 284 3663 1783 3735">
     <span class='ocr_line' id='line_1_52' title="bbox 284 3663 1783 3735; baseline -0.001 -17"><span class='ocrx_word' id='word_1_349' title='bbox 284 3665 675 3733; x_wconf 81' lang='grc' dir='ltr'><strong>πλεονασμῶν,</strong></span> <span class='ocrx_word' id='word_1_350' title='bbox 703 3663 782 3734; x_wconf 81' lang='grc' dir='ltr'><strong>τῷ</strong></span> <span class='ocrx_word' id='word_1_351' title='bbox 809 3664 1048 3717; x_wconf 62' lang='lat' dir='ltr'><strong>emam</strong></span> <span class='ocrx_word' id='word_1_352' title='bbox 1077 3665 1328 3735; x_wconf 84' lang='grc' dir='ltr'><strong>πτωχοὺς</strong></span> <span class='ocrx_word' id='word_1_353' title='bbox 1353 3665 1578 3733; x_wconf 77' lang='grc' dir='ltr'><strong>συνάγει</strong></span> <span class='ocrx_word' id='word_1_354' title='bbox 1603 3664 1783 3718; x_wconf 82' lang='grc' dir='ltr'><strong>αὐτόν.</strong></span> 
     </span>
    </p>
   </div>
   <div class='ocr_carea' id='block_1_53' title="bbox 365 3842 1860 3913">
    <p class='ocr_par' dir='ltr' id='par_1_53' title="bbox 365 3842 1860 3913">
     <span class='ocr_line' id='line_1_53' title="bbox 365 3842 1860 3913; baseline -0.003 -15"><span class='ocrx_word' id='word_1_355' title='bbox 365 3844 643 3913; x_wconf 80' lang='grc' dir='ltr'><strong>’Ὑπαρξις</strong></span> <span class='ocrx_word' id='word_1_356' title='bbox 698 3842 1212 3913; x_wconf 72' lang='grc' dir='ltr'><strong>ἐπισπουδαζομένη</strong></span> <span class='ocrx_word' id='word_1_357' title='bbox 1243 3845 1384 3912; x_wconf 84' lang='grc' dir='ltr'><strong>μετὰ</strong></span> <span class='ocrx_word' id='word_1_358' title='bbox 1428 3843 1656 3912; x_wconf 84' lang='grc' dir='ltr'><strong>ἀνομίας</strong></span> <span class='ocrx_word' id='word_1_359' title='bbox 1698 3843 1860 3897; x_wconf 76' lang='grc' dir='ltr'><strong>ὲλάσο</strong></span> 
     </span>
    </p>
   </div>
   <div class='ocr_carea' id='block_1_54' title="bbox 287 3937 657 4004">
    <p class='ocr_par' dir='ltr' id='par_1_54' title="bbox 287 3937 657 4004">
     <span class='ocr_line' id='line_1_54' title="bbox 287 3937 657 4004; baseline -0.005 -14"><span class='ocrx_word' id='word_1_360' title='bbox 287 3955 402 3990; x_wconf 81' lang='grc' dir='ltr'><strong>σων</strong></span> <span class='ocrx_word' id='word_1_361' title='bbox 426 3937 657 4004; x_wconf 82' lang='grc' dir='ltr'><strong>γίνεται.</strong></span> 
     </span>
    </p>
   </div>
   <div class='ocr_carea' id='block_1_55' title="bbox 364 4028 1861 4099">
    <p class='ocr_par' dir='ltr' id='par_1_55' title="bbox 364 4028 1861 4099">
     <span class='ocr_line' id='line_1_55' title="bbox 364 4028 1861 4099; baseline -0.001 -17"><span class='ocrx_word' id='word_1_362' title='bbox 364 4029 521 4092; x_wconf 88' lang='grc' dir='ltr'><strong>Δόσις</strong></span> <span class='ocrx_word' id='word_1_363' title='bbox 545 4030 781 4099; x_wconf 79' lang='grc' dir='ltr'><strong>ἄφρονος</strong></span> <span class='ocrx_word' id='word_1_364' title='bbox 808 4030 870 4082; x_wconf 82' lang='grc' dir='ltr'><strong>οὐ</strong></span> <span class='ocrx_word' id='word_1_365' title='bbox 899 4029 1245 4098; x_wconf 79' lang='grc' dir='ltr'><strong>λυσιτελήσει</strong></span> <span class='ocrx_word' id='word_1_366' title='bbox 1283 4045 1365 4082; x_wconf 88' lang='grc' dir='ltr'><strong>σοι</strong></span> <span class='ocrx_word' id='word_1_367' title='bbox 1394 4028 1630 4082; x_wconf 82' lang='grc' dir='ltr'><strong>λαϐόντι.</strong></span> <span class='ocrx_word' id='word_1_368' title='bbox 1659 4030 1722 4080; x_wconf 85' lang='lat' dir='ltr'><strong>Oi</strong></span> <span class='ocrx_word' id='word_1_369' title='bbox 1752 4029 1861 4096; x_wconf 76' lang='grc' dir='ltr'><strong>γὰρ</strong></span> 
     </span>
    </p>
   </div>
   <div class='ocr_carea' id='block_1_56' title="bbox 283 4119 1861 4190">
    <p class='ocr_par' dir='ltr' id='par_1_56' title="bbox 283 4119 1861 4190">
     <span class='ocr_line' id='line_1_56' title="bbox 283 4119 1861 4190; baseline -0.002 -15"><span class='ocrx_word' id='word_1_370' title='bbox 283 4122 561 4190; x_wconf 71' lang='grc' dir='ltr'><strong>ὀφθαλμοὶ</strong></span> <span class='ocrx_word' id='word_1_371' title='bbox 587 4120 754 4174; x_wconf 74' lang='grc' dir='ltr'><strong>αὐτοῦ</strong></span> <span class='ocrx_word' id='word_1_372' title='bbox 781 4119 902 4175; x_wconf 82' lang='grc' dir='ltr'><strong>ἀνθ’</strong></span> <span class='ocrx_word' id='word_1_373' title='bbox 928 4121 1050 4187; x_wconf 78' lang='grc' dir='ltr'><strong>ἐνδς</strong></span> <span class='ocrx_word' id='word_1_374' title='bbox 1075 4122 1152 4185; x_wconf 89' lang='grc' dir='ltr'><strong>είς</strong></span> <span class='ocrx_word' id='word_1_375' title='bbox 1180 4123 1240 4174; x_wconf 80' lang='grc' dir='ltr'><strong>τὸ</strong></span> <span class='ocrx_word' id='word_1_376' title='bbox 1261 4121 1445 4175; x_wconf 85' lang='grc' dir='ltr'><strong>λαϐεῖν</strong></span> <span class='ocrx_word' id='word_1_377' title='bbox 1470 4120 1638 4174; x_wconf 87' lang='grc' dir='ltr'><strong>πολλά</strong></span> <span class='ocrx_word' id='word_1_378' title='bbox 1662 4137 1676 4150; x_wconf 86' lang='grc'><strong>·</strong></span> <span class='ocrx_word' id='word_1_379' title='bbox 1705 4120 1861 4185; x_wconf 69' lang='grc' dir='ltr'><strong>ὀλίγα</strong></span> 
     </span>
    </p>
   </div>
   <div class='ocr_carea' id='block_1_57' title="bbox 285 4197 1860 4278">
    <p class='ocr_par' dir='ltr' id='par_1_57' title="bbox 285 4197 1860 4278">
     <span class='ocr_line' id='line_1_57' title="bbox 285 4197 1860 4278; baseline -0.004 -13"><span class='ocrx_word' id='word_1_380' title='bbox 285 4211 474 4274; x_wconf 77' lang='grc' dir='ltr'><strong>δώσει,</strong></span> <span class='ocrx_word' id='word_1_381' title='bbox 508 4211 603 4264; x_wconf 78' lang='grc' dir='ltr'><strong>καὶ</strong></span> <span class='ocrx_word' id='word_1_382' title='bbox 637 4211 807 4264; x_wconf 87' lang='grc' dir='ltr'><strong>πολλά</strong></span> <span class='ocrx_word' id='word_1_383' title='bbox 859 4211 1113 4265; x_wconf 86' lang='grc' dir='ltr'><strong>ὀνειδίσει</strong></span> <span class='ocrx_word' id='word_1_384' title='bbox 1137 4227 1153 4242; x_wconf 76' lang='grc' dir='ltr'><strong><em>ο</em></strong></span> <span class='ocrx_word' id='word_1_385' title='bbox 1187 4211 1281 4264; x_wconf 67' lang='grc' dir='ltr'><strong>κοι)⁸</strong></span> <span class='ocrx_word' id='word_1_386' title='bbox 1338 4197 1539 4274; x_wconf 71' lang='grc' dir='ltr'><strong>ἀνοίξει</strong></span> <span class='ocrx_word' id='word_1_387' title='bbox 1571 4210 1633 4262; x_wconf 79' lang='grc' dir='ltr'><strong>τὸ</strong></span> <span class='ocrx_word' id='word_1_388' title='bbox 1686 4209 1860 4278; x_wconf 83' lang='grc' dir='ltr'><strong>στόμα</strong></span> 
     </span>
    </p>
   </div>
   <div class='ocr_carea' id='block_1_58' title="bbox 287 4300 1860 4373">
    <p class='ocr_par' dir='ltr' id='par_1_58' title="bbox 287 4300 1860 4373">
     <span class='ocr_line' id='line_1_58' title="bbox 287 4300 1860 4373; baseline -0.003 -16"><span class='ocrx_word' id='word_1_389' title='bbox 287 4304 458 4357; x_wconf 76' lang='grc' dir='ltr'><strong>αὑτοῦ</strong></span> <span class='ocrx_word' id='word_1_390' title='bbox 490 4303 567 4366; x_wconf 86' lang='grc' dir='ltr'><strong>ὡς</strong></span> <span class='ocrx_word' id='word_1_391' title='bbox 611 4303 804 4373; x_wconf 78' lang='grc' dir='ltr'><strong>κήρυξ.</strong></span> <span class='ocrx_word' id='word_1_392' title='bbox 838 4303 1086 4373; x_wconf 73' lang='grc' dir='ltr'><strong>Σήμερον</strong></span> <span class='ocrx_word' id='word_1_393' title='bbox 1126 4303 1317 4368; x_wconf 80' lang='grc' dir='ltr'><strong>δανιετ,</strong></span> <span class='ocrx_word' id='word_1_394' title='bbox 1351 4303 1444 4355; x_wconf 72' lang='grc' dir='ltr'><strong>καὶ</strong></span> <span class='ocrx_word' id='word_1_395' title='bbox 1473 4300 1661 4370; x_wconf 73' lang='grc' dir='ltr'><strong>αὔριον</strong></span> <span class='ocrx_word' id='word_1_396' title='bbox 1691 4303 1860 4353; x_wconf 83' lang='grc' dir='ltr'><strong>ἀπαι-</strong></span> 
     </span>
    </p>
   </div>
   <div class='ocr_carea' id='block_1_59' title="bbox 287 4387 1698 4461">
    <p class='ocr_par' dir='ltr' id='par_1_59' title="bbox 287 4387 1698 4461">
     <span class='ocr_line' id='line_1_59' title="bbox 287 4387 1698 4461; baseline 0.003 -21"><span class='ocrx_word' id='word_1_397' title='bbox 287 4390 394 4440; x_wconf 85' lang='grc' dir='ltr'><strong>τεῖ.</strong></span> <span class='ocrx_word' id='word_1_398' title='bbox 424 4389 666 4458; x_wconf 80' lang='grc' dir='ltr'><strong>Μισητὸς</strong></span> <span class='ocrx_word' id='word_1_399' title='bbox 697 4389 887 4460; x_wconf 81' lang='grc' dir='ltr'><strong>Κυρίῳ</strong></span> <span class='ocrx_word' id='word_1_400' title='bbox 918 4392 1009 4442; x_wconf 77' lang='grc' dir='ltr'><strong>καὶ</strong></span> <span class='ocrx_word' id='word_1_401' title='bbox 1040 4391 1135 4443; x_wconf 84' lang='grc' dir='ltr'><strong>ὀινο</strong></span> <span class='ocrx_word' id='word_1_402' title='bbox 1147 4387 1353 4461; x_wconf 84' lang='grc' dir='ltr'><strong>ρώποίς</strong></span> <span class='ocrx_word' id='word_1_403' title='bbox 1381 4393 1408 4443; x_wconf 91' lang='grc' dir='ltr'><strong>ό</strong></span> <span class='ocrx_word' id='word_1_404' title='bbox 1436 4391 1698 4453; x_wconf 77' lang='grc' dir='ltr'><strong>τοιοῦτος.</strong></span> 
     </span>
    </p>
   </div>
   <div class='ocr_carea' id='block_1_60' title="bbox 377 4563 1864 4640">
    <p class='ocr_par' dir='ltr' id='par_1_60' title="bbox 377 4563 1864 4640">
     <span class='ocr_line' id='line_1_60' title="bbox 377 4563 1864 4640; baseline 0.002 -19"><span class='ocrx_word' id='word_1_405' title='bbox 377 4568 641 4633; x_wconf 81' lang='grc' dir='ltr'><strong>Ἐξελθὼν</strong></span> <span class='ocrx_word' id='word_1_406' title='bbox 669 4569 724 4621; x_wconf 81' lang='grc' dir='ltr'><strong>δὲ</strong></span> <span class='ocrx_word' id='word_1_407' title='bbox 753 4569 782 4621; x_wconf 92' lang='grc' dir='ltr'><strong>ὀ</strong></span> <span class='ocrx_word' id='word_1_408' title='bbox 819 4568 1003 4631; x_wconf 76' lang='grc' dir='ltr'><strong>δοῦλος</strong></span> <span class='ocrx_word' id='word_1_409' title='bbox 1043 4572 1270 4633; x_wconf 79' lang='grc' dir='ltr'><strong>ἐκεῖνος,</strong></span> <span class='ocrx_word' id='word_1_410' title='bbox 1298 4563 1455 4640; x_wconf 72' lang='grc' dir='ltr'><strong>εὗρεν</strong></span> <span class='ocrx_word' id='word_1_411' title='bbox 1482 4572 1576 4624; x_wconf 80' lang='grc' dir='ltr'><strong>ἕνα</strong></span> <span class='ocrx_word' id='word_1_412' title='bbox 1601 4575 1708 4625; x_wconf 85' lang='grc' dir='ltr'><strong>τῶν</strong></span> <span class='ocrx_word' id='word_1_413' title='bbox 1740 4591 1864 4626; x_wconf 84' lang='grc' dir='ltr'><strong>συν-</strong></span> 
     </span>
    </p>
   </div>
   <div class='ocr_carea' id='block_1_61' title="bbox 285 4659 1861 4736">
    <p class='ocr_par' dir='ltr' id='par_1_61' title="bbox 285 4659 1861 4736">
     <span class='ocr_line' id='line_1_61' title="bbox 285 4659 1861 4736; baseline 0.004 -23"><span class='ocrx_word' id='word_1_414' title='bbox 285 4659 498 4714; x_wconf 75' lang='grc' dir='ltr'><strong>δούλων</strong></span> <span class='ocrx_word' id='word_1_415' title='bbox 531 4660 716 4724; x_wconf 83' lang='grc' dir='ltr'><strong>αὑτοῦ,</strong></span> <span class='ocrx_word' id='word_1_416' title='bbox 751 4661 806 4723; x_wconf 84' lang='grc' dir='ltr'><strong>ὃς</strong></span> <span class='ocrx_word' id='word_1_417' title='bbox 831 4659 1065 4729; x_wconf 77' lang='grc' dir='ltr'><strong>ὤφειλεν</strong></span> <span class='ocrx_word' id='word_1_418' title='bbox 1093 4663 1243 4734; x_wconf 84' lang='grc' dir='ltr'><strong>αὑτῷ</strong></span> <span class='ocrx_word' id='word_1_419' title='bbox 1266 4665 1461 4717; x_wconf 76' lang='grc' dir='ltr'><strong>ἑκατὸν</strong></span> <span class='ocrx_word' id='word_1_420' title='bbox 1477 4665 1705 4736; x_wconf 79' lang='grc' dir='ltr'><strong>δηνάρια</strong></span> <span class='ocrx_word' id='word_1_421' title='bbox 1726 4684 1738 4696; x_wconf 75' lang='grc' dir='ltr'><strong>ο</strong></span> <span class='ocrx_word' id='word_1_422' title='bbox 1770 4669 1861 4719; x_wconf 79' lang='grc' dir='ltr'><strong>καὶ</strong></span> 
     </span>
    </p>
   </div>
   <div class='ocr_carea' id='block_1_62' title="bbox 285 4753 1860 4827">
    <p class='ocr_par' dir='ltr' id='par_1_62' title="bbox 285 4753 1860 4827">
     <span class='ocr_line' id='line_1_62' title="bbox 285 4753 1860 4827; baseline 0.002 -21"><span class='ocrx_word' id='word_1_423' title='bbox 285 4753 578 4822; x_wconf 74' lang='grc' dir='ltr'><strong>κρατήσας</strong></span> <span class='ocrx_word' id='word_1_424' title='bbox 609 4754 795 4818; x_wconf 76' lang='grc' dir='ltr'><strong>αὐτὸν,</strong></span> <span class='ocrx_word' id='word_1_425' title='bbox 824 4754 1012 4822; x_wconf 75' lang='grc' dir='ltr'><strong>ἐπνιγε</strong></span> <span class='ocrx_word' id='word_1_426' title='bbox 1046 4755 1220 4820; x_wconf 83' lang='grc' dir='ltr'><strong>λέγων</strong></span> <span class='ocrx_word' id='word_1_427' title='bbox 1243 4771 1259 4786; x_wconf 79' lang='grc' dir='ltr'><strong>ο</strong></span> <span class='ocrx_word' id='word_1_428' title='bbox 1302 4755 1522 4820; x_wconf 84' lang='grc' dir='ltr'><strong>Ἀπόδος</strong></span> <span class='ocrx_word' id='word_1_429' title='bbox 1552 4758 1578 4810; x_wconf 87' lang='grc' dir='ltr'>ὅ</span> <span class='ocrx_word' id='word_1_430' title='bbox 1609 4776 1662 4810; x_wconf 87' lang='grc' dir='ltr'><strong>τι</strong></span> <span class='ocrx_word' id='word_1_431' title='bbox 1709 4760 1860 4827; x_wconf 76' lang='grc' dir='ltr'><strong>ὀφείο</strong></span> 
     </span>
    </p>
   </div>
   <div class='ocr_carea' id='block_1_63' title="bbox 283 4845 838 4913">
    <p class='ocr_par' dir='ltr' id='par_1_63' title="bbox 283 4845 838 4913">
     <span class='ocr_line' id='line_1_63' title="bbox 283 4845 838 4913; baseline 0.004 -17"><span class='ocrx_word' id='word_1_432' title='bbox 283 4845 425 4907; x_wconf 80' lang='grc' dir='ltr'><strong>λεις,</strong></span> <span class='ocrx_word' id='word_1_433' title='bbox 460 4845 552 4897; x_wconf 79' lang='grc' dir='ltr'><strong>καὶ</strong></span> <span class='ocrx_word' id='word_1_434' title='bbox 580 4845 647 4898; x_wconf 86' lang='grc' dir='ltr'><strong>τά</strong></span> <span class='ocrx_word' id='word_1_435' title='bbox 689 4845 838 4913; x_wconf 74' lang='grc' dir='ltr'><strong>ἑξῆς.</strong></span> 
     </span>
    </p>
   </div>
   <div class='ocr_carea' id='block_1_64' title="bbox 375 4933 1860 5012">
    <p class='ocr_par' dir='ltr' id='par_1_64' title="bbox 375 4933 1860 5012">
     <span class='ocr_line' id='line_1_64' title="bbox 375 4933 1860 5012; baseline 0.003 -23"><span class='ocrx_word' id='word_1_436' title='bbox 375 4933 500 4990; x_wconf 79' lang='grc' dir='ltr'><strong>Ἐὰν</strong></span> <span class='ocrx_word' id='word_1_437' title='bbox 544 4938 948 5008; x_wconf 84' lang='grc' dir='ltr'><strong>χρεωφειλέτην</strong></span> <span class='ocrx_word' id='word_1_438' title='bbox 985 4941 1158 5012; x_wconf 83' lang='grc' dir='ltr'><strong>λάϐῃς</strong></span> <span class='ocrx_word' id='word_1_439' title='bbox 1192 4941 1628 5010; x_wconf 87' lang='grc' dir='ltr'><strong>προσπίπτοντα,</strong></span> <span class='ocrx_word' id='word_1_440' title='bbox 1678 4943 1860 4994; x_wconf 76' lang='grc' dir='ltr'><strong>πᾶσαν</strong></span> 
     </span>
    </p>
   </div>
   <div class='ocr_carea' id='block_1_65' title="bbox 287 5027 1860 5099">
    <p class='ocr_par' dir='ltr' id='par_1_65' title="bbox 287 5027 1860 5099">
     <span class='ocr_line' id='line_1_65' title="bbox 287 5027 1860 5099; baseline 0.001 -21"><span class='ocrx_word' id='word_1_441' title='bbox 287 5029 622 5098; x_wconf 81' lang='grc' dir='ltr'><strong>συγγραφὴν</strong></span> <span class='ocrx_word' id='word_1_442' title='bbox 659 5027 846 5082; x_wconf 75' lang='grc' dir='ltr'><strong>ἄδικον</strong></span> <span class='ocrx_word' id='word_1_443' title='bbox 895 5028 1196 5083; x_wconf 81' lang='grc' dir='ltr'><strong>διάσπασον</strong></span> <span class='ocrx_word' id='word_1_444' title='bbox 1223 5045 1238 5059; x_wconf 73' lang='grc' dir='ltr'><strong>ο</strong></span> <span class='ocrx_word' id='word_1_445' title='bbox 1289 5028 1560 5099; x_wconf 82' lang='grc' dir='ltr'><strong>μνήσθητι</strong></span> <span class='ocrx_word' id='word_1_446' title='bbox 1603 5031 1714 5081; x_wconf 85' lang='grc' dir='ltr'><strong>τῶν</strong></span> <span class='ocrx_word' id='word_1_447' title='bbox 1763 5046 1860 5098; x_wconf 85' lang='grc' dir='ltr'><strong>μυ-</strong></span> 
     </span>
    </p>
   </div>
   <div class='ocr_carea' id='block_1_66' title="bbox 287 5112 1859 5191">
    <p class='ocr_par' dir='ltr' id='par_1_66' title="bbox 287 5112 1859 5191">
     <span class='ocr_line' id='line_1_66' title="bbox 287 5112 1859 5191; baseline 0.001 -20"><span class='ocrx_word' id='word_1_448' title='bbox 287 5121 427 5190; x_wconf 88' lang='grc' dir='ltr'><strong>ρίων</strong></span> <span class='ocrx_word' id='word_1_449' title='bbox 460 5121 766 5184; x_wconf 82' lang='grc' dir='ltr'><strong>ταλάντων,</strong></span> <span class='ocrx_word' id='word_1_450' title='bbox 794 5115 868 5175; x_wconf 81' lang='grc' dir='ltr'><strong>ὧν</strong></span> <span class='ocrx_word' id='word_1_451' title='bbox 902 5139 984 5174; x_wconf 92' lang='grc' dir='ltr'><strong>σοι</strong></span> <span class='ocrx_word' id='word_1_452' title='bbox 1013 5112 1248 5190; x_wconf 75' lang='grc' dir='ltr'><strong>Χριστὸς</strong></span> <span class='ocrx_word' id='word_1_453' title='bbox 1278 5121 1610 5191; x_wconf 77' lang='grc' dir='ltr'><strong>ἐδωρήσατο,</strong></span> <span class='ocrx_word' id='word_1_454' title='bbox 1657 5119 1751 5174; x_wconf 76' lang='grc' dir='ltr'><strong>καὶ</strong></span> <span class='ocrx_word' id='word_1_455' title='bbox 1785 5121 1859 5190; x_wconf 78' lang='grc' dir='ltr'><strong>μὴ</strong></span> 
     </span>
    </p>
   </div>
   <div class='ocr_carea' id='block_1_67' title="bbox 283 5212 1646 5283">
    <p class='ocr_par' dir='ltr' id='par_1_67' title="bbox 283 5212 1646 5283">
     <span class='ocr_line' id='line_1_67' title="bbox 283 5212 1646 5283; baseline 0.003 -20"><span class='ocrx_word' id='word_1_456' title='bbox 283 5213 422 5282; x_wconf 81' lang='grc' dir='ltr'><strong>γένῃ</strong></span> <span class='ocrx_word' id='word_1_457' title='bbox 449 5215 716 5282; x_wconf 83' lang='grc' dir='ltr'><strong>πράκτωρ</strong></span> <span class='ocrx_word' id='word_1_458' title='bbox 749 5213 944 5282; x_wconf 82' lang='grc' dir='ltr'><strong>πικρὸς</strong></span> <span class='ocrx_word' id='word_1_459' title='bbox 980 5212 1075 5266; x_wconf 79' lang='grc' dir='ltr'><strong>τοῦ</strong></span> <span class='ocrx_word' id='word_1_460' title='bbox 1107 5213 1390 5276; x_wconf 72' lang='grc' dir='ltr'><strong>ἐλάττονος</strong></span> <span class='ocrx_word' id='word_1_461' title='bbox 1423 5212 1646 5283; x_wconf 78' lang='grc' dir='ltr'><strong>χρέους.</strong></span> 
     </span>
    </p>
   </div>
   <div class='ocr_carea' id='block_1_68' title="bbox 360 5303 1860 5376">
    <p class='ocr_par' dir='ltr' id='par_1_68' title="bbox 360 5303 1860 5376">
     <span class='ocr_line' id='line_1_68' title="bbox 360 5303 1860 5376; baseline 0.002 -23"><span class='ocrx_word' id='word_1_462' title='bbox 360 5303 449 5371; x_wconf 77' lang='grc' dir='ltr'><strong>Τῷ</strong></span> <span class='ocrx_word' id='word_1_463' title='bbox 480 5303 592 5356; x_wconf 83' lang='grc' dir='ltr'><strong>ὀντι</strong></span> <span class='ocrx_word' id='word_1_464' title='bbox 617 5303 920 5376; x_wconf 79' lang='grc' dir='ltr'><strong>ὑπερϐολὴν</strong></span> <span class='ocrx_word' id='word_1_465' title='bbox 944 5305 1337 5374; x_wconf 77' lang='grc' dir='ltr'><strong>ἀπανθρωπίας</strong></span> <span class='ocrx_word' id='word_1_466' title='bbox 1367 5304 1478 5374; x_wconf 74' lang='grc' dir='ltr'><strong>ἔχει</strong></span> <span class='ocrx_word' id='word_1_467' title='bbox 1509 5304 1600 5358; x_wconf 71' lang='grc' dir='ltr'><strong>τὸν</strong></span> <span class='ocrx_word' id='word_1_468' title='bbox 1631 5304 1728 5373; x_wconf 84' lang='grc' dir='ltr'><strong>μὲν</strong></span> <span class='ocrx_word' id='word_1_469' title='bbox 1753 5304 1860 5356; x_wconf 84' lang='grc' dir='ltr'><strong>τῶν</strong></span> 
     </span>
    </p>
   </div>
   <div class='ocr_carea' id='block_1_69' title="bbox 284 5393 1861 5466">
    <p class='ocr_par' dir='ltr' id='par_1_69' title="bbox 284 5393 1861 5466">
     <span class='ocr_line' id='line_1_69' title="bbox 284 5393 1861 5466; baseline -0.003 -16"><span class='ocrx_word' id='word_1_470' title='bbox 284 5395 606 5462; x_wconf 60' lang='grc' dir='ltr'><strong>ὁλαγκαίων</strong></span> <span class='ocrx_word' id='word_1_471' title='bbox 660 5397 852 5461; x_wconf 78' lang='grc' dir='ltr'><strong>ἐνδεῶς</strong></span> <span class='ocrx_word' id='word_1_472' title='bbox 899 5395 1090 5466; x_wconf 77' lang='grc' dir='ltr'><strong>ἔχοντα</strong></span> <span class='ocrx_word' id='word_1_473' title='bbox 1142 5396 1330 5466; x_wconf 82' lang='grc' dir='ltr'><strong>ζητεῖν</strong></span> <span class='ocrx_word' id='word_1_474' title='bbox 1378 5398 1457 5457; x_wconf 79' lang='grc' dir='ltr'><strong>εἰς</strong></span> <span class='ocrx_word' id='word_1_475' title='bbox 1511 5393 1861 5466; x_wconf 72' lang='grc' dir='ltr'><strong>παραμυθίαν</strong></span> 
     </span>
    </p>
   </div>
   <div class='ocr_carea' id='block_1_70' title="bbox 293 5478 1862 5556">
    <p class='ocr_par' dir='ltr' id='par_1_70' title="bbox 293 5478 1862 5556">
     <span class='ocr_line' id='line_1_70' title="bbox 293 5478 1862 5556; baseline 0 -20"><span class='ocrx_word' id='word_1_476' title='bbox 293 5503 380 5536; x_wconf 69' lang='grc' dir='ltr'><strong>ουν</strong></span> <span class='ocrx_word' id='word_1_477' title='bbox 421 5478 560 5554; x_wconf 74' lang='grc' dir='ltr'><strong>βίου,</strong></span> <span class='ocrx_word' id='word_1_478' title='bbox 609 5485 698 5538; x_wconf 69' lang='grc' dir='ltr'><strong>τὸν</strong></span> <span class='ocrx_word' id='word_1_479' title='bbox 745 5485 801 5539; x_wconf 78' lang='grc' dir='ltr'><strong>δὲ</strong></span> <span class='ocrx_word' id='word_1_480' title='bbox 837 5485 910 5556; x_wconf 86' lang='grc' dir='ltr'><strong>μὴ</strong></span> <span class='ocrx_word' id='word_1_481' title='bbox 961 5484 1249 5553; x_wconf 81' lang='grc' dir='ltr'><strong>ἀρκεῖσθαι</strong></span> <span class='ocrx_word' id='word_1_482' title='bbox 1299 5484 1376 5553; x_wconf 84' lang='grc' dir='ltr'><strong>τῷ</strong></span> <span class='ocrx_word' id='word_1_483' title='bbox 1412 5483 1707 5552; x_wconf 84' lang='grc' dir='ltr'><strong>κεφαλαίῳ,</strong></span> <span class='ocrx_word' id='word_1_484' title='bbox 1746 5483 1862 5537; x_wconf 86' lang='grc' dir='ltr'><strong>ἀλλ’</strong></span> 
     </span>
    </p>
   </div>
   <div class='ocr_carea' id='block_1_71' title="bbox 288 5575 1859 5648">
    <p class='ocr_par' dir='ltr' id='par_1_71' title="bbox 288 5575 1859 5648">
     <span class='ocr_line' id='line_1_71' title="bbox 288 5575 1859 5648; baseline 0.003 -22"><span class='ocrx_word' id='word_1_485' title='bbox 288 5578 525 5629; x_wconf 63' lang='lat' dir='ltr'><strong>Eunoen</strong></span> <span class='ocrx_word' id='word_1_486' title='bbox 583 5581 646 5630; x_wconf 73' lang='grc' dir='ltr'><strong>ὲκ</strong></span> <span class='ocrx_word' id='word_1_487' title='bbox 679 5579 784 5630; x_wconf 85' lang='grc' dir='ltr'><strong>τῶν</strong></span> <span class='ocrx_word' id='word_1_488' title='bbox 817 5577 1113 5648; x_wconf 78' lang='grc' dir='ltr'><strong>συμφορῶν</strong></span> <span class='ocrx_word' id='word_1_489' title='bbox 1144 5575 1240 5629; x_wconf 80' lang='grc' dir='ltr'><strong>τοῦ</strong></span> <span class='ocrx_word' id='word_1_490' title='bbox 1295 5577 1526 5648; x_wconf 85' lang='grc' dir='ltr'><strong>πένητος</strong></span> <span class='ocrx_word' id='word_1_491' title='bbox 1566 5577 1859 5647; x_wconf 79' lang='grc' dir='ltr'><strong>προσόδους</strong></span> 
     </span>
    </p>
   </div>
   <div class='ocr_carea' id='block_1_72' title="bbox 292 5669 1277 5740">
    <p class='ocr_par' dir='ltr' id='par_1_72' title="bbox 292 5669 1277 5740">
     <span class='ocr_line' id='line_1_72' title="bbox 292 5669 1277 5740; baseline 0.002 -19"><span class='ocrx_word' id='word_1_492' title='bbox 292 5669 470 5738; x_wconf 77' lang='grc' dir='ltr'><strong>ἑαυτῷ</strong></span> <span class='ocrx_word' id='word_1_493' title='bbox 500 5669 595 5722; x_wconf 81' lang='grc' dir='ltr'><strong>καὶ</strong></span> <span class='ocrx_word' id='word_1_494' title='bbox 623 5670 886 5740; x_wconf 80' lang='grc' dir='ltr'><strong>εὐπορίας</strong></span> <span class='ocrx_word' id='word_1_495' title='bbox 926 5671 1247 5739; x_wconf 76' lang='grc' dir='ltr'><strong>προσάγειν.</strong></span> <span class='ocrx_word' id='word_1_496' title='bbox 1273 5687 1277 5690; x_wconf 89' lang='grc'><strong>·</strong></span> 
     </span>
    </p>
   </div>
   <div class='ocr_carea' id='block_1_73' title="bbox 364 5780 1348 5849">
    <p class='ocr_par' dir='ltr' id='par_1_73' title="bbox 364 5780 1348 5849">
     <span class='ocr_line' id='line_1_73' title="bbox 364 5780 1348 5849; baseline -0.002 -15"><span class='ocrx_word' id='word_1_497' title='bbox 364 5780 442 5849; x_wconf 85' lang='grc' dir='ltr'><strong>(ι)</strong></span> <span class='ocrx_word' id='word_1_498' title='bbox 482 5781 545 5834; x_wconf 81' lang='lat' dir='ltr'><strong>Id</strong></span> <span class='ocrx_word' id='word_1_499' title='bbox 581 5792 680 5846; x_wconf 73' lang='lat' dir='ltr'><strong>est,</strong></span> <span class='ocrx_word' id='word_1_500' title='bbox 719 5796 980 5836; x_wconf 84' lang='lat' dir='ltr'><strong>novarum</strong></span> <span class='ocrx_word' id='word_1_501' title='bbox 1024 5782 1348 5846; x_wconf 84' lang='lat' dir='ltr'><strong>tabularum,</strong></span> 
     </span>
    </p>
   </div>
   <div class='ocr_carea' id='block_1_74' title="bbox 1963 1925 3537 1998">
    <p class='ocr_par' dir='ltr' id='par_1_74' title="bbox 1963 1925 3537 1998">
     <span class='ocr_line' id='line_1_74' title="bbox 1963 1925 3537 1998; baseline -0.004 -14"><span class='ocrx_word' id='word_1_502' title='bbox 1963 1944 2114 1984; x_wconf 87' lang='lat' dir='ltr'><strong>mere</strong></span> <span class='ocrx_word' id='word_1_503' title='bbox 2155 1929 2424 1998; x_wconf 85' lang='lat' dir='ltr'><strong>repellito,</strong></span> <span class='ocrx_word' id='word_1_504' title='bbox 2473 1944 2575 1983; x_wconf 88' lang='lat' dir='ltr'><strong>nec</strong></span> <span class='ocrx_word' id='word_1_505' title='bbox 2604 1935 2892 1998; x_wconf 79' lang='lat' dir='ltr'><strong>argentum</strong></span> <span class='ocrx_word' id='word_1_506' title='bbox 2926 1935 3077 1980; x_wconf 89' lang='lat' dir='ltr'><strong>tuum</strong></span> <span class='ocrx_word' id='word_1_507' title='bbox 3121 1927 3218 1981; x_wconf 91' lang='lat' dir='ltr'><strong>des</strong></span> <span class='ocrx_word' id='word_1_508' title='bbox 3251 1925 3449 1980; x_wconf 82' lang='lat' dir='ltr'><strong>l&#39;cenori</strong></span> <span class='ocrx_word' id='word_1_509' title='bbox 3480 1935 3537 1978; x_wconf 89' lang='lat' dir='ltr'><strong>nt</strong></span> 
     </span>
    </p>
   </div>
   <div class='ocr_carea' id='block_1_75' title="bbox 1959 2015 3539 2084">
    <p class='ocr_par' dir='ltr' id='par_1_75' title="bbox 1959 2015 3539 2084">
     <span class='ocr_line' id='line_1_75' title="bbox 1959 2015 3539 2084; baseline -0.003 -12"><span class='ocrx_word' id='word_1_510' title='bbox 1959 2034 2028 2072; x_wconf 80' lang='lat' dir='ltr'><strong>ex</strong></span> <span class='ocrx_word' id='word_1_511' title='bbox 2082 2015 2264 2072; x_wconf 79' lang='lat' dir='ltr'><strong>Veteri</strong></span> <span class='ocrx_word' id='word_1_512' title='bbox 2314 2027 2368 2072; x_wconf 90' lang='lat' dir='ltr'><strong>et</strong></span> <span class='ocrx_word' id='word_1_513' title='bbox 2415 2016 2568 2071; x_wconf 88' lang='lat' dir='ltr'><strong>Novo</strong></span> <span class='ocrx_word' id='word_1_514' title='bbox 2623 2018 2978 2072; x_wconf 85' lang='lat' dir='ltr'><strong>Testamento</strong></span> <span class='ocrx_word' id='word_1_515' title='bbox 3019 2030 3141 2084; x_wconf 70' lang='lat' dir='ltr'><strong>qua:</strong></span> <span class='ocrx_word' id='word_1_516' title='bbox 3197 2015 3351 2070; x_wconf 81' lang='lat' dir='ltr'><strong>utilia</strong></span> <span class='ocrx_word' id='word_1_517' title='bbox 3411 2024 3539 2069; x_wconf 77' lang='grc' dir='ltr'><strong>ειη-ι</strong></span> 
     </span>
    </p>
   </div>
   <div class='ocr_carea' id='block_1_76' title="bbox 1960 2107 3538 2178">
    <p class='ocr_par' dir='ltr' id='par_1_76' title="bbox 1960 2107 3538 2178">
     <span class='ocr_line' id='line_1_76' title="bbox 1960 2107 3538 2178; baseline -0.001 -14"><span class='ocrx_word' id='word_1_518' title='bbox 1960 2109 2163 2172; x_wconf 72' lang='lat' dir='ltr'><strong>discus,</strong></span> <span class='ocrx_word' id='word_1_519' title='bbox 2191 2109 2443 2178; x_wconf 86' lang='lat' dir='ltr'><strong>bonaque</strong></span> <span class='ocrx_word' id='word_1_520' title='bbox 2474 2124 2569 2176; x_wconf 89' lang='lat' dir='ltr'><strong>spe</strong></span> <span class='ocrx_word' id='word_1_521' title='bbox 2596 2109 2829 2163; x_wconf 83' lang='lat' dir='ltr'><strong>accedas</strong></span> <span class='ocrx_word' id='word_1_522' title='bbox 2861 2107 2930 2162; x_wconf 90' lang='lat' dir='ltr'><strong>ad</strong></span> <span class='ocrx_word' id='word_1_523' title='bbox 2968 2107 3160 2172; x_wconf 87' lang='lat' dir='ltr'><strong>Deum,</strong></span> <span class='ocrx_word' id='word_1_524' title='bbox 3210 2107 3300 2162; x_wconf 90' lang='lat' dir='ltr'><strong>ubi</strong></span> <span class='ocrx_word' id='word_1_525' title='bbox 3339 2122 3538 2164; x_wconf 87' lang='lat' dir='ltr'><strong>usuras</strong></span> 
     </span>
    </p>
   </div>
   <div class='ocr_carea' id='block_1_77' title="bbox 1962 2200 2949 2270">
    <p class='ocr_par' dir='ltr' id='par_1_77' title="bbox 1962 2200 2949 2270">
     <span class='ocr_line' id='line_1_77' title="bbox 1962 2200 2949 2270; baseline 0.003 -17"><span class='ocrx_word' id='word_1_526' title='bbox 1962 2200 2232 2253; x_wconf 84' lang='lat' dir='ltr'><strong>bonorum</strong></span> <span class='ocrx_word' id='word_1_527' title='bbox 2265 2216 2493 2269; x_wconf 83' lang='lat' dir='ltr'><strong>operum</strong></span> <span class='ocrx_word' id='word_1_528' title='bbox 2519 2211 2839 2270; x_wconf 86' lang='lat' dir='ltr'><strong>recepturus</strong></span> <span class='ocrx_word' id='word_1_529' title='bbox 2869 2217 2949 2257; x_wconf 89' lang='lat' dir='ltr'><strong>es.</strong></span> 
     </span>
    </p>
   </div>
   <div class='ocr_carea' id='block_1_78' title="bbox 2032 2288 3533 2348">
    <p class='ocr_par' dir='ltr' id='par_1_78' title="bbox 2032 2288 3533 2348">
     <span class='ocr_line' id='line_1_78' title="bbox 2032 2288 3533 2348; baseline 0.002 -6"><span class='ocrx_word' id='word_1_530' title='bbox 2032 2289 2088 2342; x_wconf 80' lang='lat' dir='ltr'><strong>Si</strong></span> <span class='ocrx_word' id='word_1_531' title='bbox 2125 2290 2206 2343; x_wconf 85' lang='lat' dir='ltr'><strong>vis</strong></span> <span class='ocrx_word' id='word_1_532' title='bbox 2230 2288 2512 2344; x_wconf 89' lang='lat' dir='ltr'><strong>Christum</strong></span> <span class='ocrx_word' id='word_1_533' title='bbox 2541 2291 2889 2347; x_wconf 81' lang='lat' dir='ltr'><strong>continenter</strong></span> <span class='ocrx_word' id='word_1_534' title='bbox 2917 2293 3153 2348; x_wconf 87' lang='lat' dir='ltr'><strong>amicum</strong></span> <span class='ocrx_word' id='word_1_535' title='bbox 3180 2301 3235 2347; x_wconf 90' lang='lat' dir='ltr'><strong>et</strong></span> <span class='ocrx_word' id='word_1_536' title='bbox 3260 2290 3533 2348; x_wconf 72' lang='lat' dir='ltr'><strong>faventem</strong></span> 
     </span>
    </p>
   </div>
   <div class='ocr_carea' id='block_1_79' title="bbox 1961 2375 3537 2454">
    <p class='ocr_par' dir='ltr' id='par_1_79' title="bbox 1961 2375 3537 2454">
     <span class='ocr_line' id='line_1_79' title="bbox 1961 2375 3537 2454; baseline 0.005 -24"><span class='ocrx_word' id='word_1_537' title='bbox 1961 2378 2218 2444; x_wconf 78' lang='lat' dir='ltr'><strong>retinere,</strong></span> <span class='ocrx_word' id='word_1_538' title='bbox 2253 2380 2546 2434; x_wconf 86' lang='lat' dir='ltr'><strong>multarum</strong></span> <span class='ocrx_word' id='word_1_539' title='bbox 2588 2375 2747 2454; x_wconf 60' lang='lat'><strong>165,</strong></span> <span class='ocrx_word' id='word_1_540' title='bbox 2793 2397 2975 2437; x_wconf 87' lang='lat' dir='ltr'><strong>rerum</strong></span> <span class='ocrx_word' id='word_1_541' title='bbox 3009 2383 3214 2439; x_wconf 85' lang='lat' dir='ltr'><strong>efllcito</strong></span> <span class='ocrx_word' id='word_1_542' title='bbox 3253 2377 3404 2438; x_wconf 84' lang='lat' dir='ltr'><strong>illum</strong></span> <span class='ocrx_word' id='word_1_543' title='bbox 3443 2386 3537 2437; x_wconf 87' lang='lat' dir='ltr'><strong>de—</strong></span> 
     </span>
    </p>
   </div>
   <div class='ocr_carea' id='block_1_80' title="bbox 1960 2473 3539 2544">
    <p class='ocr_par' dir='ltr' id='par_1_80' title="bbox 1960 2473 3539 2544">
     <span class='ocr_line' id='line_1_80' title="bbox 1960 2473 3539 2544; baseline 0.002 -19"><span class='ocrx_word' id='word_1_544' title='bbox 1960 2473 2228 2535; x_wconf 81' lang='lat' dir='ltr'><strong>bitorem;</strong></span> <span class='ocrx_word' id='word_1_545' title='bbox 2265 2488 2442 2541; x_wconf 86' lang='lat' dir='ltr'><strong>neque</strong></span> <span class='ocrx_word' id='word_1_546' title='bbox 2485 2474 2631 2527; x_wconf 87' lang='lat' dir='ltr'><strong>enim</strong></span> <span class='ocrx_word' id='word_1_547' title='bbox 2666 2482 2773 2526; x_wconf 90' lang='lat' dir='ltr'><strong>tam</strong></span> <span class='ocrx_word' id='word_1_548' title='bbox 2807 2473 3007 2544; x_wconf 81' lang='lat' dir='ltr'><strong>gaudet</strong></span> <span class='ocrx_word' id='word_1_549' title='bbox 3052 2473 3348 2530; x_wconf 66' lang='lat' dir='ltr'><strong>faenerator</strong></span> <span class='ocrx_word' id='word_1_550' title='bbox 3381 2474 3539 2529; x_wconf 82' lang='lat' dir='ltr'><strong>debi-</strong></span> 
     </span>
    </p>
   </div>
   <div class='ocr_carea' id='block_1_81' title="bbox 1958 2565 3538 2637">
    <p class='ocr_par' dir='ltr' id='par_1_81' title="bbox 1958 2565 3538 2637">
     <span class='ocr_line' id='line_1_81' title="bbox 1958 2565 3538 2637; baseline 0.004 -22"><span class='ocrx_word' id='word_1_551' title='bbox 1958 2566 2173 2619; x_wconf 82' lang='lat' dir='ltr'><strong>toribus</strong></span> <span class='ocrx_word' id='word_1_552' title='bbox 2202 2583 2215 2618; x_wconf 90' lang='lat'><strong>:</strong></span> <span class='ocrx_word' id='word_1_553' title='bbox 2252 2575 2306 2618; x_wconf 91' lang='lat' dir='ltr'><strong>et</strong></span> <span class='ocrx_word' id='word_1_554' title='bbox 2337 2565 2538 2633; x_wconf 79' lang='lat' dir='ltr'><strong>quibus</strong></span> <span class='ocrx_word' id='word_1_555' title='bbox 2575 2565 2710 2618; x_wconf 80' lang='lat' dir='ltr'><strong>nihil</strong></span> <span class='ocrx_word' id='word_1_556' title='bbox 2739 2565 2922 2629; x_wconf 87' lang='lat' dir='ltr'><strong>debet,</strong></span> <span class='ocrx_word' id='word_1_557' title='bbox 2951 2567 3048 2621; x_wconf 79' lang='lat' dir='ltr'><strong>eos</strong></span> <span class='ocrx_word' id='word_1_558' title='bbox 3080 2565 3304 2637; x_wconf 80' lang='lat' dir='ltr'><strong>refugit,</strong></span> <span class='ocrx_word' id='word_1_559' title='bbox 3332 2566 3538 2636; x_wconf 71' lang='lat' dir='ltr'><strong>quilius</strong></span> 
     </span>
    </p>
   </div>
   <div class='ocr_carea' id='block_1_82' title="bbox 1961 2657 3204 2717">
    <p class='ocr_par' dir='ltr' id='par_1_82' title="bbox 1961 2657 3204 2717">
     <span class='ocr_line' id='line_1_82' title="bbox 1961 2657 3204 2717; baseline 0.002 -7"><span class='ocrx_word' id='word_1_560' title='bbox 1961 2670 2146 2714; x_wconf 84' lang='lat' dir='ltr'><strong>autem</strong></span> <span class='ocrx_word' id='word_1_561' title='bbox 2180 2657 2365 2717; x_wconf 85' lang='lat' dir='ltr'><strong>debet.</strong></span> <span class='ocrx_word' id='word_1_562' title='bbox 2399 2657 2464 2710; x_wconf 81' lang='lat' dir='ltr'><strong>ad</strong></span> <span class='ocrx_word' id='word_1_563' title='bbox 2501 2658 2600 2711; x_wconf 83' lang='lat' dir='ltr'><strong>hos</strong></span> <span class='ocrx_word' id='word_1_564' title='bbox 2633 2657 2894 2712; x_wconf 83' lang='lat' dir='ltr'><strong>accurrit.</strong></span> <span class='ocrx_word' id='word_1_565' title='bbox 3202 2672 3204 2674; x_wconf 68' lang='lat'><strong>&#39;</strong></span> 
     </span>
    </p>
   </div>
   <div class='ocr_carea' id='block_1_83' title="bbox 2340 2737 3151 2821">
    <p class='ocr_par' dir='ltr' id='par_1_83' title="bbox 2340 2737 3151 2821">
     <span class='ocr_line' id='line_1_83' title="bbox 2340 2737 3151 2821; baseline -0.004 -18"><span class='ocrx_word' id='word_1_566' title='bbox 2340 2747 2570 2805; x_wconf 76' lang='lat' dir='ltr'><strong>SERMO</strong></span> <span class='ocrx_word' id='word_1_567' title='bbox 2601 2749 2688 2803; x_wconf 82' lang='lat' dir='ltr'><strong>xx</strong></span> <span class='ocrx_word' id='word_1_568' title='bbox 2703 2737 2767 2804; x_wconf 84' lang='lat' dir='ltr'><strong>v&#39;t</strong></span> <span class='ocrx_word' id='word_1_569' title='bbox 2799 2748 2893 2821; x_wconf 84' lang='lat' dir='ltr'><strong>[aL</strong></span> <span class='ocrx_word' id='word_1_570' title='bbox 2947 2747 3151 2818; x_wconf 77' lang='lat' dir='ltr'><strong>Lxut].</strong></span> 
     </span>
    </p>
   </div>
   <div class='ocr_carea' id='block_1_84' title="bbox 2073 2837 3294 2918">
    <p class='ocr_par' dir='ltr' id='par_1_84' title="bbox 2073 2837 3294 2918">
     <span class='ocr_line' id='line_1_84' title="bbox 2073 2837 3294 2918; baseline -0.002 -21"><span class='ocrx_word' id='word_1_571' title='bbox 2073 2913 2078 2918; x_wconf 24' lang='grc' dir='ltr'>ι</span> <span class='ocrx_word' id='word_1_572' title='bbox 2207 2843 2283 2897; x_wconf 80' lang='lat' dir='ltr'><strong>De</strong></span> <span class='ocrx_word' id='word_1_573' title='bbox 2314 2843 2490 2896; x_wconf 74' lang='lat' dir='ltr'><strong>avaris</strong></span> <span class='ocrx_word' id='word_1_574' title='bbox 2538 2841 2862 2909; x_wconf 76' lang='lat' dir='ltr'><strong>etim‘p&#39;robis</strong></span> <span class='ocrx_word' id='word_1_575' title='bbox 2924 2837 3294 2895; x_wconf 67' lang='lat' dir='ltr'><strong>creditoribus.</strong></span> 
     </span>
    </p>
   </div>
   <div class='ocr_carea' id='block_1_85' title="bbox 2029 2927 3536 3002">
    <p class='ocr_par' dir='ltr' id='par_1_85' title="bbox 2029 2927 3536 3002">
     <span class='ocr_line' id='line_1_85' title="bbox 2029 2927 3536 3002; baseline -0.005 -10"><span class='ocrx_word' id='word_1_576' title='bbox 2029 2939 2189 2994; x_wconf 76' lang='lat' dir='ltr'><strong>Deut.</strong></span> <span class='ocrx_word' id='word_1_577' title='bbox 2206 2935 2516 2991; x_wconf 77' lang='lat' dir='ltr'><strong>Cavendum</strong></span> <span class='ocrx_word' id='word_1_578' title='bbox 2539 2933 2635 2987; x_wconf 84' lang='lat' dir='ltr'><strong>tibi</strong></span> <span class='ocrx_word' id='word_1_579' title='bbox 2660 2939 2772 2998; x_wconf 68' lang='lat' dir='ltr'><strong>est,</strong></span> <span class='ocrx_word' id='word_1_580' title='bbox 2785 2950 2854 2988; x_wconf 89' lang='lat' dir='ltr'><strong>ne</strong></span> <span class='ocrx_word' id='word_1_581' title='bbox 2869 2931 3000 3002; x_wconf 87' lang='lat' dir='ltr'><strong>quid</strong></span> <span class='ocrx_word' id='word_1_582' title='bbox 3021 2932 3228 2986; x_wconf 82' lang='lat' dir='ltr'><strong>occulte</strong></span> <span class='ocrx_word' id='word_1_583' title='bbox 3244 2931 3463 3000; x_wconf 74' lang='lat' dir='ltr'><strong>impium</strong></span> <span class='ocrx_word' id='word_1_584' title='bbox 3485 2927 3536 2984; x_wconf 73' lang='lat' dir='ltr'><strong>lit</strong></span> 
     </span>
    </p>
   </div>
   <div class='ocr_carea' id='block_1_86' title="bbox 1959 3021 3534 3093">
    <p class='ocr_par' dir='ltr' id='par_1_86' title="bbox 1959 3021 3534 3093">
     <span class='ocr_line' id='line_1_86' title="bbox 1959 3021 3534 3093; baseline -0.005 -11"><span class='ocrx_word' id='word_1_585' title='bbox 1959 3031 2145 3083; x_wconf 85' lang='lat' dir='ltr'><strong>animo</strong></span> <span class='ocrx_word' id='word_1_586' title='bbox 2187 3031 2396 3083; x_wconf 75' lang='lat' dir='ltr'><strong>volute‘s</strong></span> <span class='ocrx_word' id='word_1_587' title='bbox 2444 3027 2544 3080; x_wconf 80' lang='lat' dir='ltr'><strong>ista</strong></span> <span class='ocrx_word' id='word_1_588' title='bbox 2598 3022 2826 3090; x_wconf 81' lang='lat' dir='ltr'><strong>ratione,</strong></span> <span class='ocrx_word' id='word_1_589' title='bbox 2861 3038 2968 3093; x_wconf 83' lang='lat' dir='ltr'><strong>qua</strong></span> <span class='ocrx_word' id='word_1_590' title='bbox 3029 3025 3179 3078; x_wconf 64' lang='grc' dir='ltr'><strong>ἀίξας</strong></span> <span class='ocrx_word' id='word_1_591' title='bbox 3239 3021 3534 3092; x_wconf 60' lang='lat' dir='ltr'><strong>septimum</strong></span> 
     </span>
    </p>
   </div>
   <div class='ocr_carea' id='block_1_87' title="bbox 1961 3112 3535 3188">
    <p class='ocr_par' dir='ltr' id='par_1_87' title="bbox 1961 3112 3535 3188">
     <span class='ocr_line' id='line_1_87' title="bbox 1961 3112 3535 3188; baseline -0.004 -17"><span class='ocrx_word' id='word_1_592' title='bbox 1961 3134 2162 3174; x_wconf 89' lang='lat' dir='ltr'><strong>annum</strong></span> <span class='ocrx_word' id='word_1_593' title='bbox 2201 3117 2640 3188; x_wconf 75' lang='lat' dir='ltr'><strong>appropinquare</strong></span> <span class='ocrx_word' id='word_1_594' title='bbox 2685 3114 3226 3183; x_wconf 65' lang='lat' dir='ltr'><strong>condunatlonisﬂ),</strong></span> <span class='ocrx_word' id='word_1_595' title='bbox 3257 3121 3422 3183; x_wconf 80' lang='lat' dir='ltr'><strong>atque</strong></span> <span class='ocrx_word' id='word_1_596' title='bbox 3461 3112 3535 3166; x_wconf 77' lang='lat' dir='ltr'><strong>ob</strong></span> 
     </span>
    </p>
   </div>
   <div class='ocr_carea' id='block_1_88' title="bbox 1959 3205 3536 3276">
    <p class='ocr_par' dir='ltr' id='par_1_88' title="bbox 1959 3205 3536 3276">
     <span class='ocr_line' id='line_1_88' title="bbox 1959 3205 3536 3276; baseline -0.006 -7"><span class='ocrx_word' id='word_1_597' title='bbox 1959 3227 2078 3270; x_wconf 89' lang='lat' dir='ltr'><strong>eam</strong></span> <span class='ocrx_word' id='word_1_598' title='bbox 2107 3225 2326 3266; x_wconf 70' lang='lat' dir='ltr'><strong>causam</strong></span> <span class='ocrx_word' id='word_1_599' title='bbox 2356 3208 2431 3263; x_wconf 90' lang='lat' dir='ltr'><strong>sis</strong></span> <span class='ocrx_word' id='word_1_600' title='bbox 2455 3208 2691 3276; x_wconf 89' lang='lat' dir='ltr'><strong>iniquior</strong></span> <span class='ocrx_word' id='word_1_601' title='bbox 2714 3205 2868 3261; x_wconf 82' lang='lat' dir='ltr'><strong>fratri</strong></span> <span class='ocrx_word' id='word_1_602' title='bbox 2895 3215 2989 3260; x_wconf 85' lang='lat' dir='ltr'><strong>luu</strong></span> <span class='ocrx_word' id='word_1_603' title='bbox 3009 3205 3213 3274; x_wconf 77' lang='lat' dir='ltr'><strong>egenti,</strong></span> <span class='ocrx_word' id='word_1_604' title='bbox 3239 3219 3342 3258; x_wconf 91' lang='lat' dir='ltr'><strong>nec</strong></span> <span class='ocrx_word' id='word_1_605' title='bbox 3365 3205 3460 3258; x_wconf 85' lang='lat' dir='ltr'><strong>des</strong></span> <span class='ocrx_word' id='word_1_606' title='bbox 3482 3205 3536 3259; x_wconf 83' lang='lat' dir='ltr'><strong>ei</strong></span> 
     </span>
    </p>
   </div>
   <div class='ocr_carea' id='block_1_89' title="bbox 1959 3283 3537 3375">
    <p class='ocr_par' dir='ltr' id='par_1_89' title="bbox 1959 3283 3537 3375">
     <span class='ocr_line' id='line_1_89' title="bbox 1959 3283 3537 3375; baseline -0.006 -18"><span class='ocrx_word' id='word_1_607' title='bbox 1959 3305 2302 3375; x_wconf 83' lang='lat' dir='ltr'><strong>quidquam;</strong></span> <span class='ocrx_word' id='word_1_608' title='bbox 2335 3300 2428 3354; x_wconf 82' lang='lat' dir='ltr'><strong>ille</strong></span> <span class='ocrx_word' id='word_1_609' title='bbox 2461 3292 2719 3354; x_wconf 74' lang='lat' dir='ltr'><strong>clamabit</strong></span> <span class='ocrx_word' id='word_1_610' title='bbox 2775 3296 2845 3351; x_wconf 80' lang='lat' dir='ltr'><strong>ad</strong></span> <span class='ocrx_word' id='word_1_611' title='bbox 2894 3296 3203 3362; x_wconf 74' lang='lat' dir='ltr'><strong>Dominum,</strong></span> <span class='ocrx_word' id='word_1_612' title='bbox 3260 3283 3537 3364; x_wconf 75' lang='lat' dir='ltr'><strong>peccatum</strong></span> 
     </span>
    </p>
   </div>
   <div class='ocr_carea' id='block_1_90' title="bbox 1959 3387 2804 3457">
    <p class='ocr_par' dir='ltr' id='par_1_90' title="bbox 1959 3387 2804 3457">
     <span class='ocr_line' id='line_1_90' title="bbox 1959 3387 2804 3457; baseline -0.006 -12"><span class='ocrx_word' id='word_1_613' title='bbox 1959 3401 2144 3446; x_wconf 78' lang='lat' dir='ltr'><strong>autem</strong></span> <span class='ocrx_word' id='word_1_614' title='bbox 2175 3393 2328 3444; x_wconf 78' lang='lat' dir='ltr'><strong>tuum</strong></span> <span class='ocrx_word' id='word_1_615' title='bbox 2360 3399 2618 3457; x_wconf 76' lang='lat' dir='ltr'><strong>magnum</strong></span> <span class='ocrx_word' id='word_1_616' title='bbox 2673 3387 2804 3441; x_wconf 80' lang='lat' dir='ltr'><strong>erit.</strong></span> 
     </span>
    </p>
   </div>
   <div class='ocr_carea' id='block_1_91' title="bbox 2027 3477 3529 3548">
    <p class='ocr_par' dir='ltr' id='par_1_91' title="bbox 2027 3477 3529 3548">
     <span class='ocr_line' id='line_1_91' title="bbox 2027 3477 3529 3548; baseline -0.004 -12"><span class='ocrx_word' id='word_1_617' title='bbox 2027 3481 2128 3537; x_wconf 74' lang='lat' dir='ltr'><strong>Job</strong></span> <span class='ocrx_word' id='word_1_618' title='bbox 2162 3496 2254 3535; x_wconf 76' lang='lat' dir='ltr'><strong>xx.</strong></span> <span class='ocrx_word' id='word_1_619' title='bbox 2300 3480 2512 3534; x_wconf 65' lang='lat' dir='ltr'><strong>Divitiae</strong></span> <span class='ocrx_word' id='word_1_620' title='bbox 2543 3477 2743 3548; x_wconf 82' lang='lat' dir='ltr'><strong>injuria</strong></span> <span class='ocrx_word' id='word_1_621' title='bbox 2801 3487 3127 3533; x_wconf 64' lang='lat' dir='ltr'><strong>coacervata:</strong></span> <span class='ocrx_word' id='word_1_622' title='bbox 3182 3485 3529 3533; x_wconf 84' lang='lat' dir='ltr'><strong>evoment-ur.</strong></span> 
     </span>
    </p>
   </div>
   <div class='ocr_carea' id='block_1_92' title="bbox 2029 3569 3525 3637">
    <p class='ocr_par' dir='ltr' id='par_1_92' title="bbox 2029 3569 3525 3637">
     <span class='ocr_line' id='line_1_92' title="bbox 2029 3569 3525 3637; baseline -0.003 -9"><span class='ocrx_word' id='word_1_623' title='bbox 2029 3572 2233 3628; x_wconf 77' lang='lat' dir='ltr'><strong>Sciam.</strong></span> <span class='ocrx_word' id='word_1_624' title='bbox 2287 3577 2483 3625; x_wconf 75' lang='lat' dir='ltr'><strong>x‘xvtu.</strong></span> <span class='ocrx_word' id='word_1_625' title='bbox 2504 3569 2606 3635; x_wconf 85' lang='lat' dir='ltr'><strong>Qui</strong></span> <span class='ocrx_word' id='word_1_626' title='bbox 2654 3569 2948 3637; x_wconf 77' lang='lat' dir='ltr'><strong>ampliﬁcat</strong></span> <span class='ocrx_word' id='word_1_627' title='bbox 2979 3581 3065 3623; x_wconf 89' lang='lat' dir='ltr'><strong>res</strong></span> <span class='ocrx_word' id='word_1_628' title='bbox 3110 3569 3435 3624; x_wconf 77' lang='lat' dir='ltr'><strong>suasusuris</strong></span> <span class='ocrx_word' id='word_1_629' title='bbox 3471 3575 3525 3623; x_wconf 82' lang='lat' dir='ltr'><strong>et</strong></span> 
     </span>
    </p>
   </div>
   <div class='ocr_carea' id='block_1_93' title="bbox 1959 3657 3539 3733">
    <p class='ocr_par' dir='ltr' id='par_1_93' title="bbox 1959 3657 3539 3733">
     <span class='ocr_line' id='line_1_93' title="bbox 1959 3657 3539 3733; baseline -0.004 -17"><span class='ocrx_word' id='word_1_630' title='bbox 1959 3671 2152 3733; x_wconf 66' lang='lat' dir='ltr'><strong>prater</strong></span> <span class='ocrx_word' id='word_1_631' title='bbox 2211 3668 2414 3716; x_wconf 80' lang='lat' dir='ltr'><strong>sortem</strong></span> <span class='ocrx_word' id='word_1_632' title='bbox 2482 3657 2908 3723; x_wconf 72' lang='lat' dir='ltr'><strong>accessionibus,</strong></span> <span class='ocrx_word' id='word_1_633' title='bbox 2936 3658 2982 3710; x_wconf 85' lang='lat' dir='ltr'><strong>is</strong></span> <span class='ocrx_word' id='word_1_634' title='bbox 3040 3658 3369 3724; x_wconf 81' lang='lat' dir='ltr'><strong>imper-denti</strong></span> <span class='ocrx_word' id='word_1_635' title='bbox 3438 3659 3539 3711; x_wconf 86' lang='lat' dir='ltr'><strong>mi-</strong></span> 
     </span>
    </p>
   </div>
   <div class='ocr_carea' id='block_1_94' title="bbox 1959 3751 3137 3820">
    <p class='ocr_par' dir='ltr' id='par_1_94' title="bbox 1959 3751 3137 3820">
     <span class='ocr_line' id='line_1_94' title="bbox 1959 3751 3137 3820; baseline -0.007 -10"><span class='ocrx_word' id='word_1_636' title='bbox 1959 3753 2312 3810; x_wconf 84' lang='lat' dir='ltr'><strong>sericordiam</strong></span> <span class='ocrx_word' id='word_1_637' title='bbox 2349 3751 2677 3820; x_wconf 71' lang='lat' dir='ltr'><strong>pauperibus</strong></span> <span class='ocrx_word' id='word_1_638' title='bbox 2702 3764 2794 3804; x_wconf 87' lang='lat' dir='ltr'><strong>eas</strong></span> <span class='ocrx_word' id='word_1_639' title='bbox 2835 3759 3137 3802; x_wconf 84' lang='lat' dir='ltr'><strong>eoaeervat.</strong></span> 
     </span>
    </p>
   </div>
   <div class='ocr_carea' id='block_1_95' title="bbox 2031 3839 3516 3912">
    <p class='ocr_par' dir='ltr' id='par_1_95' title="bbox 2031 3839 3516 3912">
     <span class='ocr_line' id='line_1_95' title="bbox 2031 3839 3516 3912; baseline -0.005 -13"><span class='ocrx_word' id='word_1_640' title='bbox 2031 3844 2197 3900; x_wconf 66' lang='lat' dir='ltr'><strong>05ers.</strong></span> <span class='ocrx_word' id='word_1_641' title='bbox 2222 3844 2431 3898; x_wconf 68' lang='lat' dir='ltr'><strong>Divitiae</strong></span> <span class='ocrx_word' id='word_1_642' title='bbox 2455 3857 2548 3912; x_wconf 87' lang='lat' dir='ltr'><strong>per</strong></span> <span class='ocrx_word' id='word_1_643' title='bbox 2580 3840 2833 3909; x_wconf 73' lang='lat' dir='ltr'><strong>iniuriam</strong></span> <span class='ocrx_word' id='word_1_644' title='bbox 2857 3850 3185 3908; x_wconf 78' lang='lat' dir='ltr'><strong>comparata:</strong></span> <span class='ocrx_word' id='word_1_645' title='bbox 3202 3839 3516 3892; x_wconf 85' lang='lat' dir='ltr'><strong>minuentur</strong></span> 
     </span>
    </p>
   </div>
   <div class='ocr_carea' id='block_1_96' title="bbox 2033 4017 3538 4094">
    <p class='ocr_par' dir='ltr' id='par_1_96' title="bbox 2033 4017 3538 4094">
     <span class='ocr_line' id='line_1_96' title="bbox 2033 4017 3538 4094; baseline -0.009 -13"><span class='ocrx_word' id='word_1_646' title='bbox 2033 4027 2087 4081; x_wconf 88' lang='lat' dir='ltr'><strong>Si</strong></span> <span class='ocrx_word' id='word_1_647' title='bbox 2123 4025 2254 4094; x_wconf 86' lang='lat' dir='ltr'><strong>quid</strong></span> <span class='ocrx_word' id='word_1_648' title='bbox 2285 4022 2512 4092; x_wconf 80' lang='lat' dir='ltr'><strong>largitus</strong></span> <span class='ocrx_word' id='word_1_649' title='bbox 2535 4022 2605 4076; x_wconf 88' lang='lat' dir='ltr'><strong>sit</strong></span> <span class='ocrx_word' id='word_1_650' title='bbox 2631 4019 2915 4090; x_wconf 81' lang='lat' dir='ltr'><strong>insipiens,</strong></span> <span class='ocrx_word' id='word_1_651' title='bbox 2948 4035 3050 4073; x_wconf 87' lang='lat' dir='ltr'><strong>non</strong></span> <span class='ocrx_word' id='word_1_652' title='bbox 3071 4017 3311 4086; x_wconf 83' lang='lat' dir='ltr'><strong>proderit</strong></span> <span class='ocrx_word' id='word_1_653' title='bbox 3361 4017 3409 4070; x_wconf 88' lang='lat' dir='ltr'><strong>ei</strong></span> <span class='ocrx_word' id='word_1_654' title='bbox 3447 4017 3538 4086; x_wconf 81' lang='lat' dir='ltr'><strong>qui</strong></span> 
     </span>
    </p>
   </div>
   <div class='ocr_carea' id='block_1_97' title="bbox 1962 4112 3539 4186">
    <p class='ocr_par' dir='ltr' id='par_1_97' title="bbox 1962 4112 3539 4186">
     <span class='ocr_line' id='line_1_97' title="bbox 1962 4112 3539 4186; baseline -0.008 -13"><span class='ocrx_word' id='word_1_655' title='bbox 1962 4117 2274 4186; x_wconf 88' lang='lat' dir='ltr'><strong>acceperit;</strong></span> <span class='ocrx_word' id='word_1_656' title='bbox 2325 4113 2467 4169; x_wconf 89' lang='lat' dir='ltr'><strong>oculi</strong></span> <span class='ocrx_word' id='word_1_657' title='bbox 2531 4113 2674 4168; x_wconf 91' lang='lat' dir='ltr'><strong>enim</strong></span> <span class='ocrx_word' id='word_1_658' title='bbox 2746 4112 2922 4180; x_wconf 89' lang='lat' dir='ltr'><strong>ipsius</strong></span> <span class='ocrx_word' id='word_1_659' title='bbox 2984 4119 3143 4164; x_wconf 87' lang='lat' dir='ltr'><strong>erunt</strong></span> <span class='ocrx_word' id='word_1_660' title='bbox 3178 4125 3276 4178; x_wconf 90' lang='lat' dir='ltr'><strong>pro</strong></span> <span class='ocrx_word' id='word_1_661' title='bbox 3312 4122 3441 4171; x_wconf 86' lang='lat' dir='ltr'><strong>uno,</strong></span> <span class='ocrx_word' id='word_1_662' title='bbox 3485 4115 3539 4162; x_wconf 91' lang='lat' dir='ltr'><strong>ut</strong></span> 
     </span>
    </p>
   </div>
   <div class='ocr_carea' id='block_1_98' title="bbox 1966 4189 3541 4276">
    <p class='ocr_par' dir='ltr' id='par_1_98' title="bbox 1966 4189 3541 4276">
     <span class='ocr_line' id='line_1_98' title="bbox 1966 4189 3541 4276; baseline -0.006 -13"><span class='ocrx_word' id='word_1_663' title='bbox 1966 4209 2135 4264; x_wconf 91' lang='lat' dir='ltr'><strong>multa</strong></span> <span class='ocrx_word' id='word_1_664' title='bbox 2169 4206 2436 4276; x_wconf 87' lang='lat' dir='ltr'><strong>accipiat:</strong></span> <span class='ocrx_word' id='word_1_665' title='bbox 2469 4220 2638 4274; x_wconf 78' lang='lat' dir='ltr'><strong>pauca</strong></span> <span class='ocrx_word' id='word_1_666' title='bbox 2665 4189 2832 4264; x_wconf 87' lang='lat' dir='ltr'><strong>dabit.</strong></span> <span class='ocrx_word' id='word_1_667' title='bbox 2877 4209 2928 4256; x_wconf 84' lang='lat' dir='ltr'><strong>et</strong></span> <span class='ocrx_word' id='word_1_668' title='bbox 2962 4203 3129 4256; x_wconf 88' lang='lat' dir='ltr'><strong>multa</strong></span> <span class='ocrx_word' id='word_1_669' title='bbox 3159 4201 3541 4270; x_wconf 81' lang='lat' dir='ltr'><strong>exprobrabit;</strong></span> 
     </span>
    </p>
   </div>
   <div class='ocr_carea' id='block_1_99' title="bbox 1963 4295 3537 4370">
    <p class='ocr_par' dir='ltr' id='par_1_99' title="bbox 1963 4295 3537 4370">
     <span class='ocr_line' id='line_1_99' title="bbox 1963 4295 3537 4370; baseline -0.006 -13"><span class='ocrx_word' id='word_1_670' title='bbox 1963 4312 2015 4357; x_wconf 79' lang='lat' dir='ltr'><strong>et</strong></span> <span class='ocrx_word' id='word_1_671' title='bbox 2049 4302 2128 4357; x_wconf 90' lang='lat' dir='ltr'><strong>sic</strong></span> <span class='ocrx_word' id='word_1_672' title='bbox 2149 4301 2349 4370; x_wconf 87' lang='lat' dir='ltr'><strong>aperiet</strong></span> <span class='ocrx_word' id='word_1_673' title='bbox 2376 4315 2436 4354; x_wconf 90' lang='lat' dir='ltr'><strong>os</strong></span> <span class='ocrx_word' id='word_1_674' title='bbox 2459 4314 2640 4360; x_wconf 88' lang='lat' dir='ltr'><strong>suum,</strong></span> <span class='ocrx_word' id='word_1_675' title='bbox 2673 4299 3129 4366; x_wconf 85' lang='lat' dir='ltr'><strong>quemadmodum</strong></span> <span class='ocrx_word' id='word_1_676' title='bbox 3163 4309 3342 4364; x_wconf 65' lang='lat' dir='ltr'><strong>praeco</strong></span> <span class='ocrx_word' id='word_1_677' title='bbox 3373 4295 3537 4349; x_wconf 80' lang='lat' dir='ltr'><strong>solet.</strong></span> 
     </span>
    </p>
   </div>
   <div class='ocr_carea' id='block_1_100' title="bbox 1966 4385 3538 4456">
    <p class='ocr_par' dir='ltr' id='par_1_100' title="bbox 1966 4385 3538 4456">
     <span class='ocr_line' id='line_1_100' title="bbox 1966 4385 3538 4456; baseline -0.007 -7"><span class='ocrx_word' id='word_1_678' title='bbox 1966 4395 2136 4449; x_wconf 79' lang='lat' dir='ltr'><strong>Hodie</strong></span> <span class='ocrx_word' id='word_1_679' title='bbox 2192 4403 2439 4446; x_wconf 90' lang='lat' dir='ltr'><strong>mutuum</strong></span> <span class='ocrx_word' id='word_1_680' title='bbox 2471 4391 2643 4451; x_wconf 85' lang='lat' dir='ltr'><strong>dabit,</strong></span> <span class='ocrx_word' id='word_1_681' title='bbox 2669 4397 2724 4444; x_wconf 91' lang='lat' dir='ltr'><strong>et</strong></span> <span class='ocrx_word' id='word_1_682' title='bbox 2751 4403 2872 4443; x_wconf 89' lang='lat' dir='ltr'><strong>cras</strong></span> <span class='ocrx_word' id='word_1_683' title='bbox 2903 4397 3194 4456; x_wconf 88' lang='lat' dir='ltr'><strong>reposcet-:</strong></span> <span class='ocrx_word' id='word_1_684' title='bbox 3227 4385 3538 4440; x_wconf 86' lang='lat' dir='ltr'><strong>istiusmodi</strong></span> 
     </span>
    </p>
   </div>
   <div class='ocr_carea' id='block_1_101' title="bbox 1892 4477 3435 4556">
    <p class='ocr_par' dir='ltr' id='par_1_101' title="bbox 1892 4477 3435 4556">
     <span class='ocr_line' id='line_1_101' title="bbox 1892 4477 3435 4556; baseline -0.005 -19"><span class='ocrx_word' id='word_1_685' title='bbox 1892 4501 1936 4556; x_wconf 67' lang='grc' dir='ltr'><strong>υ</strong></span> <span class='ocrx_word' id='word_1_686' title='bbox 1964 4486 2056 4555; x_wconf 88' lang='lat' dir='ltr'><strong>qui</strong></span> <span class='ocrx_word' id='word_1_687' title='bbox 2090 4495 2191 4546; x_wconf 86' lang='lat' dir='ltr'><strong>est,</strong></span> <span class='ocrx_word' id='word_1_688' title='bbox 2255 4495 2365 4536; x_wconf 90' lang='lat' dir='ltr'><strong>tum</strong></span> <span class='ocrx_word' id='word_1_689' title='bbox 2409 4483 2514 4536; x_wconf 89' lang='lat' dir='ltr'><strong>Deo</strong></span> <span class='ocrx_word' id='word_1_690' title='bbox 2563 4491 2676 4536; x_wconf 89' lang='lat' dir='ltr'><strong>tum</strong></span> <span class='ocrx_word' id='word_1_691' title='bbox 2721 4478 3033 4534; x_wconf 87' lang='lat' dir='ltr'><strong>hominibus</strong></span> <span class='ocrx_word' id='word_1_692' title='bbox 3081 4477 3306 4532; x_wconf 90' lang='lat' dir='ltr'><strong>odiosus</strong></span> <span class='ocrx_word' id='word_1_693' title='bbox 3332 4488 3435 4532; x_wconf 91' lang='lat' dir='ltr'><strong>est.</strong></span> 
     </span>
    </p>
   </div>
   <div class='ocr_carea' id='block_1_102' title="bbox 2037 4569 3541 4643">
    <p class='ocr_par' dir='ltr' id='par_1_102' title="bbox 2037 4569 3541 4643">
     <span class='ocr_line' id='line_1_102' title="bbox 2037 4569 3541 4643; baseline -0.005 -16"><span class='ocrx_word' id='word_1_694' title='bbox 2037 4574 2228 4627; x_wconf 79' lang='lat' dir='ltr'><strong>Matth.</strong></span> <span class='ocrx_word' id='word_1_695' title='bbox 2260 4573 2524 4643; x_wconf 83' lang='lat' dir='ltr'><strong>Egressus</strong></span> <span class='ocrx_word' id='word_1_696' title='bbox 2577 4580 2758 4624; x_wconf 89' lang='lat' dir='ltr'><strong>autem</strong></span> <span class='ocrx_word' id='word_1_697' title='bbox 2793 4584 2984 4624; x_wconf 87' lang='lat' dir='ltr'><strong>servus</strong></span> <span class='ocrx_word' id='word_1_698' title='bbox 3013 4569 3102 4623; x_wconf 91' lang='lat' dir='ltr'><strong>ille</strong></span> <span class='ocrx_word' id='word_1_699' title='bbox 3137 4570 3347 4623; x_wconf 83' lang='lat' dir='ltr'><strong>invenit</strong></span> <span class='ocrx_word' id='word_1_700' title='bbox 3373 4583 3541 4622; x_wconf 86' lang='lat' dir='ltr'><strong>unum</strong></span> 
     </span>
    </p>
   </div>
   <div class='ocr_carea' id='block_1_103' title="bbox 1963 4658 3538 4730">
    <p class='ocr_par' dir='ltr' id='par_1_103' title="bbox 1963 4658 3538 4730">
     <span class='ocr_line' id='line_1_103' title="bbox 1963 4658 3538 4730; baseline -0.003 -10"><span class='ocrx_word' id='word_1_701' title='bbox 1963 4682 2028 4720; x_wconf 80' lang='lat' dir='ltr'><strong>ex</strong></span> <span class='ocrx_word' id='word_1_702' title='bbox 2062 4666 2337 4719; x_wconf 84' lang='lat' dir='ltr'><strong>conservis</strong></span> <span class='ocrx_word' id='word_1_703' title='bbox 2398 4664 2530 4723; x_wconf 88' lang='lat' dir='ltr'><strong>suis,</strong></span> <span class='ocrx_word' id='word_1_704' title='bbox 2557 4663 2648 4730; x_wconf 87' lang='lat' dir='ltr'><strong>qui</strong></span> <span class='ocrx_word' id='word_1_705' title='bbox 2712 4670 2928 4714; x_wconf 89' lang='lat' dir='ltr'><strong>centum</strong></span> <span class='ocrx_word' id='word_1_706' title='bbox 2973 4661 3228 4715; x_wconf 88' lang='lat' dir='ltr'><strong>denarios</strong></span> <span class='ocrx_word' id='word_1_707' title='bbox 3280 4658 3538 4716; x_wconf 74' lang='lat' dir='ltr'><strong>debebat.</strong></span> 
     </span>
    </p>
   </div>
   <div class='ocr_carea' id='block_1_104' title="bbox 1964 4745 3547 4826">
    <p class='ocr_par' dir='ltr' id='par_1_104' title="bbox 1964 4745 3547 4826">
     <span class='ocr_line' id='line_1_104' title="bbox 1964 4745 3547 4826; baseline -0.006 -18"><span class='ocrx_word' id='word_1_708' title='bbox 1964 4756 2474 4826; x_wconf 82' lang='lat' dir='ltr'><strong>apprehensumqne</strong></span> <span class='ocrx_word' id='word_1_709' title='bbox 2501 4769 2624 4806; x_wconf 90' lang='lat' dir='ltr'><strong>eum</strong></span> <span class='ocrx_word' id='word_1_710' title='bbox 2661 4751 2908 4822; x_wconf 79' lang='lat' dir='ltr'><strong>urgebat,</strong></span> <span class='ocrx_word' id='word_1_711' title='bbox 2959 4766 3022 4805; x_wconf 85' lang='lat' dir='ltr'><strong>ac</strong></span> <span class='ocrx_word' id='word_1_712' title='bbox 3068 4751 3284 4804; x_wconf 85' lang='lat' dir='ltr'><strong>dicebat</strong></span> <span class='ocrx_word' id='word_1_713' title='bbox 3319 4765 3334 4802; x_wconf 88' lang='lat'><strong>:</strong></span> <span class='ocrx_word' id='word_1_714' title='bbox 3365 4745 3547 4800; x_wconf 73' lang='lat' dir='ltr'><strong>Redde</strong></span> 
     </span>
    </p>
   </div>
   <div class='ocr_carea' id='block_1_105' title="bbox 1964 4843 2885 4917">
    <p class='ocr_par' dir='ltr' id='par_1_105' title="bbox 1964 4843 2885 4917">
     <span class='ocr_line' id='line_1_105' title="bbox 1964 4843 2885 4917; baseline -0.005 -15"><span class='ocrx_word' id='word_1_715' title='bbox 1964 4849 2108 4917; x_wconf 79' lang='lat' dir='ltr'><strong>quod</strong></span> <span class='ocrx_word' id='word_1_716' title='bbox 2142 4847 2328 4913; x_wconf 70' lang='lat' dir='ltr'><strong>debes,</strong></span> <span class='ocrx_word' id='word_1_717' title='bbox 2367 4854 2420 4900; x_wconf 88' lang='lat' dir='ltr'><strong>et</strong></span> <span class='ocrx_word' id='word_1_718' title='bbox 2450 4861 2570 4914; x_wconf 79' lang='lat' dir='ltr'><strong>quae</strong></span> <span class='ocrx_word' id='word_1_719' title='bbox 2601 4843 2885 4913; x_wconf 85' lang='lat' dir='ltr'><strong>deinceps.</strong></span> 
     </span>
    </p>
   </div>
   <div class='ocr_carea' id='block_1_106' title="bbox 2042 4930 3545 5008">
    <p class='ocr_par' dir='ltr' id='par_1_106' title="bbox 2042 4930 3545 5008">
     <span class='ocr_line' id='line_1_106' title="bbox 2042 4930 3545 5008; baseline -0.008 -16"><span class='ocrx_word' id='word_1_720' title='bbox 2042 4939 2309 5008; x_wconf 81' lang='lat' dir='ltr'><strong>Theologi.</strong></span> <span class='ocrx_word' id='word_1_721' title='bbox 2345 4937 2401 4992; x_wconf 87' lang='lat' dir='ltr'><strong>Si</strong></span> <span class='ocrx_word' id='word_1_722' title='bbox 2434 4938 2732 4992; x_wconf 87' lang='lat' dir='ltr'><strong>debitorem</strong></span> <span class='ocrx_word' id='word_1_723' title='bbox 2761 4932 3185 5004; x_wconf 88' lang='lat' dir='ltr'><strong>deprehenderis</strong></span> <span class='ocrx_word' id='word_1_724' title='bbox 3220 4930 3545 4998; x_wconf 85' lang='lat' dir='ltr'><strong>supplicem,</strong></span> 
     </span>
    </p>
   </div>
   <div class='ocr_carea' id='block_1_107' title="bbox 1965 5023 3547 5100">
    <p class='ocr_par' dir='ltr' id='par_1_107' title="bbox 1965 5023 3547 5100">
     <span class='ocr_line' id='line_1_107' title="bbox 1965 5023 3547 5100; baseline -0.007 -14"><span class='ocrx_word' id='word_1_725' title='bbox 1965 5040 2135 5088; x_wconf 80' lang='lat' dir='ltr'><strong>tmam</strong></span> <span class='ocrx_word' id='word_1_726' title='bbox 2175 5030 2539 5100; x_wconf 75' lang='lat' dir='ltr'><strong>syngrapham</strong></span> <span class='ocrx_word' id='word_1_727' title='bbox 2599 5027 2845 5097; x_wconf 86' lang='lat' dir='ltr'><strong>iniquam</strong></span> <span class='ocrx_word' id='word_1_728' title='bbox 2891 5026 3227 5094; x_wconf 88' lang='lat' dir='ltr'><strong>discerpito;</strong></span> <span class='ocrx_word' id='word_1_729' title='bbox 3264 5023 3547 5078; x_wconf 86' lang='lat' dir='ltr'><strong>recordare</strong></span> 
     </span>
    </p>
   </div>
   <div class='ocr_carea' id='block_1_108' title="bbox 1972 5102 3551 5189">
    <p class='ocr_par' dir='ltr' id='par_1_108' title="bbox 1972 5102 3551 5189">
     <span class='ocr_line' id='line_1_108' title="bbox 1972 5102 3551 5189; baseline -0.011 -7"><span class='ocrx_word' id='word_1_730' title='bbox 1972 5102 2162 5182; x_wconf 85' lang='lat' dir='ltr'><strong>decem</strong></span> <span class='ocrx_word' id='word_1_731' title='bbox 2210 5121 2380 5175; x_wconf 88' lang='lat' dir='ltr'><strong>millia</strong></span> <span class='ocrx_word' id='word_1_732' title='bbox 2422 5120 2771 5184; x_wconf 88' lang='lat' dir='ltr'><strong>talentorum,</strong></span> <span class='ocrx_word' id='word_1_733' title='bbox 2807 5132 2928 5189; x_wconf 72' lang='lat' dir='ltr'><strong>qua:</strong></span> <span class='ocrx_word' id='word_1_734' title='bbox 2961 5118 3059 5171; x_wconf 90' lang='lat' dir='ltr'><strong>tibi</strong></span> <span class='ocrx_word' id='word_1_735' title='bbox 3114 5117 3364 5172; x_wconf 89' lang='lat' dir='ltr'><strong>Christus</strong></span> <span class='ocrx_word' id='word_1_736' title='bbox 3419 5129 3551 5168; x_wconf 91' lang='lat' dir='ltr'><strong>con-</strong></span> 
     </span>
    </p>
   </div>
   <div class='ocr_carea' id='block_1_109' title="bbox 1970 5207 3545 5281">
    <p class='ocr_par' dir='ltr' id='par_1_109' title="bbox 1970 5207 3545 5281">
     <span class='ocr_line' id='line_1_109' title="bbox 1970 5207 3545 5281; baseline -0.011 -10"><span class='ocrx_word' id='word_1_737' title='bbox 1970 5215 2238 5281; x_wconf 86' lang='lat' dir='ltr'><strong>donavit;</strong></span> <span class='ocrx_word' id='word_1_738' title='bbox 2277 5229 2376 5267; x_wconf 89' lang='lat' dir='ltr'><strong>uec</strong></span> <span class='ocrx_word' id='word_1_739' title='bbox 2430 5212 2507 5266; x_wconf 87' lang='lat' dir='ltr'><strong>sis</strong></span> <span class='ocrx_word' id='word_1_740' title='bbox 2557 5210 2789 5265; x_wconf 85' lang='lat' dir='ltr'><strong>acerbus</strong></span> <span class='ocrx_word' id='word_1_741' title='bbox 2837 5217 3060 5264; x_wconf 67' lang='lat' dir='ltr'><strong>exactor</strong></span> <span class='ocrx_word' id='word_1_742' title='bbox 3093 5209 3254 5263; x_wconf 89' lang='lat' dir='ltr'><strong>debiti</strong></span> <span class='ocrx_word' id='word_1_743' title='bbox 3298 5207 3545 5258; x_wconf 87' lang='lat' dir='ltr'><strong>minoris.</strong></span> 
     </span>
    </p>
   </div>
   <div class='ocr_carea' id='block_1_110' title="bbox 2037 5299 3550 5372">
    <p class='ocr_par' dir='ltr' id='par_1_110' title="bbox 2037 5299 3550 5372">
     <span class='ocr_line' id='line_1_110' title="bbox 2037 5299 3550 5372; baseline -0.011 -10"><span class='ocrx_word' id='word_1_744' title='bbox 2037 5305 2096 5364; x_wconf 87' lang='lat' dir='ltr'><strong>S.</strong></span> <span class='ocrx_word' id='word_1_745' title='bbox 2133 5305 2348 5360; x_wconf 71' lang='lat' dir='ltr'><strong>Basilii.</strong></span> <span class='ocrx_word' id='word_1_746' title='bbox 2394 5303 2660 5358; x_wconf 75' lang='lat' dir='ltr'><strong>Extrema:</strong></span> <span class='ocrx_word' id='word_1_747' title='bbox 2709 5301 2951 5372; x_wconf 78' lang='lat' dir='ltr'><strong>proiecto</strong></span> <span class='ocrx_word' id='word_1_748' title='bbox 3003 5299 3415 5355; x_wconf 76' lang='lat' dir='ltr'><strong>inhumanitatis</strong></span> <span class='ocrx_word' id='word_1_749' title='bbox 3468 5303 3550 5348; x_wconf 80' lang='lat' dir='ltr'><strong>est</strong></span> 
     </span>
    </p>
   </div>
   <div class='ocr_carea' id='block_1_111' title="bbox 1967 5387 3548 5466">
    <p class='ocr_par' dir='ltr' id='par_1_111' title="bbox 1967 5387 3548 5466">
     <span class='ocr_line' id='line_1_111' title="bbox 1967 5387 3548 5466; baseline -0.008 -11"><span class='ocrx_word' id='word_1_750' title='bbox 1967 5399 2204 5455; x_wconf 85' lang='lat' dir='ltr'><strong>subsidia</strong></span> <span class='ocrx_word' id='word_1_751' title='bbox 2221 5398 2344 5451; x_wconf 79' lang='lat' dir='ltr'><strong>vita:</strong></span> <span class='ocrx_word' id='word_1_752' title='bbox 2360 5409 2604 5466; x_wconf 70' lang='lat' dir='ltr'><strong>quaerere</strong></span> <span class='ocrx_word' id='word_1_753' title='bbox 2635 5393 2704 5449; x_wconf 83' lang='lat' dir='ltr'><strong>ab</strong></span> <span class='ocrx_word' id='word_1_754' title='bbox 2725 5409 2790 5448; x_wconf 91' lang='lat' dir='ltr'><strong>eo</strong></span> <span class='ocrx_word' id='word_1_755' title='bbox 2811 5394 2898 5448; x_wconf 90' lang='lat' dir='ltr'><strong>cui</strong></span> <span class='ocrx_word' id='word_1_756' title='bbox 2923 5391 3227 5447; x_wconf 82' lang='lat' dir='ltr'><strong>necessaria</strong></span> <span class='ocrx_word' id='word_1_757' title='bbox 3255 5390 3450 5451; x_wconf 86' lang='lat' dir='ltr'><strong>desint,</strong></span> <span class='ocrx_word' id='word_1_758' title='bbox 3472 5387 3548 5442; x_wconf 87' lang='lat' dir='ltr'><strong>illi</strong></span> 
     </span>
    </p>
   </div>
   <div class='ocr_carea' id='block_1_112' title="bbox 1971 5479 3550 5548">
    <p class='ocr_par' dir='ltr' id='par_1_112' title="bbox 1971 5479 3550 5548">
     <span class='ocr_line' id='line_1_112' title="bbox 1971 5479 3550 5548; baseline -0.004 -7"><span class='ocrx_word' id='word_1_759' title='bbox 1971 5505 2098 5543; x_wconf 78' lang='lat' dir='ltr'><strong>vero</strong></span> <span class='ocrx_word' id='word_1_760' title='bbox 2144 5501 2345 5542; x_wconf 89' lang='lat' dir='ltr'><strong>sortem</strong></span> <span class='ocrx_word' id='word_1_761' title='bbox 2399 5501 2508 5541; x_wconf 89' lang='lat' dir='ltr'><strong>non</strong></span> <span class='ocrx_word' id='word_1_762' title='bbox 2541 5485 2674 5540; x_wconf 87' lang='lat' dir='ltr'><strong>satis</strong></span> <span class='ocrx_word' id='word_1_763' title='bbox 2703 5499 2846 5548; x_wconf 90' lang='lat' dir='ltr'><strong>esse,</strong></span> <span class='ocrx_word' id='word_1_764' title='bbox 2911 5483 3001 5537; x_wconf 87' lang='lat' dir='ltr'><strong>sed</strong></span> <span class='ocrx_word' id='word_1_765' title='bbox 3036 5498 3097 5534; x_wconf 74' lang='lat' dir='ltr'><strong>ex</strong></span> <span class='ocrx_word' id='word_1_766' title='bbox 3146 5479 3550 5535; x_wconf 85' lang='lat' dir='ltr'><strong>calamitatibus</strong></span> 
     </span>
    </p>
   </div>
   <div class='ocr_carea' id='block_1_113' title="bbox 1970 5572 3350 5652">
    <p class='ocr_par' dir='ltr' id='par_1_113' title="bbox 1970 5572 3350 5652">
     <span class='ocr_line' id='line_1_113' title="bbox 1970 5572 3350 5652; baseline -0.003 -20"><span class='ocrx_word' id='word_1_767' title='bbox 1970 5582 2222 5652; x_wconf 57' lang='lat' dir='ltr'><strong>pauperis</strong></span> <span class='ocrx_word' id='word_1_768' title='bbox 2262 5579 2468 5635; x_wconf 88' lang='lat' dir='ltr'><strong>reditus</strong></span> <span class='ocrx_word' id='word_1_769' title='bbox 2498 5578 2680 5648; x_wconf 81' lang='lat' dir='ltr'><strong>copias</strong></span> <span class='ocrx_word' id='word_1_770' title='bbox 2714 5575 2819 5630; x_wconf 87' lang='lat' dir='ltr'><strong>sibi</strong></span> <span class='ocrx_word' id='word_1_771' title='bbox 2863 5585 3055 5644; x_wconf 83' lang='lat' dir='ltr'><strong>parare</strong></span> <span class='ocrx_word' id='word_1_772' title='bbox 3083 5572 3350 5641; x_wconf 76' lang='lat' dir='ltr'><strong>cegitare.</strong></span> 
     </span>
    </p>
   </div>
  </div>
