3976 6214
491 243 624 310 10³71

1722 250 2045 311 ΑΝΤΟΝΙΙ
2083 251 2428 313 MELISS.’E

3633 261 3774 328 1072

563 360 787 425 anus,
824 368 883 415 nt
941 359 1166 431 opinor,
1225 361 1576 432 amultiplici
1637 363 1748 420 fetu
1791 368 1918 421 mali
1978 383 2075 423 no-

2251 368 2442 433 Τόκος,
2494 365 2694 440 οἶμαι,
2761 371 2848 427 διὰ
2903 375 3002 445 τὴν
3056 378 3386 446 πολυγονίαν
3436 377 3535 432 τοῦ
3591 385 3771 437 κακοῦ

491 451 757 505 minatum
785 461 890 516 est,
924 466 1023 506 nec
1046 452 1265 506 aliunde
1296 469 1311 508 :
1341 454 1427 509 vel
1459 455 1695 511 fortasse
1721 458 1920 513 dicitur
1970 459 2071 516 foe-

490 559 596 600 nus
626 553 844 614 propter
883 544 1138 599 tristitias
1159 545 1449 601 ctdolores
1474 547 1676 616 quibus
1706 549 1845 606 allici
1899 551 2073 608 solent

491 638 660 693 animi
702 652 891 692 eorum
939 637 1031 707 qui
1121 647 1441 695 mutuantur
1500 655 1531 694 a
1591 639 2069 700 fmneratoribus:

494 731 710 785 utenim
741 730 898 786 dolor
919 731 1173 802 parienti,
1207 731 1287 787 sic
1335 732 1452 788 dies
1479 741 1664 789 certus
1699 733 1941 791 obaerato
1993 737 2076 790 in-

494 825 644 880 cidit.
671 825 875 880 Fumus
894 825 1230 880 cumulatum
1263 825 1488 892 foenore,
1513 844 1577 884 ex
1597 829 1862 899 improbis
1880 845 2078 900 paren-

493 916 640 972 tibus
693 916 926 987 improbi
990 917 1167 972 liberi.
1224 916 1514 974 anorum
1572 921 1714 977 fetus
1768 925 2075 993 viperarum

498 1009 678 1078 proles
702 1019 852 1063 recte
873 1009 977 1065 dici
1014 1022 1282 1078 possunt;
1339 1021 1568 1067 narrant
1615 1023 1796 1070 autem
1833 1017 2073 1086 viperas,

497 1116 656 1156 erosa
683 1102 874 1158 matris
904 1102 1048 1169 alvo,
1072 1104 1123 1157 in
1155 1103 1331 1158 lucem
1350 1105 1458 1171 edi,
1486 1116 1538 1162 et
1563 1107 1770 1162 focnora
1801 1108 2077 1167 devoratis

499 1192 806 1248 debitorum
831 1193 1083 1250 domibus
1120 1204 1496 1263 procreantur.

567 1370 703 1438 Quae
728 1372 902 1441 exigis
928 1387 1090 1426 omne
1122 1374 1544 1432 inltumanitatis
1579 1393 1751 1447 genus
1774 1389 2033 1449 superant
2063 1399 2078 1435 :

499 1475 570 1516 ex
609 1464 972 1521 incommodis
1000 1467 1226 1522 alterius
1254 1466 1411 1539 165
1443 1478 1534 1523 tua
1570 1484 1732 1538 paras
1771 1474 2080 1540 commoda,

510 1571 575 1614 ex
601 1557 856 1629 iacrymis
887 1571 1170 1630 argentum
1206 1561 1435 1634 colligis,
1477 1565 1677 1620 nudum
1698 1565 1938 1636 iugulas.
1959 1583 2084 1623 esu-

498 1649 731 1706 rientem
766 1652 1067 1706 verberas:
1109 1652 1253 1707 nulla
1276 1669 1508 1724 usquam
1559 1657 1929 1713 misericordia
1973 1670 2078 1724 est,

501 1759 679 1816 neque
736 1745 1080 1818 cognationis
1143 1747 1262 1816 ejus
1320 1748 1413 1818 qui
1465 1753 1729 1818 premitur
1775 1755 2080 1812 recordatio

501 1838 632 1893 ulla.

572 1927 826 1998 Agricola
861 1944 986 1986 cum
1019 1930 1186 1986 semel
1253 1932 1460 1999 spicam
1512 1937 1739 1992 seminis
1787 1942 2079 2010 receperit,

501 2019 699 2076 iterum
729 2020 828 2076 sub
852 2021 1033 2078 radice
1059 2024 1291 2078 scrutari
1324 2039 1430 2078 non
1453 2026 1621 2082 solet:
1652 2036 1705 2080 tu
1733 2043 1862 2082 vero
1888 2039 1941 2084 et
1969 2030 2082 2084 fru-

502 2124 623 2171 ctus
651 2115 839 2178 babes,
867 2115 1081 2171 nectibi
1106 2131 1345 2185 unquam
1369 2131 1491 2172 sors
1512 2119 1857 2176 diminuitur.
1896 2119 2082 2176 incer-

502 2214 618 2262 tum
637 2217 724 2265 est
743 2208 831 2263 cui
848 2223 1166 2274 coacervcs;
1191 2218 1373 2267 certus
1396 2219 1478 2266 est
1502 2211 1592 2279 qui
1613 2210 1917 2266 fcenoribus
1936 2228 2084 2282 pres-

503 2301 981 2371 sus’lacrymatur,
1016 2310 1072 2357 at
1103 2303 1196 2372 qui
1227 2302 1495 2358 fruiturus
1513 2303 1711 2360 sitisto
1733 2305 1894 2361 modo
1926 2321 2083 2362 com-

503 2394 711 2464 paratis
742 2395 940 2464 0pibus
962 2394 1280 2464 ambiguum
1306 2405 1413 2452 est.

572 2509 750 2566 Canes
779 2511 826 2565 si
857 2510 985 2581 quid
1021 2511 1332 2580 acceperint
1390 2512 1712 2568 cicurantur
1747 2533 1761 2570 :
1796 2521 1852 2569 at
1910 2513 2088 2570 {tene-

503 2614 658 2661 rator
683 2605 976 2676 accipiens,
1011 2606 1174 2660 etiam
1207 2605 1460 2663 irritatur
1491 2626 1507 2677 ;
1552 2623 1663 2665 non
1703 2610 1846 2665 enim
1885 2611 2087 2668 desinit

504 2696 728 2757 latrare,
766 2709 830 2751 ac
855 2695 976 2765 plus
1010 2695 1244 2765 plusque
1300 2696 1601 2767 inquirere.
1637 2696 1697 2753 Si
1748 2699 1926 2770 iuras,
1977 2716 2085 2756 non

504 2787 680 2843 credit
715 2804 730 2841 :
760 2802 882 2857 quae
905 2787 1053 2842 intus
1083 2795 1234 2856 sunt,
1270 2796 1575 2856 scrutatur,
1613 2791 1668 2845 in
1704 2793 2083 2849 contractibus

505 2879 739 2934 multum
770 2893 950 2948 operae
1001 2878 1208 2950 ponit:
1271 2880 1315 2935 si
1365 2894 1397 2936 e
1445 2881 1777 2938 domuncula
1823 2883 2084 2953 prodeas,

505 2973 679 3029 trahit
715 2972 782 3028 ad
815 2987 872 3028 se
898 2983 952 3029 et
985 2973 1190 3028 scindit
1245 2973 1569 3030 vestimenta
1598 2988 1614 3026 :
1665 2973 1754 3030 sin
1799 2987 1981 3031 autem
2037 2986 2089 3032 te

2175 463 2606 535 προσηγόρειται
2635 485 2649 499 ο
2683 467 2850 521 πόθεν
2883 469 3147 536 ἄλλοθεν;
3186 473 3218 543 ἦ
3251 473 3394 542 τάχα
3419 475 3582 538 τόκος
3610 477 3772 544 λέγε-

2174 572 2265 609 ται
2293 556 2383 610 διὰ
2411 559 2509 620 τὰς
2536 559 2727 624 ὀδύνας
2752 562 2848 614 καὶ
2874 562 3053 628 λύπας
3108 565 3175 628 ἃς
3208 567 3460 633 ἐμποιεῖν
3499 572 3628 632 τατς
3669 571 3772 638 ψυ-

2175 649 2300 716 χαῖς
2330 649 2442 701 τῶν
2476 650 2885 722 δανεισαμένων
2916 655 3184 725 πέφυκεν.
3209 658 3422 728 Ὥσπερ
3444 659 3556 730 γὰρ
3582 661 3621 732 ἡ
3645 661 3772 724 ὠδὶς

2175 743 2242 811 τῇ
2272 741 2562 815 τικτούσῃ.
2610 743 2781 808 οὕτως
2815 747 3127 817 προθεσμία
3174 749 3254 818 τῷ
3297 752 3553 822 ὐπόχρεῳ
3603 755 3774 824 παρί-

2178 850 2395 890 σταται.
2433 836 2604 900 Τόκος
2641 839 2734 892 ἐπὶ
2770 840 2938 908 τόκῳ,
2976 842 3231 911 πονηρῶν
3267 846 3471 910 γονέων
3527 847 3774 915 πονηρὸν

2178 926 2374 994 ἔγγυον
2434 926 2500 1000 [Ῑ.
2562 929 2833 1003 ἕγγονον].
2895 931 3085 985 Ταῦτα
3144 934 3392 1001 λεγέσθω
3446 938 3774 1006 γεννήματα

2179 1020 2428 1090 ἐχιδνῶν,
2483 1023 2552 1076 τὰ
2586 1024 2696 1076 τῶν
2723 1024 2900 1078 τόκων
2952 1025 3348 1095 ἀποκυήματα.
3393 1027 3507 1090 Τὰς
3556 1029 3775 1097 ἐχίδνας

2180 1117 2335 1181 φασὶ,
2368 1117 2468 1176 τὰς
2493 1117 2773 1184 γαστέρας
2807 1119 2904 1186 τῆς
2944 1119 3153 1186 μητρὸς
3191 1120 3562 1185 διεσθιούσας,
3596 1123 3778 1174 τίκτε-

2183 1209 2330 1262 σθαι·
2363 1211 2458 1263 καὶ
2484 1211 2533 1262 οἱ
2553 1209 2723 1276 τόκοι,
2747 1210 2873 1274 τούς
2898 1210 3081 1273 οίκους
3101 1211 3211 1264 τῶν
3234 1212 3566 1280 ὀφειλόντων
3600 1216 3777 1284 ἐκφα-

2182 1301 2392 1370 γόντες,
2432 1303 2861 1372 ἀπογεννῶνται.

2260 1395 2328 1448 Ἀ
2357 1395 2684 1465 λαμϐάνεις,
2715 1386 3134 1470 μισανθρωπίας
3166 1399 3476 1471 ὑπερϐολὴν
3511 1401 3780 1471 οὐδεμίαν

2183 1487 2492 1543 ἀπολείπει.
2531 1488 2667 1542 Ἀπὸ
2691 1490 2990 1561 συμφορῶν
3023 1491 3353 1560 κερδαίνεις,
3383 1491 3498 1544 ἀπὸ
3519 1491 3783 1560 δακρύων

2184 1579 2599 1649 ἀργυρολογεϊς,
2639 1580 2732 1636 τὸν
2786 1583 2997 1652 γυμνδν
3048 1584 3260 1656 ἄγχεις,
3294 1584 3390 1637 τὸν
3422 1584 3783 1654 λιμώττοντα

2187 1673 2432 1734 τύπτεις.
2464 1672 2656 1734 Ἔλεος
2681 1671 2943 1743 οὐδαμοῦ,
2976 1673 3153 1728 ἔννοια
3183 1676 3286 1746 τῆς
3315 1673 3660 1744 συγγενείας
3687 1674 3783 1728 τοῦ

2185 1763 2486 1834 πάσχοντος
2518 1764 2764 1834 οὐδεμία.

2263 1949 2326 2001 Ὀ
2352 1955 2354 1958 ’
2382 1949 2628 2018 γεωργὸς
2665 1950 2757 2002 τὸν
2805 1951 3012 2020 στάχυν
3046 1949 3232 2003 λαϐὼν
3281 1950 3378 2004 τοῦ
3430 1949 3781 2021 σπέρματος,

2184 2040 2351 2095 πάλιν
2390 2043 2494 2095 ὐπὸ
2545 2043 2644 2114 τὴν
2680 2045 2835 2113 ῥίζαν
2889 2045 2990 2097 οὐκ
3021 2046 3256 2115 ἐρευνᾷ’
3293 2046 3357 2098 σὺ
3389 2045 3448 2098 δὲ
3505 2047 3607 2098 καὶ
3657 2045 3786 2108 τούς

2186 2133 2436 2200 καρποὺς
2487 2133 2655 2202 ἔχεις,
2710 2135 2805 2187 καὶ
2849 2135 2950 2188 οὐκ
2989 2135 3288 2203 ἀφίστασαι
3345 2136 3457 2188 τῶν
3505 2136 3782 2205 ἀρχαίων.

2191 2223 2422 2293 ’Ἄδηλον
2447 2224 2552 2277 τίνι
2585 2225 2858 2292 συνάγεις.
2908 2225 2967 2279 '0
2998 2226 3095 2294 μὲν
3127 2225 3381 2297 δακρύων
3411 2227 3511 2278 ἐπὶ
3554 2229 3674 2289 τοῖς
3695 2227 3784 2278 τό·

2189 2333 2306 2379 κοις
2344 2315 2611 2387 πρόδηλος
2635 2333 2652 2348 ·
2690 2319 2719 2370 ὁ
2745 2317 2802 2370 δὲ
2825 2317 3126 2372 ἀπολαύειν
3150 2319 3364 2388 μέλλων
3385 2319 3493 2389 τῆς
3521 2319 3638 2372 ἀπὸ
3665 2319 3784 2373 τού-

2187 2423 2296 2464 των
2328 2409 2645 2478 περιουσίας
2679 2410 3022 2480 ἀμφίϐολος.’

2261 2519 2438 2584 Κύνες
2466 2520 2723 2585 λαϐόντες
2763 2523 3137 2593 ἡμεροῦνταιο
3169 2524 3197 2577 ὁ
3223 2523 3280 2577 δὲ
3315 2524 3615 2592 δανειστὴς
3649 2523 3787 2591 λαμ-

2189 2607 2372 2664 ϐάνων
2423 2612 2894 2683 προσερεθίζεται.
2931 2614 3004 2666 Οὐ
3055 2613 3164 2682 γὰρ
3205 2617 3446 2668 παύεται
3504 2615 3785 2676 ὑλακτῶν.

2189 2701 2284 2753 καὶ
2334 2701 2395 2754 τὸ
2453 2701 2615 2755 πλέον
2669 2704 2966 2771 ἐπιζητῶν.
3033 2704 3159 2758 Ἐὰν
3209 2706 3459 2779 όμνύῃς,
3515 2708 3748 2759 ἀπιστεῖ
3765 2721 3785 2738 ·

2190 2795 2392 2865 ἐρευνᾷ
2419 2799 2487 2848 τὰ
2512 2795 2659 2850 ἔνδον
2685 2812 2699 2826 ·
2741 2797 2808 2849 τὰ
2845 2797 3272 2868 συναλλάγματα
3305 2816 3402 2851 σου
3456 2799 3788 2868 πολυπραγ-

2195 2890 2367 2957 μονεῖ.
2417 2887 2542 2941 Ἐὰν
2578 2889 2774 2960 προῒῃς
2824 2891 2918 2943 τοῦ
2971 2891 3269 2960 δωματίου,
3304 2893 3454 2946 ἕλκει
3486 2894 3632 2964 πρὸς
3662 2893 3790 2946 ἐαυο

2190 2981 2283 3035 τὸν
2332 2985 2428 3036 καὶ
2485 2984 2806 3053 κατασύρει.
2857 2984 2983 3036 Ἑάν
3034 2985 3092 3038 δὲ
3143 2986 3338 3038 ἑαυτὴν
3392 2987 3786 3057 γατακρύψῃς,

506 3068 623 3138 ipse
641 3065 1025 3134 occultaveris,
1071 3074 1215 3123 astat
1243 3066 1298 3122 in
1323 3067 1594 3124 vestibulo
1619 3075 1676 3123 et
1706 3067 1910 3124 ostium
1963 3069 2084 3139 pul-

2205 3074 2458 3146 εφέστηκε
2491 3080 2556 3147 τῇ
2591 3075 2788 3146 αὐλαίᾳ
2815 3078 2905 3128 καὶ
2941 3079 3354 3150 θυροκρουστεί.

507 3170 612 3218 sat.

580 3249 657 3334 8.¹
677 3250 947 3322 Chrysost.
981 3249 1723 3307 Cuminvenerintdebitores
1754 3265 1904 3316 suos,
1931 3265 2088 3320 quasr

508 3341 749 3413 praedam
790 3341 937 3397 nacti
983 3340 1062 3396 sic
1115 3341 1390 3407 laetantur,
1420 3355 1486 3396 ac
1544 3340 1726 3396 omnia
1790 3339 2000 3395 faciunt
2032 3349 2092 3394 ut

512 3444 684 3492 totum
717 3441 988 3506 repetant.
1013 3433 1172 3502 Quod
1203 3434 1250 3490 si
1286 3434 1470 3490 minus
1500 3433 1552 3488 id
1592 3441 1826 3504 possunt
1865 3441 2086 3503 propter

511 3544 702 3586 eorum
739 3528 828 3599 qui
860 3527 1062 3582 debent
1091 3526 1359 3598 inepiam,
1387 3528 1525 3582 iram
1552 3527 1797 3597 pecuniae
1819 3541 1986 3582 causa
2007 3527 2093 3580 in-

512 3623 840 3677 llammatam
870 3621 925 3676 in
981 3633 1418 3676 mrumnosorum
1438 3633 1638 3690 corpus
1659 3628 1934 3684 exercent,
1963 3632 2092 3673 con-

515 3716 801 3772 tumeliose
825 3714 1008 3785 ﬂagris
1033 3713 1328 3780 cedentes,
1363 3723 1419 3769 et
1446 3713 1826 3779 verberantes,
1859 3720 1916 3767 et
1943 3711 2092 3767 mille

515 3813 636 3868 aliis
659 3810 1018 3867 incommodis
1048 3808 1366 3866 allicientes.
1418 3860 1423 3866 .

906 3947 1142 4005 δεξιΜο
1175 3945 1367 4003 xxvu
1421 3945 1523 4018 [αι.
1573 3942 1708 4016 LX].

517 4048 592 4102 De
631 4047 694 4100 iis
731 4045 820 4114 qui
845 4049 1157 4114 mutuantur
1199 4049 1247 4093 et
1314 4039 1453 4106 quod
1501 4052 1707 4105 aequum
1755 4042 1831 4089 est
1871 4031 2097 4086 credito-

1055 4110 1200 4162 ribus
1230 4118 1411 4178 gratos
1434 4123 1564 4161 esse.

594 4209 867 4265 Salomon.
895 4203 1207 4259 Prudentia
1237 4210 1321 4256 est
1361 4213 1692 4268 cognoscere
1736 4213 1763 4250 a
1798 4212 1908 4266 quo
1937 4196 2097 4266 proli-

522 4300 762 4356 ciscatur
783 4299 953 4367 gratia
984 4295 1059 4366 (id
1095 4305 1203 4359 est,
1231 4293 1526 4365 gratuitum
1566 4289 1918 4359 beneﬁcium).

596 4392 805 4448 Sirach.
841 4389 1078 4444 Gratiam
1096 4388 1380 4443 hominum
1404 4396 1658 4455 tanquam
1679 4383 1935 4455 pupillam
1961 4397 2097 4439 ocu-

525 4491 557 4542 li
582 4495 927 4543 conservato.
1965 4531 1970 4536 ,

594 4582 694 4649 Qui
728 4580 956 4652 gratiam
982 4577 1178 4644 reddit,
1203 4575 1515 4632 futurorum
1545 4571 1873 4634 meminit,et
1903 4580 2108 4640 tempo-

523 4691 582 4731 re
621 4691 734 4731 suae
767 4670 1097 4726 calamitatis
1129 4667 1370 4723 inveniet
1401 4663 1858 4722 stabilimentum.

595 4854 652 4909 S.
689 4852 902 4908 Basilii.
935 4850 1038 4918 Qui
1065 4849 1132 4905 de
1180 4847 1344 4903 nobis
1386 4847 1524 4900 bene
1599 4844 1776 4899 meriti
1827 4852 1976 4906 sunt,
2027 4840 2096 4895 iis

526 4961 742 4999 onmem
775 4940 1209 4997 benevolentiam
1230 4944 1488 5007 praestare
1514 4934 1799 4990 debemus.

600 5036 867 5106 Titeologi.
910 5031 1410 5102 Reddamusigitur
1440 5044 1564 5084 cum
1596 5029 1804 5084 iustiore
1863 5026 2102 5082 debitum

528 5133 574 5187 si
599 5130 760 5185 modo
783 5136 990 5182 tantum
1020 5126 1301 5197 possidere
1331 5124 1636 5179 videamur.

599 5221 857 5279 Philonis.
881 5217 1024 5273 Nihil
1055 5226 1138 5274 est
1176 5217 1321 5287 quod
1380 5216 1592 5271 facilius
1647 5215 2090 5271 benevolentiam

535 5315 832 5372 conciliare
887 5312 1080 5383 possit,
1143 5323 1308 5379 quam
1344 5308 1464 5378 ipsa
1515 5306 1902 5363 beneﬁciorum
1953 5312 2108 5377 grata

534 5407 1010 5466 commemoratio.

930 5519 1162 5575 SERMO
1187 5518 1408 5574 xxvm
1442 5517 1542 5590 [αι.
1571 5514 1731 5588 LXI].

760 5614 833 5668 De
862 5615 1090 5683 ingratis
1116 5630 1230 5668 cum
1268 5621 1510 5665 mutuum
1542 5609 1878 5676 sumpserint.

618 5704 799 5758 David.
865 5705 1139 5760 Mutuatur
1166 5703 1468 5776 improbus,
1506 5717 1604 5758 nec
1630 5715 1867 5771 unquam
1919 5696 2118 5755 reddit.

2281 3258 2536 3312 Ἐπειδὰν
2582 3258 2787 3330 εὕρωσι
2841 3258 2970 3321 τούς
3009 3257 3326 3325 ὀφείλοντας
3375 3259 3430 3309 οἱ
3480 3257 3786 3328 ἄνθρωποι,

2197 3349 2386 3422 ῶσπερ
2416 3350 2639 3421 θήραμα
2665 3350 2939 3418 εὑρόντες,
2970 3349 3144 3409 οὓτως
3169 3347 3463 3418 γεγήθασι,
3485 3354 3589 3401 καὶ
3610 3350 3788 3401 πάντα

2199 3445 2446 3497 ποιοῦσιν
2497 3444 2647 3508 ὅπως
2677 3445 2738 3496 τὸ
2773 3445 2883 3499 πᾶν
2929 3443 3279 3514 ἀπαιτήσωσι
3305 3459 3320 3473 ·
3354 3441 3459 3495 κᾶν
3497 3443 3576 3512 μὴ
3623 3443 3785 3509 δυνη·

2199 3537 2331 3591 θῶσι
2359 3538 2447 3591 διὰ
2471 3538 2570 3609 τὴν
2606 3538 2795 3591 πενίαν
2833 3538 2942 3591 τῶν
2973 3537 3327 3606 ὀφειλόντων,
3360 3537 3462 3604 τὴν
3495 3535 3642 3603 ὑπὲρ
3679 3535 3786 3585 τῶν

2200 3629 2500 3700 χρημάτων
2561 3628 2731 3700 ὀργὴν
2781 3630 2862 3692 είς
2911 3629 2973 3682 τὸ
3026 3627 3374 3698 ταλαίπωρον
3425 3626 3540 3678 τῶν
3581 3625 3784 3678 ἀθλίων

2202 3721 2384 3792 σῶμα,
2420 3721 2761 3792 αἰκιζόμενοι
2795 3719 2893 3774 καὶ
2926 3719 3221 3782 τύπτοντες
3252 3720 3348 3772 καὶ
3385 3715 3562 3788 μυρία
3604 3716 3786 3778 αὐτοῖς

2201 3813 2566 3883 διατιθέμενοι
2597 3815 2766 3881 κακὰ,
2807 3815 3119 3884 ἐναφιᾶσιν.

2801 3951 3022 4004 ΛΟΓΟΣ
3057 3947 3188 4003 KZ'.

2203 4043 2342 4110 Περὶ
2369 4042 2475 4095 δαν
2487 4041 2820 4111 ειζομένων,
2845 4043 2944 4095 καὶ
2971 4043 3060 4095 ὅτι
3088 4041 3204 4110 χρὴ
3235 4040 3647 4110 εὐγνωμονεῖν
3667 4039 3788 4105 τοῖς

2789 4113 3184 4181 κυριοχρέοις.

2277 4208 2597 4277 Φρονήσεως
2621 4207 2680 4260 τὸ
2712 4206 2913 4260 ειδέναι
2938 4205 3082 4268 τίνος
3105 4209 3142 4275 ἡ
3175 4205 3357 4275 χάρις.

2283 4391 2459 4459 Χάριν
2487 4387 2778 4457 ἀνθρωπου
2809 4385 2885 4447 ὡς
2915 4384 3084 4455 κόρην
3113 4382 3396 4452 ὀφθαλμοῦ
3427 4381 3785 4453 συντήρησον.

2289 4569 2351 4620 '0
2385 4564 2773 4628 ἀνταποδιδοὺς
2814 4564 3064 4634 χάριτας,
3105 4561 3382 4631 μέμνηται
3424 4558 3508 4620 είς
3553 4558 3626 4610 τά
3660 4557 3784 4626 μετὰ

2209 4656 2384 4713 ταῦτα
2408 4673 2422 4687 ’
2455 4656 2551 4708 καὶ
2576 4657 2637 4708 ἐν
2683 4653 2863 4726 καιρῷ
2910 4655 3171 4715 πτώσεως
3198 4650 3365 4704 αὐτοῦ
3415 4649 3644 4719 εὑρήσει
3673 4649 3784 4716 στή-

2217 4767 2409 4822 ριγμα·
3313 4746 3320 4749 ⁷

2287 4845 2412 4908 Τοῖς
2445 4843 2761 4914 εὐεργέταις
2794 4843 2976 4895 πᾶσαν
3024 4839 3240 4895 εὐνοιαν
3285 4836 3603 4910 ἐκπληροῦν
3651 4833 3783 4903 ὀφεί-

2213 4937 2401 5008 λομεν.

2299 5027 2699 5098 Ἀποδώσωμεν
2744 5025 2924 5079 τοίνυν
2971 5023 3069 5078 σὺν
3097 5023 3240 5093 τόκῳ
3272 5021 3331 5076 τὸ
3375 5022 3560 5093 χρέος,
3601 5021 3662 5075 ἂν
3687 5020 3779 5086 ἀρα

2215 5122 2472 5177 τοσοῦτον
2509 5117 2871 5188 εὐποροῦντες
2900 5117 3182 5185 φανῶμεν.

2290 5213 2456 5268 Οὐδὲν
2482 5211 2656 5273 οὕτως
2686 5209 2969 5276 εὐάγωγον
2987 5208 3066 5270 εἰς
3091 5205 3328 5272 εὔνοιαν,
3350 5207 3427 5270 ὡς
3457 5209 3492 5277 ἠ
3522 5207 3626 5261 τῶν
3650 5205 3779 5269 εὐερ-

2215 5306 2544 5379 γετημάτων
2567 5302 2831 5373 εὐφημία.

2817 5505 3037 5560 ΛΟΓΟΣ
3076 5505 3210 5558 KH’.

2368 5600 2508 5668 Περὶ
2541 5597 2969 5668 δανειζομένων
2999 5596 3095 5650 καὶ
3129 5592 3655 5663 ἀγνωμονούντων.

2303 5693 2616 5755 Δανείζεται
2653 5693 2682 5744 ό
2714 5687 3060 5761 ἁμαρτωλὸς,
3093 5688 3187 5740 καὶ
3225 5686 3326 5739 οὐκ
3359 5684 3626 5738 ἀποτίσει.
