3976 6214
288 281 430 347 1073

1109 283 1283 345 LOCI
1326 281 1770 346 COMMUNES.
1807 309 1878 322 --
1906 283 2103 347 PARS
2146 284 2226 347 ΙΙ.
2273 285 2529 347 SERMO
2563 286 2744 348 XXX.

3427 287 3566 352 1074

355 399 451 469 Μὴ
506 396 649 452 ἔστω
684 399 716 468 ή
757 399 880 470 χείρ
909 415 1002 453 σου
1039 400 1377 473 ἐκτεταμένη
1421 401 1503 466 είς
1532 400 1611 455 ’τὸ
1655 399 1868 466 λαϐεῖν,

2049 400 2222 457 Eccli.
2253 418 2328 458 iv.
2364 403 2444 458 Ne
2473 403 2548 459 sit
2582 418 2779 460 manus
2815 411 2906 457 tua
2939 403 3008 457 ad
3025 400 3404 472 accipiendum
3433 421 3562 478 por-

281 496 384 550 καὶ
416 496 476 547 ὲν
506 493 583 562 τῷ
613 490 926 546 ἀποδιδόναι
961 495 1395 565 συνεσταλμένη.

355 586 551 640 Πολλοὶ
579 583 655 648 ὡς
682 583 906 656 εὕρημα
931 587 1195 657 ἐνόμισαν
1223 587 1404 657 δάνος,
1450 589 1550 643 καὶ
1587 589 1866 662 παρέσχον

281 677 490 741 κόπους
527 677 641 740 τοῖς
673 675 1238 749 βοηθήσασινάὒτοῖς.

357 856 672 925 Ἀχρηστος
700 854 760 909 ὲν
791 855 1002 929 διανοίᾳ
1039 857 1428 932 ἐγκαταλείψει
1460 854 1789 931 ῥυσάμενον.

352 1036 449 1106 Μὴ
502 1036 664 1107 μόνον
723 1036 1068 1107 λαμϐάνοντα
1124 1038 1354 1092 σεαυτὸν
1403 1037 1534 1103 νόει,
1583 1038 1720 1094 ἀλλὰ
1767 1037 1864 1093 καὶ

280 1127 710 1197 ἀπαιτούμενον.
743 1126 810 1180 Τί
863 1127 1191 1200 πολυπλόκῳ
1239 1129 1416 1201 θηρίῳ
1467 1130 1660 1186 ἑαυτὸν
1686 1148 1862 1202 παρα-

281 1220 566 1286 ζευγνύεις
586 1234 602 1284 ;

371 1309 430 1363 Ὀ
457 1311 642 1374 τόκοις
668 1311 864 1366 ἑαυτὸν
898 1310 1204 1365 ὑπεύθυνον
1233 1313 1610 1385 καταστήσας,
1647 1307 1724 1367 ὧν
1763 1311 1863 1385 τὴν

282 1420 483 1473 κτησιν
517 1403 616 1474 οὐχ
652 1404 968 1472 ὑφίσταται,
1002 1405 1248 1461 δουλείαν
1291 1405 1614 1477 αὐθαίρετον
1641 1404 1863 1471 ἐδέξατο

282 1496 377 1549 διὰ
415 1495 550 1564 βίου.

370 1588 619 1659 Ὀρῶμεν
652 1589 776 1659 οὐχῖ⁵
807 1579 937 1653 τοὺς
966 1591 1073 1652 τῶν
1111 1591 1424 1658 ἀναγκαίων
1460 1595 1658 1656 ἐνδεεῖς
1708 1594 1864 1664 ἐρχο-

287 1679 486 1748 μένους
510 1680 600 1732 ὲπὶ
620 1680 678 1733 τὸ
699 1680 930 1735 δάνειον⁶
948 1682 1067 1735 οὐδὲ
1089 1683 1195 1755 γὰρ
1229 1683 1410 1753 ἔχουσι
1434 1686 1560 1750 τοὺς
1583 1687 1864 1740 πιστεύον-ι

282 1786 424 1834 τας·
473 1771 611 1825 ἀλλὰ
655 1773 992 1837 δανείζονται
1050 1753 1330 1844 ἄνθρωποι
1390 1778 1662 1841 δαπάναις
1713 1779 1863 1831 άνει-
1893 1753 1939 1813 Β

290 1863 508 1932 μέναις,
538 1865 634 1918 καὶ⁹
682 1863 1055 1927 πολυτελείαις
1087 1867 1364 1936 ἀκάρποις
1418 1867 1647 1932 ἑαυτοὺς
1685 1870 1864 1924 ἐπιδι-

284 1957 493 2019 δόντες.

359 2044 516 2103 Εἶδον
567 2049 679 2118 ἐγὼ
743 2050 977 2104 ἐλεεινὸν
1033 2051 1236 2121 θέαμα,
1287 2052 1483 2117 παῖδας
1542 2053 1866 2122 ἐλευθέρους

284 2141 432 2212 ὑπὲρ
481 2143 658 2214 χρεῶν
717 2145 998 2214 πατρικῶν
1028 2144 1356 2215 ἑλκομένους
1405 2146 1486 2210 είς
1530 2146 1592 2199 τὸ
1650 2149 1864 2218 πρατή-

285 2253 426 2303 ριον.

359 2355 434 2409 Οὐ
470 2355 666 2420 νύκτες
702 2357 782 2427 τῷ
815 2358 1064 2431 χρεώστῃ
1097 2359 1407 2414 ἀνάπαυσιν
1452 2357 1728 2428 φέρουσιν,
1767 2358 1864 2428 οὐχ

282 2452 481 2521 ἡμέρα,
505 2451 730 2522 φαιδρὰ,
759 2453 858 2523 οὐχ
891 2453 1043 2524 ἥλιος
1068 2453 1324 2524 τερπνὸς,
1353 2452 1491 2506 ἀλλὰ
1520 2452 1864 2521 δυσχεραίνει

279 2544 378 2595 τὸν
412 2543 547 2612 βίον,
599 2546 750 2613 μισεῖ
777 2543 887 2608 τὰς·
925 2544 1139 2614 ἡμέρας
1189 2544 1326 2613 πρὸς
1379 2544 1477 2613 τὴν
1521 2544 1864 2616 προθεσμίαν

283 2633 678 2703 ὲπειγομὲνας,
713 2634 962 2703 φοϐεῖται
1002 2636 1132 2699 τοὺς
1183 2636 1357 2704 μῆνας
1385 2638 1463 2698 ὡς
1490 2636 1667 2688 τόκων
1694 2638 1864 2688 πατέ-

287 2746 414 2798 ρας.
442 2729 565 2781 Κᾶν
614 2726 876 2800 καθεύδῃ,
904 2726 1156 2782 ἐνύπνιον
1201 2727 1388 2797 βλέπει
1417 2727 1510 2781 τὸν
1552 2727 1864 2797 δανειστὴν,

281 2821 456 2874 κακὸν
488 2821 616 2890 δναρ
642 2823 709 2890 τῇ
738 2820 948 2890 κεφαλῇ
979 2820 1387 2891 παριστάμενον
1409 2835 1426 2850 ο
1452 2819 1557 2874 κᾶν
1584 2821 1860 2892 γρηγορῇ,

283 2913 467 2966 ἔννοια
493 2911 642 2982 αὐτῷ
675 2913 773 2964 καὶ
799 2911 1027 2983 φροντὶς
1049 2913 1077 2964 6
1118 2911 1273 2974 τόκος
1297 2911 1438 2966 ἐστί.

1982 507 2153 561 recta,
2180 503 2231 550 et
2255 497 2320 551 ad
2349 496 2689 552 reddendum
2723 506 3024 554 contracta.

2045 588 2127 643 Ib.
2151 604 2303 643 xnx.
2332 587 2487 643 Multi
2551 599 2802 644 mutuum
2873 590 3031 662 quasi
3079 589 3358 645 inventum
3407 591 3558 645 testi;

1973 690 2148 747 mant,
2177 680 2548 751 exhibentque
2580 681 2864 738 molestias
2897 684 2978 738 eis
3017 683 3110 754 qui
3166 682 3299 751 ipsis
3357 682 3558 738 subve-

1972 772 2177 848 perint.

2056 866 2217 936 166
2248 865 2460 921 Stultus
2485 872 2540 920 et
2569 865 2816 934 ingratus
2845 879 2972 920 eum
3022 881 3050 920 a
3078 881 3188 936 quo
3243 866 3416 922 fuerit
3454 868 3553 922 ali-

1973 958 2197 1029 quando
2235 957 2529 1022 liberatus,
2569 950 2808 1012 deseret.

2043 1049 2167 1105 Non
2224 1049 2403 1104 solum
2445 1057 2534 1104 est
2558 1048 2914 1117 cogitandum
2953 1047 3053 1102 tibi
3102 1062 3226 1103 esse
3277 1048 3553 1118 accipien-

1974 1141 2249 1208 dum,sed
2289 1141 2453 1197 etiam
2497 1140 2859 1206 reddendum,
2917 1154 3042 1195 cum
3100 1148 3375 1207 repetetur
3405 1141 3567 1209 quod;

1972 1233 2280 1303 acceperis;
2321 1247 2422 1288 cur
2445 1239 2498 1286 te
2530 1247 2653 1287 cum
2686 1232 2864 1287 bestia
2901 1231 3106 1286 nodosa
3148 1229 3480 1300 conjungis?

1955 1381 1961 1386 .
2045 1325 2149 1392 Qui
2201 1341 2264 1382 se
2321 1323 2628 1380 fcenoribus
2689 1321 3000 1390 subjectum
3055 1321 3258 1387 reddit,
3312 1333 3546 1390 quorum

1972 1417 2376 1488 possessionem
2415 1431 2527 1470 non
2565 1422 2740 1479 tenet,
2779 1413 3147 1469 voluntariam
3199 1419 3550 1483 perpetuam-

1976 1525 2082 1580 que
2109 1509 2343 1580 suscipit
2372 1509 2714 1564 servitutem.

2043 1601 2161 1656 Non
2195 1601 2439 1656 videmus
2494 1614 2588 1654 eos
2637 1598 2836 1668 quibus
2882 1599 3192 1652 necessaria
3221 1596 3439 1651 'desunt
3480 1595 3546 1649 ad

1969 1702 2222 1750 mutuum
2260 1691 2584 1748 sumendum
2635 1689 2932 1755 accedere;
2987 1705 3097 1744 non
3145 1689 3291 1744 enim
3343 1688 3545 1742 habent

1967 1786 2061 1856 qui
2118 1785 2254 1855 ipsis
2318 1783 2594 1850 credant;
2642 1782 2736 1836 sed
2818 1783 2854 1835 ii
2905 1781 3006 1835 soli
3054 1790 3396 1842 mutuantur,
3449 1781 3547 1850 qui

1967 1878 2276 1947 sumptibus
2326 1875 2569 1947 profusis
2594 1883 2648 1929 et
2678 1874 2830 1929 luxui
2864 1872 3202 1926 infructuoso
3235 1886 3292 1926 se
3323 1871 3548 1926 dedide~

1967 1975 2116 2022 runt.
3281 1982 3294 1986 ’

2037 2055 2174 2112 Rem
2237 2056 2606 2112 miserabilem
2659 2055 2941 2126 spectavi,
2995 2052 3201 2108 liberos
3258 2051 3542 2115 homines,

1966 2162 2197 2218 quorum
2230 2149 2558 2218 patrimonia
2585 2157 2773 2204 essent
2805 2147 3066 2209 obserata,
3094 2143 3185 2215 qui
3242 2132 3544 2197 traheban-

1972 2247 2062 2292 tur
2095 2244 2156 2292 ut
2193 2237 2478 2293 vaenirent.

2055 2355 2115 2412 S.
2145 2356 2358 2412 Basilii.
2417 2355 2536 2412 Non
2601 2366 2790 2412 noctes
2840 2355 3072 2411 debitori
3122 2354 3358 2425 quietem
3416 2351 3550 2406 affe-

1967 2459 2120 2514 runt,
2147 2465 2256 2505 non
2289 2450 2404 2504 dies
2435 2451 2484 2506 ei
2507 2449 2774 2519 jucunda.
2808 2464 2914 2503 non
2971 2449 3053 2504 sol
3091 2448 3411 2511 delectans;
3449 2445 3544 2499 sed

1969 2558 2063 2612 per
2091 2557 2306 2597 omnem
2342 2543 2513 2597 vitam
2564 2545 2620 2596 in
2659 2542 2889 2596 tristitia
2924 2547 3179 2594 versatur
3211 2554 3226 2593 :
3261 2539 3378 2593 dies
3408 2537 3563 2600 odit,

1966 2635 2061 2704 qui
2109 2634 2177 2689 ad
2233 2635 2618 2706 praescriptum
2675 2642 2890 2704 tempus
2940 2639 3292 2702 properant;
3332 2645 3550 2684 menses

1968 2725 2250 2791 formidat,
2286 2729 2446 2796 quasi
2486 2743 2781 2782 usurarum
2813 2725 3123 2796 genitores;
3165 2726 3210 2779 si
3239 2722 3549 2786 dormierit,

1968 2821 2022 2876 in
2065 2821 2276 2878 somnis
2304 2822 2451 2878 videt
2501 2823 2886 2878 fmueratorem
2929 2821 3096 2890 capiti
3148 2819 3544 2882 imminentem.

1967 2909 2271 2966 infaustum
2331 2911 2652 2976 somnium;
2709 2912 2791 2965 sin
2853 2910 3117 2981 vigilarit,
3180 2909 3448 2977 cogitatio
3496 2915 3550 2960 et

1969 3001 2289 3058 sollicitudo
2315 3001 2382 3057 de
2409 3003 2597 3058 usuris
2635 3012 2740 3057 est.

357 3091 614 3145 Τοιοῦτον
641 3092 676 3162 ἡ
711 3090 792 3153 είς
822 3090 950 3152 τοὺς
979 3087 1310 3158 ἀχαρίστους
1357 3087 1538 3157 χάρις.
1582 3086 1728 3140 Ἀντί
1753 3085 1862 3155 γὰρ
1888 3114 1892 3140 ἐ

2039 3091 2174 3149 Tale
2202 3093 2461 3164 quiddam
2499 3095 2552 3148 in
2587 3095 2835 3165 ingratos
2862 3093 3023 3150 efﬁcit
3051 3094 3304 3150 beneficii
3335 3093 3506 3164 gratia
3532 3108 3547 3154 ;

278 3179 359 3241 ὧν
392 3185 777 3254 ὠφελήθησαν,
829 3183 1136 3254 παρέχουσι
1181 3183 1280 3245 τάς
1335 3182 1600 3251 μεγίστας
1651 3181 1862 3251 ζημίας

278 3280 396 3342 τοῖς
430 3277 882 3346 εὐεργετήσασιν.

887 3412 1109 3468 ΛΟΓΟΣ
1141 3409 1270 3466 KG’.

283 3531 428 3600 Περὶ
469 3527 978 3600 ἐκμισθουμένων.
1007 3526 1141 3600 ἤτοι
1185 3525 1510 3600 κυριέρτων
1557 3520 1858 3594 χρηστῶν,

725 3600 825 3652 καὶ
843 3598 1102 3666 μισθίων
1132 3597 1436 3665 χρηστῶν.

354 3714 491 3771 Eine
518 3713 704 3768 Λάὸαν
734 3710 812 3781 τῷ
843 3708 1038 3763 Ἰακώό
1057 3723 1072 3739 ⁶
1110 3709 1231 3760 Ὀτι
1260 3707 1367 3776 γὰρ
1414 3705 1640 3774 ἀδελφός
1673 3723 1774 3773 μου
1814 3701 1867 3760 εἴ

282 3813 372 3876 σὺ,
407 3810 468 3864 οὐ
502 3807 815 3869 δουλεύσεις
843 3819 934 3874 μοι
979 3800 1189 3868 δωρεάν
1211 3816 1226 3831 ⁸
1277 3799 1596 3868 ἀνάγγειλόν
1633 3816 1724 3870 μοι
1756 3800 1782 3853 ὃ
1811 3817 1862 3850 τι

283 3920 380 3956 σου
415 3903 444 3954 6
474 3898 668 3970 μισθός
695 3899 839 3950 ἐστι.

357 3993 434 4046 Οὐ
458 3989 857 4060 κοιμηθήσεται
889 3987 916 4040 6
946 3985 1135 4057 μισθὸς
1159 3981 1254 4037 τοῦ
1296 3981 1569 4055 μισθωτοῦ
1603 3980 1753 4051 παρά
1783 3980 1865 4035 σοὶ

278 4088 388 4151 ἓως
418 4087 591 4159 πρωϊ.
820 4151 830 4160 ι

358 4180 474 4232 Οὐκ
500 4176 860 4246 άπαδικήσεις
907 4173 1097 4245 μισθὸν
1125 4171 1358 4240 πένητος
1403 4168 1502 4224 καὶ
1533 4165 1749 4230 ἐνδεοῦς
1801 4167 1867 4219 ὲκ

279 4275 392 4326 τῶν
417 4273 663 4339 ἀδελφῶν
688 4287 807 4334 σου,
833 4268 866 4338 ἢ
892 4271 953 4322 ὲκ
985 4265 1092 4321 τῶν
1117 4263 1494 4336 προσηλύτων,
1527 4263 1633 4315 τῶν
1664 4261 1719 4312 ὲν
1746 4261 1864 4322 ταῖς

282 4364 474 4417 πόλεσί
497 4380 612 4415 σου.
643 4359 962 4431 Αὑθημερδν
986 4357 1286 4418 ἀποδώσεις
1319 4355 1413 4409 τὸν
1447 4352 1641 4425 μισθὸν
1672 4349 1862 4405 αὐτοῦ.

1965 3198 2064 3252 pro
2097 3184 2164 3240 iis
2191 3185 2336 3240 enim
2385 3185 2666 3241 beneliciis
2711 3185 2912 3256 quibus
2957 3185 3127 3256 adjuti
3173 3195 3322 3248 sunt,
3363 3183 3567 3258 multis

1964 3274 2182 3332 damnis
2213 3276 2455 3332 alliciunt
2487 3278 2554 3334 de
2581 3292 2641 3332 se
2675 3277 2817 3334 bene
2852 3278 3100 3333 meritos.

2353 3411 2588 3467 SERMO
2621 3411 2792 3468 xxrx
2830 3412 2932 3485 [aL
2965 3412 3156 3481 cxxi.

1964 3528 2045 3583 De
2071 3527 2305 3582 mercede
2327 3525 2877 3647 conducentibus.bsert
2909 3530 3288 3594 operariorum
3315 3524 3554 3578 dominis

2656 3610 2749 3647 pro
2790 3613 2856 3647 is.
3155 3627 3162 3633 -
3346 3621 3348 3623 ν

2655 3610 2856 3663 pronis.
3155 3627 3162 3633 -
3346 3621 3348 3623 ν

2039 3707 2171 3764 Gen.
2208 3721 2365 3761 χχιι.
2403 3706 2550 3761 Dixit
2617 3706 2876 3761 Labanus
2925 3707 3130 3762 Jacoho
3156 3723 3169 3760 :
3199 3707 3554 3774 Quandoqui-

1967 3800 2087 3854 dem
2139 3813 2296 3853 meus
2362 3798 2530 3855 frater
2578 3813 2660 3863 es,
2725 3796 2856 3851 mibi
2912 3799 3083 3869 gratis
3133 3814 3238 3852 non
3305 3799 3546 3864 servies;

1965 3890 2182 3946 declara
2216 3889 2378 3954 mihi,
2411 3905 2573 3958 quam
2611 3891 2914 3944 mercedem
2951 3890 3234 3961 postulas?

2035 3978 2210 4035 Leuit.
2247 3995 2361 4035 xu.
2397 3980 2524 4035 Non
2573 3980 2923 4050 pernoctabit
2967 3981 3298 4038 mercenarii
3338 3996 3568 4037 merces-

1967 4073 2109 4143 apud
2147 4082 2199 4128 te
2231 4089 2408 4143 usque
2443 4073 2498 4128 in
2529 4073 2856 4130 crastinum.

2041 4164 2157 4220 Non
2223 4165 2513 4223 fraudabis
2543 4151 2868 4238 'pauperem
2943 4185 3054 4225 sua.
3105 4170 3400 4238 mercede',
3449 4186 3572 4228 nec.

1968 4265 2220 4328 egentem
2255 4275 2322 4315 ex
2355 4259 2622 4316 fratribus
2650 4262 2760 4318 tuis
2785 4271 2877 4316 aut
2909 4264 3160 4330 advenis,
3187 4266 3280 4336 qui
3318 4281 3547 4322 versan-

1969 4361 2057 4408 tur
2078 4354 2132 4409 in
2153 4355 2262 4410 tuis
2280 4355 2631 4423 civitatibus;
2656 4371 2720 4411 eo
2747 4359 2863 4427 ipso
2889 4357 2977 4412 die
3004 4361 3311 4416 mercedem
3333 4361 3548 4423 reddes.

282 4460 401 4510 03x
446 4456 759 4508 ὲπιδύσεται
807 4455 834 4506 6
865 4453 1013 4523 ἣλιος
1069 4449 1156 4503 ἐπ’
1189 4449 1358 4520 αὐτῷ,
1391 4448 1473 4502 ὅτι
1520 4447 1690 4516 πένης
1722 4443 1861 4509 ἐστὶ,

1995 4460 2068 4499 nec
2103 4446 2316 4500 occidet
2365 4446 2446 4502 sol
2497 4461 2661 4517 super
2706 4461 2769 4502 ea
2789 4464 2818 4515 ί.
2857 4464 3066 4520 pauper
3099 4451 3248 4506 enim
3281 4462 3365 4509 est
3397 4460 3454 4508 et
3490 4455 3545 4510 in

278 4551 378 4602 καὶ
404 4547 493 4602 ἐπ’
523 4547 673 4616 αὐτῷ
703 4547 813 4616 ἔχει
836 4545 936 4615 τὴν
963 4543 1172 4597 ἐλπίδα.

353 4642 446 4707 Μὴ
495 4638 753 4710 κακὼσῃς
813 4637 1033 4704 οἰκέτην
1089 4631 1454 4703 ἐργαζόμενον
1513 4633 1572 4684 ἐν
1608 4629 1860 4700 ἀληθείᾳ,

281 4729 422 4801 μηδὲ
451 4727 665 4797 μίσθιον
688 4727 895 4780 διδόντα
920 4727 1018 4796 τὴν
1047 4724 1224 4794 ψυχὴν
1253 4723 1437 4776 αὐτοῦ.
1586 4769 1588 4775 ε

351 4819 443 4888 Τῷ
471 4817 825 4888 ἐργαζομένῳ
853 4818 878 4868 ὁ
905 4815 1093 4886 μισθὸς
1117 4815 1178 4867 οὐ
1207 4814 1478 4881 λογίζεται
1511 4813 1653 4866 κατὰ
1677 4812 1864 4883 χάριν,

275 4912 418 4967 ἀλλὰ
452 4912 597 4964 κατὰ
633 4911 936 4980 ὀφείλημα.

919 5044 1139 5099 ΛΟΓΟΣ
1163 5045 1243 5098 A'.

276 5163 419 5231 Περὶ
461 5161 974 5232 ἐκμισθουμένιυν,
1007 5160 1141 5229 ἦτοι
1184 5158 1512 5229 κυριέργων
1556 5157 1856 5227 πονηρῶν.

350 5350 445 5419 Μὴ
480 5346 890 5416 καταϐοήσηται
923 5343 1066 5396 κατά
1101 5340 1198 5394 σοῦ
1249 5341 1276 5392 ὀ
1314 5341 1526 5410 μίσθιος
1577 5340 1712 5411 πρδς
1742 5339 1858 5391 Κύ-

278 5460 418 5504 βιον,
456 5441 548 5494 καὶ
572 5441 723 5493 ἔσται
755 5441 814 5492 ἐν
848 5439 929 5492 σοὶ
957 5436 1220 5506 ἁμαρτία.

349 5535 790 5602 Ἐπικατάρατος
840 5533 870 5586 6
918 5531 1163 5602 ὑστερῶν
1191 5531 1381 5602 μισθὸν
1418 5529 1690 5600 μισθωτοῦ
1713 5545 1726 5560 ·
1764 5528 1857 5581 mli

273 5633 393 5701 ἐρεῖ
420 5630 526 5692 πᾶς
559 5629 586 5681 6
610 5627 762 5693 λαὸς,
795 5628 1029 5691 Γένοιτο,
1059 5625 1290 5694 γένοιτο.

1971 4553 2032 4592 ea
2073 4537 2186 4604 ipsa
2223 4553 2380 4608 spem
2415 4539 2608 4594 habet.

2044 4627 2212 4684 Eccti.
2247 4646 2338 4684 vn.
2369 4630 2596 4685 Servum
2626 4647 2764 4702 opus
2790 4647 2919 4696 vere
2973 4635 3266 4692 facientem
3310 4653 3378 4692 ne
3408 4640 3554 4694 male

1974 4731 2234 4790 tractato,
2269 4739 2369 4778 nec
2407 4725 2806 4780 mercenarium
2844 4728 2935 4796 qui
2974 4730 3064 4781 dat
3094 4729 3334 4783 animam
3370 4746 3546 4783 suam.

2049 4815 2201 4869 Rom.
2251 4830 2324 4871 Iv.
2357 4814 2507 4884 Opus
2568 4816 2789 4871 facienti
2847 4835 3058 4875 merces
3113 4819 3548 4882 non.bcnelioii,

1971 4908 2063 4963 scd
2104 4907 2268 4963 debiti
2303 4907 2424 4962 loco
2453 4907 2778 4964 aestimatur.

2250 5101 2253 5104 .
2359 5042 2591 5099 SERMU
2626 5042 2771 5100 XXX
2809 5043 2909 5117 [ah
2941 5045 3153 5119 CXXI}:

1968 5159 2048 5214 De
2075 5158 2310 5213 mercede
2341 5157 2775 5220 conducentibus,
2806 5175 2896 5212 seu
2932 5161 3296 5228 operariorum
3319 5161 3540 5216 dominis

2620 5228 2892 5298 improbis.

2045 5343 2209 5397 Leuit.
2242 5357 2358 5396 nx.
2397 5340 2531 5396 Vide
2562 5354 2632 5396 ne
2661 5342 3035 5398 mercenarius
3071 5351 3197 5396 tuus
3229 5341 3426 5396 clamet
3473 5341 3538 5394 ad

1971 5435 2257 5490 Dominum
2291 5443 2481 5490 contra
2543 5443 2617 5499 te,
2674 5442 2728 5488 et
2773 5444 3052 5504 peccatum
3096 5434 3148 5487 in
3201 5439 3253 5487 te
3299 5434 3394 5487 sit.

2041 5527 2195 5581 Deut.
2235 5541 2408 5581 mm.
2474 5526 2804 5580 Exsecratus
2849 5523 2940 5588 sit,
2983 5523 3077 5593 qui
3140 5524 3540 5604 mercenarium

1971 5621 2127 5690 16⁸1
2165 5619 2418 5674 mercede.
2475 5617 2826 5675 fraudaverit.
2879 5609 2934 5672 ct
2993 5618 3144 5673 dicat
3179 5628 3411 5677 cunctus
3446 5635 3540 5693 po-

1969 5715 2150 5782 pulus,
2180 5710 2324 5777 Fiat,
2362 5710 2474 5765 ﬁat;
