3996 6194
286 276 423 342 1077

1104 272 1274 332 LOCl
1310 272 1754 335 COMMUNES.
1793 294 1861 308 -·
1901 271 2094 332 PARS
2132 270 2216 331 Il.
2260 269 2518 330 SERMO
2552 267 2770 332 XXXI.

3384 258 3523 324 1018

260 389 628 460 ἐπιγνώσεται
658 388 834 456 αὐτάς
863 389 999 444 διότι
1024 389 1233 443 εὐθεῖαι
1256 392 1311 445 αἱ
1342 390 1454 444 ὁδοὶ
1484 390 1716 459 Κυρίου,
1745 390 1836 445 καὶ

2017 392 2130 446 haec
2159 388 2459 460 agnoscet?
2486 387 2630 459 quod
2656 396 2819 443 rectat
2836 371 2963 442 sunt
2993 380 3204 439 Domini
3239 382 3360 444 vite,
3381 397 3557 450 quase

263 484 468 535 δίκαιοι
500 481 870 551 πορεύσονται
903 482 961 536 ἐν
990 481 1251 545 αὗταίςη

334 573 547 626 Δίκαιοι
583 574 665 637 είς
693 573 786 627 τὸν
823 574 1000 628 αίῶνα
1047 574 1207 641 ζῶσι,
1238 574 1333 627 καὶ
1361 578 1439 627 ἐν]
1465 574 1661 645 Κυρίῳ
1691 577 1717 629 6
1751 593 1841 645 μι-

267 664 391 727 σθὸς
424 664 625 730 αὐτῶν,
672 666 768 717 καὶ
800 665 834 735 ἡ
887 665 1107 735 φροντὶς
1156 664 1335 717 αὐτῶν
1381 664 1533 734 παρά
1574 665 1840 735 ’Υψίστῳ.

267 756 367 808 Διά
394 755 550 809 τοῦτο
586 755 852 823 λήψονται
906 757 969 809 τὸ
1013 755 1286 826 βασίλειον
1336 756 1438 821 τῆς
1486 756 1843 827 εὐπρεπείας,

265 847 450 901 καὶτὸ
483 847 723 918 διάδημα
762 848 855 901 τοῦ
898 848 1129 910 κάλλους
1176 846 1242 899 ἐκ
1274 848 1458 919 χειρὸς
1490 850 1729 919 Κυρίου·
1764 850 1846 902 ὅτι

267 941 337 1009 τῇ
369 937 517 1008 δεξιᾷ
546 939 712 991 αὐτοῦ
748 941 1012 995 σκεπάσει
1056 938 1280 1004 αὐτοὺς,
1328 940 1427 993 καὶ
1471 938 1552 1009 τῷ
1599 938 1846 1011 βραχίονι

270 1032 301 1085 ὑ
313 1047 374 1083 πε
384 1032 608 1100 ρασπιεῖ
641 1031 845 1086 αὐτῶν.

340 1124 560 1187 Δίκαιος
621 1124 717 1178 ἐὰν
763 1124 947 1196 φθάσῃ
993 1126 1362 1197 τελευτῆσαι,
1425 1125 1485 1179 ιν
1536 1120 1849 1178 ἀναπαύσει

271 1217 452 1269 ἔσται.

340 1310 519 1379 Χάρις
540 1310 637 1362 καὶ
660 1308 809 1372 ἔλεος
832 1310 892 1363 ἐν
922 1313 1034 1374 τοῖς
1062 1311 1340 1376 ἐκλεκτοῖς
1371 1308 1567 1378 αὑτοῦ,
1598 1311 1698 1365 καὶ
1726 1309 1852 1363 ἐπι-

273 1402 457 1469 σκοπὴ
488 1401 545 1452 ἐν
576 1402 690 1463 τοῖς
722 1403 894 1464 ὁσίοις
927 1402 1119 1455 αὑτοῦ.

356 1490 563 1559 Ἀγαθά
601 1492 715 1554 τοῖς
746 1490 973 1559 ἀγαθοῖς
1024 1492 1277 1548 ἔκτισται
1330 1494 1425 1548 ἀπ’
1473 1493 1673 1564 ἀρχῆς,
1706 1489 1851 1545 οὕτω

268 1586 385 1648 τοῖς
418 1586 769 1656 ἁμαρτωλοῖς
800 1586 969 1640 κακά.

354 1678 416 1733 '0
467 1679 672 1748 ἀγαθὸς
716 1679 1006 1750 ἄνθρωπος
1060 1680 1124 1732 ἐκ
1169 1678 1265 1732 τοῦ
1310 1678 1523 1749 ἀγαθοῦ
1568 1676 1846 1749 θησαυροῦ

269 1773 376 1843 τῆς
398 1772 625 1842 καρδίας
650 1773 819 1827 αὑτοῦ
850 1774 1118 1844 προφέρει
1147 1772 1352 1841 ἀγαθά.

343 1866 553 1934 Δικαίῳ
584 1866 747 1935 νόμος
780 1866 841 1919 οὐ
877 1869 1081 1919 κεῖται.

359 1961 421 2012 '0
455 1960 660 2027 ἀγαθὸς
686 1959 906 2027 ἀγαθῶν
934 1961 1051 2012 ἐστι
1085 1960 1443 2029 παρεκτικός.

359 2051 580 2116 Ῥἀὸδος
628 2052 839 2105 δικαίου
870 2051 1203 2123 κρείσσωνῆ
1236 2051 1371 2122 τιμὴ
1406 2051 1600 2105 κακοῦ.

347 2236 411 2289 Oi
438 2233 547 2304 γὰρ
580 2233 793 2303 ἄριστοι
821 2232 915 2287 καὶ
944 2233 1139 2299 ξείνοις
1168 2232 1449 2287 τελέθουσι
1473 2232 1800 2301 προσηνὲες.

356 2412 463 2467 Τοῦ
498 2412 608 2481 γάρ
636 2410 841 2479 ἀγαθοῦ
871 2409 967 2464 καὶ
1008 2409 1071 2463 τὸ
1114 2410 1288 2479 τραχὺ
1328 2408 1599 2480 προσηνὲς
1628 2406 1715 2461 διὰ
1746 2408 1857 2474 τὴν

280 2506 551 2573 ὠφέλειαν
572 2521 586 2533 ·
631 2502 725 2557 τοῦ
753 2504 812 2556 δέ
842 2501 1085 2573 πονηροῦ
1127 2504 1223 2556 καὶ
1261 2501 1322 2554 τὸ
1347 2501 1581 2572 χρηστὸν
1610 2500 1855 2553 ὕποπτον

279 2599 373 2651 διά
398 2598 458 2649 τὸ
488 2596 775 2666 κακόηθες.

359 2688 550 2750 Οὐδεὶς
592 2688 815 2755 ἀγαθὸς,
870 2687 919 2739 εί
960 2686 1035 2756 μὴ
1070 2685 1230 2754 μόνος
1263 2684 1291 2737 6
1344 2685 1514 2749 Θεόςο
1557 2686 1619 2738 τὸ
1670 2687 1855 2754 ἄκρως

284 2780 510 2849 ἀγαθὸν,
540 2780 695 2847 φησὶ,
726 2777 888 2846 μόνου
923 2778 1084 2831 Θεοῦ.

360 2873 463 2924 Τὸν
494 2871 864 2936 πνευματικὸν
902 2873 997 2925 καὶ
1030 2871 1308 2941 ἀπόνηρον
1355 2864 1499 2923 εἶναι
1540 2871 1622 2923 δεῖ
1650 2869 1858 2923 ἁπλοῦν

287 2966 383 3021 καὶ
432 2964 641 3027 ἄδολον,
689 2964 941 3033 καθάπερ
985 2966 1013 3018 6
1048 2964 1284 3033 Χριστός
1318 2981 1525 3034 φησιν’
1580 2981 1600 3015 ε
1641 2963 1750 3017 Εάν
1784 2964 1857 3033 μὴ

288 3058 592 3129 στραφῆτε,
627 3058 721 3108 καὶ
751 3056 979 3125 γένησθε
1025 3057 1099 3119 ὼς
1128 3057 1196 3108 τὰ
1229 3058 1443 3123 παιδία,
1473 3056 1534 3110 οὐ
1567 3058 1642 3127 μὴ
1685 3056 1862 3108 είσέλ-

288 3153 419 3221 οητε
454 3153 536 3212 εἰς
565 3148 663 3218 τὴν
693 3148 969 3217 βασιλείαν
996 3148 1104 3198 τῶν
1132 3148 1401 3217 οὐρανῶν.
1446 3168 1465 3201 t

371 3242 484 3297 ’Δεὶ
532 3242 633 3311 μὲν
668 3240 761 3293 οὖν
788 3242 893 3309 χρὴ
940 3240 1241 3309 θαυμάζειν
1263 3241 1363 3312 τὴν
1392 3243 1546 3311 ίσχὺν
1588 3243 1698 3295 τῶν
1730 3260 1865 3312 μετ-

290 3337 479 3388 ιόντων
524 3335 622 3404 τὴν
662 3334 888 3404 ἀρετὴν,
925 3335 1161 3402 μάλιστα
1198 3335 1255 3387 δὲ
1287 3335 1415 3387 ὅταν
1452 3336 1665 3388 πολλῶν
1695 3336 1866 3407 αὐτὴν

286 3427 690 3493 ἀπολιπόντων,
714 3425 983 3497 εὑρεθῶσί
1014 3443 1161 3491 τινες
1190 3428 1366 3499 αὐτῆς
1412 3428 1789 3499 ἀντεχόμενοι.

372 3610 434 3663 ’0
466 3612 529 3679 τῇ
566 3607 726 3676 φύσει
748 3606 950 3676 ἀγαθὸς
978 3608 1076 3663 καὶ
1104 3610 1326 3678 ἀγαθῶν
1348 3610 1570 3664 πάντων
1603 3626 1867 3680 παρεκτι-

290 3701 385 3763 x6;
416 3701 647 3769 γίνεται.

366 3793 577 3862 Ὠσπερ
612 3792 683 3846 τά
721 3791 895 3863 εὐώδη
925 3791 1035 3847 τῶν
1080 3792 1393 3861 ἀρωμάτων
1446 3793 1545 3863 τῆς
1583 3793 1720 3857 ἰδίας
1772 3793 1867 3845 εὐ-

291 3885 487 3947 πνοίας
516 3885 606 3938 τὸν
634 3884 1043 3956 παρακείμενον
1088 3884 1227 3954 ἀέρα
1270 3884 1453 3955 πλήρη
1495 3886 1662 3949 ποιεῖ,
1695 3883 1869 3949 οὕτως

290 3974 484 4043 ἀνδρὸς
509 3974 717 4044 ἀγαθοῦ
746 3974 1019 4045 παρουσία
1052 3975 1178 4038 τοὺς
1211 3975 1388 4039 πέλας
1415 3975 1679 4047 ὀνίνησιν.

370 4067 533 4121 Ἰδιον
562 4069 764 4133 παντὸς
786 4067 992 4137 ἀγαθοῦ
1016 4068 1078 4122 τὸ
1103 4067 1352 4137 ὠφελεῖν.

372 4252 555 4306 Ἔστω
586 4249 786 4320 (ἔσται)
821 4267 923 4303 που
952 4249 1171 4309 πάντως
1198 4247 1625 4319 γνωριμώτατος
1654 4250 1681 4301 6
1710 4248 1873 4318 φιλά-

298 4360 473 4412 ρετος,
531 4344 621 4396 καὶ
671 4343 914 4411 ἀρίστων
970 4341 1416 4411 ἐπιτηδευμάτων
1479 4341 1867 4411 ἀποτελεστής.

1945 481 2100 551 probi
2136 480 2421 548 ingredien
2432 490 2540 536 tur.

2013 571 2145 642 Sap.
2176 571 2290 626 Viri
2329 570 2454 626 boni
2497 570 2680 625 vivent
2706 580 2997 632 aeternum,
3029 578 3261 635 quorum
3312 576 3552 616 merces:

1946 658 1998 713 in
2030 660 2259 714 Domino
2291 670 2398 725 est,
2424 666 2483 713 et
2508 673 2639 714 cura
2676 657 2817 726 apud
2846 656 3236 719 celsissimum,
3262 653 3332 707 ob
3359 666 3542 721 quam»

1945 762 2165 803 causam
2188 764 2411 819 regnum
2438 749 2695 803 decorum
2721 747 3114 814 adipiscentur,
3139 752 3193 798 et
3228 739 3530 812 pulcherri-

1947 854 2093 893 mum
2124 838 2370 894 diadema
2403 838 2654 893 manibus
2681 836 2893 893 Domini
2922 836 3002 892 eis
3030 836 3362 904 imponetur,
3394 831 3524 900 quia

1946 930 2168 984 dextera
2198 944 2294 985 sua
2324 938 2467 1000 teget
2501 944 2618 996 eos,
2651 937 2706 984 et
2736 928 2962 983 brachio
3002 942 3113 999 suo.
3140 925 3416 981 defendet.

2016 1106 2210 1163 Justus
2236 1107 2282 1163 si
2322 1123 2388 1163 ex
2414 1107 2519 1163 hac
2546 1107 2654 1162 vita
2684 1104 3007 1170 decesserit,
3054 1103 3109 1158 in
3143 1100 3331 1172 requie
3379 1098 3528 1153 futu-

1948 1215 2044 1256 rus
2074 1209 2178 1256 881.

2019 1292 2207 1348 Gratia
2232 1304 2286 1347 et
2316 1289 2696 1347 misericordia
2724 1289 2779 1343 in
2805 1288 2999 1345 electis
3029 1289 3173 1359 ejus,
3207 1299 3260 1346 et
3286 1290 3529 1347 visitatio

1949 1385 2005 1439 in
2035 1383 2241 1438 sanctis
2271 1383 2413 1452 ejus.

2020 1473 2191 1531 Eccli.
2223 1492 2409 1530 xuix.
2443 1473 2512 1531 Ut
2551 1475 2690 1531 bona
2734 1478 2903 1534 bonis
2948 1494 2980 1534 a
3020 1476 3288 1549 principio
3336 1484 3528 1543 parata

1949 1577 2098 1633 sunt,
2122 1569 2201 1623 sic
2226 1569 2366 1622 mala
2402 1570 2576 1625 malis.

2016 1659 2151 1714 Luc.
2181 1678 2253 1715 vt.
2301 1661 2406 1727 Qui
2464 1662 2642 1718 bonus
2671 1670 2754 1718 est
2782 1678 2848 1719 ex
2880 1662 3025 1717 bene
3070 1659 3255 1716 cordis
3288 1658 3374 1714 sui
3413 1658 3532 1712 the-

1876 1768 1921 1825 Β
1954 1768 2118 1810 sauro
2147 1754 2287 1809 bona
2319 1757 2539 1823 promit.

2024 1844 2163 1897 Tim.
2194 1860 2232 1899 ι.
2262 1845 2422 1900 Justo
2448 1849 2593 1901 nulla
2627 1847 2709 1903 lex
2743 1848 3000 1916 imposita
3036 1854 3140 1900 est.

2022 1936 2082 1991 S.
2116 1938 2327 1993 Basilii.
2356 1938 2539 1993 Bonus
2563 1940 2832 1996 bonorum
2864 1948 2950 1995 est
2980 1939 3230 2009 largitor.

2026 2029 2290 2099 Theologi.
2330 2029 2492 2102 Virga
2526 2026 2652 2089 boni
2683 2034 2787 2087 viri
2835 2033 3030 2087 melior
3068 2043 3175 2100 est,
3200 2046 3363 2102 quant
3403 2034 3535 2089 ntali

1954 2122 2225 2176 laudaﬁo.

2024 2215 2222 2282 Optimi
2262 2213 2405 2269 enim
2455 2214 2698 2271 externis
2743 2216 2911 2271 etiam
2955 2224 3087 2271 sunt
3140 2215 3291 2273 lenes
3335 2224 3393 2271 et
3430 2216 3529 2269 hu-

1954 2321 2119 2361 mani.

2032 2398 2161 2454 Boni
2210 2401 2356 2455 enim
2403 2401 2507 2455 viri
2553 2400 2640 2455 vel
2673 2401 2942 2470 asperitas
2976 2402 3113 2457 lenis
3154 2410 3262 2462 est.
3319 2410 3538 2471 propter

1956 2493 2270 2557 utilitatem,
2298 2509 2461 2562 quam
2508 2493 2747 2546 continet
2776 2511 2791 2548 :
2819 2494 2943 2547 mali
2973 2502 3152 2547 autem
3187 2494 3348 2547 etiam
3388 2494 3541 2548 beni-

1957 2588 2134 2656 gnitas
2164 2595 2415 2654 suspecta
2447 2595 2669 2656 prepter
2695 2601 2903 2639 morum
2936 2586 3364 2656 improbitatem.

2041 2678 2233 2734 Nullus
2284 2680 2457 2732 bonus
2491 2679 2593 2731 nisi
2646 2679 2794 2732 solus
2842 2678 3020 2738 Deus:
3069 2679 3153 2731 his
3186 2679 3365 2732 verbis
3400 2677 3550 2746 quod

1958 2780 2171 2819 summe
2216 2765 2417 2819 bonum
2451 2773 2537 2820 est
2569 2767 2836 2820 asseritur
2872 2766 2962 2820 Dei
3003 2768 3173 2822 solius
3204 2784 3347 2822 esse.

2030 2858 2087 2912 S.
2128 2860 2397 2929 Cltrysosl.
2439 2860 2935 2933 Spiritualisontni
2983 2862 3187 2913 malitia
3222 2876 3411 2916 carere
3444 2862 3540 2915 de-

1960 2951 2071 3011 bet,
2097 2952 2295 3030 astutia
2319 2962 2373 3005 et
2396 2951 2544 3014 dolo,
2583 2953 3035 3019 quemadmodum
3054 2952 3306 3008 Christus
3332 2954 3541 3022 inquit:

1967 3059 1986 3091 ε
2021 3039 2137 3096 Nisi
2170 3044 2563 3097 convertamini
2594 3052 2649 3098 et
2673 3044 2848 3099 effecti
2884 3044 3098 3099 fueritis
3122 3046 3327 3100 similes
3356 3048 3547 3117 parvis

1967 3137 2174 3203 pueris,
2212 3152 2318 3188 non
2358 3136 2653 3190 intt'oibitis
2689 3152 2915 3206 regnum
2950 3138 3193 3191 cmleste.
3238 3156 3256 3188 ι

2041 3228 2219 3293 Atque
2248 3226 2415 3280 robur
2443 3229 2662 3295 quidem
2714 3242 2903 3280 eorum
2934 3227 3045 3295 [qui
3094 3228 3344 3281 virtutem
3387 3243 3546 3281 exer-

1969 3328 2121 3383 cent,
2155 3319 2517 3374 admiratione
2545 3330 2802 3389 perpetua
2838 3319 3057 3389 dignum
3087 3329 3210 3383 est;
3245 3323 3547 3389 praesertim

1971 3424 2100 3466 vero
2131 3426 2254 3466 cum
2294 3412 2481 3468 multis
2522 3426 2640 3467 eam
2693 3414 3076 3469 deserentibus
3121 3415 3365 3468 nonnulli
3399 3430 3549 3482 repe-

1969 3504 2188 3557 riuntur
2218 3505 2308 3572 qui
2351 3504 2535 3558 virtuti
2566 3505 2961 3561 adhaerescant.

2042 3592 2199 3664 Greg.
2231 3593 2394 3663 Nysa.
2424 3596 2528 3661 Qui
2554 3607 2747 3652 natura
2775 3600 2953 3656 bonus
2983 3610 3087 3666 est,
3121 3600 3262 3656 ident
3304 3602 3368 3656 ad
3406 3602 3555 3657 bona

1969 3688 2153 3741 omnia
2187 3686 2469 3756 largienda
2501 3705 2810 3758 propensus
2842 3703 2948 3748 est.

2043 3774 2111 3829 Ut
2146 3775 2444 3846 fragrantia
2477 3788 2719 3834 aromata
2770 3797 2872 3836 suo
2920 3783 3094 3837 odore
3138 3785 3533 3838 circumfusum

1968 3869 2243 3939 complent
2280 3884 2486 3937 aerem,
2533 3872 2614 3926 sic
2644 3872 2771 3928 boni
2800 3874 2901 3929 viri
2939 3878 3227 3943 praesentia
3265 3877 3546 3944 proximo.

1963 3961 2141 4032 juvat.

2040 4054 2098 4110 S.
2137 4056 2347 4127 Cyr-illi.
2381 4058 2667 4129 Proprium
2720 4068 2805 4115 est
2856 4061 3122 4116 bonorum
3151 4064 3394 4117 omnium
3431 4065 3559 4118 aliis

1969 4150 2254 4219 prodesse.

2042 4240 2159 4294 Erit
2189 4256 2321 4297 sane
2348 4244 2581 4299 maxime
2613 4244 2846 4317 insignis
2869 4248 3090 4303 virtutis
3112 4249 3311 4309 cultor,
3336 4259 3390 4302 et
3421 4266 3562 4319 prat-

1971 4334 2405 4392 clarissimorunt
2431 4353 2653 4406 operum
2678 4349 2891 4394 auctor.
2913 4340 3384 4406 Quemadmodum
3408 4340 3555 4399 cnim

296 4437 506 4505 ’Ὂνπερ
528 4435 637 4503 γὰρ
675 4434 877 4503 τρόπον
906 4433 974 4486 τὰ
1007 4434 1116 4486 τῶν
1166 4433 1474 4504 ἀρωμάτων
1524 4434 1860 4503 εὐοσμότατα

1999 4424 2355 4483 idoratissima
2408 4439 2655 4483 aromata
2712 4441 2766 4484 et
2806 4431 3042 4499 eximia,
3089 4435 3299 4489 etiamsi
3332 4437 3383 4488 itt
3416 4452 3546 4491 vase

296 4525 393 4577 καὶ
419 4523 693 4592 ἐξαίρετα,
724 4524 831 4577 κᾶν
870 4524 927 4576 ἐν
958 4523 1167 4591 ἀγγείῳ
1200 4523 1551 4592 κρύπτοιντο,
1584 4524 1684 4594 τῆς
1725 4523 1874 4577 ἐνού-

298 4635 400 4685 σης
435 4618 617 4679 αὐτοῖς
641 4616 909 4685 εὐοσμίας
940 4614 1250 4685 ἐμπίπλησι
1282 4617 1383 4685 τὴν
1429 4615 1701 4686 αἴσθησιν,
1749 4615 1875 4685 οὐχὶ

296 4710 357 4759 δέ
382 4724 483 4760 που
511 4707 692 4778 μόνοις
719 4708 831 4769 τοῖς
862 4705 1055 4774 ἐγγὺς,
1081 4704 1219 4758 ἀλλὰ
1243 4705 1350 4775 γὰρ
1380 4709 1472 4758 καὶ
1496 4708 1608 4769 τοῖς
1635 4706 1873 4775 μακράν·

298 4798 471 4861 οὕτως
510 4798 635 4851 ότία
659 4796 809 4867 ψυχὴ
844 4798 941 4851 καὶ
969 4796 1261 4866 φιλάρετος
1283 4836 1297 4861 ,
1351 4798 1444 4849 καὶ
1478 4797 1587 4850 τῶν
1618 4798 1701 4859 είς
1724 4796 1878 4850 εὐσέ-

299 4889 451 4941 ϐειαν
482 4888 992 4957 ἀνδραγαθημάτων
1046 4889 1249 4958 ἔχουσα
1300 4887 1483 4955 λόγον,
1518 4888 1619 4941 κᾶν
1656 4888 1878 4958 λεληθόο

298 5002 429 5052 τως,
472 4988 647 5055 πάντη
674 5001 732 5038 τε
757 4984 849 5037 καὶ
879 4984 1097 5049 πάντως
1129 4984 1283 5039 ἕσται
1311 4984 1734 5055 γνωριμωτάτη.

371 5165 754 5235 Φιλάνθρωπος
785 5164 815 5215 6
842 5164 1058 5227 ἀστεῖος
1091 5165 1189 5217 καὶ
1215 5164 1470 5234 εὐμενὴς,
1506 5165 1600 5218 καὶ
1632 5164 1878 5233 συγγνὼ-

306 5274 444 5326 μων,
494 5256 670 5309 οὐδενὶ
719 5254 1073 5327 μνησικακῶν
1129 5254 1188 5307 τὸ
1226 5257 1511 5325 παράπαν,
1550 5254 1687 5308 ἀλλά
1720 5258 1878 5327 νικᾷν

302 5350 428 5411 τοὺς
460 5347 689 5420 ἐχθροὺς
730 5346 920 5417 ἀξιῶν,
953 5349 1013 5402 ἐν
1044 5345 1122 5418 τῷ
1154 5348 1331 5401 ποιεῖν
1358 5346 1418 5401 εὖ
1452 5348 1656 5415 μᾶλλον
1684 5348 1718 5420 ἢ
1748 5348 1877 5420 βλά-

302 5453 480 5489 πτειν.

378 5530 503 5593 Τοῖς
534 5530 760 5598 ἀγαθοῖς
817 5528 1033 5599 ἀγαθάς
1086 5530 1311 5600 ὑπέχειν
1344 5530 1568 5602 γνώμας
1625 5532 1804 5588 ἔοικεν
1848 5536 1877 5587 ὀ

303 5622 455 5687 Θεὸς,
480 5622 547 5674 δι’
576 5617 652 5675 ὧν
677 5622 1015 5690 ὠφελοῦντες
1045 5620 1514 5691 ὠφεληθήσονται.

366 5714 604 5783 ν’Δνδρες
628 5714 847 5786 ἁγαθοὶ,
876 5713 1283 5781 τροπικὼτερον
1313 5714 1511 5792 εἰπεῖν,
1541 5712 1719 5790 κίονές
1740 5719 1866 5783 είσι,

1984 4517 2201 4574 condita
2229 4522 2358 4585 sint,
2396 4521 2691 4593 fragrantia
2718 4540 2815 4578 sua
2844 4536 3022 4580 tamen
3047 4528 3266 4596 explent
3288 4509 3559 4582 odorandi

1984 4623 2226 4676 sensum,
2269 4612 2428 4683 169
2451 4630 2555 4668 non
2584 4615 2759 4669 solum
2782 4632 2969 4671 eorum
2997 4618 3091 4688 qui
3123 4633 3290 4688 prope
3317 4619 3561 4682 adstant,

1984 4704 2080 4756 sed
2106 4704 2271 4758 etiam
2297 4720 2485 4760 eorum
2518 4708 2610 4776 qui
2641 4707 2858 4777 iungitis
2887 4709 3087 4765 semoti
3112 4721 3238 4763 sunt
3270 4724 3285 4761 :
3330 4710 3403 4762 ita
3434 4725 3562 4763 sau-

1985 4799 2106 4846 ctus
2139 4794 2357 4848 animus
2393 4804 2446 4848 et
2482 4796 2701 4850 virtutis
2736 4798 3004 4867 cupidus,
3047 4807 3101 4852 et
3132 4798 3360 4851 honeste
3392 4799 3565 4853 facto-

1985 4900 2106 4939 rum
2134 4894 2188 4939 et
2212 4886 2276 4939 ad
2308 4888 2561 4957 pietatem
2590 4890 2978 4959 pertinentium
3008 4889 3274 4943 rationem
3326 4889 3555 4953 balteus,

1984 4976 2069 5028 vel
2103 4973 2237 5030 nihil
2270 4976 2374 5029 tale
2412 4978 2682 5047 cogitans,
2709 4979 2968 5034 omnibus
2995 4978 3169 5033 modis
3200 4980 3307 5034 erit
3333 4981 3561 5036 nobilis-

1985 5068 2161 5125 simus
2197 5076 2250 5122 et
2280 5067 2649 5126 clarissimus.

2061 5162 2319 5217 Philonis.
2361 5160 2647 5220 Humanus
2679 5164 2925 5221 urbanus
2950 5174 3003 5219 et
3034 5168 3211 5219 contis
3230 5176 3283 5220 et
3310 5166 3376 5219 ad
3412 5167 3566 5235 igno-

1986 5256 2245 5309 scendum
2280 5268 2601 5323 propensus,
2627 5256 2831 5310 nullius
2860 5255 3325 5323 onminoinjuriae
3353 5271 3565 5309 memor

1987 5356 2091 5411 est,
2123 5346 2218 5403 sed
2252 5348 2471 5402 vincere
2513 5348 2702 5403 hostes
2732 5351 2887 5419 cupit
2920 5346 3341 5413 benefaciende,
3390 5349 3569 5418 magis

1986 5456 2147 5511 quam
2174 5440 2445 5495 laedendo.

2057 5532 2221 5587 Bonis
2265 5534 2407 5590 Deus
2435 5534 2575 5588 bona
2606 5532 2920 5603 suppedth
2963 5539 3019 5585 et
3060 5530 3252 5585 inserit
3298 5528 3567 5595 consilia,

1970 5624 2210 5695 quibus,
2241 5642 2363 5682 cum
2397 5627 2522 5682 aliis
2547 5629 2781 5697 prosint,
2811 5625 2909 5695 ipsi
2931 5626 3165 5679 maxime
3186 5624 3471 5693 iuvantur.

2063 5718 2171 5772 Viri
2206 5719 2351 5784 boni,
2395 5734 2452 5774 ut
2493 5723 2722 5795 ﬁgurate
2748 5719 2949 5778 dicam.
2980 5718 3245 5774 columnae
3270 5726 3413 5781 sunt,
3458 5730 3550 5784 po-
