  <div class='ocr_page' id='page_1' title='image "/cluster/home/n/w/nwhite01/storage/ocr_20150623/136/hvd.32044054100201/548.png"; bbox 0 0 3996 6194; ppageno 0'>
   <div class='ocr_carea' id='block_1_1' title="bbox 313 319 447 390">
    <p class='ocr_par' dir='ltr' id='par_1_1' title="bbox 313 319 447 390">
     <span class='ocr_line' id='line_1_1' title="bbox 313 319 447 390; baseline -0.03 0"><span class='ocrx_word' id='word_1_1' title='bbox 313 319 447 390; x_wconf 78' lang='grc'><strong>1081</strong></span> 
     </span>
    </p>
   </div>
   <div class='ocr_carea' id='block_1_2' title="bbox 1068 313 2757 381">
    <p class='ocr_par' dir='ltr' id='par_1_2' title="bbox 1068 313 2757 381">
     <span class='ocr_line' id='line_1_2' title="bbox 1068 313 2757 381; baseline -0.001 -1"><span class='ocrx_word' id='word_1_2' title='bbox 1068 318 1238 380; x_wconf 84' lang='lat' dir='ltr'><strong>LOCI</strong></span> <span class='ocrx_word' id='word_1_3' title='bbox 1270 316 1714 381; x_wconf 82' lang='lat' dir='ltr'><strong>COMMUNES.</strong></span> <span class='ocrx_word' id='word_1_4' title='bbox 1750 343 1822 355; x_wconf 90' lang='grc'><strong><em>--</em></strong></span> <span class='ocrx_word' id='word_1_5' title='bbox 1851 318 2047 380; x_wconf 79' lang='lat' dir='ltr'><strong>PARS</strong></span> <span class='ocrx_word' id='word_1_6' title='bbox 2083 314 2167 380; x_wconf 89' lang='grc' dir='ltr'><strong>ΙΙ.</strong></span> <span class='ocrx_word' id='word_1_7' title='bbox 2212 313 2470 378; x_wconf 81' lang='lat' dir='ltr'><strong>SERMO</strong></span> <span class='ocrx_word' id='word_1_8' title='bbox 2506 316 2757 381; x_wconf 79' lang='lat' dir='ltr'><strong>XXXII.</strong></span> 
     </span>
    </p>
   </div>
   <div class='ocr_carea' id='block_1_3' title="bbox 3427 317 3564 382">
    <p class='ocr_par' dir='ltr' id='par_1_3' title="bbox 3427 317 3564 382">
     <span class='ocr_line' id='line_1_3' title="bbox 3427 317 3564 382; baseline 0.029 -4"><span class='ocrx_word' id='word_1_9' title='bbox 3427 317 3564 382; x_wconf 71' lang='lat'><strong>1082</strong></span> 
     </span>
    </p>
   </div>
   <div class='ocr_carea' id='block_1_4' title="bbox 392 431 1891 506">
    <p class='ocr_par' dir='ltr' id='par_1_4' title="bbox 392 433 1888 506">
     <span class='ocr_line' id='line_1_4' title="bbox 392 433 1888 506; baseline -0.003 -16"><span class='ocrx_word' id='word_1_10' title='bbox 392 438 486 497; x_wconf 85' lang='grc' dir='ltr'>’ος</span> <span class='ocrx_word' id='word_1_11' title='bbox 519 435 725 488; x_wconf 83' lang='grc' dir='ltr'>δίκαιον</span> <span class='ocrx_word' id='word_1_12' title='bbox 741 434 930 506; x_wconf 87' lang='grc' dir='ltr'>’κρίνει</span> <span class='ocrx_word' id='word_1_13' title='bbox 979 434 1072 489; x_wconf 75' lang='grc' dir='ltr'><strong>τὸν</strong></span> <span class='ocrx_word' id='word_1_14' title='bbox 1109 435 1520 500; x_wconf 81' lang='grc' dir='ltr'>ἁδικον,ἀδικον</span> <span class='ocrx_word' id='word_1_15' title='bbox 1554 434 1612 487; x_wconf 75' lang='grc' dir='ltr'>δὲ</span> <span class='ocrx_word' id='word_1_16' title='bbox 1661 433 1753 488; x_wconf 73' lang='grc' dir='ltr'><strong>τὸν</strong></span> <span class='ocrx_word' id='word_1_17' title='bbox 1809 433 1888 486; x_wconf 88' lang='grc' dir='ltr'>δί-</span> 
     </span>
    </p>
   </div>
   <div class='ocr_carea' id='block_1_5' title="bbox 2023 431 3567 506">
    <p class='ocr_par' dir='ltr' id='par_1_5' title="bbox 2066 431 3567 505">
     <span class='ocr_line' id='line_1_5' title="bbox 2066 431 3567 505; baseline 0.001 -19"><span class='ocrx_word' id='word_1_18' title='bbox 2066 432 2167 499; x_wconf 84' lang='lat' dir='ltr'><strong>Qui</strong></span> <span class='ocrx_word' id='word_1_19' title='bbox 2219 433 2426 502; x_wconf 86' lang='lat' dir='ltr'><strong>justum</strong></span> <span class='ocrx_word' id='word_1_20' title='bbox 2481 431 2744 502; x_wconf 85' lang='lat' dir='ltr'><strong>injustum</strong></span> <span class='ocrx_word' id='word_1_21' title='bbox 2791 433 3042 504; x_wconf 86' lang='lat' dir='ltr'><strong>judicat:</strong></span> <span class='ocrx_word' id='word_1_22' title='bbox 3080 442 3134 488; x_wconf 82' lang='lat' dir='ltr'><strong>et</strong></span> <span class='ocrx_word' id='word_1_23' title='bbox 3159 434 3420 502; x_wconf 70' lang='lat' dir='ltr'><strong>iniustum</strong></span> <span class='ocrx_word' id='word_1_24' title='bbox 3480 438 3567 505; x_wconf 85' lang='lat' dir='ltr'><strong>ju-</strong></span> 
     </span>
    </p>
   </div>
   <div class='ocr_carea' id='block_1_6' title="bbox 310 525 1903 621">
    <p class='ocr_par' dir='ltr' id='par_1_6' title="bbox 310 525 1903 621">
     <span class='ocr_line' id='line_1_6' title="bbox 310 525 1903 621; baseline -0.001 -38"><span class='ocrx_word' id='word_1_25' title='bbox 310 545 488 592; x_wconf 80' lang='grc' dir='ltr'>καιον,</span> <span class='ocrx_word' id='word_1_26' title='bbox 517 529 822 598; x_wconf 80' lang='grc' dir='ltr'><strong>ἀκάθαρτος</strong></span> <span class='ocrx_word' id='word_1_27' title='bbox 848 527 944 582; x_wconf 85' lang='grc' dir='ltr'>καὶ</span> <span class='ocrx_word' id='word_1_28' title='bbox 974 526 1262 598; x_wconf 83' lang='grc' dir='ltr'>βδελυκτὸς</span> <span class='ocrx_word' id='word_1_29' title='bbox 1283 527 1436 597; x_wconf 85' lang='grc' dir='ltr'><strong>παρὰ</strong></span> <span class='ocrx_word' id='word_1_30' title='bbox 1458 525 1671 596; x_wconf 83' lang='grc' dir='ltr'>Κυρίῳ.</span> <span class='ocrx_word' id='word_1_31' title='bbox 1883 585 1903 621; x_wconf 53' lang='grc' dir='ltr'><strong><em>Ι</em></strong></span> 
     </span>
    </p>
   </div>
   <div class='ocr_carea' id='block_1_7' title="bbox 385 696 1882 770">
    <p class='ocr_par' dir='ltr' id='par_1_7' title="bbox 385 696 1882 770">
     <span class='ocr_line' id='line_1_7' title="bbox 385 696 1882 770; baseline -0.003 -17"><span class='ocrx_word' id='word_1_32' title='bbox 385 702 523 756; x_wconf 83' lang='grc' dir='ltr'>Τάδε</span> <span class='ocrx_word' id='word_1_33' title='bbox 573 700 720 768; x_wconf 81' lang='grc' dir='ltr'>λέγει</span> <span class='ocrx_word' id='word_1_34' title='bbox 778 699 984 770; x_wconf 83' lang='grc' dir='ltr'>Κύριος</span> <span class='ocrx_word' id='word_1_35' title='bbox 1029 699 1461 770; x_wconf 81' lang='grc' dir='ltr'><strong>παντοκράτωρ·</strong></span> <span class='ocrx_word' id='word_1_36' title='bbox 1519 697 1686 750; x_wconf 79' lang='grc' dir='ltr'>Αὐτοὶ</span> <span class='ocrx_word' id='word_1_37' title='bbox 1733 696 1882 750; x_wconf 78' lang='lat' dir='ltr'><strong>obto-</strong></span> 
     </span>
    </p>
   </div>
   <div class='ocr_carea' id='block_1_8' title="bbox 321 789 1885 863">
    <p class='ocr_par' dir='ltr' id='par_1_8' title="bbox 321 789 1885 863">
     <span class='ocr_line' id='line_1_8' title="bbox 321 789 1885 863; baseline -0.003 -19"><span class='ocrx_word' id='word_1_38' title='bbox 321 793 651 863; x_wconf 74' lang='grc' dir='ltr'>δομήσουσι,</span> <span class='ocrx_word' id='word_1_39' title='bbox 699 792 852 861; x_wconf 87' lang='grc' dir='ltr'>κάγὼ</span> <span class='ocrx_word' id='word_1_40' title='bbox 912 791 1302 863; x_wconf 77' lang='grc' dir='ltr'>καταστρέψω·</span> <span class='ocrx_word' id='word_1_41' title='bbox 1367 789 1464 845; x_wconf 76' lang='grc' dir='ltr'>καὶ</span> <span class='ocrx_word' id='word_1_42' title='bbox 1519 789 1885 858; x_wconf 79' lang='grc' dir='ltr'>ὲπικληθήσε-</span> 
     </span>
    </p>
   </div>
   <div class='ocr_carea' id='block_1_9' title="bbox 315 878 1881 952">
    <p class='ocr_par' dir='ltr' id='par_1_9' title="bbox 315 878 1881 952">
     <span class='ocr_line' id='line_1_9' title="bbox 315 878 1881 952; baseline -0.003 -16"><span class='ocrx_word' id='word_1_43' title='bbox 315 901 405 936; x_wconf 85' lang='grc' dir='ltr'><strong>ται</strong></span> <span class='ocrx_word' id='word_1_44' title='bbox 442 881 625 945; x_wconf 76' lang='grc' dir='ltr'>αὐτοῖς</span> <span class='ocrx_word' id='word_1_45' title='bbox 669 883 790 952; x_wconf 84' lang='grc' dir='ltr'>ὅρια</span> <span class='ocrx_word' id='word_1_46' title='bbox 841 882 1091 952; x_wconf 76' lang='grc' dir='ltr'><strong>ἀνομίας,</strong></span> <span class='ocrx_word' id='word_1_47' title='bbox 1131 883 1228 938; x_wconf 77' lang='grc' dir='ltr'>καὶ</span> <span class='ocrx_word' id='word_1_48' title='bbox 1257 881 1385 945; x_wconf 77' lang='grc' dir='ltr'>λαὸς</span> <span class='ocrx_word' id='word_1_49' title='bbox 1418 881 1504 950; x_wconf 80' lang='grc' dir='ltr'><strong>ἐφ’</strong></span> <span class='ocrx_word' id='word_1_50' title='bbox 1534 881 1592 934; x_wconf 85' lang='grc' dir='ltr'>ὃν</span> <span class='ocrx_word' id='word_1_51' title='bbox 1637 878 1881 949; x_wconf 85' lang='grc' dir='ltr'>παρατέ-</span> 
     </span>
    </p>
   </div>
   <div class='ocr_carea' id='block_1_10' title="bbox 315 970 1911 1043">
    <p class='ocr_par' dir='ltr' id='par_1_10' title="bbox 315 970 1911 1043">
     <span class='ocr_line' id='line_1_10' title="bbox 315 970 1911 1043; baseline 0 -21"><span class='ocrx_word' id='word_1_52' title='bbox 315 989 512 1026; x_wconf 74' lang='grc' dir='ltr'>τακται</span> <span class='ocrx_word' id='word_1_53' title='bbox 553 974 758 1042; x_wconf 84' lang='grc' dir='ltr'>Κύριος</span> <span class='ocrx_word' id='word_1_54' title='bbox 819 973 925 1036; x_wconf 82' lang='grc' dir='ltr'>ἓως</span> <span class='ocrx_word' id='word_1_55' title='bbox 976 973 1195 1040; x_wconf 76' lang='grc' dir='ltr'>αἰῶνος,</span> <span class='ocrx_word' id='word_1_56' title='bbox 1247 973 1308 1026; x_wconf 80' lang='grc' dir='ltr'>οὐ</span> <span class='ocrx_word' id='word_1_57' title='bbox 1343 971 1420 1043; x_wconf 75' lang='grc' dir='ltr'>μὴ</span> <span class='ocrx_word' id='word_1_58' title='bbox 1457 971 1620 1043; x_wconf 77' lang='grc' dir='ltr'>μείνῃ</span> <span class='ocrx_word' id='word_1_59' title='bbox 1673 971 1754 1034; x_wconf 85' lang='grc' dir='ltr'><strong>είς</strong></span> <span class='ocrx_word' id='word_1_60' title='bbox 1789 970 1911 1023; x_wconf 82' lang='grc' dir='ltr'>τὸν</span> 
     </span>
    </p>
   </div>
   <div class='ocr_carea' id='block_1_11' title="bbox 316 1062 1251 1133">
    <p class='ocr_par' dir='ltr' id='par_1_11' title="bbox 316 1062 1251 1133">
     <span class='ocr_line' id='line_1_11' title="bbox 316 1062 1251 1133; baseline 0.002 -16"><span class='ocrx_word' id='word_1_61' title='bbox 316 1065 487 1117; x_wconf 77' lang='grc' dir='ltr'>αἰῶνα</span> <span class='ocrx_word' id='word_1_62' title='bbox 513 1062 704 1132; x_wconf 87' lang='grc' dir='ltr'>χρόνου</span> <span class='ocrx_word' id='word_1_63' title='bbox 739 1064 961 1132; x_wconf 83' lang='grc' dir='ltr'>σπέρμα</span> <span class='ocrx_word' id='word_1_64' title='bbox 995 1065 1251 1133; x_wconf 84' lang='grc' dir='ltr'>πονηρόν.</span> 
     </span>
    </p>
   </div>
   <div class='ocr_carea' id='block_1_12' title="bbox 398 1151 1882 1224">
    <p class='ocr_par' dir='ltr' id='par_1_12' title="bbox 398 1151 1882 1224">
     <span class='ocr_line' id='line_1_12' title="bbox 398 1151 1882 1224; baseline -0.001 -19"><span class='ocrx_word' id='word_1_65' title='bbox 398 1154 492 1207; x_wconf 88' lang='grc' dir='ltr'><strong>Ἐκ</strong></span> <span class='ocrx_word' id='word_1_66' title='bbox 522 1154 834 1222; x_wconf 85' lang='grc' dir='ltr'>σπέρματος</span> <span class='ocrx_word' id='word_1_67' title='bbox 880 1153 1057 1222; x_wconf 83' lang='grc' dir='ltr'>δφεως</span> <span class='ocrx_word' id='word_1_68' title='bbox 1088 1155 1432 1222; x_wconf 82' lang='grc' dir='ltr'>ἐξελεύσεται</span> <span class='ocrx_word' id='word_1_69' title='bbox 1473 1154 1674 1224; x_wconf 75' lang='grc' dir='ltr'>ἔγγονα</span> <span class='ocrx_word' id='word_1_70' title='bbox 1715 1151 1882 1207; x_wconf 87' lang='grc' dir='ltr'>ἁσπί-</span> 
     </span>
    </p>
   </div>
   <div class='ocr_carea' id='block_1_13' title="bbox 314 1243 1604 1317">
    <p class='ocr_par' dir='ltr' id='par_1_13' title="bbox 314 1243 1604 1317">
     <span class='ocr_line' id='line_1_13' title="bbox 314 1243 1604 1317; baseline 0.006 -24"><span class='ocrx_word' id='word_1_71' title='bbox 314 1243 420 1294; x_wconf 87' lang='grc' dir='ltr'><strong>δων</strong></span> <span class='ocrx_word' id='word_1_72' title='bbox 447 1282 461 1307; x_wconf 81' lang='grc'><strong>,</strong></span> <span class='ocrx_word' id='word_1_73' title='bbox 493 1244 560 1296; x_wconf 89' lang='grc' dir='ltr'><strong>τὰ</strong></span> <span class='ocrx_word' id='word_1_74' title='bbox 598 1245 652 1297; x_wconf 82' lang='grc' dir='ltr'>δὲ</span> <span class='ocrx_word' id='word_1_75' title='bbox 688 1244 882 1312; x_wconf 74' lang='grc' dir='ltr'>ἔγγονα</span> <span class='ocrx_word' id='word_1_76' title='bbox 909 1246 1088 1297; x_wconf 78' lang='grc' dir='ltr'>αὐτῶν</span> <span class='ocrx_word' id='word_1_77' title='bbox 1114 1247 1265 1314; x_wconf 82' lang='grc' dir='ltr'>δφεις</span> <span class='ocrx_word' id='word_1_78' title='bbox 1295 1247 1604 1317; x_wconf 83' lang='grc' dir='ltr'><strong>πετόμενοι.</strong></span> 
     </span>
    </p>
   </div>
   <div class='ocr_carea' id='block_1_14' title="bbox 389 1335 1882 1413">
    <p class='ocr_par' dir='ltr' id='par_1_14' title="bbox 389 1335 1882 1413">
     <span class='ocr_line' id='line_1_14' title="bbox 389 1335 1882 1413; baseline 0.007 -27"><span class='ocrx_word' id='word_1_79' title='bbox 389 1335 468 1388; x_wconf 85' lang='grc' dir='ltr'>Τά</span> <span class='ocrx_word' id='word_1_80' title='bbox 499 1335 870 1406; x_wconf 83' lang='grc' dir='ltr'>ἁμαρτήματα</span> <span class='ocrx_word' id='word_1_81' title='bbox 904 1338 1060 1406; x_wconf 85' lang='grc' dir='ltr'>ὴμῶν</span> <span class='ocrx_word' id='word_1_82' title='bbox 1094 1337 1360 1406; x_wconf 80' lang='grc' dir='ltr'><strong>διίστησιν</strong></span> <span class='ocrx_word' id='word_1_83' title='bbox 1393 1340 1496 1394; x_wconf 84' lang='grc' dir='ltr'><strong>ἀνά</strong></span> <span class='ocrx_word' id='word_1_84' title='bbox 1529 1342 1692 1410; x_wconf 81' lang='grc' dir='ltr'>μέσον</span> <span class='ocrx_word' id='word_1_85' title='bbox 1725 1342 1882 1413; x_wconf 76' lang='grc' dir='ltr'>ἡμῶν</span> 
     </span>
    </p>
   </div>
   <div class='ocr_carea' id='block_1_15' title="bbox 313 1426 1884 1502">
    <p class='ocr_par' dir='ltr' id='par_1_15' title="bbox 313 1426 1884 1502">
     <span class='ocr_line' id='line_1_15' title="bbox 313 1426 1884 1502; baseline 0.005 -24"><span class='ocrx_word' id='word_1_86' title='bbox 313 1428 408 1478; x_wconf 73' lang='grc' dir='ltr'>καὶ</span> <span class='ocrx_word' id='word_1_87' title='bbox 454 1426 548 1479; x_wconf 82' lang='grc' dir='ltr'>τοῦ</span> <span class='ocrx_word' id='word_1_88' title='bbox 594 1426 726 1479; x_wconf 81' lang='grc' dir='ltr'>Θεοῦ</span> <span class='ocrx_word' id='word_1_89' title='bbox 756 1469 770 1492; x_wconf 93' lang='grc'><strong>,</strong></span> <span class='ocrx_word' id='word_1_90' title='bbox 833 1430 926 1480; x_wconf 81' lang='grc' dir='ltr'>καὶ</span> <span class='ocrx_word' id='word_1_91' title='bbox 969 1428 1057 1481; x_wconf 76' lang='grc' dir='ltr'>διὰ</span> <span class='ocrx_word' id='word_1_92' title='bbox 1093 1429 1192 1491; x_wconf 83' lang='grc' dir='ltr'><strong>τὰς</strong></span> <span class='ocrx_word' id='word_1_93' title='bbox 1237 1432 1468 1499; x_wconf 81' lang='grc' dir='ltr'>ἀνομίας</span> <span class='ocrx_word' id='word_1_94' title='bbox 1524 1432 1683 1502; x_wconf 75' lang='grc' dir='ltr'>ἡμῶν</span> <span class='ocrx_word' id='word_1_95' title='bbox 1748 1434 1884 1487; x_wconf 88' lang='grc' dir='ltr'>ἀπέ-</span> 
     </span>
    </p>
   </div>
   <div class='ocr_carea' id='block_1_16' title="bbox 314 1516 1874 1596">
    <p class='ocr_par' dir='ltr' id='par_1_16' title="bbox 314 1516 1874 1596">
     <span class='ocr_line' id='line_1_16' title="bbox 314 1516 1874 1596; baseline 0.007 -29"><span class='ocrx_word' id='word_1_96' title='bbox 314 1516 513 1588; x_wconf 80' lang='grc' dir='ltr'>στρεψε</span> <span class='ocrx_word' id='word_1_97' title='bbox 545 1517 604 1570; x_wconf 82' lang='grc' dir='ltr'>τὸ</span> <span class='ocrx_word' id='word_1_98' title='bbox 636 1519 927 1590; x_wconf 89' lang='grc' dir='ltr'>πρόσωπον</span> <span class='ocrx_word' id='word_1_99' title='bbox 955 1521 1119 1574; x_wconf 76' lang='grc' dir='ltr'>αὐτοῦ</span> <span class='ocrx_word' id='word_1_100' title='bbox 1153 1523 1246 1592; x_wconf 84' lang='grc' dir='ltr'><strong>ἀφ’</strong></span> <span class='ocrx_word' id='word_1_101' title='bbox 1283 1523 1461 1592; x_wconf 82' lang='grc' dir='ltr'>ἡμῶν,</span> <span class='ocrx_word' id='word_1_102' title='bbox 1489 1523 1584 1576; x_wconf 80' lang='grc' dir='ltr'>τοῦ</span> <span class='ocrx_word' id='word_1_103' title='bbox 1619 1524 1694 1594; x_wconf 83' lang='grc' dir='ltr'>μὴ</span> <span class='ocrx_word' id='word_1_104' title='bbox 1725 1525 1874 1596; x_wconf 78' lang='grc' dir='ltr'>ὲλεῆι</span> 
     </span>
    </p>
   </div>
   <div class='ocr_carea' id='block_1_17' title="bbox 315 1628 426 1664">
    <p class='ocr_par' dir='ltr' id='par_1_17' title="bbox 315 1628 426 1664">
     <span class='ocr_line' id='line_1_17' title="bbox 315 1628 426 1664; baseline 0.027 -4"><span class='ocrx_word' id='word_1_105' title='bbox 315 1628 426 1664; x_wconf 82' lang='grc' dir='ltr'>σαι.</span> 
     </span>
    </p>
   </div>
   <div class='ocr_carea' id='block_1_18' title="bbox 383 1699 1882 1773">
    <p class='ocr_par' dir='ltr' id='par_1_18' title="bbox 383 1699 1882 1773">
     <span class='ocr_line' id='line_1_18' title="bbox 383 1699 1882 1773; baseline 0.005 -20"><span class='ocrx_word' id='word_1_106' title='bbox 383 1701 503 1754; x_wconf 77' lang='grc' dir='ltr'>Υἱοὶ</span> <span class='ocrx_word' id='word_1_107' title='bbox 530 1699 760 1770; x_wconf 78' lang='grc' dir='ltr'>ἄφρονές</span> <span class='ocrx_word' id='word_1_108' title='bbox 794 1701 922 1765; x_wconf 79' lang='grc' dir='ltr'>εἰσι,</span> <span class='ocrx_word' id='word_1_109' title='bbox 956 1702 1049 1755; x_wconf 66' lang='grc' dir='ltr'>καὶ</span> <span class='ocrx_word' id='word_1_110' title='bbox 1079 1703 1142 1754; x_wconf 67' lang='grc' dir='ltr'>οὐ</span> <span class='ocrx_word' id='word_1_111' title='bbox 1199 1705 1432 1769; x_wconf 72' lang='grc' dir='ltr'>συνετοὶ,</span> <span class='ocrx_word' id='word_1_112' title='bbox 1461 1703 1616 1773; x_wconf 76' lang='grc' dir='ltr'>σοφοὶ</span> <span class='ocrx_word' id='word_1_113' title='bbox 1645 1703 1740 1759; x_wconf 80' lang='grc' dir='ltr'><strong>τοῦ</strong></span> <span class='ocrx_word' id='word_1_114' title='bbox 1777 1723 1882 1761; x_wconf 78' lang='grc' dir='ltr'>κα-</span> 
     </span>
    </p>
   </div>
   <div class='ocr_carea' id='block_1_19' title="bbox 308 1793 1714 1864">
    <p class='ocr_par' dir='ltr' id='par_1_19' title="bbox 308 1793 1714 1864">
     <span class='ocr_line' id='line_1_19' title="bbox 308 1793 1714 1864; baseline 0.005 -20"><span class='ocrx_word' id='word_1_115' title='bbox 308 1794 598 1861; x_wconf 79' lang='grc' dir='ltr'>κοποιῆσαι</span> <span class='ocrx_word' id='word_1_116' title='bbox 620 1809 636 1824; x_wconf 78' lang='grc' dir='ltr'><strong><em>ο</em></strong></span> <span class='ocrx_word' id='word_1_117' title='bbox 665 1793 725 1845; x_wconf 72' lang='grc' dir='ltr'>τὸ</span> <span class='ocrx_word' id='word_1_118' title='bbox 758 1794 814 1845; x_wconf 80' lang='grc' dir='ltr'>δὲ</span> <span class='ocrx_word' id='word_1_119' title='bbox 846 1793 1026 1856; x_wconf 84' lang='grc' dir='ltr'>καλῶς</span> <span class='ocrx_word' id='word_1_120' title='bbox 1058 1794 1280 1864; x_wconf 79' lang='grc' dir='ltr'>ποιῆσαι</span> <span class='ocrx_word' id='word_1_121' title='bbox 1307 1795 1406 1848; x_wconf 78' lang='grc' dir='ltr'>οὐκ</span> <span class='ocrx_word' id='word_1_122' title='bbox 1441 1795 1714 1864; x_wconf 72' lang='grc' dir='ltr'>ἔγνωσαν.</span> 
     </span>
    </p>
   </div>
   <div class='ocr_carea' id='block_1_20' title="bbox 380 1885 1879 1956">
    <p class='ocr_par' dir='ltr' id='par_1_20' title="bbox 380 1885 1879 1956">
     <span class='ocr_line' id='line_1_20' title="bbox 380 1885 1879 1956; baseline 0.005 -20"><span class='ocrx_word' id='word_1_123' title='bbox 380 1885 462 1936; x_wconf 86' lang='grc' dir='ltr'><strong>Τὰ</strong></span> <span class='ocrx_word' id='word_1_124' title='bbox 493 1885 628 1952; x_wconf 77' lang='grc' dir='ltr'>ἔργα</span> <span class='ocrx_word' id='word_1_125' title='bbox 661 1885 842 1937; x_wconf 81' lang='grc' dir='ltr'>αὐτῶν</span> <span class='ocrx_word' id='word_1_126' title='bbox 874 1886 1012 1955; x_wconf 77' lang='grc' dir='ltr'>ἔργα</span> <span class='ocrx_word' id='word_1_127' title='bbox 1043 1885 1255 1956; x_wconf 80' lang='grc' dir='ltr'>ἄνομα·</span> <span class='ocrx_word' id='word_1_128' title='bbox 1288 1887 1382 1940; x_wconf 79' lang='grc' dir='ltr'>καὶ</span> <span class='ocrx_word' id='word_1_129' title='bbox 1426 1889 1474 1940; x_wconf 75' lang='grc' dir='ltr'>οἱ</span> <span class='ocrx_word' id='word_1_130' title='bbox 1505 1888 1663 1952; x_wconf 85' lang='grc' dir='ltr'><strong>πόδες</strong></span> <span class='ocrx_word' id='word_1_131' title='bbox 1697 1889 1879 1944; x_wconf 82' lang='grc' dir='ltr'>αὐτῶν</span> 
     </span>
    </p>
   </div>
   <div class='ocr_carea' id='block_1_21' title="bbox 309 1976 963 2046">
    <p class='ocr_par' dir='ltr' id='par_1_21' title="bbox 309 1976 963 2046">
     <span class='ocr_line' id='line_1_21' title="bbox 309 1976 963 2046; baseline 0.005 -19"><span class='ocrx_word' id='word_1_132' title='bbox 309 1978 392 2038; x_wconf 85' lang='grc' dir='ltr'><strong>εἰς</strong></span> <span class='ocrx_word' id='word_1_133' title='bbox 430 1977 626 2030; x_wconf 78' lang='grc' dir='ltr'>κακίαν</span> <span class='ocrx_word' id='word_1_134' title='bbox 653 1976 963 2046; x_wconf 83' lang='grc' dir='ltr'><strong>τρέχουσιν.</strong></span> 
     </span>
    </p>
   </div>
   <div class='ocr_carea' id='block_1_22' title="bbox 382 2067 1882 2142">
    <p class='ocr_par' dir='ltr' id='par_1_22' title="bbox 382 2067 1882 2142">
     <span class='ocr_line' id='line_1_22' title="bbox 382 2067 1882 2142; baseline 0.003 -22"><span class='ocrx_word' id='word_1_135' title='bbox 382 2067 443 2120; x_wconf 81' lang='grc' dir='ltr'><strong>Εἰ</strong></span> <span class='ocrx_word' id='word_1_136' title='bbox 476 2067 763 2132; x_wconf 83' lang='grc' dir='ltr'>ἀλλάξεται</span> <span class='ocrx_word' id='word_1_137' title='bbox 791 2067 986 2137; x_wconf 80' lang='grc' dir='ltr'>Αἰθίοψ</span> <span class='ocrx_word' id='word_1_138' title='bbox 1013 2068 1075 2121; x_wconf 82' lang='grc' dir='ltr'>τὸ</span> <span class='ocrx_word' id='word_1_139' title='bbox 1106 2068 1281 2139; x_wconf 79' lang='grc' dir='ltr'>δέρμα</span> <span class='ocrx_word' id='word_1_140' title='bbox 1315 2067 1502 2134; x_wconf 82' lang='grc' dir='ltr'>αὑτοῦ,</span> <span class='ocrx_word' id='word_1_141' title='bbox 1535 2071 1632 2123; x_wconf 77' lang='grc' dir='ltr'>καὶ</span> <span class='ocrx_word' id='word_1_142' title='bbox 1674 2071 1882 2142; x_wconf 86' lang='grc' dir='ltr'>πάρδα-</span> 
     </span>
    </p>
   </div>
   <div class='ocr_carea' id='block_1_23' title="bbox 1986 522 3567 594">
    <p class='ocr_par' dir='ltr' id='par_1_23' title="bbox 1986 522 3567 594">
     <span class='ocr_line' id='line_1_23' title="bbox 1986 522 3567 594; baseline 0.002 -15"><span class='ocrx_word' id='word_1_143' title='bbox 1986 533 2153 586; x_wconf 83' lang='lat' dir='ltr'><strong>stum,</strong></span> <span class='ocrx_word' id='word_1_144' title='bbox 2189 522 2234 578; x_wconf 90' lang='lat' dir='ltr'><strong>is</strong></span> <span class='ocrx_word' id='word_1_145' title='bbox 2252 523 2500 592; x_wconf 87' lang='lat' dir='ltr'><strong>impurus</strong></span> <span class='ocrx_word' id='word_1_146' title='bbox 2551 525 2694 594; x_wconf 87' lang='lat' dir='ltr'><strong>apud</strong></span> <span class='ocrx_word' id='word_1_147' title='bbox 2754 524 3044 580; x_wconf 85' lang='lat' dir='ltr'><strong>Dominum</strong></span> <span class='ocrx_word' id='word_1_148' title='bbox 3079 534 3133 580; x_wconf 89' lang='lat' dir='ltr'><strong>et</strong></span> <span class='ocrx_word' id='word_1_149' title='bbox 3174 526 3567 582; x_wconf 85' lang='lat' dir='ltr'><strong>abomiuaudus</strong></span> 
     </span>
    </p>
   </div>
   <div class='ocr_carea' id='block_1_24' title="bbox 1984 625 2089 672">
    <p class='ocr_par' dir='ltr' id='par_1_24' title="bbox 1984 625 2089 672">
     <span class='ocr_line' id='line_1_24' title="bbox 1984 625 2089 672; baseline -0.01 -1"><span class='ocrx_word' id='word_1_150' title='bbox 1984 625 2089 672; x_wconf 88' lang='lat' dir='ltr'><strong>est.</strong></span> 
     </span>
    </p>
   </div>
   <div class='ocr_carea' id='block_1_25' title="bbox 2056 708 3564 779">
    <p class='ocr_par' dir='ltr' id='par_1_25' title="bbox 2056 708 3564 779">
     <span class='ocr_line' id='line_1_25' title="bbox 2056 708 3564 779; baseline -0.003 -15"><span class='ocrx_word' id='word_1_151' title='bbox 2056 708 2294 764; x_wconf 79' lang='lat' dir='ltr'><strong>Malach.</strong></span> <span class='ocrx_word' id='word_1_152' title='bbox 2327 709 2594 764; x_wconf 84' lang='lat' dir='ltr'><strong>Dominus</strong></span> <span class='ocrx_word' id='word_1_153' title='bbox 2628 710 2978 779; x_wconf 90' lang='lat' dir='ltr'><strong>omnipotens</strong></span> <span class='ocrx_word' id='word_1_154' title='bbox 3017 710 3098 766; x_wconf 91' lang='lat' dir='ltr'><strong>sic</strong></span> <span class='ocrx_word' id='word_1_155' title='bbox 3155 710 3399 779; x_wconf 89' lang='lat' dir='ltr'><strong>loquitur</strong></span> <span class='ocrx_word' id='word_1_156' title='bbox 3440 728 3453 763; x_wconf 91' lang='lat'><strong>:</strong></span> <span class='ocrx_word' id='word_1_157' title='bbox 3489 711 3564 763; x_wconf 86' lang='lat' dir='ltr'><strong>Illi</strong></span> 
     </span>
    </p>
   </div>
   <div class='ocr_carea' id='block_1_26' title="bbox 1985 802 3564 872">
    <p class='ocr_par' dir='ltr' id='par_1_26' title="bbox 1985 802 3564 872">
     <span class='ocr_line' id='line_1_26' title="bbox 1985 802 3564 872; baseline -0.004 -13"><span class='ocrx_word' id='word_1_158' title='bbox 1985 804 2351 867; x_wconf 65' lang='lat' dir='ltr'><strong>aediﬁcabunt,</strong></span> <span class='ocrx_word' id='word_1_159' title='bbox 2383 816 2484 872; x_wconf 79' lang='lat' dir='ltr'><strong>ego</strong></span> <span class='ocrx_word' id='word_1_160' title='bbox 2529 816 2658 856; x_wconf 90' lang='lat' dir='ltr'><strong>vero</strong></span> <span class='ocrx_word' id='word_1_161' title='bbox 2685 802 2922 868; x_wconf 87' lang='lat' dir='ltr'><strong>diruam,</strong></span> <span class='ocrx_word' id='word_1_162' title='bbox 2963 813 3022 857; x_wconf 91' lang='lat' dir='ltr'><strong>ut</strong></span> <span class='ocrx_word' id='word_1_163' title='bbox 3050 811 3319 857; x_wconf 75' lang='lat' dir='ltr'><strong>vocentur</strong></span> <span class='ocrx_word' id='word_1_164' title='bbox 3349 804 3564 857; x_wconf 79' lang='lat' dir='ltr'><strong>termini</strong></span> 
     </span>
    </p>
   </div>
   <div class='ocr_carea' id='block_1_27' title="bbox 1986 895 3564 965">
    <p class='ocr_par' dir='ltr' id='par_1_27' title="bbox 1986 895 3564 965">
     <span class='ocr_line' id='line_1_27' title="bbox 1986 895 3564 965; baseline -0.004 -14"><span class='ocrx_word' id='word_1_165' title='bbox 1986 896 2309 964; x_wconf 89' lang='lat' dir='ltr'><strong>iniquitatis,</strong></span> <span class='ocrx_word' id='word_1_166' title='bbox 2343 905 2400 950; x_wconf 78' lang='lat' dir='ltr'><strong>et</strong></span> <span class='ocrx_word' id='word_1_167' title='bbox 2439 895 2672 965; x_wconf 84' lang='lat' dir='ltr'><strong>populus</strong></span> <span class='ocrx_word' id='word_1_168' title='bbox 2709 896 2796 949; x_wconf 94' lang='lat' dir='ltr'><strong>cui</strong></span> <span class='ocrx_word' id='word_1_169' title='bbox 2830 896 3100 951; x_wconf 83' lang='lat' dir='ltr'><strong>Dominus</strong></span> <span class='ocrx_word' id='word_1_170' title='bbox 3144 911 3201 950; x_wconf 89' lang='lat' dir='ltr'><strong>se</strong></span> <span class='ocrx_word' id='word_1_171' title='bbox 3232 904 3466 965; x_wconf 87' lang='lat' dir='ltr'><strong>opponet</strong></span> <span class='ocrx_word' id='word_1_172' title='bbox 3510 895 3564 946; x_wconf 90' lang='lat' dir='ltr'><strong>iu</strong></span> 
     </span>
    </p>
   </div>
   <div class='ocr_carea' id='block_1_28' title="bbox 1987 986 3566 1056">
    <p class='ocr_par' dir='ltr' id='par_1_28' title="bbox 1987 986 3566 1056">
     <span class='ocr_line' id='line_1_28' title="bbox 1987 986 3566 1056; baseline -0.002 -14"><span class='ocrx_word' id='word_1_173' title='bbox 1987 990 2311 1044; x_wconf 39' lang='lat' dir='ltr'><strong>saeculume</strong></span> <span class='ocrx_word' id='word_1_174' title='bbox 2363 1003 2471 1043; x_wconf 88' lang='lat' dir='ltr'><strong>non</strong></span> <span class='ocrx_word' id='word_1_175' title='bbox 2507 1002 2768 1043; x_wconf 87' lang='lat' dir='ltr'><strong>mansura</strong></span> <span class='ocrx_word' id='word_1_176' title='bbox 2797 999 2882 1042; x_wconf 86' lang='lat' dir='ltr'><strong>est</strong></span> <span class='ocrx_word' id='word_1_177' title='bbox 2923 987 2980 1041; x_wconf 90' lang='lat' dir='ltr'><strong>in</strong></span> <span class='ocrx_word' id='word_1_178' title='bbox 3011 988 3269 1042; x_wconf 60' lang='lat' dir='ltr'><strong>saeculum</strong></span> <span class='ocrx_word' id='word_1_179' title='bbox 3302 986 3566 1056; x_wconf 86' lang='lat' dir='ltr'><strong>temporis</strong></span> 
     </span>
    </p>
   </div>
   <div class='ocr_carea' id='block_1_29' title="bbox 1985 1079 2596 1150">
    <p class='ocr_par' dir='ltr' id='par_1_29' title="bbox 1985 1079 2596 1150">
     <span class='ocr_line' id='line_1_29' title="bbox 1985 1079 2596 1150; baseline -0.005 -16"><span class='ocrx_word' id='word_1_180' title='bbox 1985 1079 2128 1150; x_wconf 88' lang='lat' dir='ltr'><strong>impr</strong></span> <span class='ocrx_word' id='word_1_181' title='bbox 2139 1080 2247 1135; x_wconf 88' lang='lat' dir='ltr'><strong>oba</strong></span> <span class='ocrx_word' id='word_1_182' title='bbox 2286 1080 2596 1150; x_wconf 82' lang='lat' dir='ltr'><strong>progenies.</strong></span> 
     </span>
    </p>
   </div>
   <div class='ocr_carea' id='block_1_30' title="bbox 2055 1167 3563 1238">
    <p class='ocr_par' dir='ltr' id='par_1_30' title="bbox 2055 1167 3563 1238">
     <span class='ocr_line' id='line_1_30' title="bbox 2055 1167 3563 1238; baseline -0.001 -16"><span class='ocrx_word' id='word_1_183' title='bbox 2055 1168 2173 1224; x_wconf 77' lang='lat' dir='ltr'><strong>ha.</strong></span> <span class='ocrx_word' id='word_1_184' title='bbox 2200 1185 2310 1225; x_wconf 80' lang='lat' dir='ltr'><strong>ux.</strong></span> <span class='ocrx_word' id='word_1_185' title='bbox 2342 1170 2419 1224; x_wconf 78' lang='lat' dir='ltr'><strong>Ex</strong></span> <span class='ocrx_word' id='word_1_186' title='bbox 2455 1168 2665 1223; x_wconf 86' lang='lat' dir='ltr'><strong>semine</strong></span> <span class='ocrx_word' id='word_1_187' title='bbox 2695 1167 2966 1238; x_wconf 74' lang='lat' dir='ltr'><strong>serpentis</strong></span> <span class='ocrx_word' id='word_1_188' title='bbox 2998 1167 3294 1238; x_wconf 91' lang='lat' dir='ltr'><strong>prodibunt</strong></span> <span class='ocrx_word' id='word_1_189' title='bbox 3317 1169 3563 1236; x_wconf 84' lang='lat' dir='ltr'><strong>aspidum</strong></span> 
     </span>
    </p>
   </div>
   <div class='ocr_carea' id='block_1_31' title="bbox 1986 1259 3564 1329">
    <p class='ocr_par' dir='ltr' id='par_1_31' title="bbox 1986 1259 3564 1329">
     <span class='ocr_line' id='line_1_31' title="bbox 1986 1259 3564 1329; baseline -0.004 -13"><span class='ocrx_word' id='word_1_190' title='bbox 1986 1262 2176 1329; x_wconf 87' lang='lat' dir='ltr'><strong>catuli,</strong></span> <span class='ocrx_word' id='word_1_191' title='bbox 2202 1269 2258 1316; x_wconf 90' lang='lat' dir='ltr'><strong>at</strong></span> <span class='ocrx_word' id='word_1_192' title='bbox 2290 1262 2506 1316; x_wconf 86' lang='lat' dir='ltr'><strong>illarum</strong></span> <span class='ocrx_word' id='word_1_193' title='bbox 2538 1259 2742 1328; x_wconf 90' lang='lat' dir='ltr'><strong>posteri</strong></span> <span class='ocrx_word' id='word_1_194' title='bbox 2776 1259 3026 1314; x_wconf 77' lang='lat' dir='ltr'><strong>volantes</strong></span> <span class='ocrx_word' id='word_1_195' title='bbox 3053 1266 3334 1328; x_wconf 72' lang='lat' dir='ltr'><strong>serpentes</strong></span> <span class='ocrx_word' id='word_1_196' title='bbox 3379 1267 3564 1311; x_wconf 89' lang='lat' dir='ltr'><strong>erunt.</strong></span> 
     </span>
    </p>
   </div>
   <div class='ocr_carea' id='block_1_32' title="bbox 2055 1351 3566 1419">
    <p class='ocr_par' dir='ltr' id='par_1_32' title="bbox 2055 1351 3566 1419">
     <span class='ocr_line' id='line_1_32' title="bbox 2055 1351 3566 1419; baseline -0.006 -11"><span class='ocrx_word' id='word_1_197' title='bbox 2055 1354 2290 1410; x_wconf 89' lang='lat' dir='ltr'><strong>Peccata</strong></span> <span class='ocrx_word' id='word_1_198' title='bbox 2316 1363 2505 1410; x_wconf 91' lang='lat' dir='ltr'><strong>nostra</strong></span> <span class='ocrx_word' id='word_1_199' title='bbox 2529 1354 2830 1409; x_wconf 79' lang='lat' dir='ltr'><strong>dissociant</strong></span> <span class='ocrx_word' id='word_1_200' title='bbox 2870 1367 2972 1406; x_wconf 92' lang='lat' dir='ltr'><strong>nos</strong></span> <span class='ocrx_word' id='word_1_201' title='bbox 3007 1366 3035 1403; x_wconf 92' lang='lat' dir='ltr'><strong>a</strong></span> <span class='ocrx_word' id='word_1_202' title='bbox 3070 1351 3202 1415; x_wconf 92' lang='lat' dir='ltr'><strong>Deo,</strong></span> <span class='ocrx_word' id='word_1_203' title='bbox 3233 1358 3566 1419; x_wconf 82' lang='lat' dir='ltr'><strong>propterque</strong></span> 
     </span>
    </p>
   </div>
   <div class='ocr_carea' id='block_1_33' title="bbox 1987 1443 3562 1518">
    <p class='ocr_par' dir='ltr' id='par_1_33' title="bbox 1987 1443 3562 1518">
     <span class='ocr_line' id='line_1_33' title="bbox 1987 1443 3562 1518; baseline -0.006 -17"><span class='ocrx_word' id='word_1_204' title='bbox 1987 1447 2309 1518; x_wconf 76' lang='lat' dir='ltr'><strong>iniquitates</strong></span> <span class='ocrx_word' id='word_1_205' title='bbox 2337 1455 2555 1502; x_wconf 88' lang='lat' dir='ltr'><strong>nostras</strong></span> <span class='ocrx_word' id='word_1_206' title='bbox 2604 1445 2804 1501; x_wconf 84' lang='lat' dir='ltr'><strong>avertit</strong></span> <span class='ocrx_word' id='word_1_207' title='bbox 2838 1459 2866 1499; x_wconf 87' lang='lat' dir='ltr'><strong>a</strong></span> <span class='ocrx_word' id='word_1_208' title='bbox 2920 1443 3082 1500; x_wconf 87' lang='lat' dir='ltr'><strong>nobis</strong></span> <span class='ocrx_word' id='word_1_209' title='bbox 3115 1443 3322 1497; x_wconf 86' lang='lat' dir='ltr'><strong>vultum</strong></span> <span class='ocrx_word' id='word_1_210' title='bbox 3359 1456 3518 1497; x_wconf 88' lang='lat' dir='ltr'><strong>suum</strong></span> <span class='ocrx_word' id='word_1_211' title='bbox 3544 1479 3562 1501; x_wconf 84' lang='lat'><strong>,</strong></span> 
     </span>
    </p>
   </div>
   <div class='ocr_carea' id='block_1_34' title="bbox 1985 1538 2540 1594">
    <p class='ocr_par' dir='ltr' id='par_1_34' title="bbox 1985 1538 2540 1594">
     <span class='ocr_line' id='line_1_34' title="bbox 1985 1538 2540 1594; baseline -0.005 -1"><span class='ocrx_word' id='word_1_212' title='bbox 1985 1548 2170 1594; x_wconf 89' lang='lat' dir='ltr'><strong>utnon</strong></span> <span class='ocrx_word' id='word_1_213' title='bbox 2194 1538 2540 1594; x_wconf 86' lang='lat' dir='ltr'><strong>misereatur.</strong></span> 
     </span>
    </p>
   </div>
   <div class='ocr_carea' id='block_1_35' title="bbox 2054 1711 3562 1786">
    <p class='ocr_par' dir='ltr' id='par_1_35' title="bbox 2054 1711 3562 1786">
     <span class='ocr_line' id='line_1_35' title="bbox 2054 1711 3562 1786; baseline -0.005 -15"><span class='ocrx_word' id='word_1_214' title='bbox 2054 1715 2385 1786; x_wconf 88' lang='lat' dir='ltr'><strong>Insipientes</strong></span> <span class='ocrx_word' id='word_1_215' title='bbox 2409 1725 2538 1770; x_wconf 82' lang='lat' dir='ltr'><strong>sunt</strong></span> <span class='ocrx_word' id='word_1_216' title='bbox 2567 1729 2670 1769; x_wconf 91' lang='lat' dir='ltr'><strong>nec</strong></span> <span class='ocrx_word' id='word_1_217' title='bbox 2698 1727 2941 1784; x_wconf 76' lang='lat' dir='ltr'><strong>sagaces,</strong></span> <span class='ocrx_word' id='word_1_218' title='bbox 2969 1713 3112 1768; x_wconf 76' lang='lat' dir='ltr'><strong>docti</strong></span> <span class='ocrx_word' id='word_1_219' title='bbox 3144 1713 3209 1765; x_wconf 89' lang='lat' dir='ltr'><strong>ad</strong></span> <span class='ocrx_word' id='word_1_220' title='bbox 3236 1711 3562 1766; x_wconf 83' lang='lat' dir='ltr'><strong>malclicien-</strong></span> 
     </span>
    </p>
   </div>
   <div class='ocr_carea' id='block_1_36' title="bbox 1916 1788 3015 1877">
    <p class='ocr_par' dir='ltr' id='par_1_36' title="bbox 1916 1788 3015 1877">
     <span class='ocr_line' id='line_1_36' title="bbox 1916 1788 3015 1877; baseline -0.006 -11"><span class='ocrx_word' id='word_1_221' title='bbox 1916 1788 1956 1843; x_wconf 75' lang='grc' dir='ltr'><strong>Β</strong></span> <span class='ocrx_word' id='word_1_222' title='bbox 1986 1809 2139 1877; x_wconf 88' lang='lat' dir='ltr'><strong>dum,</strong></span> <span class='ocrx_word' id='word_1_223' title='bbox 2175 1811 2406 1864; x_wconf 81' lang='lat' dir='ltr'><strong>honeste</strong></span> <span class='ocrx_word' id='word_1_224' title='bbox 2433 1809 2619 1862; x_wconf 80' lang='lat' dir='ltr'><strong>lacere</strong></span> <span class='ocrx_word' id='word_1_225' title='bbox 2645 1822 2755 1862; x_wconf 89' lang='lat' dir='ltr'><strong>non</strong></span> <span class='ocrx_word' id='word_1_226' title='bbox 2789 1814 3015 1862; x_wconf 89' lang='lat' dir='ltr'><strong>norunt.</strong></span> 
     </span>
    </p>
   </div>
   <div class='ocr_carea' id='block_1_37' title="bbox 2058 1894 3564 1968">
    <p class='ocr_par' dir='ltr' id='par_1_37' title="bbox 2058 1894 3564 1968">
     <span class='ocr_line' id='line_1_37' title="bbox 2058 1894 3564 1968; baseline -0.006 -14"><span class='ocrx_word' id='word_1_227' title='bbox 2058 1900 2231 1968; x_wconf 88' lang='lat' dir='ltr'><strong>Opera</strong></span> <span class='ocrx_word' id='word_1_228' title='bbox 2264 1899 2500 1963; x_wconf 90' lang='lat' dir='ltr'><strong>illorum,</strong></span> <span class='ocrx_word' id='word_1_229' title='bbox 2529 1912 2693 1966; x_wconf 88' lang='lat' dir='ltr'><strong>opera</strong></span> <span class='ocrx_word' id='word_1_230' title='bbox 2729 1897 2954 1966; x_wconf 87' lang='lat' dir='ltr'><strong>injusta,</strong></span> <span class='ocrx_word' id='word_1_231' title='bbox 2989 1903 3043 1950; x_wconf 88' lang='lat' dir='ltr'><strong>et</strong></span> <span class='ocrx_word' id='word_1_232' title='bbox 3079 1894 3240 1965; x_wconf 86' lang='lat' dir='ltr'><strong>pedes</strong></span> <span class='ocrx_word' id='word_1_233' title='bbox 3286 1909 3471 1948; x_wconf 89' lang='lat' dir='ltr'><strong>eorum</strong></span> <span class='ocrx_word' id='word_1_234' title='bbox 3509 1895 3564 1946; x_wconf 92' lang='lat' dir='ltr'><strong>iu</strong></span> 
     </span>
    </p>
   </div>
   <div class='ocr_carea' id='block_1_38' title="bbox 1984 1989 2588 2044">
    <p class='ocr_par' dir='ltr' id='par_1_38' title="bbox 1984 1989 2588 2044">
     <span class='ocr_line' id='line_1_38' title="bbox 1984 1989 2588 2044; baseline -0.002 0"><span class='ocrx_word' id='word_1_235' title='bbox 1984 1989 2312 2044; x_wconf 86' lang='lat' dir='ltr'><strong>maleﬁciqu</strong></span> <span class='ocrx_word' id='word_1_236' title='bbox 2337 1997 2588 2044; x_wconf 90' lang='lat' dir='ltr'><strong>currunt.</strong></span> 
     </span>
    </p>
   </div>
   <div class='ocr_carea' id='block_1_39' title="bbox 2053 2074 3570 2144">
    <p class='ocr_par' dir='ltr' id='par_1_39' title="bbox 2053 2074 3570 2144">
     <span class='ocr_line' id='line_1_39' title="bbox 2053 2074 3570 2144; baseline -0.003 -11"><span class='ocrx_word' id='word_1_237' title='bbox 2053 2079 2254 2134; x_wconf 85' lang='lat' dir='ltr'><strong>Jerem.</strong></span> <span class='ocrx_word' id='word_1_238' title='bbox 2294 2094 2414 2134; x_wconf 77' lang='lat' dir='ltr'><strong>xm.</strong></span> <span class='ocrx_word' id='word_1_239' title='bbox 2448 2078 2503 2132; x_wconf 89' lang='lat' dir='ltr'><strong>Si</strong></span> <span class='ocrx_word' id='word_1_240' title='bbox 2539 2076 2769 2132; x_wconf 85' lang='lat' dir='ltr'><strong>mutabit</strong></span> <span class='ocrx_word' id='word_1_241' title='bbox 2797 2074 3051 2144; x_wconf 63' lang='lat' dir='ltr'><strong>[Ethiops</strong></span> <span class='ocrx_word' id='word_1_242' title='bbox 3083 2084 3260 2129; x_wconf 87' lang='lat' dir='ltr'><strong>cutem</strong></span> <span class='ocrx_word' id='word_1_243' title='bbox 3295 2089 3475 2141; x_wconf 91' lang='lat' dir='ltr'><strong>suam,</strong></span> <span class='ocrx_word' id='word_1_244' title='bbox 3513 2082 3570 2128; x_wconf 78' lang='lat' dir='ltr'><strong>et</strong></span> 
     </span>
    </p>
   </div>
   <div class='ocr_carea' id='block_1_40' title="bbox 306 2157 1891 2241">
    <p class='ocr_par' dir='ltr' id='par_1_40' title="bbox 306 2157 1879 2234">
     <span class='ocr_line' id='line_1_40' title="bbox 306 2157 1879 2234; baseline 0.006 -24"><span class='ocrx_word' id='word_1_245' title='bbox 306 2159 390 2221; x_wconf 84' lang='grc' dir='ltr'><strong>λις</strong></span> <span class='ocrx_word' id='word_1_246' title='bbox 426 2157 493 2210; x_wconf 81' lang='grc' dir='ltr'><strong>τὰ</strong></span> <span class='ocrx_word' id='word_1_247' title='bbox 533 2160 867 2229; x_wconf 80' lang='grc' dir='ltr'>ποικίλματα</span> <span class='ocrx_word' id='word_1_248' title='bbox 899 2162 1092 2231; x_wconf 77' lang='grc' dir='ltr'>αὐτῆς,</span> <span class='ocrx_word' id='word_1_249' title='bbox 1139 2163 1234 2214; x_wconf 82' lang='grc' dir='ltr'>καὶ</span> <span class='ocrx_word' id='word_1_250' title='bbox 1276 2161 1436 2232; x_wconf 78' lang='grc' dir='ltr'>ὑμεῖς</span> <span class='ocrx_word' id='word_1_251' title='bbox 1473 2163 1772 2234; x_wconf 83' lang='grc' dir='ltr'>δυνήσεσθε</span> <span class='ocrx_word' id='word_1_252' title='bbox 1820 2161 1879 2220; x_wconf 81' lang='grc' dir='ltr'>εὖ</span> 
     </span>
    </p>
   </div>
   <div class='ocr_carea' id='block_1_41' title="bbox 2023 2157 3569 2241">
    <p class='ocr_par' dir='ltr' id='par_1_41' title="bbox 2023 2165 3569 2235">
     <span class='ocr_line' id='line_1_41' title="bbox 2023 2165 3569 2235; baseline -0.004 -11"><span class='ocrx_word' id='word_1_253' title='bbox 2023 2172 2228 2225; x_wconf 84' lang='lat' dir='ltr'><strong>ardalis</strong></span> <span class='ocrx_word' id='word_1_254' title='bbox 2256 2171 2551 2224; x_wconf 87' lang='lat' dir='ltr'><strong>varietates</strong></span> <span class='ocrx_word' id='word_1_255' title='bbox 2585 2183 2740 2234; x_wconf 85' lang='lat' dir='ltr'><strong>suas,</strong></span> <span class='ocrx_word' id='word_1_256' title='bbox 2765 2177 2818 2222; x_wconf 89' lang='lat' dir='ltr'><strong>et</strong></span> <span class='ocrx_word' id='word_1_257' title='bbox 2843 2181 2941 2222; x_wconf 84' lang='lat' dir='ltr'><strong>vos</strong></span> <span class='ocrx_word' id='word_1_258' title='bbox 2974 2165 3223 2235; x_wconf 88' lang='lat' dir='ltr'><strong>poteritis</strong></span> <span class='ocrx_word' id='word_1_259' title='bbox 3249 2165 3569 2219; x_wconf 80' lang='lat' dir='ltr'><strong>benefacere</strong></span> 
     </span>
    </p>
   </div>
   <div class='ocr_carea' id='block_1_42' title="bbox 309 2251 1138 2321">
    <p class='ocr_par' dir='ltr' id='par_1_42' title="bbox 309 2251 1138 2321">
     <span class='ocr_line' id='line_1_42' title="bbox 309 2251 1138 2321; baseline -0.002 -17"><span class='ocrx_word' id='word_1_260' title='bbox 309 2252 531 2320; x_wconf 77' lang='grc' dir='ltr'>ποιῆσαι</span> <span class='ocrx_word' id='word_1_261' title='bbox 567 2251 950 2321; x_wconf 81' lang='grc' dir='ltr'><strong>μεμαθηκότες</strong></span> <span class='ocrx_word' id='word_1_262' title='bbox 979 2252 1138 2305; x_wconf 88' lang='grc' dir='ltr'>κακά,</span> 
     </span>
    </p>
   </div>
   <div class='ocr_carea' id='block_1_43' title="bbox 379 2343 1377 2415">
    <p class='ocr_par' dir='ltr' id='par_1_43' title="bbox 379 2343 1377 2415">
     <span class='ocr_line' id='line_1_43' title="bbox 379 2343 1377 2415; baseline 0.002 -19"><span class='ocrx_word' id='word_1_263' title='bbox 379 2343 592 2406; x_wconf 85' lang='grc' dir='ltr'>Πτῶσις</span> <span class='ocrx_word' id='word_1_264' title='bbox 618 2343 770 2413; x_wconf 86' lang='grc' dir='ltr'><strong>κακῷ</strong></span> <span class='ocrx_word' id='word_1_265' title='bbox 796 2343 941 2398; x_wconf 87' lang='grc' dir='ltr'><strong>κατὰ</strong></span> <span class='ocrx_word' id='word_1_266' title='bbox 968 2345 1206 2415; x_wconf 82' lang='grc' dir='ltr'>σπουδὴν</span> <span class='ocrx_word' id='word_1_267' title='bbox 1235 2344 1377 2414; x_wconf 79' lang='grc' dir='ltr'>ἥξει.</span> 
     </span>
    </p>
   </div>
   <div class='ocr_carea' id='block_1_44' title="bbox 388 2434 1882 2505">
    <p class='ocr_par' dir='ltr' id='par_1_44' title="bbox 388 2434 1882 2505">
     <span class='ocr_line' id='line_1_44' title="bbox 388 2434 1882 2505; baseline 0.005 -18"><span class='ocrx_word' id='word_1_268' title='bbox 388 2434 538 2498; x_wconf 80' lang='grc' dir='ltr'>Ὀδὸς</span> <span class='ocrx_word' id='word_1_269' title='bbox 580 2435 921 2505; x_wconf 77' lang='grc' dir='ltr'>ἁμαρτωλῶν</span> <span class='ocrx_word' id='word_1_270' title='bbox 967 2435 1328 2505; x_wconf 82' lang='grc' dir='ltr'>ὠμαλισμένη</span> <span class='ocrx_word' id='word_1_271' title='bbox 1367 2435 1478 2489; x_wconf 81' lang='grc' dir='ltr'>ἀπὸ</span> <span class='ocrx_word' id='word_1_272' title='bbox 1531 2435 1717 2504; x_wconf 88' lang='grc' dir='ltr'>λίθων,</span> <span class='ocrx_word' id='word_1_273' title='bbox 1783 2439 1882 2494; x_wconf 78' lang='grc' dir='ltr'>καὶ</span> 
     </span>
    </p>
   </div>
   <div class='ocr_carea' id='block_1_45' title="bbox 311 2525 1291 2598">
    <p class='ocr_par' dir='ltr' id='par_1_45' title="bbox 311 2525 1291 2598">
     <span class='ocr_line' id='line_1_45' title="bbox 311 2525 1291 2598; baseline 0.004 -20"><span class='ocrx_word' id='word_1_274' title='bbox 311 2525 399 2578; x_wconf 75' lang='grc' dir='ltr'><strong>ἐπ’</strong></span> <span class='ocrx_word' id='word_1_275' title='bbox 431 2527 674 2598; x_wconf 76' lang='grc' dir='ltr'><strong>ἐσχάτων</strong></span> <span class='ocrx_word' id='word_1_276' title='bbox 698 2527 870 2596; x_wconf 78' lang='grc' dir='ltr'>αὐτῆς</span> <span class='ocrx_word' id='word_1_277' title='bbox 911 2527 1100 2598; x_wconf 69' lang='grc' dir='ltr'>βόθρος</span> <span class='ocrx_word' id='word_1_278' title='bbox 1141 2528 1291 2598; x_wconf 74' lang='grc' dir='ltr'>ᾅδου.</span> 
     </span>
    </p>
   </div>
   <div class='ocr_carea' id='block_1_46' title="bbox 383 2615 1884 2688">
    <p class='ocr_par' dir='ltr' id='par_1_46' title="bbox 383 2615 1884 2688">
     <span class='ocr_line' id='line_1_46' title="bbox 383 2615 1884 2688; baseline 0.001 -18"><span class='ocrx_word' id='word_1_279' title='bbox 383 2615 488 2670; x_wconf 81' lang='grc' dir='ltr'><strong>Τὸν</strong></span> <span class='ocrx_word' id='word_1_280' title='bbox 532 2617 916 2686; x_wconf 75' lang='grc' dir='ltr'>ἁμαρτάνοντα</span> <span class='ocrx_word' id='word_1_281' title='bbox 959 2619 1036 2680; x_wconf 77' lang='grc' dir='ltr'><strong>εἰς</strong></span> <span class='ocrx_word' id='word_1_282' title='bbox 1089 2619 1186 2687; x_wconf 82' lang='grc' dir='ltr'>τὴν</span> <span class='ocrx_word' id='word_1_283' title='bbox 1233 2616 1414 2688; x_wconf 79' lang='grc' dir='ltr'>ψυχὴν</span> <span class='ocrx_word' id='word_1_284' title='bbox 1460 2617 1628 2672; x_wconf 79' lang='grc' dir='ltr'>αὑτοῦ</span> <span class='ocrx_word' id='word_1_285' title='bbox 1672 2619 1755 2682; x_wconf 87' lang='grc' dir='ltr'><strong>τίς</strong></span> <span class='ocrx_word' id='word_1_286' title='bbox 1803 2619 1884 2672; x_wconf 89' lang='grc' dir='ltr'>δι-</span> 
     </span>
    </p>
   </div>
   <div class='ocr_carea' id='block_1_47' title="bbox 307 2708 582 2775">
    <p class='ocr_par' dir='ltr' id='par_1_47' title="bbox 307 2708 582 2775">
     <span class='ocr_line' id='line_1_47' title="bbox 307 2708 582 2775; baseline 0 -13"><span class='ocrx_word' id='word_1_287' title='bbox 307 2708 537 2762; x_wconf 81' lang='grc' dir='ltr'>καιώσει</span> <span class='ocrx_word' id='word_1_288' title='bbox 565 2725 582 2775; x_wconf 87' lang='lat'><strong>;</strong></span> 
     </span>
    </p>
   </div>
   <div class='ocr_carea' id='block_1_48' title="bbox 384 2801 1669 2873">
    <p class='ocr_par' dir='ltr' id='par_1_48' title="bbox 384 2801 1669 2873">
     <span class='ocr_line' id='line_1_48' title="bbox 384 2801 1669 2873; baseline 0.002 -17"><span class='ocrx_word' id='word_1_289' title='bbox 384 2801 563 2857; x_wconf 80' lang='grc' dir='ltr'>Τέκνα</span> <span class='ocrx_word' id='word_1_290' title='bbox 595 2802 851 2873; x_wconf 82' lang='grc' dir='ltr'>βδελυκτὰ</span> <span class='ocrx_word' id='word_1_291' title='bbox 878 2801 1085 2870; x_wconf 80' lang='grc' dir='ltr'>γίνεται</span> <span class='ocrx_word' id='word_1_292' title='bbox 1110 2802 1273 2855; x_wconf 86' lang='grc' dir='ltr'>τέκνα</span> <span class='ocrx_word' id='word_1_293' title='bbox 1297 2801 1669 2873; x_wconf 84' lang='grc' dir='ltr'>ἁμαρτωλῶν.</span> 
     </span>
    </p>
   </div>
   <div class='ocr_carea' id='block_1_49' title="bbox 386 2893 1882 2965">
    <p class='ocr_par' dir='ltr' id='par_1_49' title="bbox 386 2893 1882 2965">
     <span class='ocr_line' id='line_1_49' title="bbox 386 2893 1882 2965; baseline -0.001 -17"><span class='ocrx_word' id='word_1_294' title='bbox 386 2893 598 2965; x_wconf 84' lang='grc' dir='ltr'>Ὀνομα</span> <span class='ocrx_word' id='word_1_295' title='bbox 644 2893 950 2965; x_wconf 84' lang='grc' dir='ltr'>ἀνθρώπων</span> <span class='ocrx_word' id='word_1_296' title='bbox 1029 2894 1373 2963; x_wconf 78' lang='grc' dir='ltr'>ἁμαρτωλῶν</span> <span class='ocrx_word' id='word_1_297' title='bbox 1430 2895 1882 2965; x_wconf 78' lang='grc' dir='ltr'><strong>ἐξαλειφθήσεται</strong></span> 
     </span>
    </p>
   </div>
   <div class='ocr_carea' id='block_1_50' title="bbox 394 2983 1881 3058">
    <p class='ocr_par' dir='ltr' id='par_1_50' title="bbox 394 2983 1881 3058">
     <span class='ocr_line' id='line_1_50' title="bbox 394 2983 1881 3058; baseline -0.003 -15"><span class='ocrx_word' id='word_1_298' title='bbox 394 2988 456 3043; x_wconf 84' lang='grc'><strong>’0</strong></span> <span class='ocrx_word' id='word_1_299' title='bbox 495 2987 732 3058; x_wconf 80' lang='grc' dir='ltr'>πονηρὸς</span> <span class='ocrx_word' id='word_1_300' title='bbox 766 2985 1049 3053; x_wconf 77' lang='grc' dir='ltr'>ἄνθρωπος</span> <span class='ocrx_word' id='word_1_301' title='bbox 1092 2986 1156 3036; x_wconf 76' lang='grc' dir='ltr'>ὲκ</span> <span class='ocrx_word' id='word_1_302' title='bbox 1189 2983 1283 3038; x_wconf 80' lang='grc' dir='ltr'><strong>τοῦ</strong></span> <span class='ocrx_word' id='word_1_303' title='bbox 1316 2985 1555 3053; x_wconf 82' lang='grc' dir='ltr'>πονηροῦ</span> <span class='ocrx_word' id='word_1_304' title='bbox 1603 2985 1881 3056; x_wconf 81' lang='grc' dir='ltr'>θησαυροῦ</span> 
     </span>
    </p>
   </div>
   <div class='ocr_carea' id='block_1_51' title="bbox 1983 2260 2632 2318">
    <p class='ocr_par' dir='ltr' id='par_1_51' title="bbox 1983 2260 2632 2318">
     <span class='ocr_line' id='line_1_51' title="bbox 1983 2260 2632 2318; baseline -0.006 0"><span class='ocrx_word' id='word_1_305' title='bbox 1983 2278 2104 2318; x_wconf 90' lang='lat' dir='ltr'><strong>cum</strong></span> <span class='ocrx_word' id='word_1_306' title='bbox 2135 2261 2274 2316; x_wconf 86' lang='lat' dir='ltr'><strong>mala</strong></span> <span class='ocrx_word' id='word_1_307' title='bbox 2307 2260 2632 2316; x_wconf 87' lang='lat' dir='ltr'><strong>didiceritis.</strong></span> 
     </span>
    </p>
   </div>
   <div class='ocr_carea' id='block_1_52' title="bbox 2054 2351 3131 2422">
    <p class='ocr_par' dir='ltr' id='par_1_52' title="bbox 2054 2351 3131 2422">
     <span class='ocr_line' id='line_1_52' title="bbox 2054 2351 3131 2422; baseline -0.006 -16"><span class='ocrx_word' id='word_1_308' title='bbox 2054 2353 2232 2408; x_wconf 83' lang='lat' dir='ltr'><strong>Ruina</strong></span> <span class='ocrx_word' id='word_1_309' title='bbox 2270 2352 2502 2422; x_wconf 86' lang='lat' dir='ltr'><strong>improbi</strong></span> <span class='ocrx_word' id='word_1_310' title='bbox 2535 2365 2656 2406; x_wconf 88' lang='lat' dir='ltr'><strong>sero</strong></span> <span class='ocrx_word' id='word_1_311' title='bbox 2683 2352 2897 2406; x_wconf 84' lang='lat' dir='ltr'><strong>tandem</strong></span> <span class='ocrx_word' id='word_1_312' title='bbox 2931 2351 3131 2406; x_wconf 88' lang='lat' dir='ltr'><strong>veniet.</strong></span> 
     </span>
    </p>
   </div>
   <div class='ocr_carea' id='block_1_53' title="bbox 2053 2443 3567 2512">
    <p class='ocr_par' dir='ltr' id='par_1_53' title="bbox 2053 2443 3567 2512">
     <span class='ocr_line' id='line_1_53' title="bbox 2053 2443 3567 2512; baseline -0.001 -11"><span class='ocrx_word' id='word_1_313' title='bbox 2053 2445 2154 2501; x_wconf 78' lang='lat' dir='ltr'><strong>Via</strong></span> <span class='ocrx_word' id='word_1_314' title='bbox 2183 2443 2583 2499; x_wconf 89' lang='lat' dir='ltr'><strong>scelerosorum</strong></span> <span class='ocrx_word' id='word_1_315' title='bbox 2631 2443 2901 2512; x_wconf 87' lang='lat' dir='ltr'><strong>clapidata</strong></span> <span class='ocrx_word' id='word_1_316' title='bbox 2933 2453 2987 2496; x_wconf 90' lang='lat' dir='ltr'><strong>et</strong></span> <span class='ocrx_word' id='word_1_317' title='bbox 3037 2443 3384 2512; x_wconf 85' lang='lat' dir='ltr'><strong>complanata</strong></span> <span class='ocrx_word' id='word_1_318' title='bbox 3409 2481 3429 2508; x_wconf 88' lang='lat'><strong>,</strong></span> <span class='ocrx_word' id='word_1_319' title='bbox 3467 2445 3567 2499; x_wconf 84' lang='lat' dir='ltr'><strong>sed</strong></span> 
     </span>
    </p>
   </div>
   <div class='ocr_carea' id='block_1_54' title="bbox 1985 2533 3104 2602">
    <p class='ocr_par' dir='ltr' id='par_1_54' title="bbox 1985 2533 3104 2602">
     <span class='ocr_line' id='line_1_54' title="bbox 1985 2533 3104 2602; baseline -0.002 -14"><span class='ocrx_word' id='word_1_320' title='bbox 1985 2534 2040 2590; x_wconf 88' lang='lat' dir='ltr'><strong>in</strong></span> <span class='ocrx_word' id='word_1_321' title='bbox 2070 2542 2314 2588; x_wconf 81' lang='lat' dir='ltr'><strong>extrema</strong></span> <span class='ocrx_word' id='word_1_322' title='bbox 2353 2534 2469 2602; x_wconf 90' lang='lat' dir='ltr'><strong>ipsa</strong></span> <span class='ocrx_word' id='word_1_323' title='bbox 2499 2533 2800 2588; x_wconf 80' lang='lat' dir='ltr'><strong>inferorum</strong></span> <span class='ocrx_word' id='word_1_324' title='bbox 2827 2541 2909 2587; x_wconf 87' lang='lat' dir='ltr'><strong>est</strong></span> <span class='ocrx_word' id='word_1_325' title='bbox 2937 2533 3104 2587; x_wconf 81' lang='lat' dir='ltr'><strong>fossa.</strong></span> 
     </span>
    </p>
   </div>
   <div class='ocr_carea' id='block_1_55' title="bbox 2053 2624 3394 2692">
    <p class='ocr_par' dir='ltr' id='par_1_55' title="bbox 2053 2624 3394 2692">
     <span class='ocr_line' id='line_1_55' title="bbox 2053 2624 3394 2692; baseline -0.003 -10"><span class='ocrx_word' id='word_1_326' title='bbox 2053 2626 2378 2682; x_wconf 87' lang='lat' dir='ltr'><strong>Peccantem</strong></span> <span class='ocrx_word' id='word_1_327' title='bbox 2409 2625 2465 2679; x_wconf 87' lang='lat' dir='ltr'><strong>in</strong></span> <span class='ocrx_word' id='word_1_328' title='bbox 2496 2626 2732 2680; x_wconf 87' lang='lat' dir='ltr'><strong>animam</strong></span> <span class='ocrx_word' id='word_1_329' title='bbox 2765 2639 2920 2680; x_wconf 89' lang='lat' dir='ltr'><strong>suam</strong></span> <span class='ocrx_word' id='word_1_330' title='bbox 2950 2625 3074 2692; x_wconf 79' lang='lat' dir='ltr'><strong>quis</strong></span> <span class='ocrx_word' id='word_1_331' title='bbox 3107 2624 3394 2679; x_wconf 80' lang='lat' dir='ltr'><strong>absolvet?</strong></span> 
     </span>
    </p>
   </div>
   <div class='ocr_carea' id='block_1_56' title="bbox 2058 2801 3465 2873">
    <p class='ocr_par' dir='ltr' id='par_1_56' title="bbox 2058 2801 3465 2873">
     <span class='ocr_line' id='line_1_56' title="bbox 2058 2801 3465 2873; baseline -0.008 -9"><span class='ocrx_word' id='word_1_332' title='bbox 2058 2808 2238 2864; x_wconf 88' lang='lat' dir='ltr'><strong>Liberi</strong></span> <span class='ocrx_word' id='word_1_333' title='bbox 2267 2804 2614 2863; x_wconf 88' lang='lat' dir='ltr'><strong>abominandi</strong></span> <span class='ocrx_word' id='word_1_334' title='bbox 2649 2815 2777 2861; x_wconf 89' lang='lat' dir='ltr'><strong>sunt</strong></span> <span class='ocrx_word' id='word_1_335' title='bbox 2804 2819 2866 2858; x_wconf 82' lang='lat' dir='ltr'><strong>ex</strong></span> <span class='ocrx_word' id='word_1_336' title='bbox 2897 2801 3158 2872; x_wconf 88' lang='lat' dir='ltr'><strong>improbis</strong></span> <span class='ocrx_word' id='word_1_337' title='bbox 3189 2804 3465 2873; x_wconf 74' lang='lat' dir='ltr'><strong>prognati.</strong></span> 
     </span>
    </p>
   </div>
   <div class='ocr_carea' id='block_1_57' title="bbox 2056 2891 3310 2950">
    <p class='ocr_par' dir='ltr' id='par_1_57' title="bbox 2056 2891 3310 2950">
     <span class='ocr_line' id='line_1_57' title="bbox 2056 2891 3310 2950; baseline -0.003 0"><span class='ocrx_word' id='word_1_338' title='bbox 2056 2897 2262 2950; x_wconf 83' lang='lat' dir='ltr'><strong>Nomen</strong></span> <span class='ocrx_word' id='word_1_339' title='bbox 2293 2893 2681 2950; x_wconf 87' lang='lat' dir='ltr'><strong>sceleratorum</strong></span> <span class='ocrx_word' id='word_1_340' title='bbox 2708 2893 2986 2946; x_wconf 87' lang='lat' dir='ltr'><strong>hominum</strong></span> <span class='ocrx_word' id='word_1_341' title='bbox 3015 2891 3310 2946; x_wconf 89' lang='lat' dir='ltr'><strong>delebitur.</strong></span> 
     </span>
    </p>
   </div>
   <div class='ocr_carea' id='block_1_58' title="bbox 2058 2983 3568 3042">
    <p class='ocr_par' dir='ltr' id='par_1_58' title="bbox 2058 2983 3568 3042">
     <span class='ocr_line' id='line_1_58' title="bbox 2058 2983 3568 3042; baseline -0.003 -1"><span class='ocrx_word' id='word_1_342' title='bbox 2058 2988 2250 3041; x_wconf 83' lang='lat' dir='ltr'><strong>Matth.</strong></span> <span class='ocrx_word' id='word_1_343' title='bbox 2292 3001 2366 3042; x_wconf 67' lang='grc' dir='ltr'>ιιι</span> <span class='ocrx_word' id='word_1_344' title='bbox 2399 2996 2452 3042; x_wconf 88' lang='lat' dir='ltr'><strong>et</strong></span> <span class='ocrx_word' id='word_1_345' title='bbox 2481 2984 2612 3041; x_wconf 85' lang='lat' dir='ltr'><strong>Luc.</strong></span> <span class='ocrx_word' id='word_1_346' title='bbox 2656 3000 2733 3038; x_wconf 85' lang='lat' dir='ltr'><strong>vt.</strong></span> <span class='ocrx_word' id='word_1_347' title='bbox 2772 2983 2947 3038; x_wconf 78' lang='lat' dir='ltr'><strong>Malus</strong></span> <span class='ocrx_word' id='word_1_348' title='bbox 2995 2999 3059 3037; x_wconf 82' lang='lat' dir='ltr'><strong>ex</strong></span> <span class='ocrx_word' id='word_1_349' title='bbox 3097 2983 3274 3038; x_wconf 87' lang='lat' dir='ltr'><strong>cordis</strong></span> <span class='ocrx_word' id='word_1_350' title='bbox 3307 2983 3389 3038; x_wconf 90' lang='lat' dir='ltr'><strong>sui</strong></span> <span class='ocrx_word' id='word_1_351' title='bbox 3427 2984 3568 3037; x_wconf 91' lang='lat' dir='ltr'><strong>malo</strong></span> 
     </span>
    </p>
   </div>
   <div class='ocr_carea' id='block_1_59' title="bbox 310 3072 1891 3173">
    <p class='ocr_par' dir='ltr' id='par_1_59' title="bbox 310 3072 1881 3148">
     <span class='ocr_line' id='line_1_59' title="bbox 310 3072 1881 3148; baseline -0.001 -18"><span class='ocrx_word' id='word_1_352' title='bbox 310 3079 412 3147; x_wconf 82' lang='grc' dir='ltr'>τῆς</span> <span class='ocrx_word' id='word_1_353' title='bbox 443 3077 675 3148; x_wconf 83' lang='grc' dir='ltr'>καρδίας</span> <span class='ocrx_word' id='word_1_354' title='bbox 720 3075 889 3128; x_wconf 82' lang='grc' dir='ltr'>αὑτοῦ</span> <span class='ocrx_word' id='word_1_355' title='bbox 937 3072 1202 3143; x_wconf 79' lang='grc' dir='ltr'>προφέρει</span> <span class='ocrx_word' id='word_1_356' title='bbox 1250 3072 1320 3126; x_wconf 82' lang='grc' dir='ltr'>τὰ</span> <span class='ocrx_word' id='word_1_357' title='bbox 1354 3073 1586 3144; x_wconf 85' lang='grc' dir='ltr'>πονηρά.</span> <span class='ocrx_word' id='word_1_358' title='bbox 1630 3075 1728 3126; x_wconf 88' lang='grc' dir='ltr'><strong>Ἐκ</strong></span> <span class='ocrx_word' id='word_1_359' title='bbox 1770 3076 1881 3146; x_wconf 82' lang='grc' dir='ltr'><strong>γάρ</strong></span> 
     </span>
    </p>
   </div>
   <div class='ocr_carea' id='block_1_60' title="bbox 2023 3072 3564 3173">
    <p class='ocr_par' dir='ltr' id='par_1_60' title="bbox 2023 3076 3564 3149">
     <span class='ocr_line' id='line_1_60' title="bbox 2023 3076 3564 3149; baseline 0 -17"><span class='ocrx_word' id='word_1_360' title='bbox 2023 3080 2249 3134; x_wconf 82' lang='lat' dir='ltr'><strong>hesauro</strong></span> <span class='ocrx_word' id='word_1_361' title='bbox 2287 3093 2408 3149; x_wconf 71' lang='lat' dir='ltr'><strong>qua:</strong></span> <span class='ocrx_word' id='word_1_362' title='bbox 2455 3077 2595 3132; x_wconf 90' lang='lat' dir='ltr'><strong>mala</strong></span> <span class='ocrx_word' id='word_1_363' title='bbox 2645 3084 2792 3142; x_wconf 90' lang='lat' dir='ltr'><strong>sunt,</strong></span> <span class='ocrx_word' id='word_1_364' title='bbox 2848 3077 3048 3145; x_wconf 90' lang='lat' dir='ltr'><strong>promit</strong></span> <span class='ocrx_word' id='word_1_365' title='bbox 3079 3094 3094 3131; x_wconf 90' lang='lat'><strong>:</strong></span> <span class='ocrx_word' id='word_1_366' title='bbox 3128 3090 3195 3130; x_wconf 78' lang='lat' dir='ltr'><strong>ex</strong></span> <span class='ocrx_word' id='word_1_367' title='bbox 3229 3076 3564 3132; x_wconf 86' lang='lat' dir='ltr'><strong>abundantia</strong></span> 
     </span>
    </p>
   </div>
   <div class='ocr_carea' id='block_1_61' title="bbox 309 3164 1775 3241">
    <p class='ocr_par' dir='ltr' id='par_1_61' title="bbox 309 3164 1775 3241">
     <span class='ocr_line' id='line_1_61' title="bbox 309 3164 1775 3241; baseline -0.002 -19"><span class='ocrx_word' id='word_1_368' title='bbox 309 3168 407 3223; x_wconf 77' lang='grc' dir='ltr'>τοῦ</span> <span class='ocrx_word' id='word_1_369' title='bbox 446 3166 884 3241; x_wconf 79' lang='grc' dir='ltr'>περισσεύματος</span> <span class='ocrx_word' id='word_1_370' title='bbox 911 3169 1011 3235; x_wconf 85' lang='grc' dir='ltr'>τῆς</span> <span class='ocrx_word' id='word_1_371' title='bbox 1045 3165 1284 3234; x_wconf 83' lang='grc' dir='ltr'>καρδίας</span> <span class='ocrx_word' id='word_1_372' title='bbox 1305 3164 1457 3216; x_wconf 88' lang='grc' dir='ltr'>λαλεῖ</span> <span class='ocrx_word' id='word_1_373' title='bbox 1483 3165 1545 3217; x_wconf 82' lang='grc' dir='ltr'>τὸ</span> <span class='ocrx_word' id='word_1_374' title='bbox 1576 3164 1775 3234; x_wconf 87' lang='grc' dir='ltr'>στόμα.</span> 
     </span>
    </p>
   </div>
   <div class='ocr_carea' id='block_1_62' title="bbox 385 3257 1883 3331">
    <p class='ocr_par' dir='ltr' id='par_1_62' title="bbox 385 3257 1883 3331">
     <span class='ocr_line' id='line_1_62' title="bbox 385 3257 1883 3331; baseline -0.003 -14"><span class='ocrx_word' id='word_1_375' title='bbox 385 3261 558 3317; x_wconf 77' lang='grc' dir='ltr'>Τοῦτο</span> <span class='ocrx_word' id='word_1_376' title='bbox 587 3263 644 3314; x_wconf 83' lang='grc' dir='ltr'>δὲ</span> <span class='ocrx_word' id='word_1_377' title='bbox 674 3260 994 3331; x_wconf 84' lang='grc' dir='ltr'>γινώσκετε,</span> <span class='ocrx_word' id='word_1_378' title='bbox 1013 3260 1094 3311; x_wconf 81' lang='grc' dir='ltr'>ὅτι</span> <span class='ocrx_word' id='word_1_379' title='bbox 1127 3262 1184 3311; x_wconf 80' lang='grc' dir='ltr'>ἐν</span> <span class='ocrx_word' id='word_1_380' title='bbox 1201 3260 1321 3320; x_wconf 81' lang='grc' dir='ltr'>ταῖς</span> <span class='ocrx_word' id='word_1_381' title='bbox 1347 3257 1600 3329; x_wconf 76' lang='grc' dir='ltr'>ἐσχάταις</span> <span class='ocrx_word' id='word_1_382' title='bbox 1627 3261 1883 3330; x_wconf 79' lang='grc' dir='ltr'>ἡμέραις,</span> 
     </span>
    </p>
   </div>
   <div class='ocr_carea' id='block_1_63' title="bbox 310 3349 1888 3423">
    <p class='ocr_par' dir='ltr' id='par_1_63' title="bbox 310 3349 1888 3423">
     <span class='ocr_line' id='line_1_63' title="bbox 310 3349 1888 3423; baseline 0.001 -17"><span class='ocrx_word' id='word_1_383' title='bbox 310 3355 667 3423; x_wconf 70' lang='grc' dir='ltr'>ἐνστήσονται</span> <span class='ocrx_word' id='word_1_384' title='bbox 700 3351 884 3418; x_wconf 80' lang='grc' dir='ltr'>καιροὶ</span> <span class='ocrx_word' id='word_1_385' title='bbox 906 3349 1152 3422; x_wconf 86' lang='grc' dir='ltr'>χαλεποί.</span> <span class='ocrx_word' id='word_1_386' title='bbox 1187 3349 1444 3403; x_wconf 85' lang='grc' dir='ltr'>Ἔσονται</span> <span class='ocrx_word' id='word_1_387' title='bbox 1473 3349 1582 3422; x_wconf 83' lang='grc' dir='ltr'><strong>γὰρ</strong></span> <span class='ocrx_word' id='word_1_388' title='bbox 1607 3353 1655 3405; x_wconf 87' lang='grc' dir='ltr'><strong>οί</strong></span> <span class='ocrx_word' id='word_1_389' title='bbox 1676 3351 1888 3422; x_wconf 81' lang='grc' dir='ltr'>ἄνθρω-</span> 
     </span>
    </p>
   </div>
   <div class='ocr_carea' id='block_1_64' title="bbox 313 3441 1138 3512">
    <p class='ocr_par' dir='ltr' id='par_1_64' title="bbox 313 3441 1138 3512">
     <span class='ocr_line' id='line_1_64' title="bbox 313 3441 1138 3512; baseline 0 -14"><span class='ocrx_word' id='word_1_390' title='bbox 313 3462 408 3498; x_wconf 83' lang='grc' dir='ltr'><strong>ποι</strong></span> <span class='ocrx_word' id='word_1_391' title='bbox 447 3443 696 3510; x_wconf 86' lang='grc' dir='ltr'>φίλαυτοι</span> <span class='ocrx_word' id='word_1_392' title='bbox 723 3481 737 3506; x_wconf 98' lang='grc'><strong>,</strong></span> <span class='ocrx_word' id='word_1_393' title='bbox 771 3443 868 3495; x_wconf 75' lang='grc' dir='ltr'>καὶ</span> <span class='ocrx_word' id='word_1_394' title='bbox 895 3441 963 3494; x_wconf 83' lang='grc' dir='ltr'>τὰ</span> <span class='ocrx_word' id='word_1_395' title='bbox 992 3441 1138 3512; x_wconf 77' lang='grc' dir='ltr'>ἑξῆς.</span> 
     </span>
    </p>
   </div>
   <div class='ocr_carea' id='block_1_65' title="bbox 391 3532 1882 3607">
    <p class='ocr_par' dir='ltr' id='par_1_65' title="bbox 391 3532 1882 3607">
     <span class='ocr_line' id='line_1_65' title="bbox 391 3532 1882 3607; baseline 0.002 -20"><span class='ocrx_word' id='word_1_396' title='bbox 391 3533 485 3588; x_wconf 81' lang='grc' dir='ltr'>Ἐν</span> <span class='ocrx_word' id='word_1_397' title='bbox 528 3532 783 3602; x_wconf 84' lang='grc' dir='ltr'>ἁμίλλαις</span> <span class='ocrx_word' id='word_1_398' title='bbox 837 3535 1104 3603; x_wconf 83' lang='grc' dir='ltr'>πονηρίας</span> <span class='ocrx_word' id='word_1_399' title='bbox 1165 3534 1492 3606; x_wconf 85' lang='grc' dir='ltr'>ἀθλιώτερος</span> <span class='ocrx_word' id='word_1_400' title='bbox 1541 3535 1572 3588; x_wconf 78' lang='grc' dir='ltr'><strong><em>ὁ</em></strong></span> <span class='ocrx_word' id='word_1_401' title='bbox 1619 3537 1882 3607; x_wconf 85' lang='grc' dir='ltr'>νικήσας,</span> 
     </span>
    </p>
   </div>
   <div class='ocr_carea' id='block_1_66' title="bbox 310 3625 1708 3699">
    <p class='ocr_par' dir='ltr' id='par_1_66' title="bbox 310 3625 1708 3699">
     <span class='ocr_line' id='line_1_66' title="bbox 310 3625 1708 3699; baseline 0.001 -20"><span class='ocrx_word' id='word_1_402' title='bbox 310 3627 446 3680; x_wconf 77' lang='grc' dir='ltr'>διότι</span> <span class='ocrx_word' id='word_1_403' title='bbox 477 3627 777 3699; x_wconf 85' lang='grc' dir='ltr'>ἀπέρχεται</span> <span class='ocrx_word' id='word_1_404' title='bbox 804 3625 863 3679; x_wconf 81' lang='grc' dir='ltr'>τὸ</span> <span class='ocrx_word' id='word_1_405' title='bbox 895 3625 1079 3679; x_wconf 87' lang='grc' dir='ltr'>πλεῖον</span> <span class='ocrx_word' id='word_1_406' title='bbox 1109 3627 1248 3698; x_wconf 75' lang='grc' dir='ltr'>ἔχων</span> <span class='ocrx_word' id='word_1_407' title='bbox 1272 3627 1374 3697; x_wconf 85' lang='grc' dir='ltr'>τῆς</span> <span class='ocrx_word' id='word_1_408' title='bbox 1409 3628 1708 3698; x_wconf 88' lang='grc' dir='ltr'>ἁμαρτίας.</span> 
     </span>
    </p>
   </div>
   <div class='ocr_carea' id='block_1_67' title="bbox 382 3803 1884 3876">
    <p class='ocr_par' dir='ltr' id='par_1_67' title="bbox 382 3803 1884 3876">
     <span class='ocr_line' id='line_1_67' title="bbox 382 3803 1884 3876; baseline 0.001 -17"><span class='ocrx_word' id='word_1_409' title='bbox 382 3806 458 3859; x_wconf 79' lang='grc' dir='ltr'>Τὸ</span> <span class='ocrx_word' id='word_1_410' title='bbox 485 3806 710 3876; x_wconf 77' lang='grc' dir='ltr'>ἔσχατον</span> <span class='ocrx_word' id='word_1_411' title='bbox 747 3807 805 3860; x_wconf 82' lang='grc' dir='ltr'>ὲν</span> <span class='ocrx_word' id='word_1_412' title='bbox 857 3806 1098 3876; x_wconf 75' lang='grc' dir='ltr'>πονηρίᾳ</span> <span class='ocrx_word' id='word_1_413' title='bbox 1126 3805 1219 3858; x_wconf 76' lang='grc' dir='ltr'>καὶ</span> <span class='ocrx_word' id='word_1_414' title='bbox 1265 3803 1402 3875; x_wconf 77' lang='grc' dir='ltr'>πρὸς</span> <span class='ocrx_word' id='word_1_415' title='bbox 1429 3804 1607 3873; x_wconf 82' lang='grc' dir='ltr'>ἑαυτῷ</span> <span class='ocrx_word' id='word_1_416' title='bbox 1639 3807 1788 3859; x_wconf 75' lang='grc' dir='ltr'>ἐστιν</span> <span class='ocrx_word' id='word_1_417' title='bbox 1819 3808 1884 3860; x_wconf 91' lang='grc' dir='ltr'>ἁ-</span> 
     </span>
    </p>
   </div>
   <div class='ocr_carea' id='block_1_68' title="bbox 317 3899 624 3967">
    <p class='ocr_par' dir='ltr' id='par_1_68' title="bbox 317 3899 624 3967">
     <span class='ocr_line' id='line_1_68' title="bbox 317 3899 624 3967; baseline 0 -16"><span class='ocrx_word' id='word_1_418' title='bbox 317 3899 624 3967; x_wconf 78' lang='grc' dir='ltr'>σύμφωνον.</span> 
     </span>
    </p>
   </div>
   <div class='ocr_carea' id='block_1_69' title="bbox 391 3990 1889 4063">
    <p class='ocr_par' dir='ltr' id='par_1_69' title="bbox 391 3990 1889 4063">
     <span class='ocr_line' id='line_1_69' title="bbox 391 3990 1889 4063; baseline -0.001 -18"><span class='ocrx_word' id='word_1_419' title='bbox 391 3991 581 4045; x_wconf 84' lang='grc' dir='ltr'>Πολλοί</span> <span class='ocrx_word' id='word_1_420' title='bbox 629 3991 736 4044; x_wconf 84' lang='grc' dir='ltr'>είσι</span> <span class='ocrx_word' id='word_1_421' title='bbox 778 3990 876 4052; x_wconf 79' lang='grc' dir='ltr'>τὰς</span> <span class='ocrx_word' id='word_1_422' title='bbox 917 3990 1166 4061; x_wconf 83' lang='grc' dir='ltr'>πονηράς</span> <span class='ocrx_word' id='word_1_423' title='bbox 1213 3991 1444 4060; x_wconf 84' lang='grc' dir='ltr'>πράξεις</span> <span class='ocrx_word' id='word_1_424' title='bbox 1475 3993 1889 4063; x_wconf 85' lang='grc' dir='ltr'>ἀποδεχόμενοι,</span> 
     </span>
    </p>
   </div>
   <div class='ocr_carea' id='block_1_70' title="bbox 319 4079 1890 4152">
    <p class='ocr_par' dir='ltr' id='par_1_70' title="bbox 319 4079 1890 4152">
     <span class='ocr_line' id='line_1_70' title="bbox 319 4079 1890 4152; baseline -0.001 -18"><span class='ocrx_word' id='word_1_425' title='bbox 319 4085 414 4135; x_wconf 71' lang='grc' dir='ltr'><strong>καὶ</strong></span> <span class='ocrx_word' id='word_1_426' title='bbox 443 4083 701 4151; x_wconf 80' lang='grc' dir='ltr'>χαρίεντα</span> <span class='ocrx_word' id='word_1_427' title='bbox 748 4081 848 4150; x_wconf 81' lang='grc' dir='ltr'>μὲν</span> <span class='ocrx_word' id='word_1_428' title='bbox 875 4079 965 4133; x_wconf 80' lang='grc' dir='ltr'>τὸν</span> <span class='ocrx_word' id='word_1_429' title='bbox 1009 4081 1349 4152; x_wconf 83' lang='grc' dir='ltr'>εὐτράπελον</span> <span class='ocrx_word' id='word_1_430' title='bbox 1394 4081 1670 4152; x_wconf 82' lang='grc' dir='ltr'>λέγοντες,</span> <span class='ocrx_word' id='word_1_431' title='bbox 1714 4082 1806 4134; x_wconf 84' lang='grc' dir='ltr'>τὸν</span> <span class='ocrx_word' id='word_1_432' title='bbox 1831 4081 1890 4134; x_wconf 79' lang='grc' dir='ltr'>δὲ</span> 
     </span>
    </p>
   </div>
   <div class='ocr_carea' id='block_1_71' title="bbox 320 4173 1892 4244">
    <p class='ocr_par' dir='ltr' id='par_1_71' title="bbox 320 4173 1892 4244">
     <span class='ocr_line' id='line_1_71' title="bbox 320 4173 1892 4244; baseline -0.001 -18"><span class='ocrx_word' id='word_1_433' title='bbox 320 4174 672 4244; x_wconf 79' lang='grc' dir='ltr'>σίσχρολόγον</span> <span class='ocrx_word' id='word_1_434' title='bbox 702 4173 979 4226; x_wconf 85' lang='grc' dir='ltr'>πολιτικόν</span> <span class='ocrx_word' id='word_1_435' title='bbox 999 4189 1014 4204; x_wconf 81' lang='lat'><strong><em>°</em></strong></span> <span class='ocrx_word' id='word_1_436' title='bbox 1045 4173 1137 4228; x_wconf 82' lang='grc' dir='ltr'>τὸν</span> <span class='ocrx_word' id='word_1_437' title='bbox 1166 4173 1367 4244; x_wconf 81' lang='grc' dir='ltr'>πικρὸν</span> <span class='ocrx_word' id='word_1_438' title='bbox 1393 4173 1490 4227; x_wconf 75' lang='grc' dir='ltr'>καὶ</span> <span class='ocrx_word' id='word_1_439' title='bbox 1512 4173 1729 4244; x_wconf 83' lang='grc' dir='ltr'>ὀργίλον</span> <span class='ocrx_word' id='word_1_440' title='bbox 1754 4173 1892 4227; x_wconf 85' lang='grc' dir='ltr'>ἀκα-</span> 
     </span>
    </p>
   </div>
   <div class='ocr_carea' id='block_1_72' title="bbox 319 4263 1890 4335">
    <p class='ocr_par' dir='ltr' id='par_1_72' title="bbox 319 4263 1890 4335">
     <span class='ocr_line' id='line_1_72' title="bbox 319 4263 1890 4335; baseline 0 -19"><span class='ocrx_word' id='word_1_441' title='bbox 319 4266 656 4334; x_wconf 80' lang='grc' dir='ltr'>ταφρόνητον</span> <span class='ocrx_word' id='word_1_442' title='bbox 684 4265 1035 4334; x_wconf 79' lang='grc' dir='ltr'>ὀνομάζουσι’</span> <span class='ocrx_word' id='word_1_443' title='bbox 1059 4265 1148 4318; x_wconf 79' lang='grc' dir='ltr'>τὸν</span> <span class='ocrx_word' id='word_1_444' title='bbox 1171 4265 1431 4334; x_wconf 83' lang='grc' dir='ltr'>φειδωλὸν</span> <span class='ocrx_word' id='word_1_445' title='bbox 1459 4265 1552 4318; x_wconf 79' lang='grc' dir='ltr'>καὶ</span> <span class='ocrx_word' id='word_1_446' title='bbox 1584 4263 1890 4335; x_wconf 87' lang='grc' dir='ltr'>ἀκοινώνη-</span> 
     </span>
    </p>
   </div>
   <div class='ocr_carea' id='block_1_73' title="bbox 319 4354 1894 4422">
    <p class='ocr_par' dir='ltr' id='par_1_73' title="bbox 319 4354 1894 4422">
     <span class='ocr_line' id='line_1_73' title="bbox 319 4354 1894 4422; baseline 0.002 -16"><span class='ocrx_word' id='word_1_447' title='bbox 319 4373 411 4407; x_wconf 79' lang='grc' dir='ltr'><strong>τον</strong></span> <span class='ocrx_word' id='word_1_448' title='bbox 441 4354 514 4417; x_wconf 83' lang='grc' dir='ltr'>ὡς</span> <span class='ocrx_word' id='word_1_449' title='bbox 543 4356 884 4422; x_wconf 74' lang='grc' dir='ltr'>οἰκονομικὸν</span> <span class='ocrx_word' id='word_1_450' title='bbox 924 4356 1246 4409; x_wconf 78' lang='grc' dir='ltr'>ἐπαινοῦσι·</span> <span class='ocrx_word' id='word_1_451' title='bbox 1285 4357 1378 4411; x_wconf 84' lang='grc' dir='ltr'>τὸν</span> <span class='ocrx_word' id='word_1_452' title='bbox 1399 4356 1608 4412; x_wconf 85' lang='grc' dir='ltr'>ἀσωτον</span> <span class='ocrx_word' id='word_1_453' title='bbox 1634 4356 1708 4420; x_wconf 84' lang='grc' dir='ltr'>ὡς</span> <span class='ocrx_word' id='word_1_454' title='bbox 1742 4355 1894 4409; x_wconf 74' lang='grc' dir='ltr'>ἐλεύ-</span> 
     </span>
    </p>
   </div>
   <div class='ocr_carea' id='block_1_74' title="bbox 1989 3169 2726 3236">
    <p class='ocr_par' dir='ltr' id='par_1_74' title="bbox 1989 3169 2726 3236">
     <span class='ocr_line' id='line_1_74' title="bbox 1989 3169 2726 3236; baseline -0.003 -12"><span class='ocrx_word' id='word_1_455' title='bbox 1989 3170 2132 3224; x_wconf 88' lang='lat' dir='ltr'><strong>enim</strong></span> <span class='ocrx_word' id='word_1_456' title='bbox 2162 3169 2342 3225; x_wconf 87' lang='lat' dir='ltr'><strong>cordis</strong></span> <span class='ocrx_word' id='word_1_457' title='bbox 2371 3185 2433 3224; x_wconf 89' lang='lat' dir='ltr'><strong>os</strong></span> <span class='ocrx_word' id='word_1_458' title='bbox 2464 3169 2726 3236; x_wconf 89' lang='lat' dir='ltr'><strong>loquitur.</strong></span> 
     </span>
    </p>
   </div>
   <div class='ocr_carea' id='block_1_75' title="bbox 2059 3259 3564 3332">
    <p class='ocr_par' dir='ltr' id='par_1_75' title="bbox 2059 3259 3564 3332">
     <span class='ocr_line' id='line_1_75' title="bbox 2059 3259 3564 3332; baseline 0.002 -17"><span class='ocrx_word' id='word_1_459' title='bbox 2059 3261 2086 3315; x_wconf 85' lang='grc'><em>1</em></span> <span class='ocrx_word' id='word_1_460' title='bbox 2122 3261 2260 3316; x_wconf 83' lang='lat' dir='ltr'><strong>Tim.</strong></span> <span class='ocrx_word' id='word_1_461' title='bbox 2292 3276 2374 3315; x_wconf 88' lang='grc' dir='ltr'>ιιι.</span> <span class='ocrx_word' id='word_1_462' title='bbox 2403 3261 2538 3316; x_wconf 88' lang='lat' dir='ltr'><strong>lllud</strong></span> <span class='ocrx_word' id='word_1_463' title='bbox 2565 3269 2742 3316; x_wconf 91' lang='lat' dir='ltr'><strong>autem</strong></span> <span class='ocrx_word' id='word_1_464' title='bbox 2766 3260 3140 3330; x_wconf 84' lang='lat' dir='ltr'><strong>cognoscitote</strong></span> <span class='ocrx_word' id='word_1_465' title='bbox 3162 3259 3300 3327; x_wconf 84' lang='lat' dir='ltr'><strong>fore,</strong></span> <span class='ocrx_word' id='word_1_466' title='bbox 3323 3272 3380 3316; x_wconf 88' lang='lat' dir='ltr'><strong>ut</strong></span> <span class='ocrx_word' id='word_1_467' title='bbox 3404 3262 3564 3332; x_wconf 75' lang='lat'><strong>171</strong></span> 
     </span>
    </p>
   </div>
   <div class='ocr_carea' id='block_1_76' title="bbox 1990 3347 3567 3422">
    <p class='ocr_par' dir='ltr' id='par_1_76' title="bbox 1990 3347 3567 3422">
     <span class='ocr_line' id='line_1_76' title="bbox 1990 3347 3567 3422; baseline 0.003 -20"><span class='ocrx_word' id='word_1_468' title='bbox 1990 3347 2044 3402; x_wconf 92' lang='lat' dir='ltr'><strong>iu</strong></span> <span class='ocrx_word' id='word_1_469' title='bbox 2074 3349 2280 3404; x_wconf 87' lang='lat' dir='ltr'><strong>ultimis</strong></span> <span class='ocrx_word' id='word_1_470' title='bbox 2301 3349 2490 3404; x_wconf 86' lang='lat' dir='ltr'><strong>diebus</strong></span> <span class='ocrx_word' id='word_1_471' title='bbox 2505 3349 2710 3404; x_wconf 89' lang='lat' dir='ltr'><strong>instent</strong></span> <span class='ocrx_word' id='word_1_472' title='bbox 2731 3351 2927 3403; x_wconf 88' lang='lat' dir='ltr'><strong>acerba</strong></span> <span class='ocrx_word' id='word_1_473' title='bbox 2953 3360 3002 3403; x_wconf 90' lang='lat' dir='ltr'><strong>et</strong></span> <span class='ocrx_word' id='word_1_474' title='bbox 3030 3350 3274 3406; x_wconf 80' lang='lat' dir='ltr'><strong>difﬁcilia</strong></span> <span class='ocrx_word' id='word_1_475' title='bbox 3297 3360 3567 3422; x_wconf 87' lang='lat' dir='ltr'><strong>tempora.</strong></span> 
     </span>
    </p>
   </div>
   <div class='ocr_carea' id='block_1_77' title="bbox 1991 3439 3190 3507">
    <p class='ocr_par' dir='ltr' id='par_1_77' title="bbox 1991 3439 3190 3507">
     <span class='ocr_line' id='line_1_77' title="bbox 1991 3439 3190 3507; baseline 0.003 -13"><span class='ocrx_word' id='word_1_476' title='bbox 1991 3439 2163 3494; x_wconf 87' lang='lat' dir='ltr'><strong>Erunt</strong></span> <span class='ocrx_word' id='word_1_477' title='bbox 2207 3441 2352 3494; x_wconf 91' lang='lat' dir='ltr'><strong>enim</strong></span> <span class='ocrx_word' id='word_1_478' title='bbox 2389 3441 2638 3498; x_wconf 90' lang='lat' dir='ltr'><strong>homines</strong></span> <span class='ocrx_word' id='word_1_479' title='bbox 2670 3445 2756 3499; x_wconf 84' lang='lat' dir='ltr'><strong>sui</strong></span> <span class='ocrx_word' id='word_1_480' title='bbox 2784 3454 3047 3507; x_wconf 88' lang='lat' dir='ltr'><strong>amantes,</strong></span> <span class='ocrx_word' id='word_1_481' title='bbox 3084 3452 3190 3499; x_wconf 90' lang='lat' dir='ltr'><strong>etc.</strong></span> 
     </span>
    </p>
   </div>
   <div class='ocr_carea' id='block_1_78' title="bbox 2062 3529 3563 3602">
    <p class='ocr_par' dir='ltr' id='par_1_78' title="bbox 2062 3529 3563 3602">
     <span class='ocr_line' id='line_1_78' title="bbox 2062 3529 3563 3602; baseline 0.003 -17"><span class='ocrx_word' id='word_1_482' title='bbox 2062 3529 2122 3585; x_wconf 87' lang='lat' dir='ltr'><strong>S.</strong></span> <span class='ocrx_word' id='word_1_483' title='bbox 2154 3529 2366 3587; x_wconf 77' lang='lat' dir='ltr'><strong>Basilii.</strong></span> <span class='ocrx_word' id='word_1_484' title='bbox 2415 3529 2476 3585; x_wconf 85' lang='lat' dir='ltr'><strong>lu</strong></span> <span class='ocrx_word' id='word_1_485' title='bbox 2527 3533 2898 3602; x_wconf 85' lang='lat' dir='ltr'><strong>improbitatis</strong></span> <span class='ocrx_word' id='word_1_486' title='bbox 2945 3534 3245 3590; x_wconf 85' lang='lat' dir='ltr'><strong>certamine</strong></span> <span class='ocrx_word' id='word_1_487' title='bbox 3309 3533 3563 3590; x_wconf 82' lang='lat' dir='ltr'><strong>miserior</strong></span> 
     </span>
    </p>
   </div>
   <div class='ocr_carea' id='block_1_79' title="bbox 1988 3623 3569 3695">
    <p class='ocr_par' dir='ltr' id='par_1_79' title="bbox 1988 3623 3569 3695">
     <span class='ocr_line' id='line_1_79' title="bbox 1988 3623 3569 3695; baseline 0.001 -16"><span class='ocrx_word' id='word_1_488' title='bbox 1988 3624 2184 3690; x_wconf 90' lang='lat' dir='ltr'><strong>victor,</strong></span> <span class='ocrx_word' id='word_1_489' title='bbox 2221 3637 2384 3693; x_wconf 91' lang='lat' dir='ltr'><strong>quam</strong></span> <span class='ocrx_word' id='word_1_490' title='bbox 2418 3623 2618 3690; x_wconf 86' lang='lat' dir='ltr'><strong>victus,</strong></span> <span class='ocrx_word' id='word_1_491' title='bbox 2667 3637 2957 3695; x_wconf 90' lang='lat' dir='ltr'><strong>propterea</strong></span> <span class='ocrx_word' id='word_1_492' title='bbox 2989 3625 3135 3694; x_wconf 88' lang='lat' dir='ltr'><strong>quod</strong></span> <span class='ocrx_word' id='word_1_493' title='bbox 3180 3625 3273 3678; x_wconf 85' lang='lat' dir='ltr'><strong>ille</strong></span> <span class='ocrx_word' id='word_1_494' title='bbox 3318 3625 3569 3693; x_wconf 84' lang='lat' dir='ltr'><strong>pluribus</strong></span> 
     </span>
    </p>
   </div>
   <div class='ocr_carea' id='block_1_80' title="bbox 1991 3711 2802 3782">
    <p class='ocr_par' dir='ltr' id='par_1_80' title="bbox 1991 3711 2802 3782">
     <span class='ocr_line' id='line_1_80' title="bbox 1991 3711 2802 3782; baseline 0.002 -16"><span class='ocrx_word' id='word_1_495' title='bbox 1991 3711 2227 3782; x_wconf 89' lang='lat' dir='ltr'><strong>peccatis</strong></span> <span class='ocrx_word' id='word_1_496' title='bbox 2267 3721 2501 3767; x_wconf 91' lang='lat' dir='ltr'><strong>onustus</strong></span> <span class='ocrx_word' id='word_1_497' title='bbox 2543 3713 2802 3768; x_wconf 87' lang='lat' dir='ltr'><strong>discedit.</strong></span> 
     </span>
    </p>
   </div>
   <div class='ocr_carea' id='block_1_81' title="bbox 2051 3802 3568 3873">
    <p class='ocr_par' dir='ltr' id='par_1_81' title="bbox 2051 3802 3568 3873">
     <span class='ocr_line' id='line_1_81' title="bbox 2051 3802 3568 3873; baseline 0.001 -14"><span class='ocrx_word' id='word_1_498' title='bbox 2051 3804 2252 3859; x_wconf 85' lang='lat' dir='ltr'><strong>Ultima</strong></span> <span class='ocrx_word' id='word_1_499' title='bbox 2276 3804 2331 3858; x_wconf 92' lang='lat' dir='ltr'><strong>in</strong></span> <span class='ocrx_word' id='word_1_500' title='bbox 2351 3803 2699 3872; x_wconf 89' lang='lat' dir='ltr'><strong>improbitate</strong></span> <span class='ocrx_word' id='word_1_501' title='bbox 2715 3805 2875 3859; x_wconf 90' lang='lat' dir='ltr'><strong>etiam</strong></span> <span class='ocrx_word' id='word_1_502' title='bbox 2896 3817 3084 3859; x_wconf 89' lang='lat' dir='ltr'><strong>secum</strong></span> <span class='ocrx_word' id='word_1_503' title='bbox 3101 3805 3217 3873; x_wconf 89' lang='lat' dir='ltr'><strong>ipsa</strong></span> <span class='ocrx_word' id='word_1_504' title='bbox 3240 3802 3568 3872; x_wconf 90' lang='lat' dir='ltr'><strong>discrepant.</strong></span> 
     </span>
    </p>
   </div>
   <div class='ocr_carea' id='block_1_82' title="bbox 2061 3983 3571 4055">
    <p class='ocr_par' dir='ltr' id='par_1_82' title="bbox 2061 3983 3571 4055">
     <span class='ocr_line' id='line_1_82' title="bbox 2061 3983 3571 4055; baseline -0.003 -13"><span class='ocrx_word' id='word_1_505' title='bbox 2061 3987 2383 4055; x_wconf 88' lang='lat' dir='ltr'><strong>Complures</strong></span> <span class='ocrx_word' id='word_1_506' title='bbox 2409 3995 2560 4052; x_wconf 87' lang='lat' dir='ltr'><strong>sunt,</strong></span> <span class='ocrx_word' id='word_1_507' title='bbox 2602 3984 2696 4055; x_wconf 86' lang='lat' dir='ltr'><strong>qui</strong></span> <span class='ocrx_word' id='word_1_508' title='bbox 2733 3983 2976 4040; x_wconf 89' lang='lat' dir='ltr'><strong>actiones</strong></span> <span class='ocrx_word' id='word_1_509' title='bbox 3008 3999 3207 4054; x_wconf 90' lang='lat' dir='ltr'><strong>pravas</strong></span> <span class='ocrx_word' id='word_1_510' title='bbox 3241 3984 3571 4054; x_wconf 87' lang='lat' dir='ltr'><strong>approbent,</strong></span> 
     </span>
    </p>
   </div>
   <div class='ocr_carea' id='block_1_83' title="bbox 1994 4075 3572 4146">
    <p class='ocr_par' dir='ltr' id='par_1_83' title="bbox 1994 4075 3572 4146">
     <span class='ocr_line' id='line_1_83' title="bbox 1994 4075 3572 4146; baseline -0.001 -15"><span class='ocrx_word' id='word_1_511' title='bbox 1994 4091 2060 4132; x_wconf 88' lang='lat' dir='ltr'><strong>ac</strong></span> <span class='ocrx_word' id='word_1_512' title='bbox 2095 4078 2362 4132; x_wconf 88' lang='lat' dir='ltr'><strong>urbanum</strong></span> <span class='ocrx_word' id='word_1_513' title='bbox 2394 4075 2613 4146; x_wconf 90' lang='lat' dir='ltr'><strong>quidem</strong></span> <span class='ocrx_word' id='word_1_514' title='bbox 2645 4075 2948 4146; x_wconf 73' lang='lat' dir='ltr'><strong>gratiosum</strong></span> <span class='ocrx_word' id='word_1_515' title='bbox 2981 4075 3350 4141; x_wconf 87' lang='lat' dir='ltr'><strong>nominantes,</strong></span> <span class='ocrx_word' id='word_1_516' title='bbox 3393 4082 3448 4130; x_wconf 88' lang='lat' dir='ltr'><strong>et</strong></span> <span class='ocrx_word' id='word_1_517' title='bbox 3470 4077 3572 4131; x_wconf 69' lang='grc' dir='ltr'><strong>οι)-</strong></span> 
     </span>
    </p>
   </div>
   <div class='ocr_carea' id='block_1_84' title="bbox 1996 4166 3575 4233">
    <p class='ocr_par' dir='ltr' id='par_1_84' title="bbox 1996 4166 3575 4233">
     <span class='ocr_line' id='line_1_84' title="bbox 1996 4166 3575 4233; baseline -0.004 -7"><span class='ocrx_word' id='word_1_518' title='bbox 1996 4169 2271 4226; x_wconf 87' lang='lat' dir='ltr'><strong>scenitate</strong></span> <span class='ocrx_word' id='word_1_519' title='bbox 2302 4170 2590 4225; x_wconf 89' lang='lat' dir='ltr'><strong>verborum</strong></span> <span class='ocrx_word' id='word_1_520' title='bbox 2619 4175 2882 4233; x_wconf 89' lang='lat' dir='ltr'><strong>utentem,</strong></span> <span class='ocrx_word' id='word_1_521' title='bbox 2906 4166 3124 4222; x_wconf 85' lang='lat' dir='ltr'><strong>civilem</strong></span> <span class='ocrx_word' id='word_1_522' title='bbox 3167 4183 3182 4220; x_wconf 89' lang='lat'><strong>:</strong></span> <span class='ocrx_word' id='word_1_523' title='bbox 3226 4167 3481 4226; x_wconf 87' lang='lat' dir='ltr'><strong>acerbum</strong></span> <span class='ocrx_word' id='word_1_524' title='bbox 3519 4178 3575 4222; x_wconf 91' lang='lat' dir='ltr'><strong>et</strong></span> 
     </span>
    </p>
   </div>
   <div class='ocr_carea' id='block_1_85' title="bbox 1996 4257 3575 4326">
    <p class='ocr_par' dir='ltr' id='par_1_85' title="bbox 1996 4257 3575 4326">
     <span class='ocr_line' id='line_1_85' title="bbox 1996 4257 3575 4326; baseline -0.004 -10"><span class='ocrx_word' id='word_1_525' title='bbox 1996 4259 2316 4316; x_wconf 89' lang='lat' dir='ltr'><strong>iracundum</strong></span> <span class='ocrx_word' id='word_1_526' title='bbox 2389 4259 2615 4316; x_wconf 89' lang='lat' dir='ltr'><strong>minime</strong></span> <span class='ocrx_word' id='word_1_527' title='bbox 2648 4257 3110 4314; x_wconf 90' lang='lat' dir='ltr'><strong>contemnendum</strong></span> <span class='ocrx_word' id='word_1_528' title='bbox 3154 4267 3352 4311; x_wconf 87' lang='lat' dir='ltr'><strong>vocant</strong></span> <span class='ocrx_word' id='word_1_529' title='bbox 3395 4272 3411 4310; x_wconf 89' lang='lat'><strong>:</strong></span> <span class='ocrx_word' id='word_1_530' title='bbox 3449 4272 3575 4326; x_wconf 89' lang='lat' dir='ltr'><strong>par-</strong></span> 
     </span>
    </p>
   </div>
   <div class='ocr_carea' id='block_1_86' title="bbox 1995 4347 3576 4420">
    <p class='ocr_par' dir='ltr' id='par_1_86' title="bbox 1995 4347 3576 4420">
     <span class='ocr_line' id='line_1_86' title="bbox 1995 4347 3576 4420; baseline -0.005 -11"><span class='ocrx_word' id='word_1_531' title='bbox 1995 4368 2116 4410; x_wconf 92' lang='lat' dir='ltr'><strong>cum</strong></span> <span class='ocrx_word' id='word_1_532' title='bbox 2157 4360 2211 4408; x_wconf 91' lang='lat' dir='ltr'><strong>et</strong></span> <span class='ocrx_word' id='word_1_533' title='bbox 2245 4351 2480 4407; x_wconf 89' lang='lat' dir='ltr'><strong>alienum</strong></span> <span class='ocrx_word' id='word_1_534' title='bbox 2516 4366 2545 4406; x_wconf 86' lang='lat' dir='ltr'><strong>a</strong></span> <span class='ocrx_word' id='word_1_535' title='bbox 2582 4351 2909 4407; x_wconf 85' lang='lat' dir='ltr'><strong>liberalitate</strong></span> <span class='ocrx_word' id='word_1_536' title='bbox 2963 4347 3118 4420; x_wconf 88' lang='lat' dir='ltr'><strong>quasi</strong></span> <span class='ocrx_word' id='word_1_537' title='bbox 3165 4348 3242 4403; x_wconf 85' lang='lat' dir='ltr'><strong>rei</strong></span> <span class='ocrx_word' id='word_1_538' title='bbox 3291 4347 3576 4402; x_wconf 79' lang='lat' dir='ltr'><strong>familiaris</strong></span> 
     </span>
    </p>
   </div>
   <div class='ocr_carea' id='block_1_87' title="bbox 321 4439 1891 4518">
    <p class='ocr_par' dir='ltr' id='par_1_87' title="bbox 321 4447 1890 4518">
     <span class='ocr_line' id='line_1_87' title="bbox 321 4447 1890 4518; baseline 0.001 -19"><span class='ocrx_word' id='word_1_539' title='bbox 321 4448 476 4517; x_wconf 81' lang='grc' dir='ltr'>θερον</span> <span class='ocrx_word' id='word_1_540' title='bbox 500 4462 514 4477; x_wconf 80' lang='grc' dir='ltr'><strong>ο</strong></span> <span class='ocrx_word' id='word_1_541' title='bbox 560 4447 654 4499; x_wconf 82' lang='grc' dir='ltr'>τὸν</span> <span class='ocrx_word' id='word_1_542' title='bbox 684 4447 885 4516; x_wconf 87' lang='grc' dir='ltr'>πόρνον</span> <span class='ocrx_word' id='word_1_543' title='bbox 933 4448 1029 4501; x_wconf 77' lang='grc' dir='ltr'>καὶ</span> <span class='ocrx_word' id='word_1_544' title='bbox 1069 4447 1280 4518; x_wconf 83' lang='grc' dir='ltr'>ἀσελγῆ</span> <span class='ocrx_word' id='word_1_545' title='bbox 1329 4447 1724 4503; x_wconf 86' lang='grc' dir='ltr'>ἀπολαυστικόν</span> <span class='ocrx_word' id='word_1_546' title='bbox 1765 4465 1890 4502; x_wconf 87' lang='grc' dir='ltr'>τινα</span> 
     </span>
    </p>
   </div>
   <div class='ocr_carea' id='block_1_88' title="bbox 2023 4439 3574 4518">
    <p class='ocr_par' dir='ltr' id='par_1_88' title="bbox 2023 4439 3574 4513">
     <span class='ocr_line' id='line_1_88' title="bbox 2023 4439 3574 4513; baseline -0.004 -15"><span class='ocrx_word' id='word_1_547' title='bbox 2023 4444 2444 4500; x_wconf 65' lang='grc' dir='ltr'><strong>ιᾶιηὶιιίδιταηόω</strong></span> <span class='ocrx_word' id='word_1_548' title='bbox 2472 4443 2704 4513; x_wconf 85' lang='lat' dir='ltr'><strong>peritum</strong></span> <span class='ocrx_word' id='word_1_549' title='bbox 2738 4440 3003 4509; x_wconf 89' lang='lat' dir='ltr'><strong>laudant;</strong></span> <span class='ocrx_word' id='word_1_550' title='bbox 3049 4439 3336 4512; x_wconf 73' lang='lat' dir='ltr'><strong>prodigum</strong></span> <span class='ocrx_word' id='word_1_551' title='bbox 3362 4479 3377 4503; x_wconf 85' lang='lat'><strong>,</strong></span> <span class='ocrx_word' id='word_1_552' title='bbox 3415 4442 3574 4509; x_wconf 87' lang='lat' dir='ltr'><strong>quasi</strong></span> 
     </span>
    </p>
   </div>
   <div class='ocr_carea' id='block_1_89' title="bbox 321 4539 1896 4611">
    <p class='ocr_par' dir='ltr' id='par_1_89' title="bbox 321 4539 1896 4611">
     <span class='ocr_line' id='line_1_89' title="bbox 321 4539 1896 4611; baseline 0.003 -22"><span class='ocrx_word' id='word_1_553' title='bbox 321 4539 420 4591; x_wconf 71' lang='grc' dir='ltr'>καὶ</span> <span class='ocrx_word' id='word_1_554' title='bbox 461 4539 763 4606; x_wconf 84' lang='grc' dir='ltr'>ἀνειμένον.</span> <span class='ocrx_word' id='word_1_555' title='bbox 799 4540 863 4591; x_wconf 81' lang='lat' dir='ltr'><strong>Ol</strong></span> <span class='ocrx_word' id='word_1_556' title='bbox 909 4539 1145 4592; x_wconf 83' lang='grc' dir='ltr'>τοιοῦτοι</span> <span class='ocrx_word' id='word_1_557' title='bbox 1204 4540 1283 4610; x_wconf 80' lang='grc' dir='ltr'>τῷ</span> <span class='ocrx_word' id='word_1_558' title='bbox 1330 4540 1560 4608; x_wconf 88' lang='grc' dir='ltr'>στόματι</span> <span class='ocrx_word' id='word_1_559' title='bbox 1605 4541 1708 4611; x_wconf 78' lang='grc' dir='ltr'>μὲν</span> <span class='ocrx_word' id='word_1_560' title='bbox 1746 4540 1896 4593; x_wconf 82' lang='grc' dir='ltr'>εὐλο-</span> 
     </span>
    </p>
   </div>
   <div class='ocr_carea' id='block_1_90' title="bbox 322 4628 1898 4704">
    <p class='ocr_par' dir='ltr' id='par_1_90' title="bbox 322 4628 1898 4704">
     <span class='ocr_line' id='line_1_90' title="bbox 322 4628 1898 4704; baseline 0.002 -21"><span class='ocrx_word' id='word_1_561' title='bbox 322 4628 504 4696; x_wconf 74' lang='grc' dir='ltr'>γοῦσι,</span> <span class='ocrx_word' id='word_1_562' title='bbox 537 4633 602 4700; x_wconf 85' lang='grc' dir='ltr'><strong>τῇ</strong></span> <span class='ocrx_word' id='word_1_563' title='bbox 635 4630 692 4683; x_wconf 83' lang='grc' dir='ltr'>δὲ</span> <span class='ocrx_word' id='word_1_564' title='bbox 729 4631 928 4702; x_wconf 81' lang='grc' dir='ltr'>καρδίᾳ</span> <span class='ocrx_word' id='word_1_565' title='bbox 986 4631 1360 4701; x_wconf 85' lang='grc' dir='ltr'>καταρῶνται.</span> <span class='ocrx_word' id='word_1_566' title='bbox 1400 4632 1488 4685; x_wconf 83' lang='grc' dir='ltr'>Ἑν</span> <span class='ocrx_word' id='word_1_567' title='bbox 1523 4632 1635 4703; x_wconf 81' lang='grc' dir='ltr'>γὰρ</span> <span class='ocrx_word' id='word_1_568' title='bbox 1682 4635 1749 4704; x_wconf 79' lang='grc' dir='ltr'>τῇ</span> <span class='ocrx_word' id='word_1_569' title='bbox 1785 4634 1898 4686; x_wconf 83' lang='grc' dir='ltr'><strong>τῶν</strong></span> 
     </span>
    </p>
   </div>
   <div class='ocr_carea' id='block_1_91' title="bbox 325 4725 1897 4795">
    <p class='ocr_par' dir='ltr' id='par_1_91' title="bbox 325 4725 1897 4795">
     <span class='ocr_line' id='line_1_91' title="bbox 325 4725 1897 4795; baseline 0.003 -21"><span class='ocrx_word' id='word_1_570' title='bbox 325 4725 585 4794; x_wconf 68' lang='grc' dir='ltr'>ῥημάτων</span> <span class='ocrx_word' id='word_1_571' title='bbox 620 4725 868 4795; x_wconf 72' lang='grc' dir='ltr'>εὐφημίᾳ</span> <span class='ocrx_word' id='word_1_572' title='bbox 899 4726 1083 4778; x_wconf 83' lang='grc' dir='ltr'>πᾶσαν</span> <span class='ocrx_word' id='word_1_573' title='bbox 1109 4727 1353 4795; x_wconf 83' lang='grc' dir='ltr'>κατάραν</span> <span class='ocrx_word' id='word_1_574' title='bbox 1388 4725 1687 4793; x_wconf 73' lang='grc' dir='ltr'>ἐπάγουσιν</span> <span class='ocrx_word' id='word_1_575' title='bbox 1719 4727 1897 4780; x_wconf 83' lang='grc' dir='ltr'>αὐτῶν</span> 
     </span>
    </p>
   </div>
   <div class='ocr_carea' id='block_1_92' title="bbox 324 4814 1896 4887">
    <p class='ocr_par' dir='ltr' id='par_1_92' title="bbox 324 4814 1896 4887">
     <span class='ocr_line' id='line_1_92' title="bbox 324 4814 1896 4887; baseline 0.003 -22"><span class='ocrx_word' id='word_1_576' title='bbox 324 4819 390 4881; x_wconf 68' lang='grc' dir='ltr'><strong>τῇ</strong></span> <span class='ocrx_word' id='word_1_577' title='bbox 445 4814 583 4886; x_wconf 81' lang='grc' dir='ltr'>ζωῇ,</span> <span class='ocrx_word' id='word_1_578' title='bbox 620 4815 907 4878; x_wconf 82' lang='grc' dir='ltr'>ὑποδίκους</span> <span class='ocrx_word' id='word_1_579' title='bbox 947 4815 1145 4879; x_wconf 81' lang='grc' dir='ltr'>αὐτοὺς</span> <span class='ocrx_word' id='word_1_580' title='bbox 1191 4819 1256 4887; x_wconf 81' lang='grc' dir='ltr'><strong>τῇ</strong></span> <span class='ocrx_word' id='word_1_581' title='bbox 1307 4816 1512 4885; x_wconf 85' lang='grc' dir='ltr'>αίωνίῳ</span> <span class='ocrx_word' id='word_1_582' title='bbox 1550 4818 1896 4887; x_wconf 87' lang='grc' dir='ltr'>κατακρίσει,</span> 
     </span>
    </p>
   </div>
   <div class='ocr_carea' id='block_1_93' title="bbox 327 4902 1329 4975">
    <p class='ocr_par' dir='ltr' id='par_1_93' title="bbox 327 4902 1329 4975">
     <span class='ocr_line' id='line_1_93' title="bbox 327 4902 1329 4975; baseline 0.006 -18"><span class='ocrx_word' id='word_1_583' title='bbox 327 4903 389 4957; x_wconf 81' lang='grc' dir='ltr'>δι’</span> <span class='ocrx_word' id='word_1_584' title='bbox 421 4902 494 4960; x_wconf 82' lang='grc' dir='ltr'>ὧν</span> <span class='ocrx_word' id='word_1_585' title='bbox 523 4905 902 4975; x_wconf 82' lang='grc' dir='ltr'>ἀποδέχονται,</span> <span class='ocrx_word' id='word_1_586' title='bbox 939 4908 1329 4973; x_wconf 84' lang='grc' dir='ltr'>καθιστῶντες.</span> 
     </span>
    </p>
   </div>
   <div class='ocr_carea' id='block_1_94' title="bbox 406 5169 1899 5241">
    <p class='ocr_par' dir='ltr' id='par_1_94' title="bbox 406 5169 1899 5241">
     <span class='ocr_line' id='line_1_94' title="bbox 406 5169 1899 5241; baseline -0.003 -14"><span class='ocrx_word' id='word_1_587' title='bbox 406 5177 616 5235; x_wconf 80' lang='grc' dir='ltr'>Ὄντως</span> <span class='ocrx_word' id='word_1_588' title='bbox 661 5171 1048 5238; x_wconf 82' lang='grc' dir='ltr'>ἀσυλλόγιστόν</span> <span class='ocrx_word' id='word_1_589' title='bbox 1095 5188 1147 5224; x_wconf 88' lang='grc' dir='ltr'><strong>τι</strong></span> <span class='ocrx_word' id='word_1_590' title='bbox 1207 5169 1441 5241; x_wconf 74' lang='grc' dir='ltr'>πρᾶγμα</span> <span class='ocrx_word' id='word_1_591' title='bbox 1493 5171 1527 5239; x_wconf 83' lang='grc' dir='ltr'><strong>ἡ</strong></span> <span class='ocrx_word' id='word_1_592' title='bbox 1589 5169 1899 5240; x_wconf 80' lang='grc' dir='ltr'>μοχθηρία,</span> 
     </span>
    </p>
   </div>
   <div class='ocr_carea' id='block_1_95' title="bbox 329 5259 1904 5333">
    <p class='ocr_par' dir='ltr' id='par_1_95' title="bbox 329 5259 1904 5333">
     <span class='ocr_line' id='line_1_95' title="bbox 329 5259 1904 5333; baseline -0.004 -12"><span class='ocrx_word' id='word_1_593' title='bbox 329 5270 426 5321; x_wconf 71' lang='grc' dir='ltr'>καὶ</span> <span class='ocrx_word' id='word_1_594' title='bbox 469 5267 622 5319; x_wconf 76' lang='grc' dir='ltr'>οὐδέν</span> <span class='ocrx_word' id='word_1_595' title='bbox 675 5265 821 5317; x_wconf 73' lang='grc' dir='ltr'>ἐστιν</span> <span class='ocrx_word' id='word_1_596' title='bbox 871 5263 899 5316; x_wconf 84' lang='grc' dir='ltr'>ὃ</span> <span class='ocrx_word' id='word_1_597' title='bbox 946 5264 1073 5325; x_wconf 83' lang='grc' dir='ltr'>τοὺς</span> <span class='ocrx_word' id='word_1_598' title='bbox 1128 5267 1397 5333; x_wconf 85' lang='grc' dir='ltr'>πονηροὺς</span> <span class='ocrx_word' id='word_1_599' title='bbox 1445 5259 1698 5332; x_wconf 79' lang='grc' dir='ltr'>βελτίους</span> <span class='ocrx_word' id='word_1_600' title='bbox 1745 5262 1904 5332; x_wconf 82' lang='grc' dir='ltr'>ποιή-</span> 
     </span>
    </p>
   </div>
   <div class='ocr_carea' id='block_1_96' title="bbox 333 5377 498 5415">
    <p class='ocr_par' dir='ltr' id='par_1_96' title="bbox 333 5377 498 5415">
     <span class='ocr_line' id='line_1_96' title="bbox 333 5377 498 5415; baseline 0.012 -2"><span class='ocrx_word' id='word_1_601' title='bbox 333 5377 498 5415; x_wconf 85' lang='grc' dir='ltr'>σειεν.</span> 
     </span>
    </p>
   </div>
   <div class='ocr_carea' id='block_1_97' title="bbox 401 5447 1900 5522">
    <p class='ocr_par' dir='ltr' id='par_1_97' title="bbox 401 5447 1900 5522">
     <span class='ocr_line' id='line_1_97' title="bbox 401 5447 1900 5522; baseline -0.004 -16"><span class='ocrx_word' id='word_1_602' title='bbox 401 5451 721 5522; x_wconf 79' lang='grc' dir='ltr'>Εὑζήλωτον</span> <span class='ocrx_word' id='word_1_603' title='bbox 757 5448 942 5518; x_wconf 85' lang='grc' dir='ltr'>μέντοι</span> <span class='ocrx_word' id='word_1_604' title='bbox 968 5449 1065 5501; x_wconf 74' lang='grc' dir='ltr'>καὶ</span> <span class='ocrx_word' id='word_1_605' title='bbox 1104 5447 1398 5518; x_wconf 85' lang='grc' dir='ltr'>πρόχειρον</span> <span class='ocrx_word' id='word_1_606' title='bbox 1435 5448 1672 5516; x_wconf 80' lang='grc' dir='ltr'>πρᾶγμα</span> <span class='ocrx_word' id='word_1_607' title='bbox 1714 5449 1746 5512; x_wconf 78' lang='grc' dir='ltr'><strong>ἡ</strong></span> <span class='ocrx_word' id='word_1_608' title='bbox 1798 5464 1900 5518; x_wconf 79' lang='grc' dir='ltr'>μο-</span> 
     </span>
    </p>
   </div>
   <div class='ocr_carea' id='block_1_98' title="bbox 330 5541 1904 5618">
    <p class='ocr_par' dir='ltr' id='par_1_98' title="bbox 330 5541 1904 5618">
     <span class='ocr_line' id='line_1_98' title="bbox 330 5541 1904 5618; baseline -0.003 -20"><span class='ocrx_word' id='word_1_609' title='bbox 330 5547 554 5618; x_wconf 68' lang='grc' dir='ltr'>χθηρία,</span> <span class='ocrx_word' id='word_1_610' title='bbox 581 5544 676 5598; x_wconf 72' lang='grc' dir='ltr'>καὶ</span> <span class='ocrx_word' id='word_1_611' title='bbox 705 5543 858 5597; x_wconf 76' lang='grc' dir='ltr'>οὐδὲν</span> <span class='ocrx_word' id='word_1_612' title='bbox 897 5541 1038 5594; x_wconf 74' lang='grc' dir='ltr'>οὕτω</span> <span class='ocrx_word' id='word_1_613' title='bbox 1082 5541 1266 5612; x_wconf 78' lang='grc' dir='ltr'>ῥᾴδιον</span> <span class='ocrx_word' id='word_1_614' title='bbox 1311 5541 1388 5605; x_wconf 83' lang='grc' dir='ltr'>ὡς</span> <span class='ocrx_word' id='word_1_615' title='bbox 1422 5542 1483 5594; x_wconf 80' lang='grc' dir='ltr'>τὸ</span> <span class='ocrx_word' id='word_1_616' title='bbox 1517 5541 1775 5608; x_wconf 83' lang='grc' dir='ltr'>γενέσθαι</span> <span class='ocrx_word' id='word_1_617' title='bbox 1801 5559 1904 5594; x_wconf 86' lang='grc' dir='ltr'>κα-</span> 
     </span>
    </p>
   </div>
   <div class='ocr_carea' id='block_1_99' title="bbox 333 5643 448 5701">
    <p class='ocr_par' dir='ltr' id='par_1_99' title="bbox 333 5643 448 5701">
     <span class='ocr_line' id='line_1_99' title="bbox 333 5643 448 5701; baseline 0 -9"><span class='ocrx_word' id='word_1_618' title='bbox 333 5643 448 5701; x_wconf 75' lang='grc' dir='ltr'>κός.</span> 
     </span>
    </p>
   </div>
   <div class='ocr_carea' id='block_1_100' title="bbox 409 5725 1898 5797">
    <p class='ocr_par' dir='ltr' id='par_1_100' title="bbox 409 5725 1898 5797">
     <span class='ocr_line' id='line_1_100' title="bbox 409 5725 1898 5797; baseline -0.003 -15"><span class='ocrx_word' id='word_1_619' title='bbox 409 5730 722 5784; x_wconf 73' lang='grc' dir='ltr'>Δύσληπτον</span> <span class='ocrx_word' id='word_1_620' title='bbox 771 5729 868 5795; x_wconf 73' lang='grc' dir='ltr'>μὲν</span> <span class='ocrx_word' id='word_1_621' title='bbox 895 5727 954 5781; x_wconf 71' lang='grc' dir='ltr'>τὸ</span> <span class='ocrx_word' id='word_1_622' title='bbox 994 5727 1199 5795; x_wconf 72' lang='grc' dir='ltr'>ἀγαθὸν</span> <span class='ocrx_word' id='word_1_623' title='bbox 1244 5728 1310 5797; x_wconf 78' lang='grc' dir='ltr'><strong>τῇ</strong></span> <span class='ocrx_word' id='word_1_624' title='bbox 1346 5725 1662 5796; x_wconf 70' lang='grc' dir='ltr'>ἀνθρωπίνῃ</span> <span class='ocrx_word' id='word_1_625' title='bbox 1715 5725 1898 5793; x_wconf 73' lang='grc' dir='ltr'>φύσει,</span> 
     </span>
    </p>
   </div>
   <div class='ocr_carea' id='block_1_101' title="bbox 1997 4528 3572 4602">
    <p class='ocr_par' dir='ltr' id='par_1_101' title="bbox 1997 4528 3572 4602">
     <span class='ocr_line' id='line_1_101' title="bbox 1997 4528 3572 4602; baseline -0.006 -13"><span class='ocrx_word' id='word_1_626' title='bbox 1997 4534 2320 4602; x_wconf 84' lang='lat' dir='ltr'><strong>liberalem;</strong></span> <span class='ocrx_word' id='word_1_627' title='bbox 2365 4541 2727 4589; x_wconf 86' lang='lat' dir='ltr'><strong>scortatorem</strong></span> <span class='ocrx_word' id='word_1_628' title='bbox 2784 4530 3158 4598; x_wconf 85' lang='lat' dir='ltr'><strong>libidinosum,</strong></span> <span class='ocrx_word' id='word_1_629' title='bbox 3206 4528 3572 4598; x_wconf 83' lang='lat' dir='ltr'><strong>voluptarium</strong></span> 
     </span>
    </p>
   </div>
   <div class='ocr_carea' id='block_1_102' title="bbox 1998 4617 3574 4694">
    <p class='ocr_par' dir='ltr' id='par_1_102' title="bbox 1998 4617 3574 4694">
     <span class='ocr_line' id='line_1_102' title="bbox 1998 4617 3574 4694; baseline -0.004 -18"><span class='ocrx_word' id='word_1_630' title='bbox 1998 4625 2288 4694; x_wconf 82' lang='lat' dir='ltr'><strong>quemdam</strong></span> <span class='ocrx_word' id='word_1_631' title='bbox 2338 4630 2393 4678; x_wconf 90' lang='lat' dir='ltr'><strong>et</strong></span> <span class='ocrx_word' id='word_1_632' title='bbox 2436 4619 2836 4677; x_wconf 86' lang='lat' dir='ltr'><strong>remissiorem.</strong></span> <span class='ocrx_word' id='word_1_633' title='bbox 2895 4618 3207 4676; x_wconf 88' lang='lat' dir='ltr'><strong>Istiusmodi</strong></span> <span class='ocrx_word' id='word_1_634' title='bbox 3257 4617 3574 4673; x_wconf 76' lang='lat' dir='ltr'><strong>laudatores</strong></span> 
     </span>
    </p>
   </div>
   <div class='ocr_carea' id='block_1_103' title="bbox 2001 4711 3575 4786">
    <p class='ocr_par' dir='ltr' id='par_1_103' title="bbox 2001 4711 3575 4786">
     <span class='ocr_line' id='line_1_103' title="bbox 2001 4711 3575 4786; baseline -0.006 -16"><span class='ocrx_word' id='word_1_635' title='bbox 2001 4716 2108 4772; x_wconf 85' lang='lat' dir='ltr'><strong>illis</strong></span> <span class='ocrx_word' id='word_1_636' title='bbox 2129 4731 2222 4771; x_wconf 90' lang='lat' dir='ltr'><strong>ore</strong></span> <span class='ocrx_word' id='word_1_637' title='bbox 2250 4714 2469 4786; x_wconf 88' lang='lat' dir='ltr'><strong>quidem</strong></span> <span class='ocrx_word' id='word_1_638' title='bbox 2499 4714 2638 4768; x_wconf 89' lang='lat' dir='ltr'><strong>bene</strong></span> <span class='ocrx_word' id='word_1_639' title='bbox 2663 4721 2975 4782; x_wconf 86' lang='lat' dir='ltr'><strong>precantur,</strong></span> <span class='ocrx_word' id='word_1_640' title='bbox 3009 4721 3064 4766; x_wconf 90' lang='lat' dir='ltr'><strong>at</strong></span> <span class='ocrx_word' id='word_1_641' title='bbox 3095 4711 3260 4767; x_wconf 89' lang='lat' dir='ltr'><strong>corde</strong></span> <span class='ocrx_word' id='word_1_642' title='bbox 3285 4725 3575 4764; x_wconf 57' lang='lat' dir='ltr'><strong>exsecrari-</strong></span> 
     </span>
    </p>
   </div>
   <div class='ocr_carea' id='block_1_104' title="bbox 2001 4804 3579 4874">
    <p class='ocr_par' dir='ltr' id='par_1_104' title="bbox 2001 4804 3579 4874">
     <span class='ocr_line' id='line_1_104' title="bbox 2001 4804 3579 4874; baseline -0.004 -14"><span class='ocrx_word' id='word_1_643' title='bbox 2001 4818 2108 4861; x_wconf 90' lang='lat' dir='ltr'><strong>tur.</strong></span> <span class='ocrx_word' id='word_1_644' title='bbox 2145 4806 2280 4862; x_wconf 90' lang='lat' dir='ltr'><strong>Nam</strong></span> <span class='ocrx_word' id='word_1_645' title='bbox 2332 4808 2384 4860; x_wconf 94' lang='lat' dir='ltr'><strong>iu</strong></span> <span class='ocrx_word' id='word_1_646' title='bbox 2437 4806 2524 4861; x_wconf 89' lang='lat' dir='ltr'><strong>illa</strong></span> <span class='ocrx_word' id='word_1_647' title='bbox 2570 4807 2860 4860; x_wconf 84' lang='lat' dir='ltr'><strong>verborum</strong></span> <span class='ocrx_word' id='word_1_648' title='bbox 2911 4804 3138 4874; x_wconf 88' lang='lat' dir='ltr'><strong>pulchra</strong></span> <span class='ocrx_word' id='word_1_649' title='bbox 3181 4815 3579 4857; x_wconf 89' lang='lat' dir='ltr'><strong>commemora-</strong></span> 
     </span>
    </p>
   </div>
   <div class='ocr_carea' id='block_1_105' title="bbox 2003 4891 3577 4954">
    <p class='ocr_par' dir='ltr' id='par_1_105' title="bbox 2003 4891 3577 4954">
     <span class='ocr_line' id='line_1_105' title="bbox 2003 4891 3577 4954; baseline -0.006 0"><span class='ocrx_word' id='word_1_650' title='bbox 2003 4901 2152 4954; x_wconf 89' lang='lat' dir='ltr'><strong>tione</strong></span> <span class='ocrx_word' id='word_1_651' title='bbox 2209 4913 2424 4954; x_wconf 91' lang='lat' dir='ltr'><strong>omnem</strong></span> <span class='ocrx_word' id='word_1_652' title='bbox 2453 4897 2895 4952; x_wconf 82' lang='lat' dir='ltr'><strong>exsccrationem</strong></span> <span class='ocrx_word' id='word_1_653' title='bbox 2939 4897 2996 4950; x_wconf 89' lang='lat' dir='ltr'><strong>in</strong></span> <span class='ocrx_word' id='word_1_654' title='bbox 3034 4895 3249 4950; x_wconf 88' lang='lat' dir='ltr'><strong>illorum</strong></span> <span class='ocrx_word' id='word_1_655' title='bbox 3293 4895 3458 4945; x_wconf 88' lang='lat' dir='ltr'><strong>vitam</strong></span> <span class='ocrx_word' id='word_1_656' title='bbox 3491 4891 3577 4945; x_wconf 85' lang='lat' dir='ltr'><strong>in-</strong></span> 
     </span>
    </p>
   </div>
   <div class='ocr_carea' id='block_1_106' title="bbox 2003 4983 3579 5054">
    <p class='ocr_par' dir='ltr' id='par_1_106' title="bbox 2003 4983 3579 5054">
     <span class='ocr_line' id='line_1_106' title="bbox 2003 4983 3579 5054; baseline -0.007 -9"><span class='ocrx_word' id='word_1_657' title='bbox 2003 4998 2230 5054; x_wconf 70' lang='lat' dir='ltr'><strong>ducunt,</strong></span> <span class='ocrx_word' id='word_1_658' title='bbox 2267 4990 2377 5041; x_wconf 85' lang='lat' dir='ltr'><strong>ium</strong></span> <span class='ocrx_word' id='word_1_659' title='bbox 2416 5003 2512 5043; x_wconf 87' lang='lat' dir='ltr'><strong>eos</strong></span> <span class='ocrx_word' id='word_1_660' title='bbox 2540 4997 2760 5044; x_wconf 80' lang='lat' dir='ltr'><strong>aeternae</strong></span> <span class='ocrx_word' id='word_1_661' title='bbox 2790 4985 3133 5042; x_wconf 86' lang='lat' dir='ltr'><strong>damnationi</strong></span> <span class='ocrx_word' id='word_1_662' title='bbox 3161 4984 3429 5041; x_wconf 80' lang='lat' dir='ltr'><strong>obnoxios</strong></span> <span class='ocrx_word' id='word_1_663' title='bbox 3460 4983 3579 5038; x_wconf 82' lang='lat' dir='ltr'><strong>elli-</strong></span> 
     </span>
    </p>
   </div>
   <div class='ocr_carea' id='block_1_107' title="bbox 2004 5081 2909 5150">
    <p class='ocr_par' dir='ltr' id='par_1_107' title="bbox 2004 5081 2909 5150">
     <span class='ocr_line' id='line_1_107' title="bbox 2004 5081 2909 5150; baseline -0.006 -13"><span class='ocrx_word' id='word_1_664' title='bbox 2004 5084 2175 5146; x_wconf 88' lang='lat' dir='ltr'><strong>ciuut,</strong></span> <span class='ocrx_word' id='word_1_665' title='bbox 2222 5083 2335 5149; x_wconf 84' lang='lat' dir='ltr'><strong>ipsa</strong></span> <span class='ocrx_word' id='word_1_666' title='bbox 2364 5081 2492 5134; x_wconf 84' lang='lat' dir='ltr'><strong>vitia</strong></span> <span class='ocrx_word' id='word_1_667' title='bbox 2523 5082 2909 5150; x_wconf 85' lang='lat' dir='ltr'><strong>approbantes.</strong></span> 
     </span>
    </p>
   </div>
   <div class='ocr_carea' id='block_1_108' title="bbox 2081 5168 3582 5242">
    <p class='ocr_par' dir='ltr' id='par_1_108' title="bbox 2081 5168 3582 5242">
     <span class='ocr_line' id='line_1_108' title="bbox 2081 5168 3582 5242; baseline -0.007 -16"><span class='ocrx_word' id='word_1_668' title='bbox 2081 5173 2352 5242; x_wconf 82' lang='lat' dir='ltr'><strong>Theotogi.</strong></span> <span class='ocrx_word' id='word_1_669' title='bbox 2384 5172 2635 5226; x_wconf 82' lang='lat' dir='ltr'><strong>Profecto</strong></span> <span class='ocrx_word' id='word_1_670' title='bbox 2666 5186 2757 5225; x_wconf 90' lang='lat' dir='ltr'><strong>res</strong></span> <span class='ocrx_word' id='word_1_671' title='bbox 2787 5178 2874 5226; x_wconf 90' lang='lat' dir='ltr'><strong>est</strong></span> <span class='ocrx_word' id='word_1_672' title='bbox 2905 5171 3132 5226; x_wconf 86' lang='lat' dir='ltr'><strong>rationis</strong></span> <span class='ocrx_word' id='word_1_673' title='bbox 3155 5184 3349 5239; x_wconf 78' lang='lat' dir='ltr'><strong>expers</strong></span> <span class='ocrx_word' id='word_1_674' title='bbox 3383 5168 3582 5235; x_wconf 79' lang='lat' dir='ltr'><strong>impru-</strong></span> 
     </span>
    </p>
   </div>
   <div class='ocr_carea' id='block_1_109' title="bbox 2005 5255 3585 5330">
    <p class='ocr_par' dir='ltr' id='par_1_109' title="bbox 2005 5255 3585 5330">
     <span class='ocr_line' id='line_1_109' title="bbox 2005 5255 3585 5330; baseline -0.009 -10"><span class='ocrx_word' id='word_1_675' title='bbox 2005 5266 2194 5320; x_wconf 81' lang='lat' dir='ltr'><strong>bitas:</strong></span> <span class='ocrx_word' id='word_1_676' title='bbox 2235 5276 2336 5316; x_wconf 86' lang='lat' dir='ltr'><strong>nec</strong></span> <span class='ocrx_word' id='word_1_677' title='bbox 2381 5261 2678 5330; x_wconf 88' lang='lat' dir='ltr'><strong>quidquam</strong></span> <span class='ocrx_word' id='word_1_678' title='bbox 2713 5268 2796 5314; x_wconf 91' lang='lat' dir='ltr'><strong>est</strong></span> <span class='ocrx_word' id='word_1_679' title='bbox 2847 5259 2998 5329; x_wconf 89' lang='lat' dir='ltr'><strong>quod</strong></span> <span class='ocrx_word' id='word_1_680' title='bbox 3041 5259 3320 5328; x_wconf 86' lang='lat' dir='ltr'><strong>improbos</strong></span> <span class='ocrx_word' id='word_1_681' title='bbox 3367 5255 3585 5310; x_wconf 82' lang='lat' dir='ltr'><strong>efﬁcere</strong></span> 
     </span>
    </p>
   </div>
   <div class='ocr_carea' id='block_1_110' title="bbox 2006 5353 2485 5427">
    <p class='ocr_par' dir='ltr' id='par_1_110' title="bbox 2006 5353 2485 5427">
     <span class='ocr_line' id='line_1_110' title="bbox 2006 5353 2485 5427; baseline -0.01 -17"><span class='ocrx_word' id='word_1_682' title='bbox 2006 5355 2180 5427; x_wconf 90' lang='lat' dir='ltr'><strong>possit</strong></span> <span class='ocrx_word' id='word_1_683' title='bbox 2217 5353 2485 5408; x_wconf 87' lang='lat' dir='ltr'><strong>meliores.</strong></span> 
     </span>
    </p>
   </div>
   <div class='ocr_carea' id='block_1_111' title="bbox 2077 5436 3583 5518">
    <p class='ocr_par' dir='ltr' id='par_1_111' title="bbox 2077 5436 3583 5518">
     <span class='ocr_line' id='line_1_111' title="bbox 2077 5436 3583 5518; baseline -0.009 -15"><span class='ocrx_word' id='word_1_684' title='bbox 2077 5448 2401 5518; x_wconf 84' lang='lat' dir='ltr'><strong>lmprobitas</strong></span> <span class='ocrx_word' id='word_1_685' title='bbox 2435 5445 2594 5500; x_wconf 78' lang='lat' dir='ltr'><strong>facile</strong></span> <span class='ocrx_word' id='word_1_686' title='bbox 2630 5445 2716 5501; x_wconf 88' lang='lat' dir='ltr'><strong>sui</strong></span> <span class='ocrx_word' id='word_1_687' title='bbox 2766 5445 3008 5500; x_wconf 89' lang='lat' dir='ltr'><strong>studium</strong></span> <span class='ocrx_word' id='word_1_688' title='bbox 3040 5441 3260 5503; x_wconf 81' lang='lat' dir='ltr'><strong>excitat.</strong></span> <span class='ocrx_word' id='word_1_689' title='bbox 3308 5445 3470 5506; x_wconf 86' lang='lat' dir='ltr'><strong>atque</strong></span> <span class='ocrx_word' id='word_1_690' title='bbox 3526 5436 3583 5491; x_wconf 87' lang='lat' dir='ltr'><strong>in</strong></span> 
     </span>
    </p>
   </div>
   <div class='ocr_carea' id='block_1_112' title="bbox 2008 5528 3586 5612">
    <p class='ocr_par' dir='ltr' id='par_1_112' title="bbox 2008 5528 3586 5612">
     <span class='ocr_line' id='line_1_112' title="bbox 2008 5528 3586 5612; baseline -0.007 -17"><span class='ocrx_word' id='word_1_691' title='bbox 2008 5550 2257 5611; x_wconf 89' lang='lat' dir='ltr'><strong>promptu</strong></span> <span class='ocrx_word' id='word_1_692' title='bbox 2303 5538 2707 5610; x_wconf 85' lang='lat' dir='ltr'><strong>est,-nihilque</strong></span> <span class='ocrx_word' id='word_1_693' title='bbox 2761 5544 2870 5612; x_wconf 72' lang='lat' dir='ltr'><strong>tam</strong></span> <span class='ocrx_word' id='word_1_694' title='bbox 2919 5534 3084 5590; x_wconf 82' lang='lat' dir='ltr'><strong>facile</strong></span> <span class='ocrx_word' id='word_1_695' title='bbox 3132 5542 3240 5599; x_wconf 72' lang='lat' dir='ltr'><strong>est,</strong></span> <span class='ocrx_word' id='word_1_696' title='bbox 3271 5546 3433 5602; x_wconf 88' lang='lat' dir='ltr'><strong>quam</strong></span> <span class='ocrx_word' id='word_1_697' title='bbox 3469 5528 3586 5584; x_wconf 78' lang='lat' dir='ltr'><strong>ﬁeri</strong></span> 
     </span>
    </p>
   </div>
   <div class='ocr_carea' id='block_1_113' title="bbox 2010 5617 2895 5685">
    <p class='ocr_par' dir='ltr' id='par_1_113' title="bbox 2010 5617 2895 5685">
     <span class='ocr_line' id='line_1_113' title="bbox 2010 5617 2895 5685; baseline -0.002 0"><span class='ocrx_word' id='word_1_698' title='bbox 2010 5632 2235 5685; x_wconf 86' lang='lat' dir='ltr'><strong>malum.</strong></span> <span class='ocrx_word' id='word_1_699' title='bbox 2893 5617 2895 5619; x_wconf 10' lang='lat'><strong><em>1</em></strong></span> 
     </span>
    </p>
   </div>
   <div class='ocr_carea' id='block_1_114' title="bbox 2083 5717 3584 5794">
    <p class='ocr_par' dir='ltr' id='par_1_114' title="bbox 2083 5717 3584 5794">
     <span class='ocr_line' id='line_1_114' title="bbox 2083 5717 3584 5794; baseline -0.007 -19"><span class='ocrx_word' id='word_1_700' title='bbox 2083 5723 2378 5777; x_wconf 80' lang='lat' dir='ltr'><strong>Ditiiciiitcr</strong></span> <span class='ocrx_word' id='word_1_701' title='bbox 2404 5725 2607 5778; x_wconf 81' lang='lat' dir='ltr'><strong>bonum</strong></span> <span class='ocrx_word' id='word_1_702' title='bbox 2645 5720 3128 5794; x_wconf 78' lang='lat' dir='ltr'><strong>comprehenditur</strong></span> <span class='ocrx_word' id='word_1_703' title='bbox 3161 5734 3194 5775; x_wconf 84' lang='lat' dir='ltr'><strong>a</strong></span> <span class='ocrx_word' id='word_1_704' title='bbox 3240 5726 3432 5774; x_wconf 80' lang='lat' dir='ltr'><strong>natura</strong></span> <span class='ocrx_word' id='word_1_705' title='bbox 3485 5717 3584 5767; x_wconf 77' lang='lat' dir='ltr'><strong>lto-</strong></span> 
     </span>
    </p>
   </div>
  </div>
