3976 6214
1699 298 2015 359 ANTONII
2052 299 2398 361 MELISSrE
3566 297 3710 361 108$

427 309 572 375 1083

426 433 656 495 minum,
716 422 1172 498 quemadmodum
1209 419 1389 489 ignem
1439 430 1548 471 non
1578 417 1817 486 concipit
1842 416 2025 471 immi-

2184 438 2317 490 map
2348 417 2442 473 καὶ
2497 417 2558 470 τὸ
2605 417 2716 487 πῦρ
2765 415 2864 487 ὕλῃ
2917 417 2986 487 τῇ
3038 415 3349 486 ὑγροτέρᾳο
3383 415 3597 483 ἕτοιμοι
3647 417 3714 469 δὲ

424 525 546 577 dior
571 522 850 576 materies.
900 519 970 572 At
997 513 1172 585 parati
1229 511 1298 565 ad
1327 508 1653 564 maleﬁcium
1711 509 1928 579 plurimi
1968 520 2023 565 et

2184 513 2265 583 ρδς
2297 513 2396 582 τὴν
2420 511 2514 564 τοῦ
2544 510 2718 563 κακοῦ
2761 507 3026 579 ἐργασίαν
3065 507 3115 560 οί
3152 507 3398 560 πλεῖστοι
3444 511 3539 560 καὶ
3582 511 3719 563 ἐπι-

2124 608 2351 679 τήδειοι.

2195 698 2493 768 Πρὸχειρον
2541 697 2574 767 ἡ
2611 693 2847 765 πονηρία
2893 693 2975 763 τῷ
3019 691 3178 762 κακῷ
3217 689 3421 763 μᾶλλον
3474 691 3722 745 ἀκολου-

2127 789 2261 854 θεῖν,
2292 788 2323 859 ἢ
2359 788 2462 840 ὑπὸ
2483 786 2578 841 τοῦ
2611 789 2920 857 κρείττονος
2947 785 3376 840 ἀνακόπτεσθαι.

2196 883 2416 952 Ψυχαῐς
2447 881 2696 952 βεϐήλοις
2725 881 2879 934 οὐδὲν
2908 881 3018 934 τῶν
3041 879 3226 934 καλῶν
3254 880 3596 945 ἀξιόπιστον.

426 614 700 668 disnositi.

498 631 511 668 ἰ
551 631 700 667 οςιιι.

498 631 697 760 ἣῗξιιιιιη
735 701 952 757 facilius
979 707 1034 755 et
1061 694 1375 770 promptius
1404 693 1718 762 improbum
1749 693 2016 761 sequitur,

429 815 593 870 quam
633 805 958 850 coerceatur
989 807 1016 844 a
1058 790 1306 844 meliore.

499 889 712 943 Animis
746 883 989 955 profanis
1022 881 1160 936 nihil
1197 877 1414 933 honesti
1459 875 1594 930 satis
1620 874 1844 944 dignum
1874 872 2028 926 vide-

430 991 541 1044 tur,
577 980 664 1034 cui
698 973 1107 1046 persuadendos
1142 987 1202 1027 se
1242 970 1542 1040 pradicant.

502 1073 560 1128 S.
601 1071 881 1141 Chrysost.
933 1068 1034 1134 Qui
1084 1082 1227 1135 saepe
1272 1073 1502 1134 peccant
1546 1077 1648 1116 nec
1697 1059 2022 1131 puniuntur,

435 1176 684 1219 metuere
715 1175 774 1216 et
803 1161 978 1215 vereri
1011 1159 1248 1220 debent;
1280 1163 1553 1224 augentur
1581 1153 1726 1207 enim
1760 1152 1868 1206 illis
1894 1165 2025 1218 sup-

432 1255 594 1323 plicia
643 1267 738 1320 per
802 1249 1054 1319 supplicii
1103 1246 1418 1299 tarditatem
1459 1251 1514 1299 et
1557 1242 1798 1297 divinam
1833 1241 2026 1296 lenita-

437 1357 568 1400 lem.
2130 1342 2298 1413 κροθυ
2307 1341 2434 1411 μίας
2462 1340 2558 1393 τοῦ
2588 1336 2744 1395 Θεοῦ.

513 1435 631 1490 Non
675 1441 886 1488 tantum
922 1431 960 1485 ii
993 1431 1088 1499 qui
1135 1429 1400 1486 scelerate
1429 1425 1634 1496 aliquid
1668 1424 1900 1488 faciunt,
1938 1439 2028 1478 vc-

2201 1433 2314 1503 Οὐχ
2361 1432 2411 1485 οἱ
2461 1432 2531 1486 τὰ
2575 1431 2756 1501 φαῦλα
2806 1431 3146 1500 πράσσοντες
3187 1429 3373 1500 μόνον,
3419 1426 3562 1482 ἀλλὰ
3624 1427 3725 1480 καὶ

435 1543 558 1582 rum
609 1527 770 1581 etiam
813 1524 906 1594 qui
941 1525 1076 1578 istos
1128 1521 1382 1576 laudibus
1423 1517 1676 1581 eﬂ‘erunt,
1709 1515 2027 1570 eorumdent

2214 1521 2442 1584 τούτους
2473 1519 2941 1591 ἐγκωμιάζοντες,
2967 1520 3066 1588 τῆς
3109 1517 3282 1589 αὐτῆς
3313 1518 3522 1583 αὐτοῖς,
3557 1516 3593 1586 ἢ
3623 1517 3727 1571 καὶ

435 1636 560 1676 cum
590 1620 696 1675 illis
728 1619 809 1673 vel
845 1619 1008 1673 etiam
1036 1616 1345 1687 graviorum
1379 1613 1677 1684 participes
1705 1617 1869 1665 erunt
1895 1622 2028 1677 sup-

2184 1614 2543 1686 ιλεπωτέρας,
2577 1618 2970 1686 κοινωνήσουσι
3009 1613 3310 1675 κολάσεως.

437 1713 752 1784 pliciorum.
1668 1761 1672 1766 _

515 1805 748 1860 Sanclos
775 1802 996 1872 quidem
1027 1798 1194 1854 lucidi
1224 1803 1445 1853 servant
1479 1794 1659 1864 angeli
1684 1833 1698 1855 .
1751 1790 2029 1860 improbos

2203 1794 2342 1856 Τοὺς
2372 1793 2469 1864 μὲν
2495 1795 2683 1865 ἁγίους
2714 1795 3042 1864 φωταγωγοὶ
3065 1793 3442 1864 φυλάσσουσιν
3467 1792 3727 1862 ἄγγελοι,

445 1908 625 1953 autem
661 1893 963 1948 tenebrosi.

2184 1882 2260 1945 ιὺς
2283 1882 2341 1934 δὲ
2375 1882 2630 1952 φαύλους·
2647 1883 2935 1938 σκοτεινοί.

497 1986 862 2043 'Abundantia
912 1981 1245 2053 cognitionis
1302 1978 1584 2048 sapientiae
1630 1976 1792 2031 nobis
1829 1975 2034 2027 multos

2206 1974 2442 2037 Πλοῦτος
2473 1975 2730 2044 γνώσεως
2771 1977 2964 2044 σοφίας
2994 1976 3356 2047 προστίθησιν
3383 1979 3522 2049 ἡμῖν
3547 1982 3727 2049 ἀγγέ-

443 2080 699 2134 conciliat
726 2077 955 2142 angelos
993 2089 1007 2126 :
1044 2075 1293 2142 impurus
1323 2080 1505 2125 autem
1561 2070 1724 2124 etiam
1755 2069 1821 2122 ab
1850 2083 1915 2122 eo
1941 2065 2032 2136 qui

2184 2085 2263 2131 ως
2288 2067 2517 2131 πολλούς
2546 2082 2562 2098 ⁸
2594 2069 2622 2122 ὁ
2649 2070 2705 2123 δὲ
2734 2069 3045 2137 ἀκάθαρτος
3089 2071 3177 2123 καὶ
3211 2072 3319 2124 ἀπὸ
3353 2071 3451 2125 τοῦ
3477 2072 3732 2136 δοθέντος

443 2171 544 2242 ipsi
586 2186 615 2224 a
648 2183 820 2238 puero
847 2169 1014 2221 datus
1043 2174 1149 2229 est,
1181 2172 1491 2233 separatur.

2184 2160 2284 2229 5τῷ
2308 2162 2373 2212 ὲκ
2410 2161 2602 2225 παιδὸς
2634 2163 2951 2231 χωρίζεται.

518 2262 780 2316 Philonis.
814 2245 1108 2329 Improbus
1143 2257 1291 2311 aliud
1325 2256 1514 2318 sentit,
1545 2253 1690 2307 aliud
1751 2250 2033 2322 loquitur;

2206 2253 2314 2306 Τοῦ
2350 2256 2556 2322 φαύλου
2600 2255 2767 2326 ἔτερα
2813 2257 2913 2325 μὲν
2953 2256 3024 2310 τὰ
3065 2255 3321 2326 ἐνθύμια,
3355 2256 3526 2326 ἕτερα
3553 2257 3615 2310 δὲ
3662 2259 3732 2310 ti

445 2357 567 2411 aliae
601 2356 763 2409 etiam
794 2350 1070 2415 sunt'ejus
1117 2350 1365 2404 actiones
1400 2365 1415 2402 :
1455 2348 1693 2416 denique
1737 2346 1950 2400 diversa
1981 2344 2032 2399 ei

2184 2346 2386 2415 ἤματα,
2417 2345 2576 2401 ἄλλαι
2601 2347 2659 2401 δὲ
2694 2347 2751 2400 αἱ
2783 2347 3037 2417 πράξεις,
3067 2347 3300 2418 διάφορα
3329 2347 3388 2400 δὲ
3422 2350 3522 2402 καὶ
3555 2350 3735 2419 μαχό-

448 2459 500 2504 et
520 2450 750 2501 omnino
785 2443 1079 2515 pugnantia
1112 2451 1244 2497 sunt
1274 2441 1496 2504 omnia;
1533 2454 1640 2494 non
1673 2439 1819 2492 enim
1856 2435 2037 2505 loqui-

2184 2454 2278 2489 ενα
2309 2436 2632 2491 παντάπασι
2653 2454 2669 2468 ⁸
2730 2439 2880 2508 λέγει
2913 2441 3020 2511 γὰρ
3054 2441 3152 2512 οὐχ
3174 2440 3210 2494 ἃ
3242 2444 3455 2512 φρονεῖ.
3508 2446 3606 2496 καὶ
3637 2445 3733 2512 βε-

451 2550 560 2602 tnr,
612 2555 735 2606 qua;
767 2540 961 2600 sentit,
1003 2544 1058 2590 et
1085 2532 1365 2589 contraria
1421 2532 1660 2586 decrevit
1695 2531 1784 2596 iis,
1827 2543 1950 2598 quae
1977 2543 2036 2583 se

2184 2529 2426 2582 ῡύλευται
2483 2532 2740 2585 τάναντία
2789 2527 2872 2595 οἷς
2929 2533 3172 2601 διέξεισι,
3230 2535 3328 2588 καὶ
3371 2537 3612 2604 πράττει
3661 2541 3733 2590 τὰ

451 2633 610 2702 172
640 2631 910 2684 facturum
951 2639 1157 2691 narrat,
1205 2642 1305 2681 nec
1338 2627 1421 2680 his
1461 2637 1832 2679 consentanea
1863 2636 2034 2676 exse.

2184 2621 2348 2685 >ύτοις
2384 2621 2459 2693 μὴ
2491 2624 2790 2693 συνᾴδοντα
2813 2641 2827 2655 ’
2867 2623 3034 2692 ὥστε,
3068 2629 3276 2696 κυρίως
3321 2627 3524 2692 εἰπεῖν,
3559 2630 3588 2680 ὁ
3631 2629 3728 2682 τοῦ

448 2727 656 2794 quitur,
689 2731 746 2775 ut
787 2721 1004 2791 pr0prie
1031 2719 1216 2774 dicere
1259 2718 1441 2785 liceat,
1482 2717 1712 2784 improbi
1746 2716 1910 2768 vitam
1943 2728 2034 2768 se-

2184 2713 2348 2767 αύλου
2381 2714 2494 2784 βίος
2520 2715 2802 2786 πολέμιος.

449 2833 571 2870 eum
600 2817 800 2870 bellum
834 2829 1045 2884 gerere.

530 2907 798 2977 lmprobis
821 2905 963 2958 nulla
992 2919 1050 2958 re
1079 2903 1315 2969 gaudere
1335 2915 1657 2957 concessum
1690 2909 1772 2953 est
1802 2914 1820 2952 :
1849 2913 2040 2966 quem-

2211 2900 2316 2954 Τδν
2356 2897 2562 2968 φαῦλον
2611 2901 2788 2954 οὐδενῖ
2821 2900 3034 2971 χαίρειν
3093 2901 3330 2970 ἐφίεται,
3376 2903 3638 2977 καθάπερ
3674 2905 3744 2959 ἐν

460 3003 755 3056 admodum
783 2999 836 3052 in
885 2996 1222 3068 propheticis
1250 2997 1467 3050 canitur
1491 2992 1730 3048 oraculis
1757 2989 2040 3046 :Gaudere

2189 2993 2511 3061 ροφητικαῖς
2546 2990 2732 3062 ᾅδεται
2781 2993 2972 3062 ρήσεσι
2995 3006 3010 3022 ο
3048 2991 3276 3063 Χαίρειν
3319 2995 3423 3048 οὐκ
3469 2995 3590 3050 ἔστι
3620 3000 3737 3060 τοῖς

450 3111 562 3150 non
599 3093 724 3146 licet
759 3092 969 3158 impiis,
1005 3089 1144 3141 Deus
1203 3089 1298 3141 ait.
1349 3089 1544 3141 Sermo
1606 3085 1750 3140 enim
1795 3083 2035 3150 divinus,

2184 3084 2418 3146 σεσέσιν,
2459 3080 2615 3137 εἶπεν
2652 3083 2681 3135 ὁ
2710 3083 2862 3148 Θεός.
2907 3084 3078 3152 Λόγος
3109 3090 3218 3156 γὰρ
3252 3087 3423 3152 ὅντως
3452 3091 3551 3143 καὶ
3598 3091 3741 3162 χρή-

451 3201 612 3242 verus
644 3194 700 3239 et
734 3184 883 3237 utilis
918 3191 1000 3236 est
1023 3222 1038 3247 ,
1076 3181 1320 3235 tetricam
1387 3189 1444 3234 et
1493 3179 1723 3232 tristitia:
1763 3177 2042 3250 deditam',

2184 3175 2313 3246 19.6;
2367 3177 2483 3228 ἐστι
2539 3176 2680 3238 θεῖος
2711 3189 2724 3201 ·
2786 3175 3110 3244 σκυθρωπὸν
3166 3179 3258 3231 καὶ
3316 3179 3587 3232 ἐπίλυπον
3642 3184 3738 3235 καὶ

449 3295 518 3334 ac
561 3278 910 3333 infelicitatis
939 3275 1152 3345 plenam
1189 3288 1312 3328 esse
1355 3271 1748 3342 improbissimi
1776 3271 2046 3339 cujusque

456 3371 652 3424 vitam.

539 3456 826 3515 Instabiles
859 3467 987 3514 sunt
1017 3455 1288 3509 malorum
1323 3454 1605 3508 hominum
1638 3469 1783 3522 spes,
1816 3454 1908 3522 qui
1939 3453 2044 3507 sibi

460 3552 680 3624 quidem
735 3550 1022 3605 commoda
1071 3558 1384 3619 proponunt
1423 3548 1783 3616 cogitatione,
1847 3546 2047 3615 quibus

444 3656 636 3702 tamen
657 3642 882 3697 adversa
910 3652 963 3696 et
997 3641 1104 3694 illis
1134 3641 1294 3710 digna
1323 3637 1669 3708 contingunt.

401 3727 406 3734 ’
531 3736 880 3792 ΑηιὶειΙιεηὶι.
910 3734 1269 3794 Antisthenes
1297 3747 1421 3787 cum
1449 3733 1516 3787 ab
1540 3731 1800 3801 improbis
1823 3730 2050 3802 quibus-

453 3833 582 3887 dam
615 3830 952 3890 laudaretur,
1011 3824 1236 3889 Vereor,
1267 3825 1466 3895 inquit,
1497 3841 1564 3879 ne
1586 3825 1719 3893 quid
1759 3823 1886 3878 mali
1910 3839 1940 3876 a
1963 3838 2049 3877 me

459 3926 804 3994 designatum
837 3924 928 3983 sit,
967 3919 1113 3989 quod
1149 3916 1274 3972 istis
1316 3917 1526 3987 placeo.

531 4016 654 4071 Mali
685 4013 1095 4070 adulationibus
1121 4025 1249 4064 cum
1284 4009 1646 4076 deliniuntur,
1682 4007 1897 4080 pejores
1922 4025 2049 4063 eva-

461 4110 619 4164 dunt.

536 4194 735 4248 Senem
796 4196 1111 4261 peccantem
1163 4204 1233 4244 ne
1279 4204 1502 4245 moneas
1531 4207 1547 4257 ;
1603 4200 1840 4244 veterem
1904 4191 2049 4246 enim

460 4284 710 4341 arborem
745 4283 1150 4351 transplantare
1181 4279 1402 4335 diﬂicile
1436 4291 1541 4336 est.

2184 4277 2392 4331 παλαιὸν
2423 4281 2832 4350 μεταφυτεῦσαι
2861 4279 3122 4337 δύσκολόν
3153 4284 3327 4341 ἐστιν.

533 4375 816 4443 Diogenes.
845 4373 1112 4443 Diogenes
1131 4375 1436 4444 improbum
1461 4375 1750 4445 quemdam
1775 4374 2046 4442 monebat,

2231 4370 2492 4442 Διογένης
2514 4373 2791 4427 ἐνουθέτει
2826 4377 2949 4429 τινὰ
2988 4379 3260 4447 πονηρόνο
3295 4377 3661 4448 ἐρωτώμενος
3691 4379 3748 4434 δὲ

465 4468 834 4536 interrogatus
885 4473 1069 4519 autem
1125 4466 1258 4536 quid
1307 4474 1535 4536 ageret:
1588 4463 1901 4534 Ethiopetn
1937 4468 2044 4537 (in-

2185 4463 2253 4517 πὸ
2291 4481 2457 4529 τινος,
2479 4465 2544 4518 Τί
2575 4465 2734 4519 τοῦτο
2792 4470 3006 4534 ποιείςς
3064 4468 3478 4539 ἔφηΙηΔίθίοπα
3531 4475 3745 4544 σμήχω,

470 4560 610 4636 quit)
643 4561 915 4628 absterge,
951 4567 1010 4611 nt
1039 4557 1331 4611 candidum
1364 4556 1607 4610 reddam.

2184 4575 2244 4610 να
2281 4556 2475 4612 λευκὸν
2508 4559 2741 4630 ποιήσω.

535 4651 733 4707 Medici
766 4651 975 4704 amaris
1011 4649 1429 4703 medicamentis
1475 4663 1595 4720 qua:
1646 4647 1900 4717 lingendo
1965 4665 2046 4704 su-

2229 4649 2291 4702 Οί
2328 4649 2430 4717 μὲν
2460 4651 2636 4723 ἰατροὶ
2673 4655 2773 4716 τὰς
2802 4652 2915 4708 τῶν
2967 4653 3268 4708 ὲκλεικτῶν
3310 4657 3632 4724 φαρμάκων
3661 4674 3742 4709 τι·

3773 929 3783 970 ί

2197 1063 2263 1118 Οί
2296 1061 2468 1116 πολλὰ
2519 1061 2802 1124 πταίοντες
2835 1063 2929 1114 καὶ
2979 1059 3056 1130 μὴ
3109 1056 3466 1129 κολαζόμενοι
3521 1060 3720 1127 (906:!-

2130 1159 2253 1212 σθαι
2279 1155 2376 1212 καὶ
2407 1156 2705 1210 δεδοικέναι
2742 1153 3076 1222 ὀφείλουσιν.
3104 1151 3343 1216 Αῠξεται
3374 1153 3485 1220 γὰρ
3525 1153 3722 1215 αὐτοῖς

2127 1251 2196 1303 τὰ
2227 1251 2327 1319 τῆς
2360 1248 2632 1319 τιμωρίας
2662 1247 2754 1300 διὰ
2797 1247 2896 1318 τῆς
2926 1245 3313 1316 ἀτιμωρησίας
3343 1244 3442 1297 καὶ
3471 1244 3574 1315 τῆς
3612 1261 3720 1314 μα-

2156 3268 2351 3338 μεστὸν
2385 3267 2810 3339 βαρυδαιμονίας
2863 3266 3004 3322 εἶναι
3049 3269 3153 3322 ’τὸν
3188 3273 3393 3336 παντὸς
3448 3273 3748 3344 μοχθηροῦ,

2155 3358 2288 3429 βίον.

2236 3451 2513 3504 Ἀὗέὗαιοι
2550 3452 2604 3503 αἱ
2633 3451 2742 3504 τῶν
2776 3453 3030 3522 πονηρῶν
3056 3454 3362 3526 ἀνθρώπων
3383 3457 3630 3522 ἐλπίδες,
3657 3457 3739 3511 el-

2155 3542 2432 3607 καζόντων
2465 3544 2566 3611 μὲν
2597 3545 2665 3597 τὰ
2690 3545 3055 3618 χρηστότερα,
3084 3549 3153 3602 τὰ
3181 3548 3238 3602 δὲ
3270 3548 3621 3619 παλίμφημιι
3641 3551 3736 3603 καὶ

2153 3630 2229 3689 ὧν
2259 3633 2407 3698 ἄξιον
2431 3635 2722 3704 τυγχάνειν
2760 3637 2890 3699 eisi,
2927 3639 3268 3709 πασχόντων.

2240 3726 2587 3797 Ἀντισθένης
2629 3729 3026 3799 ἐπαινούμενος
3059 3729 3166 3784 ὑπὸ
3219 3731 3482 3803 tempth
3530 3733 3738 3803 ἁνθριὶι-

2155 3837 2297 3884 πων,
2325 3818 2596 3886 ’Δγωνιῶ,
2647 3818 2774 3889 ἔφη,
2810 3819 2885 3891 μή
2916 3835 2968 3874 τι
2998 3819 3168 3874 κακὸν
3196 3820 3490 3892 εἴργασταί
3523 3839 3638 3891 μοι,
3660 3823 3740 3875 ὅτι

2155 3911 2423 3976 τοιούτοις
2453 3913 2700 3985 ἀρέσκω.

2228 4005 2405 4058 Κακοὶ
2437 4005 2859 4078 κολακευόμενοι
2882 4006 3192 4080 κακώτεροι
3225 4008 3495 4080 γίνονται.

2229 4182 2318 4253 Μὴ
2350 4186 2591 4240 νουθέτει
2621 4186 2854 4259 γέροντα
2901 4189 3313 4260 ἁμαρτάνοντα.
3361 4191 3600 4262 Δένδρον
3636 4194 3746 4265 γὰρ

469 4755 711 4810 muntur,
741 4741 920 4795 mellis
953 4739 1210 4802 nonnihil
1245 4739 1535 4804 adhibent,
1584 4751 1642 4793 ut
1686 4739 1928 4794 dulciora
1979 4741 2057 4793 l'a-

469 4835 666 4889 ciant:
710 4833 792 4887 sic
845 4832 1122 4902 ingeniosi
1174 4829 1546 4886 diﬂiciliorum
1600 4833 1884 4886 hominum
1924 4846 2056 4888 cou-

471 4927 780 4994 gressiones
816 4925 1091 4980 hilaritate
1125 4924 1399 4979 molliunt.

546 5014 620 5070 Ex
652 5017 811 5072 factis
849 5019 1021 5088 magis
1050 5034 1214 5088 quam
1255 5033 1324 5073 ex
1363 5019 1543 5073 verbis
1576 5019 1812 5074 hominis
1846 5019 2061 5087 pericu-

474 5108 584 5162 lum
618 5108 820 5176 facito;
849 5111 1005 5162 multi
1039 5113 1182 5165 enim
1211 5126 1334 5164 cum
1374 5113 1537 5163 vitam
1569 5112 1821 5164 vitiosam
1859 5119 2053 5180 agant,

476 5201 724 5256 oratione
750 5202 904 5255 suavi
936 5211 990 5256 et
1022 5202 1088 5257 ad
1117 5201 1549 5272 persuadendum
1575 5205 1773 5258 valenti
1808 5213 2056 5257 utuntur.

796 5314 1029 5371 SERMO
1069 5315 1286 5370 XXXIII
1329 5316 1428 5388 [αι.
1473 5315 1736 5389 CXXIII].

613 5411 692 5467 De
721 5413 940 5472 muliere
968 5413 1128 5482 forti.
1154 5423 1208 5475 et
1257 5414 1595 5482 temperanti,
1621 5422 1672 5466 et
1695 5428 1918 5482 sagace.

547 5567 678 5624 Gen.
716 5587 866 5626 χιιι,
905 5571 1107 5628 Rachel
1151 5582 1204 5625 et
1237 5571 1331 5625 Lia
1370 5570 1764 5640 respondentes
1835 5569 2060 5635 Iacobo.

480 5660 643 5727 Num,
687 5662 964 5732 inquiunt,
988 5679 1114 5734 pars
1143 5664 1322 5718 adhuc
1347 5663 1502 5717 nobis
1530 5673 1615 5717 est
1643 5673 1737 5718 aut
1767 5664 2063 5721 harrcditas

480 5749 537 5810 in
569 5751 732 5806 domo
770 5755 939 5822 patris
974 5755 1186 5810 nostri?
1231 5753 1424 5810 Nonne
1468 5755 1657 5811 aliena:
1693 5757 1785 5829 ιιι)⁵
1815 5757 1910 5812 illo
1942 5758 2063 5814 exi-

2159 4741 2318 4810 κρίας
2363 4740 2585 4810 μέλιτι,
2618 4743 2667 4795 οί
2717 4743 2774 4795 δὲ
2823 4744 2981 4812 σοφοὶ
3027 4744 3128 4809 τὰς
3168 4745 3279 4799 τῶν
3320 4747 3744 4818 δυσκολωτὲρων

2158 4831 2462 4902 ἀνθρώπων
2485 4835 2707 4903 ὁμιλίας
2743 4835 3026 4908 ἱλαρότητι
3054 4838 3470 4907 γλυκαίνουσιν.

2233 5019 2437 5088 Πεῖραν
2459 5018 2755 5089 ἀνθρώπου
2809 5023 2875 5074 ὲκ
2903 5023 3011 5076 τῶν
3039 5024 3222 5094 ἔργων
3255 5025 3511 5096 λάμϐανε
3552 5030 3744 5100 μᾶλλον

2161 5109 2194 5178 ἢ
2231 5111 2294 5161 ἐκ
2341 5110 2450 5163 τῶν
2482 5111 2680 5179 λόγων.
2730 5113 2928 5168 Πολλοὶ⁵
2977 5115 3089 5188 γὰρ
3124 5117 3227 5188 βίῳ
3279 5119 3383 5190 μέν
3413 5121 3533 5177 εισι
3571 5124 3743 5187 κακοὶ,

2161 5200 2305 5272 λόγῳ
2339 5202 2396 5255 δὲ
2427 5203 2669 5259 πιθανοί.

2765 5320 2986 5373 ΛΟΓΟΣ
3015 5319 3137 5376 Al".

2238 5407 2377 5478 Περὶ
2411 5409 2700 5478 γυναικὸς
2734 5410 3038 5494 ἀνδρείας·2
3067 5415 3167 5470 καί
3207 5415 3556 5487 σώφρονος,
3587 5420 3685 5477 καὶ

2806 5499 3092 5553 (rw-8mg.

2250 5574 2663 5644 ’Λποκριθεῖσαι
2705 5574 2902 5646 Ῥαχὴλ
2934 5579 3027 5630 καὶ
3055 5579 3177 5642 Δία.
3213 5575 3377 5635 εἶπαν
3409 5584 3494 5656 τῷ
3538 5587 3748 5640 Tauri-6°

2167 5667 2257 5735 Μή
2286 5667 2433 5718 ἐστιν
2466 5667 2600 5735 ἡμῖν
2629 5666 2866 5738 μερὶς,ἢ
2904 5669 3242 5742 κληρονομία
3274 5675 3334 5728 ὲν
3369 5677 3451 5746 τῷ
3488 5680 3629 5748 οἴκῳ
3661 5679 3748 5730 το]

2168 5759 2375 5828 πατρὸς
2429 5757 2617 5827 ἡμῶν;
2671 5761 2785 5813 Οὐκ
2836 5762 3116 5834 ἀλλότριαι
3163 5767 3533 5838 λελογίσμεθα
3564 5771 3752 5824 abab;
