3976 6214
343 308 483 375 1035

1082 314 1254 375 LOCl
1292 313 1731 377 COMMUNES.
1760 342 1831 353 --
1861 317 2053 378 PARS
2097 316 2181 377 II.
2206 314 2462 374 SERMO
2504 316 2781 378 XXXIII.

3392 343 3403 353 ·
3452 320 3588 383 1086

341 426 601 493 Πέπρακε
646 426 755 495 γὰρ
802 426 973 497 ἡμᾶς,
1016 427 1111 480 καὶ
1154 428 1429 496 κατέφαγε
1478 429 1821 499 καταϐρώσει
1848 430 1910 482 τὸ

2040 433 2244 489 limata:
2273 432 2503 489 sumus?
2543 432 2783 487 vendidit
2822 430 2968 487 enim
3001 445 3120 496 nos,
3147 439 3203 487 et
3228 431 3385 501 plane
3424 433 3589 490 devo-

340 516 603 587 ἀργύριον
624 517 656 586 ἡ
667 517 807 585 μῶν.

418 610 689 675 Ἤγγισεν
729 609 1016 679 Ἀϐιμέλεχ
1062 610 1165 672 ἕως
1192 611 1292 678 τῆς
1321 611 1495 679 πύλης
1534 611 1627 665 τοῦ
1674 613 1906 683 πύργου,

340 700 628 770 ἐμπρῆσαι
658 700 830 772 αὐτὴν
892 702 950 755 ἑν
996 701 1151 772 πυρί.
1200 702 1309 756 Καὶ
1364 702 1556 774 ἔρριψε
1614 705 1750 773 γυνὴ
1813 704 1911 773 μία

340 794 563 862 κλάσμα
622 792 793 862 μύλου
852 793 949 845 ἰπὶ
1001 793 1100 864 τὴν
1152 793 1391 864 κεφαλὴν
1456 794 1762 863 Ἀϐιμέλεχ,
1817 795 1913 849 καὶ

340 884 538 955 ἐϐόησε
566 885 700 954 ταχὺ
732 884 868 955 πρὸς
908 884 967 937 τὸ
998 885 1281 954 παιδάριον
1329 886 1391 937 τὸ
1429 882 1585 954 αῐρον
1631 886 1698 938 τὰ
1742 885 1909 954 σκεύη

340 975 530 1039 αὐτοῦ,
565 976 657 1028 καὶ
684 970 838 1027 εἶπεν
871 975 1019 1044 αὑτῷ
1045 990 1060 1005 ·
1110 976 1326 1028 Σπάσαι
1362 976 1461 1045 τὴν
1489 976 1763 1045 ῥομφαίαν
1794 992 1910 1041 σου,

341 1069 434 1122 καὶ
473 1067 785 1122 θανάτωσόν
822 1085 911 1137 με,
953 1071 1027 1137 μή
1060 1085 1189 1120 ποτε
1222 1068 1469 1130 είπωσιν,
1515 1067 1599 1119 ὅτι
1630 1068 1766 1136 γυνὴ
1807 1067 1912 1118 ἁπ-

340 1158 580 1211 ἑκτεινεν
610 1159 795 1211 αὐτόν.
827 1160 935 1213 Καὶ⁸
960 1160 1315 1229 ὲξεκέντησεν
1355 1158 1516 1211 αὑτὸν
1543 1158 1605 1211 τὸ
1625 1158 1911 1227 παιδάριον

339 1248 529 1313 αὐτοῦ,
555 1251 650 1302 καὶ
671 1250 958 1304 ἀπέθανεν.

422 1339 739 1407 ’Δνὴγγειλε
780 1338 860 1408 τῷ
895 1337 1059 1393 Δαυῒδ
1088 1340 1299 1409 Μελχὸλ
1337 1341 1372 1411 ἡ
1420 1340 1559 1411 γυνὴ
1610 1339 1778 1393 αὑτοῦ
1822 1340 1910 1393 λέ-

338 1448 513 1499 ⁴γουσα
536 1444 551 1459 ·
588 1418 717 1483 Ἐὰν
752 1432 828 1500 μὴ
870 1431 935 1484 σὺ
970 1431 1152 1502 σώσῃς
1176 1432 1273 1502 τὴν
1303 1433 1481 1502 ψυχὴν
1529 1433 1761 1485 σεαυτοῦ
1812 1436 1910 1503 τὴν

337 1521 510 1575 νύκτα
569 1521 796 1590 ταύτην,
833 1519 1023 1590 αὔριον
1076 1522 1462 1593 θανατωθήσῃ.
1521 1523 1630 1576 Καὶ
1681 1524 1909 1591 κατάγει

337 1612 566 1683 Μελχὼλ
596 1614 690 1666 τὸν
721 1613 887 1668 Δαυῒδ
920 1614 1008 1668 διὰ
1036 1615 1133 1684 τῆς
1164 1615 1395 1686 θυρίδος,
1420 1615 1517 1669 καὶ
1548 1615 1782 1685 ἀπῆλθε,
1816 1616 1909 1668 καὶ

338 1705 531 1772 ἔφυγε,
553 1707 647 1758 καὶ
681 1706 883 1777 ἐσώθη.

2017 527 2157 583 ravit
2182 532 2463 596 argentum
2492 532 2767 585 nostrum.

2083 615 2265 672 Judic.
2308 617 2662 694 1x..Accessit
2696 615 3082 672 Abimelechus
3121 633 3295 686 usque
3319 620 3386 673 ad
3422 622 3589 674 turris

2012 717 2250 776 portam,
2285 717 2343 759 ut
2379 721 2499 761 eam
2529 705 2873 777 incenderet;
2910 708 3107 763 mulier
3139 719 3318 762 autem
3343 712 3588 778 quaedam

2015 798 2372 867 fragmentum
2417 797 2574 851 molae
2604 796 2657 850 in
2690 806 2857 864 caput
2885 798 3004 867 ejus
3035 798 3270 866 conjecit
3310 814 3326 851 :
3377 810 3431 853 et
3477 807 3592 853 sta-

2016 891 2109 942 tim
2149 889 2394 943 clamans
2425 888 2663 945 accersit
2700 902 2951 955 puerum,
2985 891 3078 956 qui
3114 904 3263 943 arma
3293 889 3464 956 ipsius
3491 906 3588 958 ge-

2016 981 2186 1031 rebat.
2220 978 2342 1041 Cui,
2400 980 2573 1037 Educ.
2604 979 2797 1047 inquit,
2829 978 3067 1047 gladium
3105 989 3278 1041 tuum,
3306 990 3360 1034 et
3396 997 3479 1033 me
3507 983 3592 1033 in-

2017 1068 2221 1134 terfice,
2259 1085 2327 1124 ne
2354 1071 2536 1124 dicant
2558 1069 2717 1139 vulgo
2753 1085 2838 1123 me
2868 1084 2899 1123 a
2942 1070 3169 1123 muliere
3214 1070 3587 1128 interfectum.

2019 1160 2085 1213 Et
2113 1175 2249 1228 puer
2275 1160 2393 1227 ejus
2423 1160 2653 1229 pupugit
2684 1175 2830 1225 eum,
2865 1170 2920 1215 et
2957 1170 3203 1217 mortuus
3237 1171 3339 1216 est.

2052 1338 2115 1391 »1
2157 1337 2286 1407 Reg.
2312 1355 2425 1393 xIx.
2452 1340 2681 1395 Melchol
2716 1354 2853 1394 uxor
2884 1340 3126 1404 Davidis,
3150 1340 3486 1396 renuntiavit
3513 1342 3588 1404 ei,

2014 1431 2201 1486 dicens
2240 1449 2254 1485 :
2281 1429 2397 1507 Nisj
2426 1433 2525 1486 hac
2554 1442 2716 1489 noete
2742 1432 3047 1487 servaveris
3074 1433 3235 1485 vitam
3264 1441 3434 1497 tuam,
3466 1448 3590 1487 cras

2014 1534 2186 1579 morte
2215 1524 2466 1581 allicieris
2490 1543 2507 1591 ;
2534 1536 2586 1581 et
2614 1526 2818 1579 dimisit
2849 1526 3106 1579 maritum
3140 1540 3299 1579 suum
3329 1523 3595 1599 Davidem

2012 1631 2109 1684 per
2148 1615 2462 1672 fenestram.
2502 1617 2704 1688 Sicque
2734 1616 2824 1671 ille
2855 1618 3009 1681 exiit,
3042 1616 3276 1686 aufugit,
3312 1625 3365 1671 et
3396 1630 3587 1670 serva-

2014 1715 2101 1761 tus
2133 1718 2237 1763 est.

412 1797 510 1859 Τίς
552 1797 718 1851 ἔδωκε
750 1798 993 1865 γυναιξὶν
1041 1800 1365 1870 ὑφάσματος
1403 1801 1619 1871 σοφίαν,
1667 1799 1759 1853 καὶ
1791 1814 1908 1851 ποια

2076 1797 2199 1853 Job.
2243 1798 2373 1865 Quis
2398 1801 2546 1855 dedit
2576 1799 2896 1855 mulieribus
2944 1800 3160 1854 texendi
3217 1800 3538 1869 sapientiam
3564 1834 3582 1862 ,

339 1886 585 1955 κιλτικὴν
618 1889 930 1960 ἐπιστήμην
956 1906 973 1956 ;

412 1978 552 2046 Γυνὴ
578 1978 800 2049 ἀνδρεία
832 1980 1094 2047 στέφανος
1117 1980 1194 2050 τῷ
1223 1981 1375 2052 ἀνδρὶ
1397 1982 1589 2054 αὐτῆς.

409 2068 554 2139 Γυνὴ
579 2070 902 2141 εὑχάριστος
938 2074 1146 2143 ἐγείρει
1175 2073 1328 2145 ἀνδρί⁵
1354 2074 1534 2139 δόξαν.

413 2163 511 2225 ’ος
533 2161 661 2234 εὗρε
698 2166 933 2231 γυναῖκα
961 2166 1196 2236 ἀγαθὴν,
1226 2161 1351 2237 εὗρε
1380 2169 1633 2239 χάριτας,
1665 2169 1826 2228 ἔλαϐε
1851 2175 1910 2231 δὲ

339 2252 493 2323 παρὰ
521 2252 726 2321 Κυρίου
762 2253 1077 2325 ἱλαρότητα.
1382 2278 1399 2287 ‘

413 2345 509 2405 Ὃς
535 2344 789 2398 ἐκϐάλλει
818 2350 1056 2415 γυναῖκα
1094 2348 1326 2420 ἀγαθὴν,
1354 2350 1606 2407 ἐκϐάλλει
1635 2356 1815 2424 ἀγαθὰ
1844 2358 1909 2411 ὲκ

338 2433 431 2485 τοῦ
462 2435 613 2487 οἴκου
642 2435 832 2489 αὐτοῦ.

420 2529 590 2595 Σοφαὶ
619 2532 875 2595 γυναῖκες
896 2530 1252 2602 ᾠκοδόμησαν
1277 2536 1459 2602 οίκους
1478 2553 1493 2567 ⁸
1533 2540 1565 2611 η
1615 2540 1671 2593 δὲ
1718 2543 1908 2613 ἄφρων

342 2619 656 2687 κατέσκαψε
687 2623 808 2684 ταῖς
836 2626 1020 2693 χερσὶν
1051 2625 1246 2693 αὐτῆς.

410 2711 650 2765 Γυναῖκα
706 2714 958 2784 ἀνδρείαν
1008 2715 1092 2779 τίς
1139 2719 1398 2788 εὑρήσει;
1444 2724 1748 2793 τιμιωτέρα
1792 2726 1908 2777 ἐστὶ

337 2801 502 2855 λίθων
532 2803 837 2857 πολυτελῶν
870 2806 902 2870 ἡ
933 2805 1176 2876 τοιαύτη.
1200 2807 1405 2878 Θαρσεῖ
1426 2811 1515 2864 ἐπ’
1544 2812 1678 2882 αὐτῇ
1710 2816 1741 2883 ἡ
1774 2831 1909 2883 καρο

337 2892 426 2943 δία
457 2891 551 2944 τοῦ
576 2893 767 2962 ἀνδρὸς
796 2893 985 2960 αὐτῆς.
1023 2896 1088 2949 Ἠ
1113 2898 1332 2966 τοιαύτη
1363 2900 1545 2953 καλῶν
1575 2902 1909 2958 σκύλωνρούκ

338 2985 629 3054 ἀπορήσει.
669 2987 913 3058 Ἑνεργεῖ
939 2988 1016 3058 τῷ
1047 2989 1202 3059 ἀνδρὶ
1258 2990 1458 3058 ἀγαθὰ,
1494 2994 1589 3045 καὶ¹
1633 2995 1695 3046 οὐ
1740 2998 1907 3050 κακά.

338 3075 413 3128 Οὐ
465 3075 740 3147 φροντίζει
791 3078 897 3129 τῶν
925 3075 984 3135 ἐν
1014 3079 1148 3147 οῐκῳ
1191 3078 1329 3148 ἀνὴρ
1358 3079 1548 3149 αὐτῆς.
1584 3081 1750 3134 Ὅταν
1804 3101 1907 3137 που
1939 3117 1981 3172 c

335 3167 584 3239 χρονίζῃ,
628 3167 817 3231 δισσὰς
848 3168 1074 3237 χλαίνας
1126 3169 1349 3238 ἐποίησε
1395 3171 1474 3239 τῷ
1519 3171 1671 3241 ἀνδρὶ
1718 3173 1908 3242 αὐτῆς.

347 3257 541 3310 Ἦνίκα
581 3256 648 3311 ἂν
679 3258 878 3328 καθίσῃ
909 3259 965 3309 ὲν
994 3257 1260 3328 συνεδρίῳ
1295 3260 1434 3328 μετὰ
1462 3260 1569 3312 τῶν
1608 3260 1908 3330 πρεσϐυτέ-

338 3366 475 3421 ρων,
512 3348 688 3417 στόμα
714 3347 884 3418 αὐτῆς
915 3348 1150 3418 διήνοιξε
1184 3350 1566 3419 προσεχόντως
1614 3351 1710 3404 καὶ
1763 3353 1910 3405 ἐννό-

339 3458 480 3510 μως,
511 3440 606 3493 καὶ
638 3439 796 3506 τάξιν
819 3440 1126 3493 ἐνετείλατο
1166 3442 1231 3510 τῇ
1279 3439 1502 3511 γλώσσῃ
1538 3441 1727 3511 αὐτῆς.
1781 3442 1909 3495 Στε-

336 3532 426 3584 val.
453 3531 509 3584 δὲ
537 3531 813 3601 διατριϐαὶ
858 3533 1022 3584 οἴκων
1070 3530 1262 3600 αὐτῆς,
1298 3531 1421 3597 σῖτα
1461 3531 1519 3585 δὲ
1549 3532 1761 3605 ὀκνηρὰ
1807 3534 1908 3586 οὐκ

335 3622 567 3690 ἔφαγεν.
1802 3670 1811 3679 .

408 3715 612 3768 Πολλαὶ
675 3713 972 3785 θυγατέρες
1029 3714 1326 3782 ἐκτήσαντο
1396 3714 1644 3781 πλοῦτον,
1712 3715 1910 3769 πολλαὶ

335 3807 601 3877 ἐποίησαν
630 3805 858 3874 δύναμιν
879 3821 895 3836 ’
924 3806 988 3858 σὺ
1022 3804 1080 3857 δὲ
1121 3805 1445 3872 ὑπέρκεισαι
1488 3805 1582 3859 καὶ
1628 3805 1908 3874 ὑπερῆρας

334 3899 538 3959 πάσας.
579 3898 809 3962 Ψευδεῖς
836 3898 1120 3968 ἀρέσκειαι
1176 3899 1271 3948 καὶ
1307 3898 1532 3965 μάταιον
1579 3896 1775 3959 κάλλος
1809 3897 1909 3950 οὐκ

334 3990 483 4043 ἔστιν
505 3992 563 4043 ἐν
600 3990 703 4043 σοί.

407 4081 549 4151 Γυνὴ
574 4080 769 4153 συνετὴ
798 4082 1098 4150 εὐλογεῖται
1120 4120 1134 4145 ,
1164 4081 1326 4150 φόϐος
1381 4079 1436 4133 δὲ
1488 4079 1693 4150 Κυρίου
1740 4080 1909 4149 αὐτὴν

336 4175 579 4230 αἰνείτω.
602 4176 729 4228 Δότε
751 4176 888 4247 αὐτῇ
922 4176 1028 4229 ἀπὸ
1060 4175 1287 4244 καρπῶν
1324 4172 1546 4244 χειλέων
1579 4173 1771 4243 αὐτῆς,
1816 4173 1911 4226 καὶ

336 4266 593 4320 αἰνείσθω
616 4267 674 4320 ὲν
700 4266 897 4332 πύλαις
930 4267 959 4319 ὁ
985 4267 1123 4338 ἀνὴρ
1155 4267 1345 4336 αὐτῆς.

408 4357 500 4427 Μὴ
529 4358 744 4428 άστόχει
789 4359 1048 4427 γυναικὸς
1089 4358 1258 4427 σοφῆς
1296 4356 1392 4409 καὶ
1443 4355 1657 4428 ἀγαθῆς
1681 4370 1696 4386 ·
1738 4356 1773 4425 ἡ
1801 4354 1909 4425 γὰρ

333 4451 497 4519 χάρις
532 4449 702 4520 αὐτῆς
731 4449 872 4519 ὑπὲρ
904 4452 966 4503 τὸ
997 4450 1241 4521 χρυσίον.

406 4540 581 4608 Χάρις
637 4540 728 4591 ἐπὶ
776 4540 961 4611 χάριτι
1010 4538 1148 4607 γυνὴ
1216 4538 1454 4607 σιγηράο
1508 4539 1603 4589 καὶ
1645 4534 1746 4587 οὐκ
1790 4533 1905 4585 ἔστι

336 4632 577 4701 σταθμὸς
608 4632 757 4699 ἄξιος
784 4629 1086 4699 ἐγκρατοῦς
1110 4628 1291 4698 ψυχῆς
1312 4628 1500 4698 αὐτῆς.

407 4816 672 4879 Γυναικδς
716 4814 926 4885 ἀγαθῆς
962 4824 1228 4885 μακάριος
1276 4812 1304 4863 ὁ
1343 4810 1505 4879 ἀνὴρ,
1541 4810 1633 4863 καὶ
1680 4810 1909 4881 ἀριθμὸς

334 4914 445 4967 τῶν
478 4909 700 4981 ἡμερῶν
730 4908 893 4961 αὐτοῦ
923 4907 1227 4965 διπλάσιος.
1259 4903 1402 4975 Γυνὴ
1426 4901 1651 4971 ἀνδρεία
1679 4900 1908 4971 εὐφραίσ

2011 1898 2065 1942 et
2099 1899 2269 1943 artem
2302 1906 2404 1944 acu
2437 1892 2720 1947 variandi?

2083 1980 2239 2049 173
2274 1978 2434 2034 Prov.
2458 1997 2555 2035 xu.
2589 1981 2733 2036 Uxor
2772 1982 2929 2037 fortis
2983 1997 3186 2038 corona
3217 1992 3299 2038 est
3330 1984 3432 2038 viri
3479 1983 3587 2041 sui.

2084 2067 2236 2127 Uxor
2264 2080 2416 2141 grata
2445 2072 2651 2126 excitat
2676 2074 2795 2129 viro
2830 2074 3089 2144 gloriam.

2080 2159 2183 2224 Qui
2222 2170 2417 2216 nactus
2473 2172 2558 2216 est
2608 2178 2835 2218 uxorem
2890 2165 3113 2233 bonam,
3148 2166 3193 2222 is
3245 2166 3456 2237 gratias
3503 2177 3590 2225 est

2008 2250 2262 2319 adeptus,
2298 2260 2351 2307 et
2387 2267 2417 2306 a
2443 2253 2677 2311 Domino
2707 2257 2917 2325 accepit
2951 2257 3304 2313 hilaritatem.

2078 2339 2179 2408 Qui
2206 2342 2353 2413 ejicit
2383 2358 2604 2399 uxorem
2631 2346 2874 2415 probam,
2896 2347 3044 2416 ejicit
3066 2348 3206 2403 bona
3224 2364 3255 2403 e
3278 2349 3442 2405 domo
3463 2364 3585 2406 sua.

2082 2521 2242 2575 Prov.
2274 2537 2387 2577 xtv.
2414 2521 2625 2578 Uxores
2651 2524 2927 2592 sapientes
2945 2525 3353 2585 :edificaverunt
3372 2529 3584 2593 domos;

2017 2622 2073 2681 at
2105 2614 2370 2683 insipiens
2392 2616 2508 2669 suis
2528 2617 2780 2669 manibus
2810 2616 3065 2670 demolita
3097 2626 3201 2672 est.

2082 2701 2240 2758 Prov.
2276 2719 2427 2759 xxxi.
2458 2702 2691 2759 Uxorem
2744 2704 2941 2759 fortem
2990 2709 3113 2775 quis
3145 2708 3380 2763 inveniet
3407 2692 3431 2763 ἦ
3463 2709 3586 2766 talis

2010 2793 2183 2863 pluris
2212 2802 2294 2848 est
2319 2796 2634 2849 mstimanda
2653 2810 2814 2861 quam
2845 2796 3046 2863 lapides
3074 2798 3334 2866 pretiosi;
3370 2813 3433 2853 ea
3459 2814 3590 2853 con-

2011 2884 2129 2939 lidit
2145 2901 2237 2939 cor
2257 2886 2389 2950 viri;
2411 2886 2525 2940 haec
2551 2887 2738 2957 spoliis
2764 2890 3012 2956 pulchris
3038 2904 3145 2943 non
3167 2889 3409 2957 carebit;
3430 2890 3588 2944 bonis

2012 2976 2174 3030 allicit
2198 2977 2371 3029 virum
2396 2992 2579 3041 suum,
2608 2995 2714 3032 non
2750 2980 2935 3033 malis.
2964 2978 3182 3035 Viruou
3203 2990 3287 3035 est
3318 2982 3587 3037 sollicitus

2015 3071 2079 3124 de
2103 3069 2267 3126 rebus
2295 3071 2634 3137 domesticis,
2661 3073 2833 3127 sicubi
2860 3082 3038 3128 autem
3086 3074 3289 3130 diutius
3341 3086 3587 3132 moratus

2014 3160 2201 3227 fuerit,
2230 3162 2346 3229 ipsa
2383 3164 2593 3218 interea
2650 3164 2895 3233 geminas
2941 3165 3174 3219 confecit
3202 3172 3401 3220 vestes.
3449 3168 3586 3222 Cum

2010 3263 2191 3307 autem
2232 3256 2284 3308 in
2316 3270 2576 3311 consessu
2603 3256 2882 3311 seniorum
2905 3257 3174 3323 considet,
3196 3258 3309 3327 ipsa
3329 3274 3394 3313 os
3430 3275 3585 3312 suum

2011 3347 2186 3414 aperit
2214 3356 2417 3401 attente
2445 3355 2498 3401 et
2524 3347 2779 3415 legitime,
2810 3362 2872 3401 ac
2898 3348 3145 3402 ordinem
3169 3349 3248 3403 ori
3279 3366 3379 3403 suo
3403 3360 3587 3405 tenen-

2009 3434 2136 3487 dum
2160 3437 2480 3504 praescribit.
2508 3435 2820 3492 Taciturnae
2840 3446 3025 3493 autem
3063 3449 3192 3494 sunt
3252 3440 3444 3495 domus
3465 3442 3588 3511 ejus

2011 3528 2454 3593 exercitationes,
2496 3527 2679 3582 cibum
2706 3530 2882 3585 otiosa
2918 3545 3023 3584 non
3049 3531 3216 3601 capit.

2079 3709 2259 3764 Multae
2288 3709 2411 3763 ﬁliae
2435 3708 2652 3765 divitias
2674 3717 2731 3765 et
2780 3710 3081 3778 potentiam
3117 3725 3584 3781 comparaverunt,

2011 3808 2068 3856 tu
2095 3810 2277 3855 autem
2307 3800 2573 3868 superasti
2598 3814 2811 3864 omnes,
2832 3807 2891 3857 et,
2916 3816 3081 3872 super
3103 3803 3223 3856 illas
3245 3811 3295 3857 te
3314 3804 3583 3872 extulisti;

2011 3891 2149 3947 falsa
2183 3890 2471 3947 all‘abilitas
2505 3899 2558 3945 et
2588 3892 2768 3947 inanis
2793 3893 3140 3962 pulchritudo
3171 3910 3275 3948 non
3312 3904 3393 3949 est
3425 3896 3477 3950 in
3510 3904 3584 3951 te.

2081 4068 2275 4127 Mulier
2304 4084 2469 4141 sagax
2499 4068 2862 4134 benedicitur,
2888 4070 2980 4125 sed
3007 4079 3179 4127 metus
3208 4070 3419 4126 Domini
3462 4089 3582 4128 eam

2013 4164 2393 4227 commendet;
2420 4163 2546 4217 date
2580 4161 2632 4216 ei
2662 4159 2730 4216 de
2745 4159 3018 4216 fructibus
3038 4161 3300 4217 labiorum
3337 4180 3585 4229 suorum,

2012 4261 2066 4308 et
2097 4256 2180 4308 vir
2202 4254 2320 4322 ejus
2342 4253 2599 4313 laudetur
2629 4252 2686 4311 in
2718 4252 2914 4322 portis.

2084 4345 2251 4401 Eccli.
2286 4361 2381 4401 vn.
2435 4345 2571 4401 Vide
2604 4360 2672 4400 ne
2726 4345 2949 4401 excidas
3004 4360 3174 4402 uxore
3228 4349 3478 4419 sapiente
3529 4359 3586 4406 et

1941 4448 1987 4504 ι)
2014 4435 2191 4503 bona;
2217 4452 2343 4492 nam
2368 4438 2539 4507 gratia
2568 4437 2686 4505 ejus
2708 4451 2844 4491 auro
2870 4444 3114 4507 praestat.

2085 4527 2271 4583 Gratia
2314 4527 2586 4597 duplicata
2617 4526 2813 4581 mulier
2856 4528 3122 4581 taciturna
3143 4528 3305 4600 [alias
3338 4528 3581 4601 pudica],

2018 4634 2115 4672 nec
2136 4628 2219 4672 est
2243 4620 2538 4688 quidquam
2562 4618 2708 4687 quod
2742 4630 2866 4672 cum
2888 4618 3073 4674 animo
3104 4620 3246 4675 illius
3271 4621 3587 4676 continente

2015 4710 2317 4777 comparari
2355 4710 2543 4777 possit.

2090 4800 2227 4854 Ibid.
2259 4800 2448 4854 Proba:
2480 4799 2722 4856 mulieris
2752 4800 2835 4854 vir
2855 4812 2938 4857 est
2960 4803 3175 4865 beatus,
3213 4811 3267 4855 et
3324 4816 3587 4854 numerus

2015 4892 2225 4948 dierum
2278 4893 2399 4961 ejus
2461 4892 2846 4961 duplicabitur.
2897 4890 3044 4947 Uxor
3101 4891 3259 4946 fortis
3320 4891 3586 4946 exhilarat

336 5022 418 5060 νει
454 5005 544 5057 τὸν
575 5002 745 5072 ἄνδρα
780 4999 971 5070 αὐτῆς,
998 5000 1091 5052 καὶ
1119 5000 1187 5053 τὰ
1215 4998 1310 5066 έτη
1344 4994 1509 5050 αὑτοῦ
1544 4994 1823 5064 πληρώσει
1857 4995 1911 5044 ἐν

2038 4989 2195 5041 drum
2224 5001 2406 5048 suum,
2434 4995 2489 5039 et
2516 4999 2689 5039 annos
2748 4984 2867 5054 ejus
2905 4998 3031 5039 cum
3090 4998 3227 5053 pace
3274 4984 3582 5054 camplebit.

336 5096 550 5168 εἰρήνῃ.
581 5093 724 5164 Γυνὴ
754 5091 932 5160 ἀγαθὴ
974 5090 1130 5161 μερὶς
1161 5088 1375 5159 ἀγαθή·
1405 5086 1499 5139 καὶ
1524 5086 1581 5139 ὲν
1608 5083 1790 5155 μερίδι
1821 5101 1913 5150 φο⁸

336 5188 625 5257 ϐουμένων
654 5184 860 5255 Κύριον
891 5182 1196 5252 δοθήσεται.

407 5281 580 5349 Χάρις
603 5279 860 5345 γυναικὸς
883 5273 1164 5346 εὐφραίνει
1196 5274 1286 5325 τὶν
1315 5272 1484 5342 ἄνδρα
1504 5269 1696 5339 αὐτῆς,
1723 5267 1819 5321 καὶ
1842 5268 1908 5319 τὰ

333 5375 472 5426 ὀστᾶ
505 5371 903 5441 αὑτοῦλπιαίνει
934 5370 967 5438 ἡ
1002 5371 1278 5437 ἐπιστήμη
1308 5368 1500 5438 αὐτῆς.

336 5464 601 5527 Γυναικδς
631 5464 769 5533 ἀνὴρ
795 5461 966 5537 χρῆμ’
992 5460 1142 5514 οὐδὲν
1173 5460 1421 5530 ληϊζεται

337 5558 575 5613 Κάλλιον
601 5557 821 5625 ἐσθλῆς,
851 5554 1041 5625 ὥσπερ
1063 5553 1184 5606 οὐδὲ
1215 5556 1395 5622 χεῖρον
1413 5551 1513 5621 τῆς
1541 5551 1785 5612 ἐναντίας
1804 5549 1849 5621 (Ι
1866 5550 1903 5620 ).

2010 5082 2204 5135 Mulier
2231 5080 2401 5149 proba
2439 5078 2618 5149 portio
2650 5077 2791 5130 bona
2823 5085 2906 5131 est
2937 5094 2953 5141 ;
2982 5085 3037 5130 et
3071 5076 3126 5130 in
3154 5086 3307 5146 parte
3336 5087 3585 5135 metuen-

2015 5174 2146 5225 tium
2175 5169 2461 5229 Dutninttm
2487 5169 2729 5225 dabitur.

2089 5261 2287 5316 Uxoris
2339 5264 2513 5332 gratia
2558 5262 2736 5315 virum
2767 5260 3056 5328 exhilarat,
3112 5268 3166 5315 et
3193 5258 3420 5315 scientia
3464 5256 3584 5326 ejus

2022 5368 2150 5407 ossa
2187 5354 2288 5407 viri
2324 5355 2558 5421 saginat.

2082 5446 2343 5516 Theologi.
2376 5444 2471 5500 Vir
2499 5444 2708 5500 nullam
2738 5458 2847 5500 rem
2872 5441 3155 5513 acquirere
3188 5445 3368 5509 pctest
3414 5451 3585 5493 uxore

2014 5539 2180 5607 proba
2211 5538 2598 5605 honestiorem,
2625 5532 3085 5609 quemadmodum
3117 5530 3324 5591 nullam
3350 5528 3585 5587 deterio-

2015 5646 2124 5685 rem
2156 5629 2421 5699 improba.

412 5738 491 5809 (Ι)
526 5736 731 5795 Versus
761 5738 1035 5796 constabit
1076 5737 1119 5793 si
1151 5735 1321 5805 legas,
1356 5732 1589 5786 Κάλλιον
1616 5730 1836 5799 testing,
1860 5729 1911 5781 οἱ

2038 5728 2198 5797 [εἶρον
2232 5725 2502 5784 ἐναντίας.
