3996 6194
534 294 669 357 1087

1798 293 2125 354 ANTONII
2155 295 2501 358 MELISS/E

3573 304 3682 372 1088

605 407 663 462 S.
699 406 910 477 Cyrilli.
967 407 1228 463 Muliebre
1282 421 1448 479 genus
1481 406 1881 478 quodammodo
1932 409 2106 477 lacry-

2277 407 2574 480 Φιλόδακρύ
2607 426 2722 472 πως
2755 409 2843 462 ἀεὶ
2893 408 2952 464 τὸ
2995 410 3130 482 θῆλυ
3174 412 3336 484 γένος,
3371 417 3451 470 καὶ
3487 418 3563 474 τὸν
3588 425 3686 477 νοῦν

530 515 746 554 marum
775 515 966 556 amans
991 508 1074 554 est
1126 507 1181 554 et
1204 500 1388 556 animo
1422 502 1490 555 ad
1520 498 1955 556 misericordiam
2011 499 2096 554 fa-

529 591 620 645 cili
649 592 950 659 praeditum.

606 679 798 733 Mulier
838 681 970 735 vitat
1019 694 1208 736 omnes
1265 679 1663 735 calumniarum
1713 680 2098 748 suspiciones;

535 773 579 823 si
605 786 783 838 neque
811 786 869 826 se
899 781 1098 837 comat,
1120 786 1299 841 neque
1328 780 1482 826 ornet
1505 786 1669 839 supra
1697 771 1942 837 modum,
1975 787 2105 840 pre-

531 861 838 917 cationibus
873 870 926 917 et
949 861 1423 932 deprecationibus
1445 860 1739 915 attentione
1774 876 1986 915 summa
2009 874 2103 914 va-

534 968 683 1005 cans.

612 1044 875 1100 Philonis.
903 1042 1141 1097 Narrant
1206 1042 1412 1114 physici
1463 1041 1717 1114 feminam
1763 1041 1900 1096 nihil
1953 1041 2103 1096 aliud

533 1151 655 1190 εδει)
676 1152 836 1205 quam
865 1135 1238 1205 imperfectum
1282 1148 1506 1188 marem.

608 1225 913 1279 lnﬁrtniora
945 1223 1349 1294 quodammodo
1388 1231 1516 1278 sunt
1545 1223 1831 1276 mulierum
1854 1223 2104 1288 consilia,

539 1331 640 1369 nec
689 1326 842 1369 extra
902 1331 989 1369 res
1013 1330 1132 1384 quae
1160 1315 1259 1369 sub
1313 1328 1507 1368 sensus
1540 1315 1765 1377 cadunt,
1811 1314 2104 1383 quidquam

539 1417 975 1478 possuuteorum
1010 1421 1131 1474 quae
1181 1413 1387 1460 tantum
1421 1405 1525 1461 sub
1560 1405 1970 1475 intelligentiam
2013 1421 2107 1460 ca-

538 1499 693 1560 dunt,
726 1495 1210 1565 comprehendere.

618 1591 777 1662 174
809 1589 1056 1645 Philonis
1087 1604 1223 1644 uxor
1275 1588 1330 1642 in
1377 1588 1739 1657 complurium
1785 1588 2108 1642 feminarum

2202 502 2279 563 είς
2309 501 2458 553 ἔλεον
2489 501 2883 572 εὺδιάθρυπτον
2911 503 3055 574 ἔχον.

2287 675 2628 730 Ἀνύποπτον
2659 680 2740 741 είς
2760 677 3012 750 διαϐολὴν
3040 679 3275 735 δείκνυσι
3299 686 3507 750 γυναῖκα
3555 688 3602 737 τὶ
3621 689 3688 767 ⁸μὴ

2203 768 2662 836 καλλωπίζεσθαι,
2731 771 2872 841 μήτε
2937 771 3045 841 μὴν
3097 774 3401 840 κοσμεῖσθαι
3455 777 3576 846 πέρα
3617 783 3690 831 τοῦ

2204 861 2526 929 πρέποντος,
2574 863 2761 932 εὐχαῖς
2805 863 2902 916 καὶ
2943 861 3162 933 δεήσεσι
3194 865 3589 935 προσανέχουσαν
3622 871 3692 922 ὲκ-

2204 969 2391 1015 τενως.

2276 1046 2506 1113 Λέγεται
2538 1035 2643 1101 ὕπὸ
2672 1049 2921 1116 φυσικῶν
2959 1050 3169 1122 ἀνδρῶν
3214 1052 3357 1107 οὐδὲν
3399 1055 3561 1126 ἕτερον
3589 1052 3692 1110 εἶναι

2208 1135 2343 1208 θῆλυ
2374 1137 2404 1206 ἦ
2437 1139 2623 1203 ἀτελὲς
2652 1141 2841 1211 ἄρρεν.

2288 1229 2701 1302 Ἀσθενέστεραί
2738 1233 2858 1296 πώς
2887 1235 3024 1289 εἰσιν
3075 1238 3130 1290 αἱ
3165 1237 3368 1308 γνῶμαι
3415 1242 3512 1295 τῶν
3549 1260 3691 1310 γυναι·

2207 1321 2338 1387 κῶν,
2375 1322 2477 1388 ἔξω
2499 1325 2608 1378 τῶν
2628 1325 2903 1396 αἰσθητῶν
2936 1327 3102 1399 μηδὲν
3147 1329 3414 1400 ίσχύουσαι
3442 1335 3599 1404 νοητὸν
3619 1352 3693 1386 κα·

2208 1414 2486 1470 ταλαϐεἰν.

2294 1595 2357 1647 Ἥ
2380 1594 2614 1660 Φίλωνος
2646 1598 2785 1670 γυνὴ
2818 1589 3158 1671 ἐρωτηθεῖσα
3185 1606 3242 1659 ἐν
3274 1605 3462 1677 συνόδῳ
3489 1607 3695 1660 πλειόνων

541 1696 685 1737 metu
717 1685 1070 1750 interrogata,
1115 1697 1214 1735 cur
1249 1680 1362 1735 sola
1392 1694 1454 1733 ex
1492 1681 1746 1735 omnibus
1784 1693 1950 1733 aureo
1999 1693 2105 1731 non

2216 1689 2509 1756 γυναικῶν,
2547 1690 2690 1745 διατι
2732 1693 2868 1765 μόνη
2915 1695 3022 1749 τῶν
3066 1697 3243 1752 ἄλλων
3271 1701 3329 1751 οὐ
3357 1703 3496 1770 φορεῖ
3516 1699 3700 1768 χρυσοῦν

543 1783 792 1837 uteretur
831 1783 1025 1826 ornatu
1061 1790 1074 1824 :
1121 1771 1268 1825 Satis
1301 1771 1525 1841 (inquit)
1572 1772 1726 1824 uxori
1759 1784 1986 1839 magnus
2021 1783 2110 1822 ur-

2216 1781 2437 1850 κόσμον,
2465 1781 2568 1851 ἔφη
2589 1797 2606 1813 ⁶
2637 1783 2930 1857 Αὐτάρκης
2962 1788 3168 1858 κόσμος
3197 1790 3311 1844 ἐστὶ
3579 1793 3606 1861 ἠ
3630 1791 3698 1843 τοῦ

546 1875 707 1920 natus
736 1865 836 1916 viri
872 1865 952 1916 sui
998 1864 1173 1916 virtus
1204 1870 1305 1916 est.

613 1957 923 2024 Aristippus
964 1953 1244 2006 mulierem
1280 1967 1524 2021 parvam,
1558 1952 1652 2006 sed
1679 1953 1958 2021 pulchram
1981 1967 2111 2006 cnn-

544 2050 790 2117 spicatus
829 2064 842 2098 :
897 2046 1155 2108 Parvum,
1207 2045 1414 2112 inquit,
1449 2043 1669 2108 malum,
1715 2042 1807 2098 sed
1852 2055 2110 2112 magnum

545 2139 833 2210 pulchrum
867 2138 966 2208 (i).

619 2256 853 2310 Uxorem
913 2263 1302 2324 temperantem
1379 2253 1648 2320 quaerito,
1685 2265 1782 2306 nec
1823 2249 2116 2306 formosio-

545 2362 684 2413 rem;
706 2347 836 2400 illud
856 2346 998 2401 enim
1020 2356 1102 2401 est
1125 2346 1419 2400 thesaurus
1444 2344 1534 2412 qui
1560 2343 1756 2413 surripi
1778 2359 1882 2397 non
1908 2351 2111 2413 potest,

549 2440 651 2494 hoc
681 2448 858 2491 autem
895 2437 1060 2491 animi
1095 2437 1276 2505 Opinio
1307 2437 1422 2491 sive
1453 2435 1756 2505 persuasio.

615 2531 902 2599 Protagor.
954 2527 1249 2582 llouestam
1285 2542 1506 2582 uxorem
1559 2535 1611 2580 et
1669 2527 1864 2580 bonam
1912 2526 1957 2581 si
2001 2525 2112 2580 eris

549 2631 854 2686 assecutus,
886 2621 1052 2674 vitam
1087 2619 1274 2673 dolore
1305 2626 1584 2672 vacantem
1619 2616 1804 2685 deges.

883 2754 1116 2811 SERMO
1156 2751 1372 2808 XXXIV
1407 2751 1509 2821 [αι.
1535 2748 1792 2822 CXXIV].

586 2891 948 2963 Deimprobis
979 2889 1289 3010 mulieribus!
1314 2897 1374 2969 et.
1394 2879 1650 2940 adulteris
1683 2887 1926 2955 omnique
1956 2885 2083 2939 vitio

1236 2976 1268 3010 υ
1291 2975 1421 3010 eme.

1236 2975 1421 3028 ptema.

624 3076 781 3130 Prov.
814 3092 868 3137 ν,
904 3089 1003 3127 vn.
1041 3070 1252 3124 Mulieri
1288 3069 1547 3137 improbae
1586 3082 1655 3121 ne
1689 3074 1924 3120 mentem
1958 3065 2112 3120 adhi-
2141 3091 2187 3154 ϐ

555 3167 683 3220 beto
705 3182 721 3232 ;
773 3163 877 3218 mel
906 3161 1045 3215 anim
1080 3175 1148 3214 ex
1184 3159 1483 3213 meretricis
1531 3171 1628 3210 ore
1655 3155 1799 3220 ﬂuit,
1858 3155 2002 3224 quod
2044 3157 2111 3211 ad

549 3267 764 3322 tempus
799 3253 952 3322 ungit
997 3259 1203 3320 guttur,
1246 3257 1429 3318 postea
1472 3258 1652 3301 tamen
1701 3248 1824 3304 felle
1870 3251 2108 3304 amarius

547 3347 812 3413 invenies,
845 3355 898 3398 et
927 3343 1106 3412 gladio
1140 3340 1363 3410 ancipiti
1399 3340 1630 3395 acutius.

613 3524 693 3579 Ne
722 3525 818 3579 des
847 3519 1059 3577 mulieri
1085 3533 1215 3588 opes
1240 3527 1384 3574 tuas.

615 3615 743 3681 Fili,
787 3627 944 3668 serva
976 3611 1230 3666 mandata
1258 3623 1401 3672 mea,
1430 3615 1486 3664 et
1509 3606 1682 3674 vives,
1711 3618 1772 3663 ut
1804 3616 1858 3664 te
1891 3618 2110 3666 servent

545 3727 574 3763 a
603 3711 886 3777 peregrina
919 3703 1150 3758 muliere
1183 3709 1237 3756 et
1264 3700 1532 3769 improba.

615 3799 806 3855 Mulier
832 3795 1100 3867 pretiosas
1131 3794 1370 3847 virorum
1399 3791 1610 3848 animas
1639 3792 1928 3862 praedatur.

615 3893 854 3960 Tempus
884 3896 969 3944 est
1003 3885 1332 3955 ignominiae,
1362 3883 1558 3938 mulier
1582 3898 1701 3951 qua:
1721 3882 1836 3937 odit
1864 3882 2111 3938 honesta.

529 4007 540 4010 ·
617 3985 774 4040 Prov.
827 3998 905 4037 ιιι.
960 3978 1152 4033 Mulier
1187 3976 1454 4045 insipiens
1502 3982 1557 4030 et
1606 3975 1783 4028 audax
1828 3973 1952 4027 cibo
1997 3989 2108 4044 quo

543 4080 717 4131 alatur
756 4070 983 4135 carebit,
1024 4082 1148 4137 qua:
1203 4065 1418 4120 scilicet
1448 4065 1831 4121 verecundiam
1868 4079 1974 4118 non
2017 4077 2110 4116 co-

563 4167 778 4220 :ttoscit.

544 4189 778 4235 gitoscu.

621 4257 760 4309 Ibid.
803 4271 875 4309 χι.
915 4251 984 4307 Ut
1009 4251 1217 4306 inauris
1239 4249 1294 4304 in
1325 4262 1459 4303 nare
1503 4248 1642 4314 suis,
1675 4248 1755 4304 sic
1795 4247 1850 4301 in
1879 4245 2105 4300 muliere

547 4351 816 4405 malitiosa
845 4343 1211 4418 pulchritudo.

619 4442 721 4506 Qui
755 4439 1056 4493 adulteram
1087 4434 1307 4500 retinet,
1330 4430 1601 4498 insipiens
1633 4437 1686 4484 et
1719 4427 1914 4498 impius
1943 4435 2046 4482 est.
2129 4447 2185 4510 ι)

616 4529 812 4585 Melius
847 4527 1194 4594 esthabitare
1225 4525 1278 4578 in
1308 4521 1625 4584 solitudine,
1647 4534 1809 4589 quam
1841 4533 1964 4574 cum
1992 4534 2106 4573 mu-

549 4629 676 4681 liere
709 4636 952 4693 pugnace
978 4631 1030 4673 et
1060 4619 1305 4688 linguace
1339 4626 1391 4671 et
1416 4613 1694 4668 iracunda.
1794 4644 1806 4653 -

628 4712 869 4768 Malach.
917 4710 1102 4780 prop/1.
1148 4712 1186 4760 A
1242 4707 1472 4775 conjuge
1528 4714 1620 4759 tua
1668 4701 1768 4757 tibi
1813 4716 1976 4771 cave;
2020 4719 2119 4760 nec

544 4808 686 4877 quod
721 4806 961 4859 facturus
989 4816 1069 4865 es,
1109 4799 1183 4854 illi
1219 4800 1445 4868 aperito.

617 4898 805 4951 Sirach
838 4910 911 4950 ιι.
954 4891 1033 4947 Ne
1073 4890 1255 4945 tradas
1289 4889 1495 4942 mulieri
1531 4890 1765 4944 animam
1800 4899 1972 4959 tuam;
2000 4905 2114 4946 me-

549 4987 833 5042 retricibus
876 4985 1091 5038 obviam
1137 4997 1205 5037 ne
1239 4982 1348 5047 ito;
1386 4995 1454 5034 ne
1503 4981 1785 5049 psaltriam
1832 4992 2109 5035 canentem

547 5081 892 5147 frequentato
915 5091 928 5138 ;
954 5074 1222 5140 virginem
1256 5085 1323 5126 ne
1353 5071 1737 5138 considerato;
1767 5081 1948 5126 averte
1971 5086 2104 5126 ocu-

549 5169 630 5223 lus
663 5177 784 5219 tuos
817 5178 846 5216 a
904 5162 1132 5215 muliere
1182 5161 1462 5223 formosa;
1498 5176 1622 5215 cum
1675 5177 1847 5216 uxure
1883 5161 2107 5215 alterius

545 5261 765 5316 omnino
797 5269 864 5310 ne
889 5253 1111 5319 sedete;
1171 5252 1343 5306 forma
1397 5253 1543 5305 enim
1601 5261 1655 5308 et
1699 5252 2107 5321 pulchritudine

547 5348 802 5406 muliebri
825 5345 1135 5417 complures
1161 5344 1370 5398 seducti
1395 5353 1545 5399 sunt.

617 5440 815 5495 Vinum
844 5447 899 5494 et
952 5435 1216 5492 mulieres
1274 5435 1340 5490 ad
1402 5433 1764 5490 deﬁciendum
1826 5432 2108 5504 impellunt

541 5529 703 5584 etiam
737 5529 1033 5601 sapientes.

2210 1871 2403 1942 ἀνδρὸς
2435 1873 2632 1943 ἀρετή.

2294 1963 2651 2034 ’Λρίστιππος
2709 1971 2940 2036 γυναῖκα
2989 1970 3164 2043 καλὴν
3219 1975 3411 2044 μικρὰν
3453 1974 3586 2041 ἰδὼν,
3619 1975 3700 2027 Μι-

2213 2056 2343 2127 κρὸν
2367 2057 2535 2112 κακὸν
2558 2059 2674 2128 μὲν,
2707 2061 2926 2128 μέγα“δὲ
2950 2063 3134 2130 καλὸν,
3163 2065 3284 2135 ἔφη.
3311 2066 3392 2121 AI.
3422 2067 3600 2137 Μικρὸν
3628 2065 3702 2135 μὲν

2211 2145 2394 2212 καλὸν,
2428 2149 2572 2216 μέγα
2613 2149 2671 2203 δὲ
2707 2150 2900 2206 κακόν.

2283 2256 2521 2313 Γυναῖκα
2566 2260 2820 2332 σώφρονα
2855 2265 3026 2336 ζήτει,
3079 2268 3181 2321 καὶ
3239 2268 3314 2339 μὴ
3359 2269 3614 2337 εὔμορφον.
3652 2267 3706 2318 Τὸ

2216 2351 2315 2420 μὲν
2349 2350 2457 2420 γὰρ
2497 2349 2769 2424 θησαυρὸς
2804 2358 3185 2427 ἀνέκλειπτος,
3225 2361 3284 2414 τὸ
3311 2361 3366 2416 δὲ
3401 2359 3577 2429 ὑποψία
3604 2356 3706 2425 γνῶ·

2216 2459 2349 2512 μης.

2284 2534 2496 2606 Σεμνῆς
2531 2539 2784 2606 γυναικὸς
2813 2543 2907 2597 καὶ
2933 2543 3153 2616 ἀγαθῆς
3183 2547 3306 2602 ὅταν
3330 2547 3504 2621 τύχῃς,
3531 2547 3605 2601 τὸν
3623 2547 3710 2617 βίον

2213 2625 2419 2680 ἄλυπον
2443 2628 2726 2695 διατελεῖς.

2813 2751 3034 2806 ΛΟΓΟΣ
3060 2755 3192 2810 AA'.

2216 2883 2354 2950 Περὶ
2379 2884 2675 2954 γὺναικῶν
2696 2887 2979 2960 πονηρῶν
3001 2889 3098 2943 καὶ
3129 2892 3502 2960 μοιχωίὸων,
3531 2891 3612 2947 καί
3632 2891 3711 2944 πά-

2542 2970 2662 3024 σης
2689 2958 2904 3023 κακίας
2928 2958 3420 3031 πεπληρωμένων.

2285 3063 2375 3134 Μὴ
2401 3065 2642 3137 πρόσεχε
2667 3069 2843 3140 φαύλῃ
2889 3073 3134 3138 γυναικί.
3167 3074 3306 3128 Μέλι
3345 3076 3443 3144 γὰρ
3472 3074 3713 3126 amatam

2217 3155 2324 3209 ἀπὸ
2350 3157 2576 3226 χειλέων
2621 3162 2901 3228 γυναικὸς,
2933 3165 3166 3234 πόρνης,
3217 3168 3248 3238 ἡ
3292 3167 3419 3236 πρὸς
3455 3167 3618 3236 καιρὸν
3654 3165 3711 3215 iv.-

2216 3248 2398 3302 παῖνει
2449 3251 2540 3304 σὺν
2588 3252 2866 3322 φάρυγγα,
2931 3254 3166 3327 ὕστερον
3224 3261 3396 3328 μέντοι
3453 3260 3716 3326 πικρότερον

2219 3338 2419 3409 σχολῆς
2453 3341 2733 3414 εὑρήσεις,
2761 3347 2852 3401 καὶ
2887 3347 3235 3429 ἠκονημένον
3274 3352 3462 3424 μᾶλλον
3497 3349 3715 3423 μαχαίρας

2215 3429 2492 3502 διστόμου.

2286 3523 2379 3594 Μὴ
2413 3523 2518 3596 δῷς
2545 3527 2765 3595 γυναικὶ
2797 3529 2890 3584 τὸν
2928 3531 3022 3585 σὺν
3051 3533 3308 3591 πλοῦτον.

2287 3615 2406 3680 Υἱὲ,
2425 3615 2665 3685 φύλασσε
2695 3619 2834 3689 ἐμὰς
2861 3622 3096 3690 ἐντολὰς,
3123 3626 3221 3681 καὶ
3239 3628 3466 3699 βιώσεις,
3490 3628 3563 3682 ἵνα
3585 3643 3632 3680 σε
3648 3639 3717 3692 ιη-

2220 3703 2462 3774 ρήσωσιν
2493 3708 2602 3762 ἀπὸ
2631 3711 2888 3778 γυναικὸς
2913 3713 3209 3786 ἀλλοτρίας
3239 3718 3333 3772 καὶ
3362 3719 3592 3789 πονηρᾶς.

2286 3797 2429 3866 Γυνὴ
2453 3799 2640 3868 τιμίας
2660 3800 2838 3872 ψυχὰς
2858 3805 3063 3880 ἀνδρῶν
3084 3808 3338 3881 ἀγρεύει.

2287 3886 2495 3958 Χρόνος
2516 3890 2740 3960 ἀτιμίας
2764 3894 2899 3964 γυνὴ
2924 3895 3165 3964 μισοῦσα
3195 3898 3394 3954 δίκαια.

2219 4030 2221 4033 ,
2287 3978 2428 4050 Γυνὴ
2451 3980 2640 4050 ἄφρων
2664 3983 2758 4036 καὶ
2781 3983 3006 4055 θρασεῖα
3039 3988 3235 4060 ἐνδεὴς
3257 3989 3442 4060 ψωμοῦ
3475 3987 3666 4057 γίνεται,
3689 3979 3718 4050 ἢ

2214 4071 2315 4126 οὐκ
2345 4074 2638 4129 ἐπίσταται
2665 4076 2954 4149 αἰσχύνην.

2286 4247 2496 4318 Ὥσπερ
2525 4248 2744 4303 ἐνώτιον
2773 4251 2830 4303 ἑν
2874 4251 2984 4320 ῥινὶ
3014 4253 3131 4321 ὑὸς,
3155 4254 3329 4319 οὕτως
3358 4253 3556 4324 γυναικὶ
3588 4245 3712 4302 κακοο

2213 4355 2371 4410 φρονι
2399 4339 2615 4405 κάλλος.

2293 4430 2351 4484 '0
2381 4433 2625 4502 κατέχων
2653 4434 2940 4505 μοιχαλίδα
2967 4435 3163 4508 ἄφρων
3193 4440 3288 4492 καὶ
3315 4438 3525 4507 ἀσεϐής.
3780 4503 3782 4510 _

2283 4524 2550 4594 Κρεῖσσον
2573 4528 2742 4580 οίκεῖν
2772 4529 2829 4580 ὲν
2869 4530 3062 4600 ἐρήμῳ
3097 4531 3131 4601 ἢ
3167 4531 3308 4600 μετὰ
3333 4529 3568 4601 γυναικὸς
3595 4519 3716 4595 μαχί-

2215 4633 2321 4684 μου
2353 4618 2442 4668 καὶ
2475 4617 2826 4685 γλωσσώδους
2858 4620 2952 4672 καὶ
2978 4621 3224 4690 ὀργίλου.

2297 4708 2428 4760 Ἀπὸ
2457 4708 2555 4779 τῆς
2586 4710 2874 4778 συγκοίτου
2921 4727 3016 4764 σου
3067 4712 3308 4781 φύλαξαι
3355 4712 3442 4767 τοῦ
3479 4703 3715 4765 ἀναθέσθαι

2216 4797 2350 4868 αὐτῇ
2363 4838 2377 4861 ,
2412 4801 2465 4852 τὶ
2492 4801 2680 4856 ποιῶν.

2286 4890 2377 4960 Μὴ
2407 4889 2512 4961 δῷς
2537 4895 2756 4962 γυναικὶ
2780 4896 2879 4966 τὴν
2906 4897 3088 4968 ψυχήν
3112 4917 3210 4952 σου
3234 4914 3249 4929 ⁸
3286 4900 3359 4971 μὴ
3393 4897 3584 4952 ὕπάντα
3605 4892 3715 4943 ἑται-

2221 4982 2499 5055 ριζομένην
2543 4987 2683 5055 μετὰ
2702 4987 3008 5062 ψαλλούσης
3033 4992 3107 5064 μὴ
3143 4991 3464 5062 ὲνδέλέχιζε.
3495 4984 3718 5053 Παρθένον

2220 5071 2294 5140 μὴ
2323 5075 2725 5141 καταμάνθανε.
2756 5077 3128 5152 Ἀπόστρεψον
3159 5083 3285 5147 τοὺς
3329 5075 3611 5150 ὀφθαλμούς
3647 5083 3714 5120 σου

2214 5163 2321 5215 ἀπὸ
2357 5169 2614 5232 γυναικὸς
2643 5169 2938 5240 εὐμόρφου.
2987 5173 3142 5227 Μετὰ
3196 5175 3464 5242 ὑπάνδρου
3514 5159 3717 5236 γυναικὸς

2218 5253 2293 5322 μὴ
2328 5255 2494 5310 κάθου
2527 5258 2586 5311 τὸ
2619 5259 2860 5316 σύνολον.
2895 5264 2982 5318 Ἐν
3010 5265 3196 5319 κάλλει
3225 5269 3332 5336 γὰρ
3361 5262 3596 5342 γυναικὸς
3622 5251 3716 5305 πθ).-

2214 5345 2297 5399 λοὶ
2332 5348 2735 5420 ἐπλανήθησαν.

2287 5431 2444 5502 Οἶνος
2475 5441 2566 5492 καὶ
2590 5443 2846 5509 γυναῖκες
2875 5444 3251 5515 ἁποστήσουσι
3282 5443 3543 5504 συνετούς.

616 5660 695 5729 (ly)
726 5660 952 5729 Videtur
987 5659 1168 5727 potius
1189 5654 1577 5729 iinvertendum
1628 5662 1687 5729 ut
1713 5652 1784 5707 sit
1823 5671 1838 5707 :
1875 5652 2104 5708 Parrum
2138 5650 2346 5723 quidem
2375 5654 2674 5723 pulchrum,
2703 5674 2952 5729 magnum
2985 5670 3165 5715 autem
3220 5662 3454 5724 uratum;
3498 5652 3635 5710 καλὸν
3674 5651 3714 5701 cl

550 5725 718 5782 κακὸν
747 5728 892 5798 apud
924 5725 1142 5784 Graecos
1180 5727 1338 5783 facile
1379 5725 1678 5796 permutari
1713 5733 1964 5793 possunt.
