3996 6194
328 283 348 345 ι
359 282 464 345 089

397 391 586 446 Πᾶσαν
614 392 882 463 πονηρίαν
919 394 1012 448 καὶ
1036 395 1112 465 μὴ
1143 395 1408 466 πονηρίαν
1442 395 1729 462 γυναικός.

399 486 491 555 Μὴ
519 484 626 555 δῷς
659 483 811 538 ὕδατι
841 485 1091 553 διέξοδον,
1128 488 1263 557 μηδὲ
1291 487 1518 555 γυναικὶ
1545 488 1762 557 πονηρᾷ
1784 486 1903 539 ἄνε-

332 596 438 633 σιν.
464 577 529 632 Εἰ
565 578 638 647 μὴ
665 577 962 648 πορεύεται
995 579 1138 633 κατὰ
1165 579 1355 650 χεῖράς
1379 597 1495 645 σου,
1520 579 1628 633 ἀπὸ
1647 578 1758 632 τῶν
1777 595 1908 649 σαρ-

335 670 446 722 κῶν
474 685 569 721 σου
594 669 839 737 ἀπότεμε
869 670 1058 740 αὑτήν.

401 762 732 832 Συνοικῆσαι
755 761 930 815 λέοντι
965 763 1064 816 καὶ
1095 763 1350 830 δράκοντι
1385 764 1699 836 εύδόκησαι,
1725 767 1758 837 ἢ
1784 782 1908 820 συν-

317 855 550 924 ,οικῆσαι
589 854 727 924 μετὰ
755 855 1012 922 γυναικὸς
1035 859 1305 928 πονηρᾶς.

403 946 594 1016 Μικρὰ
622 947 771 1000 πᾶσα
795 948 967 1002 κακία
994 949 1131 1017 πρὸς
1155 950 1356 1004 κακίαν
1380 950 1641 1018 γυναικός
1667 964 1680 980 °
1709 949 1910 1022 κλῆρος
1989 964 1994 970 ·

339 1036 665 1109 ἁμαρτωλοῦ
693 1039 928 1109 ἐπιπέσῃ
961 1041 1046 1092 ἐπ’
1079 1041 1274 1111 αὐτήν.

423 1128 555 1182 Ἀπὸ
583 1130 844 1197 γυναικὸς
873 1131 1014 1202 ἀρχὴ
1042 1133 1344 1204 ἁμαρτίας,
1369 1135 1463 1189 καὶ
1491 1135 1540 1188 δι
1587 1135 1754 1204 αὐτῆς
1780 1135 1913 1188 ἀπο-

337 1223 645 1291 θνήσκομεν
679 1223 902 1286 πάντες.

405 1311 498 1381 Μὴ
527 1311 634 1382 δῷς
668 1313 890 1380 γυναικὶ
924 1317 1139 1387 πονηρᾷ
1163 1319 1502 1389 παρρησίαν.

419 1493 588 1563 Ὀργὴ
623 1494 834 1565 μεγάλη
865 1495 1005 1566 γυνὴ
1039 1495 1291 1564 μέθυσος.

410 1589 625 1660 Καρδία
671 1589 888 1657 πονηρά
938 1588 1036 1644 καὶ
1074 1591 1368 1659 πρόσωπον
1421 1590 1771 1662 σκυθρωπὸν,
1819 1591 1915 1646 καὶ

341 1680 524 1752 πληγὴ
563 1679 808 1750 καρδίας,
843 1680 982 1751 γυνὴ
1012 1682 1226 1752 πονηρὰ
1250 1682 1686 1752 ἀντιτασσομένη
1717 1682 1795 1750 τῷ
1819 1683 1914 1736 άν-

344 1775 433 1841 δρὶ
463 1773 657 1840 αὐτῆς.

413 1863 648 1933 Πορνεία
681 1862 942 1931 γυναικὸς
965 1864 1022 1916 ἐν
1049 1865 1452 1935 μετεωρισμοῖς
1472 1863 1770 1933 ὀφθαλμῶν
1817 1865 1912 1918 καὶ

347 1959 403 2006 ἐν
434 1958 544 2018 τοῖς
575 1954 871 2026 βλεφάροις
904 1954 1074 2026 αὐτῆς
1108 1957 1504 2025 γνωσθήσεται.

411 2047 684 2116 Κρεῖσσον
713 2045 952 2118 πονηρία
983 2046 1175 2118 ἀνδρὸς
1205 2047 1238 2117 ἢ
1267 2047 1596 2114 ἀγαθοποιὸς
1621 2047 1780 2116 γυνή.

419 2133 554 2186 Ἀπὸ
585 2133 822 2205 ἱματίων
855 2133 1215 2205 ἐκπορεύεται
1250 2135 1370 2205 σὴς,
1402 2137 1498 2189 καὶ
1524 2135 1631 2189 ἀπὸ
1654 2134 1915 2216 γυναικὸς

344 2222 602 2294 πονηρία.

428 2313 555 2367 Ἐπὶ
590 2314 816 2382 γυναικὶ
846 2315 1065 2385 πονηρᾷ
1103 2313 1267 2367 καλὸν
1302 2316 1561 2385 σφραγίς.

417 2405 560 2476 Γυνὴ
593 2406 973 2476 μεγαλόφωνος
1002 2406 1097 2459 καὶ
1119 2405 1445 2477 γλωσσώδης
1468 2408 1617 2462 ὥσπε
1626 2427 1656 2480 ρ
1679 2409 1915 2480 σάλπιγξ

346 2496 620 2567 πολεμίων
649 2497 732 2559 είς
757 2497 966 2568 τροπὴν
997 2497 1432 2569 θεωρηθήσεται.

419 2589 634 2660 Ὠσπερ
663 2591 774 2660 γὰρ
803 2590 871 2642 τὰ
900 2590 1179 2660 ἐπίσαθρα
1220 2591 1328 2645 τῶν
1360 2592 1564 2646 πλοίων
1602 2595 1916 2662 καταιγίδες

347 2678 443 2733 καὶ
485 2678 643 2744 ζάλαι
693 2680 1003 2751 ὑποϐρύχια
1035 2682 1310 2751 φέρουσιν,
1358 2682 1532 2748 οὕτως
1576 2685 1634 2739 αἱ
1681 2691 1917 2758 πονηραὶ

346 2770 455 2823 τῶν
510 2773 787 2840 γυναικῶν
841 2771 1112 2835 διαθέσεις
1165 2775 1264 2836 τὰς
1307 2774 1559 2840 ἀσθενεῖς
1601 2776 1778 2849 ψυχὰς
1807 2779 1916 2832 τῶν

349 2864 747 2917 συνοικούντων
777 2864 1298 2929 καταϐαπτίζουσιν.

417 2954 552 3008 Τότε
609 2953 792 3026 [πότε]
849 2952 941 3008 οὖν
987 2955 1166 3026 ψυχῆς
1213 2958 1606 3028 ἐπιμελήσεται
1659 2959 1689 3012 ό
1729 2977 1917 3028 γυναι-

348 3043 526 3108 κείαις
583 3045 899 3116 ἐπιθυμίαις
961 3047 1392 3117 δεδουλωμένος;
1445 3051 1621 3113 οὐδεὶς
1673 3051 1780 3121 γὰρ
1831 3053 1988 3148 éE-C

345 3138 510 3206 αρκετ
559 3137 811 3206 πλοῦτος,
855 3138 1196 3207 γυναικείαις
1240 3141 1558 3212 ἐπιθυμίαις
1611 3143 1916 3214 ὑπηρετού-

351 3244 534 3296 μενος.

414 3321 481 3375 Al
511 3322 622 3374 τῶν
660 3321 938 3389 γυναικῶν
991 3325 1412 3395 ἀφρονέσταται,
1443 3327 1743 3396 ἀποροῦσαι
1789 3329 1920 3382 κάλ⁴

347 3409 475 3474 λους
507 3412 737 3481 οίκείου,
771 3414 908 3483 πρὸς
958 3415 1026 3469 τὰ
1055 3418 1313 3486 χρήματα
1353 3419 1754 3488 καταφεύγουσι
1777 3437 1792 3453 ο
1829 3422 1921 3474 καὶ

347 3491 617 3566 είσὶν,’ὡς
676 3503 743 3558 ἂν
792 3506 1022 3575 εἴποιμι,
1072 3508 1318 3577 κοσμίως
1366 3507 1806 3580 θεατριζόμεναι,
1851 3511 1918 3565 δι’

346 3597 766 3669 εὐσχημοσύνην
823 3602 1153 3671 ἀσχήμονες,
1205 3601 1302 3656 καὶ
1344 3601 1418 3658 δι’
1459 3600 1648 3677 αῐσχος
1700 3606 1922 3677 αἰσχρό-

347 3703 526 3757 τεραι.

427 3779 491 3832 Ὢ
523 3781 694 3834 κακὸν
719 3786 892 3837 κακοῦ
922 3787 1203 3852 κάκιστον,
1238 3787 1375 3858 γυνὴ
1401 3789 1637 3859 πονηρά.

421 3963 602 4016 Δεινὸν
631 3963 946 4034 δράκοντες,
974 3946 1076 4019 ’καὶ
1110 3966 1420 4037 κακοῦργον
1452 3967 1700 4031 ἀσπίδες.

423 4054 593 4122 Διπλῆ
627 4056 892 4123 γυναικὸς
925 4057 1167 4128 δεινότης
1192 4060 1249 4112 ἐν
1287 4058 1521 4129 θηρίοις.

424 4142 566 4212 Γυνὴ
602 4145 820 4215 πονηρὰ
862 4145 1121 4200 οὐδέποτε
1166 4146 1494 4217 ἡμεροῦται,
1539 4146 1654 4201 ἀλλ’
1692 4147 1914 4219 ὑϐριζοο

352 4230 488 4300 μένη
517 4233 792 4301 μαίνεται,
823 4237 919 4288 καὶ
949 4238 1359 4308 κολακευομένη
1386 4237 1698 4309 ἐπαίρεται.

425 4409 652 4482 Σίδηρον
682 4411 853 4480 ἐψεῖν,
877 4411 910 4482 ἢ
945 4413 1220 4468 νουθετεῖν
1246 4416 1479 4483 γυναῖκα
1509 4417 1658 4487 ῥᾷον.

424 4588 748 4641 Γινωσκέτω
783 4589 811 4640 ὁ
835 4585 975 4658 έχων
996 4589 1231 4653 γυναῖκα
1257 4590 1521 4658 πονηρὰν.
1555 4589 1638 4644 ὅτι
1665 4588 1764 4662 ἤδη
1799 4589 1927 4654 τοὺς

358 4679 583 4748 μισθοὺς
618 4679 783 4733 αὑτοῦ
812 4682 920 4732 τῶν
947 4678 1187 4747 ἀνομιῶν
1219 4681 1540 4750 ἐκομίσατο.

427 4773 596 4827 Οὐδὲν
648 4775 706 4828 ἐν
746 4774 938 4844 κόσμῳ
971 4773 1160 4845 θηρίον
1191 4774 1494 4845 ἐφάμιλλον
1523 4778 1786 4844 γυναικὸς
1829 4795 1928 4832 πο-

357 4866 552 4935 νηρᾶς.

430 4955 495 5009 Τί
519 4956 824 5025 δεινότερον
865 4957 1078 5021 λέοντος
1126 4958 1185 5011 ἐν
1225 4957 1588 5028 τετράποσιν;
1619 4959 1755 5013 τίδέ
1786 4961 1932 5032 ὠμό-

356 5065 514 5118 τερον
542 5049 834 5117 δράκοντος
859 5049 917 5102 ἐν
952 5049 1240 5120 ἐρπετοῖς;
1275 5049 1417 5105 Ἀλλ’
1451 5051 1625 5118 οὐδὲν,
1665 5051 1802 5122 πλὴν
1830 5069 1930 5120 γυ-

357 5140 540 5203 ναικὸς
573 5140 844 5211 πονηρᾶς.

371 5260 378 5266 -
432 5231 615 5286 Δεινὸν
638 5231 1030 5302 πενιχροτέραν
1057 5233 1252 5288 ἐαυτοῦ
1276 5235 1463 5288 λαϐεῖν
1488 5237 1743 5303 γυναῖκα,
1759 5233 1932 5287 δεινὸν

359 5325 764 5395 εὐπορωτέραν.
793 5327 866 5380 Τὺ
893 5328 991 5398 μὲν
1017 5328 1124 5399 γὰρ
1155 5329 1236 5392 εις
1256 5329 1358 5400 τὴν
1403 5330 1593 5383 οὐσίαν
1625 5330 1846 5398 ἔϐλαψε,
1874 5328 1934 5386 τὸ

360 5416 414 5470 δὲ
443 5419 521 5480 είς
553 5418 846 5473 αὐθεντίαν
877 5419 972 5472 καὶ
1009 5419 1329 5490 ἐλευθερίαν
1357 5421 1450 5474 τὸν
1472 5422 1661 5492 ἄνδρα.

439 5506 577 5560 Ὑπὸ
603 5509 864 5578 γυναικὸς
892 5509 1158 5581 ἄρχεσθαι
1185 5510 1343 5581 ὕϐρις
1364 5512 1430 5565 ἂν
1452 5511 1538 5582 εἴη
1570 5515 1792 5585 ἐσχάτη.

433 5600 618 5652 Δεινδν
647 5601 787 5670 γυνὴ
813 5600 1042 5672 γνώμην
1070 5603 1266 5673 ἀνδρὸς
1297 5602 1609 5672 παραλῦσαι
1641 5607 1732 5658 καὶ
1756 5625 1930 5678 παρα-

363 5692 576 5759 γαγεῖν,
608 5691 702 5747 καὶ
736 5690 972 5760 μάλιστα
1004 5691 1232 5764 μάχλος.
1266 5692 1465 5746 Ἕνεκα
1499 5695 1607 5763 γὰρ
1657 5697 1749 5749 τοῦ
1798 5716 1926 5754 συν-

1097 280 1269 342 LOCI
1308 279 1747 342 COMMUNES.
1792 303 1839 313 -
1887 279 2079 338 PARS
2119 278 2198 339 II.
2243 277 2499 337 SERMO
2530 277 2798 341 XXXIV.

3441 275 3582 341 1090

1925 396 1979 455 Α
2073 393 2301 448 Omnem
2338 393 2600 447 malitiatn
2633 403 2688 447 et
2721 409 2827 446 non
2878 393 3142 446 malitiam
3177 390 3442 448 mulieris.

2077 486 2246 554 Aqua:
2277 499 2346 540 ne
2370 485 2468 539 des
2495 487 2701 540 exitum
2721 525 2735 551 ,
2756 501 2855 540 nec
2883 485 3095 539 mulieri
3129 484 3390 554 improbae
3417 487 3582 540 licen-

2009 575 2140 629 tiam
2169 575 2250 631 :si
2276 575 2414 630 nolit
2443 585 2753 631 monentem
2779 586 2831 632 te
2851 576 3062 641 audire,
3095 577 3352 630 desecato
3375 592 3492 631 eam
3515 576 3584 631 de

2009 682 2176 722 carne
2211 676 2326 722 tua.

2085 759 2242 829 175
2297 758 2432 814 Cum
2487 761 2643 816 leone
2696 769 2750 817 et
2786 762 3026 816 dracone
3056 761 3241 830 potius
3295 761 3579 826 habitato,

2011 864 2174 918 quam
2216 864 2340 903 cum
2374 851 2598 907 muliere
2629 853 2900 922 improba.

2082 940 2277 995 Omnia
2305 943 2436 997 vitia
2472 959 2636 1012 parva
2675 957 2822 1008 sunt,
2875 947 2920 999 si
2969 960 3091 1000 cum
3146 947 3391 1002 mulieris
3430 945 3580 1001 vitiis

2013 1043 2425 1102 comparentur.
2457 1032 2590 1089 Sars
2614 1036 2869 1090 scelerati
2901 1036 2955 1089 in
2993 1051 3110 1090 eam
3143 1038 3370 1092 incidat.

2085 1123 2163 1181 Ex
2196 1126 2426 1181 muliere
2463 1127 2670 1196 peccati
2707 1128 2921 1182 initium
2965 1137 3072 1194 est,
3099 1139 3152 1184 et
3180 1146 3274 1199 per
3307 1145 3426 1184 eam
3463 1146 3587 1186 om-

2014 1232 2112 1272 nes
2150 1218 2310 1273 morti
2343 1219 2628 1274 debemur.

2087 1310 2354 1380 lmproba:
2398 1312 2611 1366 mulieri
2655 1313 2933 1368 licentiam
2992 1315 3249 1386 loquendi
3299 1331 3365 1370 ne
3396 1331 3587 1371 conce-

2014 1402 2150 1457 dito.

2086 1494 2168 1548 lra
2219 1511 2411 1566 magna
2457 1508 2541 1553 est
2581 1501 2772 1554 mulier
2806 1502 3044 1556 ebriosa.

2084 1585 2192 1640 Cor
2218 1587 2419 1642 malum
2450 1598 2502 1644 et
2556 1592 2739 1646 vultus
2792 1595 2962 1648 tristis
3002 1595 3291 1663 cordisque
3342 1598 3542 1650 vulnus
3569 1634 3586 1663 ,

2020 1677 2160 1731 mala
2194 1678 2389 1734 mulier
2417 1682 2534 1736 viro
2565 1697 2664 1736 suo
2701 1684 2989 1742 resistens.

2091 1850 2363 1908 Scortatio
2409 1853 2655 1909 mulieris
2692 1855 2746 1909 in
2790 1856 3030 1914 elatione
3097 1861 3382 1916 oculorum
3428 1872 3480 1917 et
3531 1864 3584 1918 in

2017 1939 2293 2009 palpebris
2323 1943 2436 1998 suis
2467 1954 2819 2012 aguoscetur.

2093 2032 2316 2086 Praestat
2345 2033 2552 2087 malitia
2587 2036 2711 2102 viri,
2747 2053 2910 2106 quam
2947 2039 3189 2096 beneﬁca
3226 2044 3440 2099 mulier.

2085 2123 2160 2175 Ex
2205 2124 2543 2182 vestimentis
2596 2130 2880 2184 enascitur
2925 2129 3091 2198 tinea,
3149 2144 3202 2190 et
3244 2150 3308 2190 ex
3366 2140 3588 2194 muliere

2018 2211 2247 2264 malitia.

2090 2299 2148 2353 ln
2181 2302 2410 2358 muliere
2438 2304 2684 2373 improba
2729 2309 2928 2363 bonum
2955 2319 3037 2365 est
3067 2312 3331 2379 sigillum.

2092 2392 2287 2449 Mulier
2324 2396 2564 2451 clamosa
2626 2409 2676 2454 et
2711 2399 2933 2470 linguax
2975 2407 3128 2472 quasi
3171 2409 3302 2463 tuba
3348 2409 3586 2468 hostium

2021 2482 2086 2538 ad
2124 2483 2302 2554 fugam
2329 2488 2686 2556 spectabitur.

2093 2573 2155 2630 S.
2205 2574 2419 2632 Basilii.
2472 2577 2545 2634 Ut
2591 2581 2734 2634 enim
2785 2599 2952 2641 naves
3003 2597 3189 2656 putres
3239 2593 3485 2660 procellae
3534 2605 3591 2649 et

2023 2674 2376 2736 tempestates
2438 2669 2784 2742 demergunt,
2844 2678 2922 2730 sic
2975 2678 3218 2747 improba
3296 2687 3585 2741 mulierum

2021 2760 2203 2816 studia
2234 2773 2289 2816 et
2343 2762 2658 2820 affectiones
2688 2767 2991 2826 imbecillas
3016 2767 3591 2835 cohabitantium‘ani-

2023 2865 2140 2907 mas
2171 2851 2368 2908 misere
2399 2859 2759 2926 submergunt
2808 2868 2860 2914 et
2889 2863 3145 2931 perdunt.

2092 2942 2322 3008 Quando
2373 2948 2537 3018 igitur
2609 2950 2774 3005 animi
2848 2954 2931 3008 sui
2992 2971 3180 3011 curam
3243 2970 3429 3027 geret,
3495 2979 3592 3033 qui

2025 3035 2304 3090 amoribus
2347 3035 2636 3094 mulierum
2705 3045 2861 3112 quasi
2913 3061 3107 3102 servus
3157 3049 3406 3106 addictus
3459 3056 3590 3108 est?

2023 3127 2194 3183 Nulla:
2241 3130 2384 3185 enim
2437 3149 2567 3203 opes
2601 3135 2735 3191 satis
2773 3146 2901 3193 sunt
2951 3141 3340 3210 cupiditatibus
3391 3147 3587 3202 mulie-

2022 3234 2165 3275 rum.

2095 3312 2360 3386 Theologi.
2385 3314 2643 3374 Mulieres
2674 3320 3151 3392 insipientissimae
3181 3327 3593 3396 pulchritudine

2025 3418 2124 3458 sua
2149 3415 2400 3460 carentes
2431 3411 2496 3463 ad
2553 3413 2814 3479 pecunias
2843 3415 3166 3485 confugiunt
3194 3434 3207 3470 :
3248 3433 3311 3471 ac
3348 3430 3476 3473 sunt
3513 3421 3594 3485 (ut

2024 3498 2107 3550 sic
2132 3497 2332 3566 dicam)
2367 3500 2624 3556 theatrali
2652 3514 2843 3558 ornatu
2871 3507 3202 3574 conspicuae,
3237 3520 3457 3577 prepter
3487 3508 3596 3562 for-

2026 3600 2168 3639 mam
2215 3587 2486 3642 deformes
2551 3598 2606 3643 et
2675 3602 2894 3661 propter
2949 3593 3352 3650 deformitatem
3407 3595 3591 3650 defor-

2026 3693 2250 3736 tutores.

2094 3772 2154 3829 S.
2187 3776 2456 3846 Cltrysost.
2494 3777 2538 3832 Ο
2568 3778 2768 3832 malum
2804 3778 2998 3846 quovis
3030 3778 3175 3832 malo
3217 3778 3370 3848 pejus
3405 3781 3596 3834 mulie-

2027 3879 2141 3924 rem
2177 3870 2479 3940 improbam
2510 3869 2522 3922 ί

2097 3963 2286 4031 Aspcri
2337 3970 2467 4016 sunt
2514 3961 2816 4026 dracones,
2862 3957 3080 4029 aspides
3134 3959 3440 4022 maleﬁcae;

2101 4054 2207 4109 Sed
2239 4055 2480 4109 mulieris
2514 4053 2780 4122 asperitas
2818 4051 3069 4107 acerbior
3096 4065 3258 4121 quam
3291 4051 3556 4106 ferarum.

2099 4145 2349 4216 lmproba
2415 4147 2610 4200 mulier
2643 4161 2920 4216 nunquam
2975 4145 3337 4210 mansuefiet;
3388 4145 3447 4202 .si
3497 4144 3598 4198 du-

2029 4237 2144 4291 rius
2175 4246 2460 4304 tractetur,
2495 4238 2626 4293 furit
2657 4257 2670 4293 :
2705 4239 2750 4295 si
2779 4237 3054 4302 blandius,
3088 4236 3299 4292 tollitur
3356 4244 3409 4291 et
3457 4237 3596 4292 elata

2025 4337 2133 4385 est.

1955 4418 2002 4474 ι)
2101 4419 2328 4477 Ferrum
2351 4435 2786 4490 coquere,quam
2822 4419 3104 4476 mulierem
3140 4419 3432 4476 emendare
3459 4419 3595 4476 faci-

2030 4512 2158 4568 lius.

2103 4606 2203 4671 Qui
2255 4606 2419 4659 habet
2462 4619 2688 4659 uxorem
2732 4604 2947 4667 malam,
2984 4620 3207 4660 suorum
3246 4620 3304 4659 se
3345 4613 3593 4673 peccato-

2031 4713 2152 4752 rum
2189 4697 2494 4750 mercedem
2524 4695 2803 4762 accepisse
2833 4696 3115 4765 intelligat.

2103 4787 2258 4841 Nulla
2291 4788 2343 4840 in
2373 4785 2573 4841 mundo
2595 4785 2773 4840 bellua
2797 4793 2900 4852 est,
2925 4802 3046 4855 qum
3075 4802 3198 4841 cum
3228 4786 3455 4839 muliere
3482 4786 3584 4841 im-

2033 4879 2202 4950 proba
2231 4877 2562 4932 conferatur.

2101 4967 2242 5032 Quid
2288 4971 2444 5021 leone
2490 4967 2633 5022 inter
2684 4967 3065 5038 quadrupedes
3131 4967 3402 5024 ferocius?
3452 4968 3594 5036 Quid

2034 5059 2308 5116 crudelius
2338 5061 2572 5116 dracone
2611 5062 2752 5116 inter
2784 5061 3093 5130 serpentia?
3120 5061 3267 5116 Nihil
3320 5064 3421 5120 nisi
3478 5079 3598 5118 mu-

2033 5151 2133 5205 lier
2167 5151 2431 5220 improba.

2106 5243 2373 5297 Acerbum
2404 5251 2488 5298 est
2507 5245 2884 5313 pauperiorem
2918 5244 3142 5300 duxisse
3173 5259 3420 5308 uxorem,
3448 5259 3600 5298 acer-

2035 5335 2165 5387 bum
2197 5333 2323 5388 item
2353 5335 2747 5403 opulentiorem
2772 5352 2784 5388 :
2807 5319 2937 5391 illud
2959 5339 3102 5391 enim
3134 5353 3272 5400 rem,
3292 5337 3391 5389 hoc
3417 5347 3602 5390 aucto-

2039 5427 2252 5480 ritatem
2289 5433 2343 5479 et
2371 5426 2678 5482 libertatein
2710 5429 2812 5482 viri
2851 5429 3048 5482 minuit
3082 5437 3136 5482 et
3175 5428 3338 5481 laedit.

2111 5516 2372 5572 Philonis.
2406 5516 2614 5574 Mulieri
2647 5533 2839 5589 parere
2863 5517 3193 5572 contumelia
3215 5526 3296 5571 cst
3325 5532 3600 5585 suprema.

2117 5611 2276 5680 176
2310 5609 2736 5666 Callidissitnum
2785 5619 2867 5665 est
2917 5610 3162 5665 mulieris
3215 5610 3488 5680 ingenium
3540 5612 3604 5665 ad

2045 5710 2283 5755 mentem
2325 5701 2424 5756 viri
2459 5701 2755 5755 luxandam
2786 5709 2839 5756 ct
2882 5709 3028 5756 statu
3067 5716 3166 5756 suo
3197 5701 3610 5766 deturbandant,
