  <div class='ocr_page' id='page_1' title='image "/cluster/home/n/w/nwhite01/storage/ocr_20150623/136/hvd.32044054100201/553.png"; bbox 0 0 3976 6214; ppageno 0'>
   <div class='ocr_carea' id='block_1_1' title="bbox 557 231 2127 320">
    <p class='ocr_par' dir='ltr' id='par_1_1' title="bbox 557 231 2095 296">
     <span class='ocr_line' id='line_1_1' title="bbox 557 231 2095 296; baseline 0.001 -2"><span class='ocrx_word' id='word_1_1' title='bbox 557 231 680 296; x_wconf 73' lang='grc'><strong>1091</strong></span> <span class='ocrx_word' id='word_1_2' title='bbox 1784 235 2026 296; x_wconf 77' lang='grc' dir='ltr'><strong>ΑΝΤΟΝ</strong></span> <span class='ocrx_word' id='word_1_3' title='bbox 2044 239 2095 295; x_wconf 89' lang='lat' dir='ltr'><strong>ll</strong></span> 
     </span>
    </p>
   </div>
   <div class='ocr_carea' id='block_1_2' title="bbox 2143 231 3713 320">
    <p class='ocr_par' dir='ltr' id='par_1_2' title="bbox 2143 235 3713 320">
     <span class='ocr_line' id='line_1_2' title="bbox 2143 235 3713 320; baseline 0.004 -25"><span class='ocrx_word' id='word_1_4' title='bbox 2143 235 2482 297; x_wconf 69' lang='lat' dir='ltr'><strong>MELISSE</strong></span> <span class='ocrx_word' id='word_1_5' title='bbox 3614 255 3713 320; x_wconf 67' lang='lat'><strong>1092</strong></span> 
     </span>
    </p>
   </div>
   <div class='ocr_carea' id='block_1_3' title="bbox 561 343 2131 436">
    <p class='ocr_par' dir='ltr' id='par_1_3' title="bbox 561 343 2127 417">
     <span class='ocr_line' id='line_1_3' title="bbox 561 343 2127 417; baseline 0.003 -19"><span class='ocrx_word' id='word_1_6' title='bbox 561 343 804 400; x_wconf 80' lang='lat' dir='ltr'><strong>maxime</strong></span> <span class='ocrx_word' id='word_1_7' title='bbox 831 343 879 400; x_wconf 88' lang='lat' dir='ltr'><strong>si</strong></span> <span class='ocrx_word' id='word_1_8' title='bbox 912 344 1084 400; x_wconf 83' lang='lat' dir='ltr'><strong>.fuerit</strong></span> <span class='ocrx_word' id='word_1_9' title='bbox 1122 345 1512 417; x_wconf 73' lang='lat' dir='ltr'><strong>intemperans;</strong></span> <span class='ocrx_word' id='word_1_10' title='bbox 1560 347 1687 416; x_wconf 95' lang='lat' dir='ltr'><strong>quia</strong></span> <span class='ocrx_word' id='word_1_11' title='bbox 1719 349 1864 401; x_wconf 88' lang='lat' dir='ltr'><strong>enim</strong></span> <span class='ocrx_word' id='word_1_12' title='bbox 1905 349 2127 404; x_wconf 75' lang='lat' dir='ltr'><strong>conscia</strong></span> 
     </span>
    </p>
   </div>
   <div class='ocr_carea' id='block_1_4' title="bbox 2144 343 3714 436">
    <p class='ocr_par' dir='ltr' id='par_1_4' title="bbox 2158 352 3714 436">
     <span class='ocr_line' id='line_1_4' title="bbox 2158 352 3714 436; baseline 0.012 -35"><span class='ocrx_word' id='word_1_13' title='bbox 2158 358 2200 411; x_wconf 77' lang='grc' dir='ltr'>Α</span> <span class='ocrx_word' id='word_1_14' title='bbox 2229 352 2426 413; x_wconf 71' lang='grc' dir='ltr'><strong>ειδότος</strong></span> <span class='ocrx_word' id='word_1_15' title='bbox 2459 353 2555 421; x_wconf 66' lang='lat' dir='ltr'><strong>pa?</strong></span> <span class='ocrx_word' id='word_1_16' title='bbox 2568 353 2884 426; x_wconf 80' lang='grc' dir='ltr'><strong>ακικωτέρσ,</strong></span> <span class='ocrx_word' id='word_1_17' title='bbox 2910 355 2972 428; x_wconf 76' lang='grc' dir='ltr'><strong>[Ῑ.</strong></span> <span class='ocrx_word' id='word_1_18' title='bbox 3005 358 3379 431; x_wconf 75' lang='grc' dir='ltr'><strong>μαχλικωτέρα</strong></span> <span class='ocrx_word' id='word_1_19' title='bbox 3407 368 3480 418; x_wconf 75' lang='lat' dir='ltr'><strong>vel</strong></span> <span class='ocrx_word' id='word_1_20' title='bbox 3512 384 3714 436; x_wconf 72' lang='grc' dir='ltr'><strong>μαλακω.</strong></span> 
     </span>
    </p>
   </div>
   <div class='ocr_carea' id='block_1_5' title="bbox 561 437 2131 515">
    <p class='ocr_par' dir='ltr' id='par_1_5' title="bbox 561 437 1973 507">
     <span class='ocr_line' id='line_1_5' title="bbox 561 437 1973 507; baseline 0.001 -16"><span class='ocrx_word' id='word_1_21' title='bbox 561 437 668 491; x_wconf 85' lang='lat' dir='ltr'><strong>sibi</strong></span> <span class='ocrx_word' id='word_1_22' title='bbox 702 447 790 493; x_wconf 90' lang='lat' dir='ltr'><strong>est</strong></span> <span class='ocrx_word' id='word_1_23' title='bbox 829 437 990 507; x_wconf 84' lang='lat' dir='ltr'><strong>hujus</strong></span> <span class='ocrx_word' id='word_1_24' title='bbox 1024 437 1168 502; x_wconf 93' lang='lat' dir='ltr'><strong>vitii,</strong></span> <span class='ocrx_word' id='word_1_25' title='bbox 1203 439 1418 492; x_wconf 88' lang='lat' dir='ltr'><strong>mollior</strong></span> <span class='ocrx_word' id='word_1_26' title='bbox 1445 437 1682 493; x_wconf 94' lang='lat' dir='ltr'><strong>subinde</strong></span> <span class='ocrx_word' id='word_1_27' title='bbox 1711 438 1973 494; x_wconf 79' lang='lat' dir='ltr'><strong>redditur.</strong></span> 
     </span>
    </p>
   </div>
   <div class='ocr_carea' id='block_1_6' title="bbox 1075 437 2645 515">
    <p class='ocr_par' dir='ltr' id='par_1_6' title="bbox 1085 437 2645 515">
     <span class='ocr_line' id='line_1_6' title="bbox 1085 437 2645 515; baseline 0.006 -24"><span class='ocrx_word' id='word_1_28' title='bbox 1085 437 1168 502; x_wconf 92' lang='lat' dir='ltr'><strong>tii,</strong></span> <span class='ocrx_word' id='word_1_29' title='bbox 1203 439 1418 492; x_wconf 90' lang='lat' dir='ltr'><strong>mollior</strong></span> <span class='ocrx_word' id='word_1_30' title='bbox 1445 437 1682 493; x_wconf 93' lang='lat' dir='ltr'><strong>subinde</strong></span> <span class='ocrx_word' id='word_1_31' title='bbox 1711 438 1973 494; x_wconf 79' lang='lat' dir='ltr'><strong>redditur.</strong></span> <span class='ocrx_word' id='word_1_32' title='bbox 2231 443 2388 515; x_wconf 80' lang='grc' dir='ltr'><strong>τέρα]</strong></span> <span class='ocrx_word' id='word_1_33' title='bbox 2417 448 2645 514; x_wconf 86' lang='grc' dir='ltr'><strong>γίνεται.</strong></span> 
     </span>
    </p>
   </div>
   <div class='ocr_carea' id='block_1_7' title="bbox 636 530 2206 619">
    <p class='ocr_par' dir='ltr' id='par_1_7' title="bbox 636 530 2126 601">
     <span class='ocr_line' id='line_1_7' title="bbox 636 530 2126 601; baseline 0.001 -17"><span class='ocrx_word' id='word_1_34' title='bbox 636 530 733 584; x_wconf 88' lang='lat' dir='ltr'><strong>Sui</strong></span> <span class='ocrx_word' id='word_1_35' title='bbox 765 545 956 584; x_wconf 87' lang='lat' dir='ltr'><strong>amans</strong></span> <span class='ocrx_word' id='word_1_36' title='bbox 985 538 1068 584; x_wconf 91' lang='lat' dir='ltr'><strong>est</strong></span> <span class='ocrx_word' id='word_1_37' title='bbox 1113 530 1328 595; x_wconf 84' lang='lat' dir='ltr'><strong>mulier,</strong></span> <span class='ocrx_word' id='word_1_38' title='bbox 1376 539 1433 586; x_wconf 91' lang='lat' dir='ltr'><strong>et</strong></span> <span class='ocrx_word' id='word_1_39' title='bbox 1479 532 1725 601; x_wconf 84' lang='lat' dir='ltr'><strong>zelotypa</strong></span> <span class='ocrx_word' id='word_1_40' title='bbox 1770 532 2126 586; x_wconf 90' lang='lat' dir='ltr'><strong>immoderate</strong></span> 
     </span>
    </p>
   </div>
   <div class='ocr_carea' id='block_1_8' title="bbox 2148 530 3718 619">
    <p class='ocr_par' dir='ltr' id='par_1_8' title="bbox 2297 538 3718 619">
     <span class='ocr_line' id='line_1_8' title="bbox 2297 538 3718 619; baseline 0.017 -31"><span class='ocrx_word' id='word_1_41' title='bbox 2297 538 2562 591; x_wconf 82' lang='grc' dir='ltr'><strong>Φίλαυτον</strong></span> <span class='ocrx_word' id='word_1_42' title='bbox 2583 541 2743 612; x_wconf 81' lang='grc' dir='ltr'><strong>γυνὴ,</strong></span> <span class='ocrx_word' id='word_1_43' title='bbox 2771 544 2864 596; x_wconf 76' lang='grc' dir='ltr'><strong>καὶ</strong></span> <span class='ocrx_word' id='word_1_44' title='bbox 2891 542 3190 610; x_wconf 77' lang='grc' dir='ltr'><strong>ζηλότυπον</strong></span> <span class='ocrx_word' id='word_1_45' title='bbox 3218 547 3278 599; x_wconf 84' lang='grc' dir='ltr'><strong>οὑ</strong></span> <span class='ocrx_word' id='word_1_46' title='bbox 3305 550 3522 619; x_wconf 76' lang='grc' dir='ltr'><strong>μετρίως</strong></span> <span class='ocrx_word' id='word_1_47' title='bbox 3546 557 3718 613; x_wconf 64' lang='lat' dir='ltr'><strong>mliu-</strong></span> 
     </span>
    </p>
   </div>
   <div class='ocr_carea' id='block_1_9' title="bbox 562 621 2132 708">
    <p class='ocr_par' dir='ltr' id='par_1_9' title="bbox 562 621 2122 693">
     <span class='ocr_line' id='line_1_9' title="bbox 562 621 2122 693; baseline 0.004 -20"><span class='ocrx_word' id='word_1_48' title='bbox 562 635 626 676; x_wconf 90' lang='lat' dir='ltr'><strong>ac</strong></span> <span class='ocrx_word' id='word_1_49' title='bbox 662 621 797 674; x_wconf 89' lang='lat' dir='ltr'><strong>mire</strong></span> <span class='ocrx_word' id='word_1_50' title='bbox 824 621 1110 685; x_wconf 87' lang='lat' dir='ltr'><strong>industria,</strong></span> <span class='ocrx_word' id='word_1_51' title='bbox 1145 631 1202 674; x_wconf 88' lang='lat' dir='ltr'><strong>ut</strong></span> <span class='ocrx_word' id='word_1_52' title='bbox 1234 623 1406 691; x_wconf 80' lang='lat' dir='ltr'><strong>possit</strong></span> <span class='ocrx_word' id='word_1_53' title='bbox 1445 623 1545 676; x_wconf 91' lang='lat' dir='ltr'><strong>viri</strong></span> <span class='ocrx_word' id='word_1_54' title='bbox 1579 638 1759 678; x_wconf 91' lang='lat' dir='ltr'><strong>mores</strong></span> <span class='ocrx_word' id='word_1_55' title='bbox 1792 635 2122 693; x_wconf 83' lang='lat' dir='ltr'><strong>pervertere.</strong></span> 
     </span>
    </p>
   </div>
   <div class='ocr_carea' id='block_1_10' title="bbox 1475 621 3045 708">
    <p class='ocr_par' dir='ltr' id='par_1_10' title="bbox 1475 623 3045 708">
     <span class='ocr_line' id='line_1_10' title="bbox 1475 623 3045 708; baseline 0.01 -32"><span class='ocrx_word' id='word_1_56' title='bbox 1475 623 1545 676; x_wconf 92' lang='lat' dir='ltr'><strong>iri</strong></span> <span class='ocrx_word' id='word_1_57' title='bbox 1579 638 1759 678; x_wconf 91' lang='lat' dir='ltr'><strong>mores</strong></span> <span class='ocrx_word' id='word_1_58' title='bbox 1792 635 2122 693; x_wconf 83' lang='lat' dir='ltr'><strong>pervertere.</strong></span> <span class='ocrx_word' id='word_1_59' title='bbox 2233 629 2323 681; x_wconf 79' lang='grc' dir='ltr'><strong>νον</strong></span> <span class='ocrx_word' id='word_1_60' title='bbox 2356 633 2667 701; x_wconf 76' lang='grc' dir='ltr'><strong>παραλῦσαι</strong></span> <span class='ocrx_word' id='word_1_61' title='bbox 2698 634 2801 706; x_wconf 72' lang='grc' dir='ltr'><strong>ἤθη</strong></span> <span class='ocrx_word' id='word_1_62' title='bbox 2834 637 3045 708; x_wconf 83' lang='grc' dir='ltr'><strong>ἀνδρός.</strong></span> 
     </span>
    </p>
   </div>
   <div class='ocr_carea' id='block_1_11' title="bbox 628 712 2198 808">
    <p class='ocr_par' dir='ltr' id='par_1_11' title="bbox 628 712 2129 783">
     <span class='ocr_line' id='line_1_11' title="bbox 628 712 2129 783; baseline 0.003 -18"><span class='ocrx_word' id='word_1_63' title='bbox 628 712 899 782; x_wconf 75' lang='lat' dir='ltr'><strong>Diogenis.</strong></span> <span class='ocrx_word' id='word_1_64' title='bbox 949 713 1212 783; x_wconf 76' lang='lat' dir='ltr'><strong>Diogenes</strong></span> <span class='ocrx_word' id='word_1_65' title='bbox 1260 715 1609 783; x_wconf 81' lang='lat' dir='ltr'><strong>conspicatus</strong></span> <span class='ocrx_word' id='word_1_66' title='bbox 1676 715 1938 771; x_wconf 81' lang='lat' dir='ltr'><strong>mulieres</strong></span> <span class='ocrx_word' id='word_1_67' title='bbox 1986 717 2129 770; x_wconf 91' lang='lat' dir='ltr'><strong>inter</strong></span> 
     </span>
    </p>
   </div>
   <div class='ocr_carea' id='block_1_12' title="bbox 2145 712 3715 808">
    <p class='ocr_par' dir='ltr' id='par_1_12' title="bbox 2300 724 3715 808">
     <span class='ocr_line' id='line_1_12' title="bbox 2300 724 3715 808; baseline 0.016 -36"><span class='ocrx_word' id='word_1_68' title='bbox 2300 724 2558 794; x_wconf 80' lang='grc' dir='ltr'><strong>Διογένης</strong></span> <span class='ocrx_word' id='word_1_69' title='bbox 2611 727 3092 800; x_wconf 71' lang='grc' dir='ltr'><strong>κοινολογουμένοις</strong></span> <span class='ocrx_word' id='word_1_70' title='bbox 3132 735 3389 800; x_wconf 83' lang='grc' dir='ltr'><strong>γυναῖκας</strong></span> <span class='ocrx_word' id='word_1_71' title='bbox 3427 733 3715 808; x_wconf 77' lang='grc' dir='ltr'><strong>θεασάμενος,</strong></span> 
     </span>
    </p>
   </div>
   <div class='ocr_carea' id='block_1_13' title="bbox 563 805 2133 895">
    <p class='ocr_par' dir='ltr' id='par_1_13' title="bbox 563 805 2122 876">
     <span class='ocr_line' id='line_1_13' title="bbox 563 805 2122 876; baseline 0.005 -22"><span class='ocrx_word' id='word_1_72' title='bbox 563 819 621 856; x_wconf 85' lang='lat' dir='ltr'><strong>se</strong></span> <span class='ocrx_word' id='word_1_73' title='bbox 671 805 1086 873; x_wconf 86' lang='lat' dir='ltr'><strong>colloquentes:</strong></span> <span class='ocrx_word' id='word_1_74' title='bbox 1122 805 1308 874; x_wconf 83' lang='lat' dir='ltr'><strong>Aspis,</strong></span> <span class='ocrx_word' id='word_1_75' title='bbox 1348 808 1545 875; x_wconf 88' lang='lat' dir='ltr'><strong>inquit,</strong></span> <span class='ocrx_word' id='word_1_76' title='bbox 1580 821 1609 858; x_wconf 93' lang='lat' dir='ltr'><strong>a</strong></span> <span class='ocrx_word' id='word_1_77' title='bbox 1641 807 1820 876; x_wconf 82' lang='lat' dir='ltr'><strong>vipera</strong></span> <span class='ocrx_word' id='word_1_78' title='bbox 1853 822 2122 863; x_wconf 87' lang='lat' dir='ltr'><strong>venenum</strong></span> 
     </span>
    </p>
   </div>
   <div class='ocr_carea' id='block_1_14' title="bbox 2070 805 3640 895">
    <p class='ocr_par' dir='ltr' id='par_1_14' title="bbox 2073 805 3640 895">
     <span class='ocr_line' id='line_1_14' title="bbox 2073 805 3640 895; baseline 0.014 -32"><span class='ocrx_word' id='word_1_79' title='bbox 2073 825 2122 863; x_wconf 86' lang='lat' dir='ltr'><strong>ut</strong></span> <span class='ocrx_word' id='word_1_80' title='bbox 2231 814 2334 885; x_wconf 77' lang='grc' dir='ltr'><strong>ἔφη</strong></span> <span class='ocrx_word' id='word_1_81' title='bbox 2358 832 2374 846; x_wconf 64' lang='grc' dir='ltr'>θ</span> <span class='ocrx_word' id='word_1_82' title='bbox 2419 817 2610 880; x_wconf 71' lang='grc' dir='ltr'>Ἀσπὶς</span> <span class='ocrx_word' id='word_1_83' title='bbox 2645 822 2777 890; x_wconf 86' lang='grc' dir='ltr'>παρ’</span> <span class='ocrx_word' id='word_1_84' title='bbox 2806 822 3022 894; x_wconf 76' lang='grc' dir='ltr'>ἐχίδνης</span> <span class='ocrx_word' id='word_1_85' title='bbox 3048 825 3335 895; x_wconf 72' lang='grc' dir='ltr'><strong>φάρμακον</strong></span> <span class='ocrx_word' id='word_1_86' title='bbox 3359 805 3640 893; x_wconf 65' lang='grc' dir='ltr'><strong>δανείζεται.</strong></span> 
     </span>
    </p>
   </div>
   <div class='ocr_carea' id='block_1_15' title="bbox 557 903 860 948">
    <p class='ocr_par' dir='ltr' id='par_1_15' title="bbox 557 903 860 948">
     <span class='ocr_line' id='line_1_15' title="bbox 557 903 860 948; baseline 0.003 -1"><span class='ocrx_word' id='word_1_87' title='bbox 557 903 860 948; x_wconf 86' lang='lat' dir='ltr'><strong>mutuatur.</strong></span> 
     </span>
    </p>
   </div>
   <div class='ocr_carea' id='block_1_16' title="bbox 630 989 2200 1081">
    <p class='ocr_par' dir='ltr' id='par_1_16' title="bbox 630 989 2130 1063">
     <span class='ocr_line' id='line_1_16' title="bbox 630 989 2130 1063; baseline 0.007 -24"><span class='ocrx_word' id='word_1_88' title='bbox 630 989 910 1059; x_wconf 79' lang='lat' dir='ltr'><strong>Aristippi.</strong></span> <span class='ocrx_word' id='word_1_89' title='bbox 931 989 1237 1060; x_wconf 80' lang='lat' dir='ltr'><strong>Aristippus</strong></span> <span class='ocrx_word' id='word_1_90' title='bbox 1257 991 1982 1063; x_wconf 62' lang='lat' dir='ltr'><strong>CyrenaeusiphilusOphus,a</strong></span> <span class='ocrx_word' id='word_1_91' title='bbox 1998 1010 2130 1062; x_wconf 89' lang='lat' dir='ltr'><strong>quo-</strong></span> 
     </span>
    </p>
   </div>
   <div class='ocr_carea' id='block_1_17' title="bbox 2146 989 3716 1081">
    <p class='ocr_par' dir='ltr' id='par_1_17' title="bbox 2314 999 3716 1081">
     <span class='ocr_line' id='line_1_17' title="bbox 2314 999 3716 1081; baseline 0.011 -30"><span class='ocrx_word' id='word_1_92' title='bbox 2314 999 2667 1069; x_wconf 76' lang='grc' dir='ltr'><strong>Ἀρίστιππος</strong></span> <span class='ocrx_word' id='word_1_93' title='bbox 2720 1002 2748 1054; x_wconf 84' lang='grc' dir='ltr'>ό</span> <span class='ocrx_word' id='word_1_94' title='bbox 2797 1004 3102 1074; x_wconf 72' lang='grc' dir='ltr'><strong>Κυρηναῖος</strong></span> <span class='ocrx_word' id='word_1_95' title='bbox 3155 1007 3456 1076; x_wconf 76' lang='grc' dir='ltr'><strong>φιλόσοφος,</strong></span> <span class='ocrx_word' id='word_1_96' title='bbox 3488 1011 3716 1081; x_wconf 63' lang='grc' dir='ltr'><strong>ἔρωτηθετς</strong></span> 
     </span>
    </p>
   </div>
   <div class='ocr_carea' id='block_1_18' title="bbox 553 1079 2123 1166">
    <p class='ocr_par' dir='ltr' id='par_1_18' title="bbox 553 1079 2123 1154">
     <span class='ocr_line' id='line_1_18' title="bbox 553 1079 2123 1154; baseline 0.004 -22"><span class='ocrx_word' id='word_1_97' title='bbox 553 1079 701 1147; x_wconf 82' lang='lat' dir='ltr'><strong>piam</strong></span> <span class='ocrx_word' id='word_1_98' title='bbox 735 1081 1122 1149; x_wconf 77' lang='lat' dir='ltr'><strong>interrogatus,</strong></span> <span class='ocrx_word' id='word_1_99' title='bbox 1153 1096 1221 1134; x_wconf 91' lang='lat' dir='ltr'><strong>an</strong></span> <span class='ocrx_word' id='word_1_100' title='bbox 1242 1083 1342 1136; x_wconf 86' lang='lat' dir='ltr'><strong>sibi</strong></span> <span class='ocrx_word' id='word_1_101' title='bbox 1375 1081 1573 1136; x_wconf 89' lang='lat' dir='ltr'><strong>ducere</strong></span> <span class='ocrx_word' id='word_1_102' title='bbox 1592 1100 1815 1140; x_wconf 81' lang='lat' dir='ltr'><strong>uxorem</strong></span> <span class='ocrx_word' id='word_1_103' title='bbox 1829 1086 2123 1154; x_wconf 79' lang='lat' dir='ltr'><strong>expediret,</strong></span> 
     </span>
    </p>
   </div>
   <div class='ocr_carea' id='block_1_19' title="bbox 2144 1079 3714 1166">
    <p class='ocr_par' dir='ltr' id='par_1_19' title="bbox 2232 1079 3714 1166">
     <span class='ocr_line' id='line_1_19' title="bbox 2232 1079 3714 1166; baseline 0.011 -25"><span class='ocrx_word' id='word_1_104' title='bbox 2232 1089 2338 1142; x_wconf 79' lang='grc' dir='ltr'><strong>ὑπό</strong></span> <span class='ocrx_word' id='word_1_105' title='bbox 2365 1107 2513 1152; x_wconf 87' lang='grc' dir='ltr'><strong>τινος</strong></span> <span class='ocrx_word' id='word_1_106' title='bbox 2557 1094 2606 1145; x_wconf 78' lang='grc' dir='ltr'><strong>εἰ</strong></span> <span class='ocrx_word' id='word_1_107' title='bbox 2640 1094 2903 1164; x_wconf 76' lang='grc' dir='ltr'><strong>συμφέρει</strong></span> <span class='ocrx_word' id='word_1_108' title='bbox 2937 1097 3086 1166; x_wconf 82' lang='grc' dir='ltr'>αὐτῷ</span> <span class='ocrx_word' id='word_1_109' title='bbox 3112 1098 3308 1166; x_wconf 82' lang='grc' dir='ltr'><strong>γῆμαι,</strong></span> <span class='ocrx_word' id='word_1_110' title='bbox 3333 1096 3502 1153; x_wconf 76' lang='grc' dir='ltr'><strong>εἶπεν·</strong></span> <span class='ocrx_word' id='word_1_111' title='bbox 3535 1079 3658 1156; x_wconf 78' lang='grc' dir='ltr'><strong>Οὕιι·</strong></span> <span class='ocrx_word' id='word_1_112' title='bbox 3683 1108 3714 1158; x_wconf 78' lang='grc' dir='ltr'><strong>εξ</strong></span> 
     </span>
    </p>
   </div>
   <div class='ocr_carea' id='block_1_20' title="bbox 553 1171 2123 1265">
    <p class='ocr_par' dir='ltr' id='par_1_20' title="bbox 553 1171 2123 1244">
     <span class='ocr_line' id='line_1_20' title="bbox 553 1171 2123 1244; baseline 0.006 -22"><span class='ocrx_word' id='word_1_113' title='bbox 553 1173 789 1238; x_wconf 76' lang='lat' dir='ltr'><strong>negavit.</strong></span> <span class='ocrx_word' id='word_1_114' title='bbox 832 1171 889 1225; x_wconf 92' lang='lat' dir='ltr'><strong>Si</strong></span> <span class='ocrx_word' id='word_1_115' title='bbox 930 1173 1074 1227; x_wconf 90' lang='lat' dir='ltr'><strong>enim</strong></span> <span class='ocrx_word' id='word_1_116' title='bbox 1130 1174 1351 1228; x_wconf 83' lang='lat' dir='ltr'><strong>duxeris</strong></span> <span class='ocrx_word' id='word_1_117' title='bbox 1411 1173 1738 1244; x_wconf 86' lang='lat' dir='ltr'><strong>(inquiebat)</strong></span> <span class='ocrx_word' id='word_1_118' title='bbox 1809 1177 2123 1243; x_wconf 79' lang='lat' dir='ltr'><strong>formosam,</strong></span> 
     </span>
    </p>
   </div>
   <div class='ocr_carea' id='block_1_21' title="bbox 2141 1171 3711 1265">
    <p class='ocr_par' dir='ltr' id='par_1_21' title="bbox 2233 1182 3711 1265">
     <span class='ocr_line' id='line_1_21' title="bbox 2233 1182 3711 1265; baseline 0.012 -32"><span class='ocrx_word' id='word_1_119' title='bbox 2233 1182 2334 1252; x_wconf 83' lang='grc' dir='ltr'><strong>μὲν</strong></span> <span class='ocrx_word' id='word_1_120' title='bbox 2369 1185 2476 1253; x_wconf 85' lang='grc' dir='ltr'><strong>γὰρ</strong></span> <span class='ocrx_word' id='word_1_121' title='bbox 2511 1185 2702 1256; x_wconf 78' lang='grc' dir='ltr'><strong>καλὴν,</strong></span> <span class='ocrx_word' id='word_1_122' title='bbox 2737 1189 2925 1258; x_wconf 80' lang='grc' dir='ltr'><strong>κοινὴν</strong></span> <span class='ocrx_word' id='word_1_123' title='bbox 2952 1187 3123 1254; x_wconf 76' lang='grc' dir='ltr'><strong>ἔξειςο</strong></span> <span class='ocrx_word' id='word_1_124' title='bbox 3156 1192 3202 1243; x_wconf 87' lang='grc' dir='ltr'>εί</span> <span class='ocrx_word' id='word_1_125' title='bbox 3233 1191 3289 1245; x_wconf 74' lang='grc' dir='ltr'><strong>δὲ</strong></span> <span class='ocrx_word' id='word_1_126' title='bbox 3310 1192 3521 1265; x_wconf 73' lang='grc' dir='ltr'><strong>φαύλην,</strong></span> <span class='ocrx_word' id='word_1_127' title='bbox 3554 1201 3711 1264; x_wconf 78' lang='grc' dir='ltr'>ποινήν.</span> 
     </span>
    </p>
   </div>
   <div class='ocr_carea' id='block_1_22' title="bbox 553 1261 2124 1338">
    <p class='ocr_par' dir='ltr' id='par_1_22' title="bbox 553 1261 2124 1338">
     <span class='ocr_line' id='line_1_22' title="bbox 553 1261 2124 1338; baseline 0.006 -24"><span class='ocrx_word' id='word_1_128' title='bbox 553 1261 779 1316; x_wconf 87' lang='lat' dir='ltr'><strong>habebis</strong></span> <span class='ocrx_word' id='word_1_129' title='bbox 801 1278 1180 1329; x_wconf 86' lang='lat' dir='ltr'><strong>communem;</strong></span> <span class='ocrx_word' id='word_1_130' title='bbox 1218 1264 1303 1318; x_wconf 87' lang='lat' dir='ltr'><strong>sin</strong></span> <span class='ocrx_word' id='word_1_131' title='bbox 1330 1274 1510 1318; x_wconf 90' lang='lat' dir='ltr'><strong>autem</strong></span> <span class='ocrx_word' id='word_1_132' title='bbox 1539 1266 1860 1330; x_wconf 81' lang='lat' dir='ltr'><strong>deformem.</strong></span> <span class='ocrx_word' id='word_1_133' title='bbox 1889 1283 2124 1338; x_wconf 75' lang='lat' dir='ltr'><strong>poenam.</strong></span> 
     </span>
    </p>
   </div>
   <div class='ocr_carea' id='block_1_23' title="bbox 622 1350 2192 1444">
    <p class='ocr_par' dir='ltr' id='par_1_23' title="bbox 622 1350 2123 1414">
     <span class='ocr_line' id='line_1_23' title="bbox 622 1350 2123 1414; baseline 0.007 -10"><span class='ocrx_word' id='word_1_134' title='bbox 622 1350 816 1406; x_wconf 83' lang='lat' dir='ltr'><strong>Mulier</strong></span> <span class='ocrx_word' id='word_1_135' title='bbox 844 1369 906 1408; x_wconf 91' lang='lat' dir='ltr'><strong>os</strong></span> <span class='ocrx_word' id='word_1_136' title='bbox 940 1369 1214 1409; x_wconf 83' lang='lat' dir='ltr'><strong>exornans</strong></span> <span class='ocrx_word' id='word_1_137' title='bbox 1255 1357 1494 1410; x_wconf 90' lang='lat' dir='ltr'><strong>animum</strong></span> <span class='ocrx_word' id='word_1_138' title='bbox 1554 1357 1849 1413; x_wconf 82' lang='lat' dir='ltr'><strong>deformem</strong></span> <span class='ocrx_word' id='word_1_139' title='bbox 1897 1359 2123 1414; x_wconf 87' lang='lat' dir='ltr'><strong>iudicat.</strong></span> 
     </span>
    </p>
   </div>
   <div class='ocr_carea' id='block_1_24' title="bbox 2143 1350 3713 1444">
    <p class='ocr_par' dir='ltr' id='par_1_24' title="bbox 2294 1362 3713 1444">
     <span class='ocr_line' id='line_1_24' title="bbox 2294 1362 3713 1444; baseline 0.003 -29"><span class='ocrx_word' id='word_1_140' title='bbox 2294 1362 2436 1431; x_wconf 82' lang='grc' dir='ltr'><strong>Γυνὴ</strong></span> <span class='ocrx_word' id='word_1_141' title='bbox 2482 1362 2559 1433; x_wconf 79' lang='grc' dir='ltr'>τῷ</span> <span class='ocrx_word' id='word_1_142' title='bbox 2614 1363 2893 1436; x_wconf 85' lang='grc' dir='ltr'>προσώπῳ</span> <span class='ocrx_word' id='word_1_143' title='bbox 2945 1368 3316 1437; x_wconf 77' lang='grc' dir='ltr'><strong>κοσμουμένη.</strong></span> <span class='ocrx_word' id='word_1_144' title='bbox 3352 1370 3447 1440; x_wconf 81' lang='grc' dir='ltr'><strong>τὴν</strong></span> <span class='ocrx_word' id='word_1_145' title='bbox 3477 1372 3561 1442; x_wconf 75' lang='grc' dir='ltr'><strong>τῆς</strong></span> <span class='ocrx_word' id='word_1_146' title='bbox 3582 1373 3713 1444; x_wconf 63' lang='grc' dir='ltr'><strong>ψυχῆς</strong></span> 
     </span>
    </p>
   </div>
   <div class='ocr_carea' id='block_1_25' title="bbox 2228 1452 2815 1523">
    <p class='ocr_par' dir='ltr' id='par_1_25' title="bbox 2228 1452 2815 1523">
     <span class='ocr_line' id='line_1_25' title="bbox 2228 1452 2815 1523; baseline 0.003 -18"><span class='ocrx_word' id='word_1_147' title='bbox 2228 1452 2504 1522; x_wconf 79' lang='grc' dir='ltr'><strong>ἀμορφίαν</strong></span> <span class='ocrx_word' id='word_1_148' title='bbox 2539 1455 2815 1523; x_wconf 78' lang='grc' dir='ltr'>ἐμφαίνει.</span> 
     </span>
    </p>
   </div>
   <div class='ocr_carea' id='block_1_26' title="bbox 619 1529 2189 1625">
    <p class='ocr_par' dir='ltr' id='par_1_26' title="bbox 619 1529 2118 1602">
     <span class='ocr_line' id='line_1_26' title="bbox 619 1529 2118 1602; baseline 0.004 -18"><span class='ocrx_word' id='word_1_149' title='bbox 619 1530 862 1584; x_wconf 89' lang='lat' dir='ltr'><strong>Democr.</strong></span> <span class='ocrx_word' id='word_1_150' title='bbox 893 1529 1030 1584; x_wconf 88' lang='lat' dir='ltr'><strong>Cum</strong></span> <span class='ocrx_word' id='word_1_151' title='bbox 1062 1529 1431 1585; x_wconf 86' lang='lat' dir='ltr'><strong>Democritum</strong></span> <span class='ocrx_word' id='word_1_152' title='bbox 1464 1533 1684 1602; x_wconf 79' lang='lat' dir='ltr'><strong>quidam</strong></span> <span class='ocrx_word' id='word_1_153' title='bbox 1729 1542 2118 1602; x_wconf 85' lang='lat' dir='ltr'><strong>percunctare-</strong></span> 
     </span>
    </p>
   </div>
   <div class='ocr_carea' id='block_1_27' title="bbox 2143 1529 3713 1625">
    <p class='ocr_par' dir='ltr' id='par_1_27' title="bbox 2292 1544 3713 1625">
     <span class='ocr_line' id='line_1_27' title="bbox 2292 1544 3713 1625; baseline 0.001 -28"><span class='ocrx_word' id='word_1_154' title='bbox 2292 1547 2620 1615; x_wconf 78' lang='grc' dir='ltr'><strong>Δημοκρίτῳ</strong></span> <span class='ocrx_word' id='word_1_155' title='bbox 2648 1544 2752 1616; x_wconf 75' lang='grc' dir='ltr'><strong>ἔφη</strong></span> <span class='ocrx_word' id='word_1_156' title='bbox 2781 1562 2888 1608; x_wconf 79' lang='grc' dir='ltr'>τιςο</span> <span class='ocrx_word' id='word_1_157' title='bbox 2920 1547 3092 1609; x_wconf 79' lang='grc' dir='ltr'><strong>Διατί,</strong></span> <span class='ocrx_word' id='word_1_158' title='bbox 3128 1548 3300 1618; x_wconf 80' lang='grc' dir='ltr'>μέγας</span> <span class='ocrx_word' id='word_1_159' title='bbox 3320 1547 3410 1612; x_wconf 83' lang='grc' dir='ltr'><strong>ὢν,</strong></span> <span class='ocrx_word' id='word_1_160' title='bbox 3430 1553 3603 1622; x_wconf 72' lang='grc' dir='ltr'><strong>μικρὸν</strong></span> <span class='ocrx_word' id='word_1_161' title='bbox 3625 1555 3713 1625; x_wconf 58' lang='lat' dir='ltr'><strong>in.</strong></span> 
     </span>
    </p>
   </div>
   <div class='ocr_carea' id='block_1_28' title="bbox 549 1627 2119 1716">
    <p class='ocr_par' dir='ltr' id='par_1_28' title="bbox 549 1627 2114 1690">
     <span class='ocr_line' id='line_1_28' title="bbox 549 1627 2114 1690; baseline 0.003 -16"><span class='ocrx_word' id='word_1_162' title='bbox 549 1631 658 1686; x_wconf 86' lang='lat' dir='ltr'><strong>tur,</strong></span> <span class='ocrx_word' id='word_1_163' title='bbox 688 1638 785 1676; x_wconf 92' lang='lat' dir='ltr'><strong>cur</strong></span> <span class='ocrx_word' id='word_1_164' title='bbox 813 1636 1043 1690; x_wconf 80' lang='lat' dir='ltr'><strong>magnus</strong></span> <span class='ocrx_word' id='word_1_165' title='bbox 1071 1635 1194 1673; x_wconf 89' lang='lat' dir='ltr'><strong>cum</strong></span> <span class='ocrx_word' id='word_1_166' title='bbox 1225 1633 1390 1689; x_wconf 84' lang='lat' dir='ltr'><strong>esset,</strong></span> <span class='ocrx_word' id='word_1_167' title='bbox 1439 1637 1658 1690; x_wconf 83' lang='lat' dir='ltr'><strong>parvam</strong></span> <span class='ocrx_word' id='word_1_168' title='bbox 1704 1627 1946 1679; x_wconf 90' lang='lat' dir='ltr'><strong>duxisset</strong></span> <span class='ocrx_word' id='word_1_169' title='bbox 1978 1642 2114 1679; x_wconf 84' lang='lat' dir='ltr'><strong>uxo-</strong></span> 
     </span>
    </p>
   </div>
   <div class='ocr_carea' id='block_1_29' title="bbox 2141 1627 3711 1716">
    <p class='ocr_par' dir='ltr' id='par_1_29' title="bbox 2149 1638 3711 1716">
     <span class='ocr_line' id='line_1_29' title="bbox 2149 1638 3711 1716; baseline 0.006 -27"><span class='ocrx_word' id='word_1_170' title='bbox 2149 1685 2190 1716; x_wconf 59' lang='grc' dir='ltr'><strong>η</strong></span> <span class='ocrx_word' id='word_1_171' title='bbox 2230 1651 2336 1705; x_wconf 85' lang='grc' dir='ltr'><strong>μοις</strong></span> <span class='ocrx_word' id='word_1_172' title='bbox 2369 1640 2644 1703; x_wconf 64' lang='grc' dir='ltr'><strong>γυναῖκας</strong></span> <span class='ocrx_word' id='word_1_173' title='bbox 2696 1641 2962 1702; x_wconf 84' lang='grc' dir='ltr'><strong>Κάκεῖνος</strong></span> <span class='ocrx_word' id='word_1_174' title='bbox 3003 1638 3156 1693; x_wconf 75' lang='grc' dir='ltr'><strong>εἴπεο</strong></span> <span class='ocrx_word' id='word_1_175' title='bbox 3191 1641 3297 1694; x_wconf 81' lang='grc' dir='ltr'><strong>Τοῦ</strong></span> <span class='ocrx_word' id='word_1_176' title='bbox 3339 1646 3497 1696; x_wconf 74' lang='grc' dir='ltr'><strong>κακοῦ</strong></span> <span class='ocrx_word' id='word_1_177' title='bbox 3536 1649 3711 1716; x_wconf 73' lang='grc' dir='ltr'><strong>ἐκλογὴν</strong></span> 
     </span>
    </p>
   </div>
   <div class='ocr_carea' id='block_1_30' title="bbox 547 1713 2117 1801">
    <p class='ocr_par' dir='ltr' id='par_1_30' title="bbox 547 1713 2116 1787">
     <span class='ocr_line' id='line_1_30' title="bbox 547 1713 2116 1787; baseline 0.002 -19"><span class='ocrx_word' id='word_1_178' title='bbox 547 1731 662 1768; x_wconf 76' lang='lat' dir='ltr'><strong>rom</strong></span> <span class='ocrx_word' id='word_1_179' title='bbox 709 1731 724 1770; x_wconf 87' lang='lat'><strong>:</strong></span> <span class='ocrx_word' id='word_1_180' title='bbox 776 1713 911 1784; x_wconf 80' lang='lat' dir='ltr'><strong>Ego,</strong></span> <span class='ocrx_word' id='word_1_181' title='bbox 941 1714 1139 1782; x_wconf 86' lang='lat' dir='ltr'><strong>inquit,</strong></span> <span class='ocrx_word' id='word_1_182' title='bbox 1185 1716 1237 1767; x_wconf 93' lang='lat' dir='ltr'><strong>in</strong></span> <span class='ocrx_word' id='word_1_183' title='bbox 1277 1716 1419 1769; x_wconf 90' lang='lat' dir='ltr'><strong>malo</strong></span> <span class='ocrx_word' id='word_1_184' title='bbox 1458 1717 1732 1786; x_wconf 85' lang='lat' dir='ltr'><strong>eligendo,</strong></span> <span class='ocrx_word' id='word_1_185' title='bbox 1778 1720 1922 1787; x_wconf 89' lang='lat' dir='ltr'><strong>quod</strong></span> <span class='ocrx_word' id='word_1_186' title='bbox 1957 1719 2116 1772; x_wconf 89' lang='lat' dir='ltr'><strong>mini-</strong></span> 
     </span>
    </p>
   </div>
   <div class='ocr_carea' id='block_1_31' title="bbox 1797 1713 3367 1801">
    <p class='ocr_par' dir='ltr' id='par_1_31' title="bbox 1797 1713 3367 1801">
     <span class='ocr_line' id='line_1_31' title="bbox 1797 1713 3367 1801; baseline 0.01 -31"><span class='ocrx_word' id='word_1_187' title='bbox 1797 1720 1922 1787; x_wconf 76' lang='grc' dir='ltr'><strong>μιοά</strong></span> <span class='ocrx_word' id='word_1_188' title='bbox 1957 1719 2116 1772; x_wconf 87' lang='lat' dir='ltr'><strong>mini-</strong></span> <span class='ocrx_word' id='word_1_189' title='bbox 2149 1713 2190 1740; x_wconf 81' lang='grc'><em>⁰</em></span> <span class='ocrx_word' id='word_1_190' title='bbox 2225 1726 2574 1796; x_wconf 86' lang='grc' dir='ltr'><strong>ποιούμενος,</strong></span> <span class='ocrx_word' id='word_1_191' title='bbox 2609 1727 2672 1780; x_wconf 79' lang='grc' dir='ltr'><strong>τὸ</strong></span> <span class='ocrx_word' id='word_1_192' title='bbox 2698 1729 2984 1798; x_wconf 79' lang='grc' dir='ltr'>ἐλάχιστον</span> <span class='ocrx_word' id='word_1_193' title='bbox 3016 1728 3367 1801; x_wconf 73' lang='grc' dir='ltr'><strong>ἐξελεξάμην.</strong></span> 
     </span>
    </p>
   </div>
   <div class='ocr_carea' id='block_1_32' title="bbox 552 1806 1059 1874">
    <p class='ocr_par' dir='ltr' id='par_1_32' title="bbox 552 1806 1059 1874">
     <span class='ocr_line' id='line_1_32' title="bbox 552 1806 1059 1874; baseline 0 -16"><span class='ocrx_word' id='word_1_194' title='bbox 552 1820 696 1858; x_wconf 75' lang='lat' dir='ltr'><strong>unum</strong></span> <span class='ocrx_word' id='word_1_195' title='bbox 731 1815 868 1870; x_wconf 88' lang='lat' dir='ltr'><strong>erat,</strong></span> <span class='ocrx_word' id='word_1_196' title='bbox 903 1806 1059 1874; x_wconf 84' lang='lat' dir='ltr'><strong>elegi.</strong></span> 
     </span>
    </p>
   </div>
   <div class='ocr_carea' id='block_1_33' title="bbox 625 1896 2195 1988">
    <p class='ocr_par' dir='ltr' id='par_1_33' title="bbox 625 1896 2119 1968">
     <span class='ocr_line' id='line_1_33' title="bbox 625 1896 2119 1968; baseline 0.004 -19"><span class='ocrx_word' id='word_1_197' title='bbox 625 1896 884 1950; x_wconf 75' lang='lat' dir='ltr'><strong>Socratis.</strong></span> <span class='ocrx_word' id='word_1_198' title='bbox 925 1897 1058 1950; x_wconf 83' lang='lat' dir='ltr'><strong>Cum</strong></span> <span class='ocrx_word' id='word_1_199' title='bbox 1102 1906 1154 1952; x_wconf 93' lang='lat' dir='ltr'><strong>te</strong></span> <span class='ocrx_word' id='word_1_200' title='bbox 1184 1896 1408 1965; x_wconf 79' lang='lat' dir='ltr'><strong>diligere</strong></span> <span class='ocrx_word' id='word_1_201' title='bbox 1451 1909 1504 1952; x_wconf 89' lang='lat' dir='ltr'><strong>et</strong></span> <span class='ocrx_word' id='word_1_202' title='bbox 1541 1909 1796 1968; x_wconf 90' lang='lat' dir='ltr'><strong>appetere</strong></span> <span class='ocrx_word' id='word_1_203' title='bbox 1832 1909 1886 1956; x_wconf 89' lang='lat' dir='ltr'><strong>te</strong></span> <span class='ocrx_word' id='word_1_204' title='bbox 1921 1901 2119 1956; x_wconf 75' lang='lat' dir='ltr'><strong>dixerit</strong></span> 
     </span>
    </p>
   </div>
   <div class='ocr_carea' id='block_1_34' title="bbox 2136 1896 3706 1988">
    <p class='ocr_par' dir='ltr' id='par_1_34' title="bbox 2293 1913 3706 1988">
     <span class='ocr_line' id='line_1_34' title="bbox 2293 1913 3706 1988; baseline 0.005 -23"><span class='ocrx_word' id='word_1_205' title='bbox 2293 1913 2462 1966; x_wconf 75' lang='grc' dir='ltr'><strong>Ὅταν</strong></span> <span class='ocrx_word' id='word_1_206' title='bbox 2495 1913 2684 1967; x_wconf 76' lang='grc' dir='ltr'><strong>ποθεῖν</strong></span> <span class='ocrx_word' id='word_1_207' title='bbox 2713 1931 2772 1966; x_wconf 87' lang='grc' dir='ltr'><strong>σε</strong></span> <span class='ocrx_word' id='word_1_208' title='bbox 2815 1917 2911 1967; x_wconf 77' lang='grc' dir='ltr'><strong>καὶ</strong></span> <span class='ocrx_word' id='word_1_209' title='bbox 2954 1915 3208 1983; x_wconf 79' lang='grc' dir='ltr'><strong>στέργειν</strong></span> <span class='ocrx_word' id='word_1_210' title='bbox 3251 1915 3379 1988; x_wconf 75' lang='grc' dir='ltr'><strong>λέγῃ</strong></span> <span class='ocrx_word' id='word_1_211' title='bbox 3418 1919 3557 1988; x_wconf 75' lang='grc' dir='ltr'><strong>γυνὴ,</strong></span> <span class='ocrx_word' id='word_1_212' title='bbox 3586 1919 3706 1988; x_wconf 71' lang='grc' dir='ltr'>φοϐοῦ</span> 
     </span>
    </p>
   </div>
   <div class='ocr_carea' id='block_1_35' title="bbox 553 1988 2123 2075">
    <p class='ocr_par' dir='ltr' id='par_1_35' title="bbox 553 1988 2118 2053">
     <span class='ocr_line' id='line_1_35' title="bbox 553 1988 2118 2053; baseline 0.006 -14"><span class='ocrx_word' id='word_1_213' title='bbox 553 1988 772 2050; x_wconf 89' lang='lat' dir='ltr'><strong>mulier,</strong></span> <span class='ocrx_word' id='word_1_214' title='bbox 820 1996 934 2040; x_wconf 91' lang='lat' dir='ltr'><strong>tum</strong></span> <span class='ocrx_word' id='word_1_215' title='bbox 982 1988 1050 2042; x_wconf 89' lang='lat' dir='ltr'><strong>ab</strong></span> <span class='ocrx_word' id='word_1_216' title='bbox 1082 1988 1171 2041; x_wconf 91' lang='lat' dir='ltr'><strong>illa</strong></span> <span class='ocrx_word' id='word_1_217' title='bbox 1225 1989 1396 2053; x_wconf 76' lang='lat' dir='ltr'><strong>magis</strong></span> <span class='ocrx_word' id='word_1_218' title='bbox 1456 1993 1800 2044; x_wconf 85' lang='lat' dir='ltr'><strong>metuendum</strong></span> <span class='ocrx_word' id='word_1_219' title='bbox 1871 1993 1969 2046; x_wconf 90' lang='lat' dir='ltr'><strong>tibi</strong></span> <span class='ocrx_word' id='word_1_220' title='bbox 2031 2002 2118 2048; x_wconf 89' lang='lat' dir='ltr'><strong>est</strong></span> 
     </span>
    </p>
   </div>
   <div class='ocr_carea' id='block_1_36' title="bbox 1677 1988 3247 2075">
    <p class='ocr_par' dir='ltr' id='par_1_36' title="bbox 1677 1993 3247 2075">
     <span class='ocr_line' id='line_1_36' title="bbox 1677 1993 3247 2075; baseline 0.013 -32"><span class='ocrx_word' id='word_1_221' title='bbox 1677 1993 1800 2044; x_wconf 88' lang='lat' dir='ltr'><strong>dum</strong></span> <span class='ocrx_word' id='word_1_222' title='bbox 1871 1993 1969 2046; x_wconf 89' lang='lat' dir='ltr'><strong>tibi</strong></span> <span class='ocrx_word' id='word_1_223' title='bbox 2031 2002 2118 2048; x_wconf 88' lang='lat' dir='ltr'><strong>est</strong></span> <span class='ocrx_word' id='word_1_224' title='bbox 2219 2003 2350 2074; x_wconf 82' lang='grc' dir='ltr'>παρ’</span> <span class='ocrx_word' id='word_1_225' title='bbox 2375 2005 2549 2075; x_wconf 68' lang='grc' dir='ltr'><strong>αὐτῆς</strong></span> <span class='ocrx_word' id='word_1_226' title='bbox 2583 2008 2764 2072; x_wconf 79' lang='grc' dir='ltr'><strong>πλέον,</strong></span> <span class='ocrx_word' id='word_1_227' title='bbox 2792 2001 2866 2061; x_wconf 80' lang='grc' dir='ltr'><strong>ὧν</strong></span> <span class='ocrx_word' id='word_1_228' title='bbox 2897 2007 3046 2075; x_wconf 80' lang='grc' dir='ltr'><strong>λέγει</strong></span> <span class='ocrx_word' id='word_1_229' title='bbox 3079 2010 3247 2064; x_wconf 82' lang='grc' dir='ltr'><strong>κακά.</strong></span> 
     </span>
    </p>
   </div>
   <div class='ocr_carea' id='block_1_37' title="bbox 553 2091 1278 2146">
    <p class='ocr_par' dir='ltr' id='par_1_37' title="bbox 553 2091 1278 2146">
     <span class='ocr_line' id='line_1_37' title="bbox 553 2091 1278 2146; baseline 0.004 -16"><span class='ocrx_word' id='word_1_230' title='bbox 553 2094 718 2146; x_wconf 76' lang='lat' dir='ltr'><strong>quam</strong></span> <span class='ocrx_word' id='word_1_231' title='bbox 759 2095 881 2132; x_wconf 86' lang='lat' dir='ltr'><strong>cum</strong></span> <span class='ocrx_word' id='word_1_232' title='bbox 912 2091 1278 2134; x_wconf 75' lang='lat' dir='ltr'><strong>COllVlClailll‘.</strong></span> 
     </span>
    </p>
   </div>
   <div class='ocr_carea' id='block_1_38' title="bbox 620 2167 2190 2254">
    <p class='ocr_par' dir='ltr' id='par_1_38' title="bbox 620 2167 2114 2241">
     <span class='ocr_line' id='line_1_38' title="bbox 620 2167 2114 2241; baseline 0.004 -20"><span class='ocrx_word' id='word_1_233' title='bbox 620 2167 950 2239; x_wconf 73' lang='lat' dir='ltr'><strong>Protagorm.</strong></span> <span class='ocrx_word' id='word_1_234' title='bbox 1005 2169 1329 2237; x_wconf 69' lang='lat' dir='ltr'><strong>Protagoras</strong></span> <span class='ocrx_word' id='word_1_235' title='bbox 1413 2171 1779 2240; x_wconf 81' lang='lat' dir='ltr'><strong>interrogatus</strong></span> <span class='ocrx_word' id='word_1_236' title='bbox 1827 2173 1899 2227; x_wconf 91' lang='lat' dir='ltr'><strong>ob</strong></span> <span class='ocrx_word' id='word_1_237' title='bbox 1951 2188 2114 2241; x_wconf 85' lang='lat' dir='ltr'><strong>quam</strong></span> 
     </span>
    </p>
   </div>
   <div class='ocr_carea' id='block_1_39' title="bbox 2135 2167 3705 2254">
    <p class='ocr_par' dir='ltr' id='par_1_39' title="bbox 2293 2173 3705 2254">
     <span class='ocr_line' id='line_1_39' title="bbox 2293 2173 3705 2254; baseline 0.002 -20"><span class='ocrx_word' id='word_1_238' title='bbox 2293 2181 2662 2249; x_wconf 72' lang='grc' dir='ltr'><strong>Πρωταγόρας</strong></span> <span class='ocrx_word' id='word_1_239' title='bbox 2680 2178 2998 2249; x_wconf 79' lang='grc' dir='ltr'><strong>ἐρωτηθεὶς,</strong></span> <span class='ocrx_word' id='word_1_240' title='bbox 3026 2180 3129 2233; x_wconf 80' lang='grc' dir='ltr'><strong>Διὰ</strong></span> <span class='ocrx_word' id='word_1_241' title='bbox 3153 2181 3273 2234; x_wconf 87' lang='grc' dir='ltr'>τίνα</span> <span class='ocrx_word' id='word_1_242' title='bbox 3297 2173 3465 2235; x_wconf 85' lang='grc' dir='ltr'>αίτίαν</span> <span class='ocrx_word' id='word_1_243' title='bbox 3482 2184 3628 2254; x_wconf 77' lang='grc' dir='ltr'>ἐχθρῷ</span> <span class='ocrx_word' id='word_1_244' title='bbox 3640 2188 3705 2254; x_wconf 76' lang='grc' dir='ltr'><strong>τὴν</strong></span> 
     </span>
    </p>
   </div>
   <div class='ocr_carea' id='block_1_40' title="bbox 543 2261 2113 2344">
    <p class='ocr_par' dir='ltr' id='par_1_40' title="bbox 543 2261 2113 2330">
     <span class='ocr_line' id='line_1_40' title="bbox 543 2261 2113 2330; baseline 0.003 -15"><span class='ocrx_word' id='word_1_245' title='bbox 543 2276 766 2315; x_wconf 86' lang='lat' dir='ltr'><strong>causam</strong></span> <span class='ocrx_word' id='word_1_246' title='bbox 801 2261 1027 2316; x_wconf 78' lang='lat' dir='ltr'><strong>inimico</strong></span> <span class='ocrx_word' id='word_1_247' title='bbox 1058 2262 1224 2315; x_wconf 82' lang='lat' dir='ltr'><strong>ﬁliam</strong></span> <span class='ocrx_word' id='word_1_248' title='bbox 1253 2274 1480 2330; x_wconf 90' lang='lat' dir='ltr'><strong>nuptum</strong></span> <span class='ocrx_word' id='word_1_249' title='bbox 1509 2262 1748 2317; x_wconf 87' lang='lat' dir='ltr'><strong>dedisset</strong></span> <span class='ocrx_word' id='word_1_250' title='bbox 1780 2279 1794 2316; x_wconf 88' lang='lat'><strong>:</strong></span> <span class='ocrx_word' id='word_1_251' title='bbox 1828 2262 1993 2328; x_wconf 85' lang='lat' dir='ltr'><strong>Quia,</strong></span> <span class='ocrx_word' id='word_1_252' title='bbox 2030 2267 2113 2320; x_wconf 89' lang='lat' dir='ltr'><strong>in-</strong></span> 
     </span>
    </p>
   </div>
   <div class='ocr_carea' id='block_1_41' title="bbox 2135 2261 3705 2344">
    <p class='ocr_par' dir='ltr' id='par_1_41' title="bbox 2220 2266 3705 2344">
     <span class='ocr_line' id='line_1_41' title="bbox 2220 2266 3705 2344; baseline 0.005 -24"><span class='ocrx_word' id='word_1_253' title='bbox 2220 2266 2495 2337; x_wconf 82' lang='grc' dir='ltr'><strong>ουγατέρα</strong></span> <span class='ocrx_word' id='word_1_254' title='bbox 2551 2268 2792 2330; x_wconf 81' lang='grc' dir='ltr'><strong>δέδωκας</strong></span> <span class='ocrx_word' id='word_1_255' title='bbox 2845 2268 2986 2336; x_wconf 81' lang='grc' dir='ltr'>πρὸς</span> <span class='ocrx_word' id='word_1_256' title='bbox 3012 2269 3224 2340; x_wconf 82' lang='grc' dir='ltr'><strong>γάμον,</strong></span> <span class='ocrx_word' id='word_1_257' title='bbox 3257 2268 3406 2325; x_wconf 84' lang='grc' dir='ltr'><strong>είπεν</strong></span> <span class='ocrx_word' id='word_1_258' title='bbox 3426 2289 3440 2302; x_wconf 87' lang='grc'><strong>·</strong></span> <span class='ocrx_word' id='word_1_259' title='bbox 3484 2275 3579 2326; x_wconf 70' lang='grc' dir='ltr'><strong>Οὐκ</strong></span> <span class='ocrx_word' id='word_1_260' title='bbox 3603 2271 3705 2344; x_wconf 76' lang='grc' dir='ltr'><strong>εἶχον</strong></span> 
     </span>
    </p>
   </div>
   <div class='ocr_carea' id='block_1_42' title="bbox 545 2351 2115 2433">
    <p class='ocr_par' dir='ltr' id='par_1_42' title="bbox 545 2351 1571 2421">
     <span class='ocr_line' id='line_1_42' title="bbox 545 2351 1571 2421; baseline 0.002 -17"><span class='ocrx_word' id='word_1_261' title='bbox 545 2354 686 2420; x_wconf 86' lang='lat' dir='ltr'><strong>quit,</strong></span> <span class='ocrx_word' id='word_1_262' title='bbox 723 2352 855 2405; x_wconf 89' lang='lat' dir='ltr'><strong>nihil</strong></span> <span class='ocrx_word' id='word_1_263' title='bbox 878 2351 929 2406; x_wconf 90' lang='lat' dir='ltr'><strong>ei</strong></span> <span class='ocrx_word' id='word_1_264' title='bbox 958 2352 1088 2406; x_wconf 91' lang='lat' dir='ltr'><strong>dare</strong></span> <span class='ocrx_word' id='word_1_265' title='bbox 1121 2364 1362 2420; x_wconf 88' lang='lat' dir='ltr'><strong>poteram</strong></span> <span class='ocrx_word' id='word_1_266' title='bbox 1394 2354 1571 2421; x_wconf 83' lang='lat' dir='ltr'><strong>pejus.</strong></span> 
     </span>
    </p>
   </div>
   <div class='ocr_carea' id='block_1_43' title="bbox 1497 2351 3067 2433">
    <p class='ocr_par' dir='ltr' id='par_1_43' title="bbox 1497 2361 3067 2433">
     <span class='ocr_line' id='line_1_43' title="bbox 1497 2361 3067 2433; baseline 0.006 -27"><span class='ocrx_word' id='word_1_267' title='bbox 1497 2370 1571 2408; x_wconf 77' lang='lat' dir='ltr'><strong>ts.</strong></span> <span class='ocrx_word' id='word_1_268' title='bbox 2215 2362 2326 2431; x_wconf 80' lang='grc' dir='ltr'>γὰρ</span> <span class='ocrx_word' id='word_1_269' title='bbox 2359 2361 2508 2430; x_wconf 83' lang='grc' dir='ltr'>αὑτῷ</span> <span class='ocrx_word' id='word_1_270' title='bbox 2535 2361 2827 2416; x_wconf 84' lang='grc' dir='ltr'><strong>δεδωκέναι</strong></span> <span class='ocrx_word' id='word_1_271' title='bbox 2863 2365 3067 2433; x_wconf 82' lang='grc' dir='ltr'><strong>χεῖρον.</strong></span> 
     </span>
    </p>
   </div>
   <div class='ocr_carea' id='block_1_44' title="bbox 614 2443 2184 2528">
    <p class='ocr_par' dir='ltr' id='par_1_44' title="bbox 614 2443 2114 2518">
     <span class='ocr_line' id='line_1_44' title="bbox 614 2443 2114 2518; baseline 0.004 -21"><span class='ocrx_word' id='word_1_272' title='bbox 614 2443 757 2497; x_wconf 81' lang='lat' dir='ltr'><strong>Idem</strong></span> <span class='ocrx_word' id='word_1_273' title='bbox 787 2459 910 2497; x_wconf 90' lang='lat' dir='ltr'><strong>cum</strong></span> <span class='ocrx_word' id='word_1_274' title='bbox 943 2443 1161 2498; x_wconf 77' lang='lat' dir='ltr'><strong>vidisset</strong></span> <span class='ocrx_word' id='word_1_275' title='bbox 1184 2459 1350 2497; x_wconf 88' lang='lat' dir='ltr'><strong>auum</strong></span> <span class='ocrx_word' id='word_1_276' title='bbox 1393 2452 1717 2500; x_wconf 82' lang='lat' dir='ltr'><strong>exornatam</strong></span> <span class='ocrx_word' id='word_1_277' title='bbox 1747 2464 1763 2499; x_wconf 88' lang='lat'><strong>:</strong></span> <span class='ocrx_word' id='word_1_278' title='bbox 1797 2445 1881 2515; x_wconf 85' lang='lat' dir='ltr'><strong>Si,</strong></span> <span class='ocrx_word' id='word_1_279' title='bbox 1919 2448 2114 2518; x_wconf 83' lang='lat' dir='ltr'><strong>inquit,</strong></span> 
     </span>
    </p>
   </div>
   <div class='ocr_carea' id='block_1_45' title="bbox 2135 2443 3705 2528">
    <p class='ocr_par' dir='ltr' id='par_1_45' title="bbox 2302 2451 3705 2528">
     <span class='ocr_line' id='line_1_45' title="bbox 2302 2451 3705 2528; baseline 0.005 -24"><span class='ocrx_word' id='word_1_280' title='bbox 2302 2453 2360 2504; x_wconf 87' lang='lat'><strong>&#39;0</strong></span> <span class='ocrx_word' id='word_1_281' title='bbox 2388 2452 2576 2518; x_wconf 83' lang='grc' dir='ltr'><strong>αὐτὸς,</strong></span> <span class='ocrx_word' id='word_1_282' title='bbox 2607 2451 2872 2523; x_wconf 78' lang='grc' dir='ltr'><strong>ἑωρακὼς</strong></span> <span class='ocrx_word' id='word_1_283' title='bbox 2898 2456 3324 2526; x_wconf 78' lang='grc' dir='ltr'><strong>κεκοσμημένην</strong></span> <span class='ocrx_word' id='word_1_284' title='bbox 3349 2461 3522 2528; x_wconf 83' lang='grc' dir='ltr'><strong>γραῦν,</strong></span> <span class='ocrx_word' id='word_1_285' title='bbox 3550 2459 3648 2527; x_wconf 78' lang='grc' dir='ltr'><strong>ἔφη·</strong></span> <span class='ocrx_word' id='word_1_286' title='bbox 3666 2459 3705 2511; x_wconf 82' lang='lat' dir='ltr'><strong>Ei</strong></span> 
     </span>
    </p>
   </div>
   <div class='ocr_carea' id='block_1_46' title="bbox 553 2533 2123 2620">
    <p class='ocr_par' dir='ltr' id='par_1_46' title="bbox 553 2533 1720 2604">
     <span class='ocr_line' id='line_1_46' title="bbox 553 2533 1720 2604; baseline 0.003 -16"><span class='ocrx_word' id='word_1_287' title='bbox 553 2536 707 2604; x_wconf 86' lang='lat' dir='ltr'><strong>viris,</strong></span> <span class='ocrx_word' id='word_1_288' title='bbox 741 2535 985 2602; x_wconf 89' lang='lat' dir='ltr'><strong>falleris;</strong></span> <span class='ocrx_word' id='word_1_289' title='bbox 1020 2533 1066 2590; x_wconf 89' lang='lat' dir='ltr'><strong>si</strong></span> <span class='ocrx_word' id='word_1_290' title='bbox 1105 2537 1381 2604; x_wconf 85' lang='lat' dir='ltr'><strong>sepulcro,</strong></span> <span class='ocrx_word' id='word_1_291' title='bbox 1413 2546 1606 2590; x_wconf 88' lang='lat' dir='ltr'><strong>ornata</strong></span> <span class='ocrx_word' id='word_1_292' title='bbox 1640 2552 1720 2592; x_wconf 84' lang='lat' dir='ltr'><strong>es.</strong></span> 
     </span>
    </p>
   </div>
   <div class='ocr_carea' id='block_1_47' title="bbox 2131 2533 3701 2620">
    <p class='ocr_par' dir='ltr' id='par_1_47' title="bbox 2220 2541 3701 2620">
     <span class='ocr_line' id='line_1_47' title="bbox 2220 2541 3701 2620; baseline 0.003 -25"><span class='ocrx_word' id='word_1_293' title='bbox 2220 2543 2320 2614; x_wconf 75' lang='grc' dir='ltr'><strong>μὲν</strong></span> <span class='ocrx_word' id='word_1_294' title='bbox 2364 2541 2501 2613; x_wconf 77' lang='grc' dir='ltr'>πρὸς</span> <span class='ocrx_word' id='word_1_295' title='bbox 2562 2543 2784 2615; x_wconf 79' lang='grc' dir='ltr'><strong>ἄνδρας,</strong></span> <span class='ocrx_word' id='word_1_296' title='bbox 2839 2543 3190 2618; x_wconf 74' lang='grc' dir='ltr'><strong>ιπλανηθης’</strong></span> <span class='ocrx_word' id='word_1_297' title='bbox 3233 2549 3281 2600; x_wconf 82' lang='grc' dir='ltr'>εί</span> <span class='ocrx_word' id='word_1_298' title='bbox 3309 2549 3366 2601; x_wconf 84' lang='grc' dir='ltr'><strong>δὲ</strong></span> <span class='ocrx_word' id='word_1_299' title='bbox 3407 2550 3525 2620; x_wconf 80' lang='grc' dir='ltr'>πρὸς</span> <span class='ocrx_word' id='word_1_300' title='bbox 3563 2551 3701 2617; x_wconf 80' lang='grc' dir='ltr'><strong>τάφον,</strong></span> 
     </span>
    </p>
   </div>
   <div class='ocr_carea' id='block_1_48' title="bbox 2215 2633 2552 2703">
    <p class='ocr_par' dir='ltr' id='par_1_48' title="bbox 2215 2633 2552 2703">
     <span class='ocr_line' id='line_1_48' title="bbox 2215 2633 2552 2703; baseline 0.006 -17"><span class='ocrx_word' id='word_1_301' title='bbox 2215 2633 2552 2703; x_wconf 79' lang='grc' dir='ltr'><strong>ὲκοσμήθης.</strong></span> 
     </span>
    </p>
   </div>
   <div class='ocr_carea' id='block_1_49' title="bbox 612 2713 2182 2803">
    <p class='ocr_par' dir='ltr' id='par_1_49' title="bbox 612 2713 2116 2781">
     <span class='ocr_line' id='line_1_49' title="bbox 612 2713 2116 2781; baseline 0.005 -12"><span class='ocrx_word' id='word_1_302' title='bbox 612 2714 873 2770; x_wconf 71' lang='lat' dir='ltr'><strong>Socratis.</strong></span> <span class='ocrx_word' id='word_1_303' title='bbox 925 2713 1181 2770; x_wconf 88' lang='lat' dir='ltr'><strong>Socrates</strong></span> <span class='ocrx_word' id='word_1_304' title='bbox 1214 2714 1395 2770; x_wconf 86' lang='lat' dir='ltr'><strong>dicere</strong></span> <span class='ocrx_word' id='word_1_305' title='bbox 1439 2715 1690 2781; x_wconf 86' lang='lat' dir='ltr'><strong>solebat,</strong></span> <span class='ocrx_word' id='word_1_306' title='bbox 1734 2718 1837 2772; x_wconf 87' lang='lat' dir='ltr'><strong>tria</strong></span> <span class='ocrx_word' id='word_1_307' title='bbox 1882 2732 1944 2775; x_wconf 82' lang='lat' dir='ltr'><strong>se</strong></span> <span class='ocrx_word' id='word_1_308' title='bbox 1976 2721 2116 2776; x_wconf 88' lang='lat' dir='ltr'><strong>mala</strong></span> 
     </span>
    </p>
   </div>
   <div class='ocr_carea' id='block_1_50' title="bbox 2129 2713 3699 2803">
    <p class='ocr_par' dir='ltr' id='par_1_50' title="bbox 2287 2726 3699 2803">
     <span class='ocr_line' id='line_1_50' title="bbox 2287 2726 3699 2803; baseline 0.008 -27"><span class='ocrx_word' id='word_1_309' title='bbox 2287 2726 2584 2795; x_wconf 77' lang='grc' dir='ltr'><strong>Σωκράτης</strong></span> <span class='ocrx_word' id='word_1_310' title='bbox 2633 2726 2762 2798; x_wconf 73' lang='grc' dir='ltr'><strong>ἔφη,</strong></span> <span class='ocrx_word' id='word_1_311' title='bbox 2807 2726 2987 2799; x_wconf 82' lang='grc' dir='ltr'>Τριῶν</span> <span class='ocrx_word' id='word_1_312' title='bbox 3025 2732 3220 2786; x_wconf 80' lang='grc' dir='ltr'><strong>κακῶν</strong></span> <span class='ocrx_word' id='word_1_313' title='bbox 3256 2734 3544 2803; x_wconf 78' lang='grc' dir='ltr'><strong>τέτευγμαι,</strong></span> <span class='ocrx_word' id='word_1_314' title='bbox 3569 2751 3699 2800; x_wconf 75' lang='grc' dir='ltr'><strong>γραμ-</strong></span> 
     </span>
    </p>
   </div>
   <div class='ocr_carea' id='block_1_51' title="bbox 541 2808 2111 2894">
    <p class='ocr_par' dir='ltr' id='par_1_51' title="bbox 541 2808 2111 2879">
     <span class='ocr_line' id='line_1_51' title="bbox 541 2808 2111 2879; baseline 0.004 -20"><span class='ocrx_word' id='word_1_315' title='bbox 541 2816 875 2873; x_wconf 85' lang='lat' dir='ltr'><strong>assccutum,</strong></span> <span class='ocrx_word' id='word_1_316' title='bbox 896 2808 1332 2878; x_wconf 73' lang='lat' dir='ltr'><strong>grammaticam,</strong></span> <span class='ocrx_word' id='word_1_317' title='bbox 1359 2817 1730 2876; x_wconf 84' lang='lat' dir='ltr'><strong>paupertatem</strong></span> <span class='ocrx_word' id='word_1_318' title='bbox 1763 2820 1818 2864; x_wconf 91' lang='lat' dir='ltr'><strong>et</strong></span> <span class='ocrx_word' id='word_1_319' title='bbox 1846 2811 2111 2879; x_wconf 90' lang='lat' dir='ltr'><strong>pernicio-</strong></span> 
     </span>
    </p>
   </div>
   <div class='ocr_carea' id='block_1_52' title="bbox 2132 2808 3702 2894">
    <p class='ocr_par' dir='ltr' id='par_1_52' title="bbox 2220 2815 3702 2894">
     <span class='ocr_line' id='line_1_52' title="bbox 2220 2815 3702 2894; baseline 0.005 -26"><span class='ocrx_word' id='word_1_320' title='bbox 2220 2816 2475 2886; x_wconf 82' lang='grc' dir='ltr'><strong>ματικῆς,</strong></span> <span class='ocrx_word' id='word_1_321' title='bbox 2505 2815 2699 2887; x_wconf 84' lang='grc' dir='ltr'><strong>πενίης</strong></span> <span class='ocrx_word' id='word_1_322' title='bbox 2759 2821 2857 2873; x_wconf 74' lang='grc' dir='ltr'>καὶ</span> <span class='ocrx_word' id='word_1_323' title='bbox 2889 2820 3194 2894; x_wconf 73' lang='grc' dir='ltr'><strong>οὐλομένης</strong></span> <span class='ocrx_word' id='word_1_324' title='bbox 3233 2828 3498 2893; x_wconf 74' lang='grc' dir='ltr'><strong>γυναικόςο</strong></span> <span class='ocrx_word' id='word_1_325' title='bbox 3532 2825 3618 2877; x_wconf 83' lang='grc' dir='ltr'><strong>τῶν</strong></span> <span class='ocrx_word' id='word_1_326' title='bbox 3639 2824 3702 2876; x_wconf 71' lang='grc' dir='ltr'><strong>δῦο</strong></span> 
     </span>
    </p>
   </div>
   <div class='ocr_carea' id='block_1_53' title="bbox 537 2898 2107 2988">
    <p class='ocr_par' dir='ltr' id='par_1_53' title="bbox 537 2898 2107 2971">
     <span class='ocr_line' id='line_1_53' title="bbox 537 2898 2107 2971; baseline 0.002 -18"><span class='ocrx_word' id='word_1_327' title='bbox 537 2913 656 2953; x_wconf 89' lang='lat' dir='ltr'><strong>sam</strong></span> <span class='ocrx_word' id='word_1_328' title='bbox 687 2914 908 2953; x_wconf 83' lang='lat' dir='ltr'><strong>uxorem</strong></span> <span class='ocrx_word' id='word_1_329' title='bbox 932 2913 947 2964; x_wconf 92' lang='lat'><strong>;</strong></span> <span class='ocrx_word' id='word_1_330' title='bbox 975 2913 1206 2966; x_wconf 89' lang='lat' dir='ltr'><strong>quorum</strong></span> <span class='ocrx_word' id='word_1_331' title='bbox 1235 2902 1347 2952; x_wconf 90' lang='lat' dir='ltr'><strong>duo</strong></span> <span class='ocrx_word' id='word_1_332' title='bbox 1367 2913 1488 2952; x_wconf 84' lang='lat' dir='ltr'><strong>cum</strong></span> <span class='ocrx_word' id='word_1_333' title='bbox 1514 2898 1814 2970; x_wconf 74' lang='lat' dir='ltr'><strong>elingisset,</strong></span> <span class='ocrx_word' id='word_1_334' title='bbox 1847 2903 2107 2971; x_wconf 85' lang='lat' dir='ltr'><strong>pernicio-</strong></span> 
     </span>
    </p>
   </div>
   <div class='ocr_carea' id='block_1_54' title="bbox 2132 2898 3702 2988">
    <p class='ocr_par' dir='ltr' id='par_1_54' title="bbox 2217 2908 3702 2988">
     <span class='ocr_line' id='line_1_54' title="bbox 2217 2908 3702 2988; baseline -0.003 -15"><span class='ocrx_word' id='word_1_335' title='bbox 2217 2908 2499 2978; x_wconf 76' lang='grc' dir='ltr'><strong>ἐξέφυγον.</strong></span> <span class='ocrx_word' id='word_1_336' title='bbox 2555 2911 2859 2981; x_wconf 74' lang='grc' dir='ltr'><strong>οὐλομένης</strong></span> <span class='ocrx_word' id='word_1_337' title='bbox 2916 2917 3183 2981; x_wconf 80' lang='grc' dir='ltr'><strong>γυναικὸς</strong></span> <span class='ocrx_word' id='word_1_338' title='bbox 3228 2917 3472 2988; x_wconf 73' lang='grc' dir='ltr'><strong>ικφυγεῖν</strong></span> <span class='ocrx_word' id='word_1_339' title='bbox 3510 2917 3590 2970; x_wconf 76' lang='grc' dir='ltr'><strong>οὐκ</strong></span> <span class='ocrx_word' id='word_1_340' title='bbox 3620 2917 3702 2970; x_wconf 71' lang='grc' dir='ltr'><strong>ιδυ-</strong></span> 
     </span>
    </p>
   </div>
   <div class='ocr_carea' id='block_1_55' title="bbox 540 2987 2408 3105">
    <p class='ocr_par' dir='ltr' id='par_1_55' title="bbox 540 2987 2408 3105">
     <span class='ocr_line' id='line_1_55' title="bbox 540 2987 2408 3105; baseline 0.001 -61"><span class='ocrx_word' id='word_1_341' title='bbox 540 3004 656 3044; x_wconf 89' lang='lat' dir='ltr'><strong>sam</strong></span> <span class='ocrx_word' id='word_1_342' title='bbox 693 3004 916 3045; x_wconf 90' lang='lat' dir='ltr'><strong>uxorem</strong></span> <span class='ocrx_word' id='word_1_343' title='bbox 951 2987 1187 3060; x_wconf 72' lang='lat' dir='ltr'><strong>eﬂugere</strong></span> <span class='ocrx_word' id='word_1_344' title='bbox 1215 3004 1322 3043; x_wconf 90' lang='lat' dir='ltr'><strong>non</strong></span> <span class='ocrx_word' id='word_1_345' title='bbox 1354 2991 1616 3059; x_wconf 88' lang='lat' dir='ltr'><strong>potuisse.</strong></span> <span class='ocrx_word' id='word_1_346' title='bbox 2135 3046 2182 3105; x_wconf 58' lang='grc' dir='ltr'>ε</span> <span class='ocrx_word' id='word_1_347' title='bbox 2217 3001 2408 3072; x_wconf 68' lang='grc' dir='ltr'><strong>νήθην,</strong></span> 
     </span>
     <span class='ocr_line' id='line_1_56' title="bbox 613 3081 2351 3105; baseline 0 0"><span class='ocrx_word' id='word_1_348' title='bbox 613 3081 754 3105; x_wconf 67' lang='lat' dir='ltr'><strong>I_I_---.</strong></span> <span class='ocrx_word' id='word_1_349' title='bbox 810 3097 863 3105; x_wconf 64' lang='grc' dir='ltr'><strong>..Α</strong></span> <span class='ocrx_word' id='word_1_350' title='bbox 919 3081 1331 3105; x_wconf 63' lang='grc' dir='ltr'><strong>η--.-..ι,.,..ει...-</strong></span> <span class='ocrx_word' id='word_1_351' title='bbox 1397 3082 1459 3105; x_wconf 78' lang='grc'><strong>,1-</strong></span> <span class='ocrx_word' id='word_1_352' title='bbox 1511 3083 1720 3105; x_wconf 67' lang='lat' dir='ltr'><strong>....n:-..-</strong></span> <span class='ocrx_word' id='word_1_353' title='bbox 1772 3085 2107 3105; x_wconf 44' lang='lat' dir='ltr'><strong>w-._!_.-__.!!</strong></span> <span class='ocrx_word' id='word_1_354' title='bbox 2294 3094 2351 3105; x_wconf 67' lang='grc' dir='ltr'><strong>..ι</strong></span> 
     </span>
    </p>
   </div>
   <div class='ocr_carea' id='block_1_56' title="bbox 613 3081 2183 3175">
    <p class='ocr_par' dir='ltr' id='par_1_56' title="bbox 613 3081 2182 3142">
     <span class='ocr_line' id='line_1_57' title="bbox 613 3081 2182 3142; baseline 0.005 -8"><span class='ocrx_word' id='word_1_355' title='bbox 613 3081 757 3135; x_wconf 84' lang='lat' dir='ltr'><strong>Idem</strong></span> <span class='ocrx_word' id='word_1_356' title='bbox 808 3097 867 3134; x_wconf 88' lang='lat' dir='ltr'><strong>se</strong></span> <span class='ocrx_word' id='word_1_357' title='bbox 915 3081 1334 3136; x_wconf 84' lang='lat' dir='ltr'><strong>consulentibus</strong></span> <span class='ocrx_word' id='word_1_358' title='bbox 1393 3082 1463 3137; x_wconf 92' lang='lat' dir='ltr'><strong>de</strong></span> <span class='ocrx_word' id='word_1_359' title='bbox 1511 3083 1724 3138; x_wconf 88' lang='lat' dir='ltr'><strong>ratione</strong></span> <span class='ocrx_word' id='word_1_360' title='bbox 1772 3081 2182 3142; x_wconf 63' lang='lat' dir='ltr'><strong>matrimonii“</strong></span> 
     </span>
    </p>
   </div>
   <div class='ocr_carea' id='block_1_57' title="bbox 2133 3081 3703 3175">
    <p class='ocr_par' dir='ltr' id='par_1_57' title="bbox 2136 3081 3703 3175">
     <span class='ocr_line' id='line_1_58' title="bbox 2136 3081 3703 3175; baseline 0.006 -29"><span class='ocrx_word' id='word_1_361' title='bbox 2136 3081 2182 3105; x_wconf 59' lang='grc' dir='ltr'>υ</span> <span class='ocrx_word' id='word_1_362' title='bbox 2294 3094 2355 3148; x_wconf 86' lang='grc'><strong>’0</strong></span> <span class='ocrx_word' id='word_1_363' title='bbox 2389 3096 2550 3159; x_wconf 81' lang='grc' dir='ltr'>αὐτὸς</span> <span class='ocrx_word' id='word_1_364' title='bbox 2575 3099 2711 3167; x_wconf 79' lang='grc' dir='ltr'>πρὸς</span> <span class='ocrx_word' id='word_1_365' title='bbox 2737 3099 2864 3164; x_wconf 78' lang='grc' dir='ltr'><strong>τοὺς</strong></span> <span class='ocrx_word' id='word_1_366' title='bbox 2891 3101 3057 3155; x_wconf 77' lang='grc' dir='ltr'>αὐτὸν</span> <span class='ocrx_word' id='word_1_367' title='bbox 3090 3104 3596 3175; x_wconf 75' lang='grc' dir='ltr'><strong>συμϐουλευομένους</strong></span> <span class='ocrx_word' id='word_1_368' title='bbox 3611 3102 3703 3171; x_wconf 77' lang='grc' dir='ltr'><strong>περὶ</strong></span> 
     </span>
    </p>
   </div>
   <div class='ocr_carea' id='block_1_58' title="bbox 539 3171 2109 3266">
    <p class='ocr_par' dir='ltr' id='par_1_58' title="bbox 539 3171 2109 3243">
     <span class='ocr_line' id='line_1_59' title="bbox 539 3171 2109 3243; baseline 0.003 -15"><span class='ocrx_word' id='word_1_369' title='bbox 539 3173 920 3236; x_wconf 83' lang='lat' dir='ltr'><strong>contrahendi,</strong></span> <span class='ocrx_word' id='word_1_370' title='bbox 951 3171 1090 3226; x_wconf 89' lang='lat' dir='ltr'><strong>dixit</strong></span> <span class='ocrx_word' id='word_1_371' title='bbox 1124 3189 1138 3226; x_wconf 88' lang='lat'><strong>:</strong></span> <span class='ocrx_word' id='word_1_372' title='bbox 1175 3172 1642 3238; x_wconf 82' lang='lat' dir='ltr'><strong>Quemadmodum</strong></span> <span class='ocrx_word' id='word_1_373' title='bbox 1677 3176 1878 3243; x_wconf 86' lang='lat' dir='ltr'><strong>pisces,</strong></span> <span class='ocrx_word' id='word_1_374' title='bbox 1916 3191 1950 3232; x_wconf 92' lang='grc' dir='ltr'>ο</span> <span class='ocrx_word' id='word_1_375' title='bbox 1978 3177 2109 3232; x_wconf 82' lang='lat' dir='ltr'><strong>ado-</strong></span> 
     </span>
    </p>
   </div>
   <div class='ocr_carea' id='block_1_59' title="bbox 2133 3171 3703 3266">
    <p class='ocr_par' dir='ltr' id='par_1_59' title="bbox 2209 3171 3703 3266">
     <span class='ocr_line' id='line_1_60' title="bbox 2209 3171 3703 3266; baseline 0.005 -29"><span class='ocrx_word' id='word_1_376' title='bbox 2209 3185 2305 3238; x_wconf 80' lang='grc' dir='ltr'><strong>τοῦ</strong></span> <span class='ocrx_word' id='word_1_377' title='bbox 2341 3187 2541 3256; x_wconf 85' lang='grc' dir='ltr'><strong>γῆμαι,</strong></span> <span class='ocrx_word' id='word_1_378' title='bbox 2573 3189 2714 3260; x_wconf 71' lang='grc' dir='ltr'><strong>ἔφης·</strong></span> <span class='ocrx_word' id='word_1_379' title='bbox 2751 3192 2963 3263; x_wconf 82' lang='grc' dir='ltr'><strong>Ὠσπερ</strong></span> <span class='ocrx_word' id='word_1_380' title='bbox 2997 3196 3045 3249; x_wconf 88' lang='lat' dir='ltr'><strong>oi</strong></span> <span class='ocrx_word' id='word_1_381' title='bbox 3086 3171 3295 3266; x_wconf 70' lang='grc' dir='ltr'><strong>ίχθύες,</strong></span> <span class='ocrx_word' id='word_1_382' title='bbox 3322 3191 3364 3250; x_wconf 83' lang='grc' dir='ltr'><strong>ὦ</strong></span> <span class='ocrx_word' id='word_1_383' title='bbox 3403 3171 3703 3259; x_wconf 51' lang='lat' dir='ltr'><strong>venatorum!</strong></span> 
     </span>
    </p>
   </div>
   <div class='ocr_carea' id='block_1_60' title="bbox 539 3262 2109 3355">
    <p class='ocr_par' dir='ltr' id='par_1_60' title="bbox 539 3262 2109 3335">
     <span class='ocr_line' id='line_1_61' title="bbox 539 3262 2109 3335; baseline 0.003 -17"><span class='ocrx_word' id='word_1_384' title='bbox 539 3264 846 3330; x_wconf 83' lang='lat' dir='ltr'><strong>Iescentuli,</strong></span> <span class='ocrx_word' id='word_1_385' title='bbox 891 3263 986 3335; x_wconf 90' lang='lat' dir='ltr'><strong>qui</strong></span> <span class='ocrx_word' id='word_1_386' title='bbox 1027 3262 1270 3318; x_wconf 90' lang='lat' dir='ltr'><strong>nondum</strong></span> <span class='ocrx_word' id='word_1_387' title='bbox 1317 3266 1456 3319; x_wconf 88' lang='lat' dir='ltr'><strong>intra</strong></span> <span class='ocrx_word' id='word_1_388' title='bbox 1500 3280 1693 3320; x_wconf 70' lang='lat' dir='ltr'><strong>nassae</strong></span> <span class='ocrx_word' id='word_1_389' title='bbox 1741 3278 1893 3331; x_wconf 89' lang='lat' dir='ltr'><strong>sunt,</strong></span> <span class='ocrx_word' id='word_1_390' title='bbox 1924 3268 2109 3322; x_wconf 90' lang='lat' dir='ltr'><strong>volunt</strong></span> 
     </span>
    </p>
   </div>
   <div class='ocr_carea' id='block_1_61' title="bbox 2131 3262 3701 3355">
    <p class='ocr_par' dir='ltr' id='par_1_61' title="bbox 2212 3262 3701 3355">
     <span class='ocr_line' id='line_1_62' title="bbox 2212 3262 3701 3355; baseline 0.003 -25"><span class='ocrx_word' id='word_1_391' title='bbox 2212 3277 2341 3346; x_wconf 73' lang='grc' dir='ltr'><strong>περὶ</strong></span> <span class='ocrx_word' id='word_1_392' title='bbox 2372 3280 2501 3342; x_wconf 83' lang='grc' dir='ltr'><strong>τοὺς</strong></span> <span class='ocrx_word' id='word_1_393' title='bbox 2529 3282 2786 3350; x_wconf 81' lang='grc' dir='ltr'><strong>κύρτους,</strong></span> <span class='ocrx_word' id='word_1_394' title='bbox 2817 3285 2868 3337; x_wconf 80' lang='lat' dir='ltr'><strong>oi</strong></span> <span class='ocrx_word' id='word_1_395' title='bbox 2904 3262 3005 3355; x_wconf 79' lang='grc' dir='ltr'><strong>μὲν</strong></span> <span class='ocrx_word' id='word_1_396' title='bbox 3034 3262 3243 3352; x_wconf 41' lang='lat' dir='ltr'><strong>tamen</strong></span> <span class='ocrx_word' id='word_1_397' title='bbox 3300 3287 3440 3351; x_wconf 76' lang='grc' dir='ltr'><strong>ὄντες</strong></span> <span class='ocrx_word' id='word_1_398' title='bbox 3486 3285 3701 3354; x_wconf 75' lang='grc' dir='ltr'><strong>βούλονται</strong></span> 
     </span>
    </p>
   </div>
   <div class='ocr_carea' id='block_1_62' title="bbox 541 3355 2111 3448">
    <p class='ocr_par' dir='ltr' id='par_1_62' title="bbox 541 3355 2106 3426">
     <span class='ocr_line' id='line_1_63' title="bbox 541 3355 2106 3426; baseline 0.003 -16"><span class='ocrx_word' id='word_1_399' title='bbox 541 3357 769 3422; x_wconf 87' lang='lat' dir='ltr'><strong>intrare,</strong></span> <span class='ocrx_word' id='word_1_400' title='bbox 813 3355 908 3426; x_wconf 89' lang='lat' dir='ltr'><strong>qui</strong></span> <span class='ocrx_word' id='word_1_401' title='bbox 942 3363 1124 3410; x_wconf 89' lang='lat' dir='ltr'><strong>autem</strong></span> <span class='ocrx_word' id='word_1_402' title='bbox 1170 3356 1280 3425; x_wconf 85' lang='lat' dir='ltr'><strong>jam</strong></span> <span class='ocrx_word' id='word_1_403' title='bbox 1333 3357 1481 3409; x_wconf 85' lang='lat' dir='ltr'><strong>intus</strong></span> <span class='ocrx_word' id='word_1_404' title='bbox 1524 3365 1673 3423; x_wconf 88' lang='lat' dir='ltr'><strong>sunt,</strong></span> <span class='ocrx_word' id='word_1_405' title='bbox 1697 3357 1890 3412; x_wconf 90' lang='lat' dir='ltr'><strong>volunt</strong></span> <span class='ocrx_word' id='word_1_406' title='bbox 1920 3358 2106 3425; x_wconf 86' lang='lat' dir='ltr'><strong>exire;</strong></span> 
     </span>
    </p>
   </div>
   <div class='ocr_carea' id='block_1_63' title="bbox 2127 3355 3697 3448">
    <p class='ocr_par' dir='ltr' id='par_1_63' title="bbox 2211 3373 3697 3448">
     <span class='ocr_line' id='line_1_64' title="bbox 2211 3373 3697 3448; baseline 0.001 -23"><span class='ocrx_word' id='word_1_407' title='bbox 2211 3373 2496 3441; x_wconf 69' lang='grc' dir='ltr'><strong>εἰσελθεῖν,</strong></span> <span class='ocrx_word' id='word_1_408' title='bbox 2541 3376 2593 3429; x_wconf 82' lang='lat' dir='ltr'><strong>oi</strong></span> <span class='ocrx_word' id='word_1_409' title='bbox 2622 3376 2680 3429; x_wconf 81' lang='grc' dir='ltr'><strong>δὲ</strong></span> <span class='ocrx_word' id='word_1_410' title='bbox 2712 3376 2860 3432; x_wconf 70' lang='grc' dir='ltr'><strong>ἔνδον</strong></span> <span class='ocrx_word' id='word_1_411' title='bbox 2889 3377 3038 3442; x_wconf 77' lang='grc' dir='ltr'><strong>ὅντες</strong></span> <span class='ocrx_word' id='word_1_412' title='bbox 3071 3380 3355 3448; x_wconf 82' lang='grc' dir='ltr'>βούλονται</span> <span class='ocrx_word' id='word_1_413' title='bbox 3383 3379 3614 3446; x_wconf 76' lang='grc' dir='ltr'><strong>ἐξελθεῖν·</strong></span> <span class='ocrx_word' id='word_1_414' title='bbox 3633 3373 3697 3428; x_wconf 77' lang='grc' dir='ltr'><strong>οὔ·</strong></span> 
     </span>
    </p>
   </div>
   <div class='ocr_carea' id='block_1_64' title="bbox 540 3445 2110 3544">
    <p class='ocr_par' dir='ltr' id='par_1_64' title="bbox 540 3445 1760 3504">
     <span class='ocr_line' id='line_1_65' title="bbox 540 3445 1760 3504; baseline -0.002 -1"><span class='ocrx_word' id='word_1_415' title='bbox 540 3447 622 3504; x_wconf 86' lang='lat' dir='ltr'><strong>sic</strong></span> <span class='ocrx_word' id='word_1_416' title='bbox 652 3455 708 3502; x_wconf 90' lang='lat' dir='ltr'><strong>et</strong></span> <span class='ocrx_word' id='word_1_417' title='bbox 739 3461 834 3499; x_wconf 86' lang='lat' dir='ltr'><strong>vos</strong></span> <span class='ocrx_word' id='word_1_418' title='bbox 864 3461 930 3500; x_wconf 92' lang='lat' dir='ltr'><strong>ne</strong></span> <span class='ocrx_word' id='word_1_419' title='bbox 965 3445 1106 3499; x_wconf 89' lang='lat' dir='ltr'><strong>idem</strong></span> <span class='ocrx_word' id='word_1_420' title='bbox 1139 3445 1294 3501; x_wconf 83' lang='lat' dir='ltr'><strong>vobis</strong></span> <span class='ocrx_word' id='word_1_421' title='bbox 1319 3447 1528 3500; x_wconf 88' lang='lat' dir='ltr'><strong>accidat</strong></span> <span class='ocrx_word' id='word_1_422' title='bbox 1557 3448 1760 3502; x_wconf 88' lang='lat' dir='ltr'><strong>videte.</strong></span> 
     </span>
    </p>
   </div>
   <div class='ocr_carea' id='block_1_65' title="bbox 1853 3445 3423 3544">
    <p class='ocr_par' dir='ltr' id='par_1_65' title="bbox 1888 3445 3423 3544">
     <span class='ocr_line' id='line_1_66' title="bbox 1888 3445 3423 3544; baseline 0.01 -31"><span class='ocrx_word' id='word_1_423' title='bbox 1888 3533 1903 3544; x_wconf 41' lang='lat'><strong>‘</strong></span> <span class='ocrx_word' id='word_1_424' title='bbox 2209 3480 2320 3527; x_wconf 87' lang='grc' dir='ltr'><strong>τως</strong></span> <span class='ocrx_word' id='word_1_425' title='bbox 2347 3464 2405 3519; x_wconf 72' lang='grc' dir='ltr'><strong>δὲ</strong></span> <span class='ocrx_word' id='word_1_426' title='bbox 2429 3466 2590 3535; x_wconf 82' lang='grc' dir='ltr'><strong>ὑμεῖς</strong></span> <span class='ocrx_word' id='word_1_427' title='bbox 2616 3468 2804 3538; x_wconf 80' lang='grc' dir='ltr'><strong>ὁρᾶτε,</strong></span> <span class='ocrx_word' id='word_1_428' title='bbox 2839 3470 2916 3541; x_wconf 84' lang='grc' dir='ltr'><strong>μὴ</strong></span> <span class='ocrx_word' id='word_1_429' title='bbox 2946 3470 3006 3524; x_wconf 75' lang='grc' dir='ltr'>τὸ</span> <span class='ocrx_word' id='word_1_430' title='bbox 3035 3445 3172 3525; x_wconf 60' lang='grc' dir='ltr'>αὐτὸ</span> <span class='ocrx_word' id='word_1_431' title='bbox 3201 3472 3423 3544; x_wconf 81' lang='grc' dir='ltr'><strong>πάθητε.</strong></span> 
     </span>
    </p>
   </div>
   <div class='ocr_carea' id='block_1_66' title="bbox 617 3533 2187 3635">
    <p class='ocr_par' dir='ltr' id='par_1_66' title="bbox 617 3533 2110 3605">
     <span class='ocr_line' id='line_1_67' title="bbox 617 3533 2110 3605; baseline 0 -17"><span class='ocrx_word' id='word_1_432' title='bbox 617 3535 761 3590; x_wconf 89' lang='lat' dir='ltr'><strong>Idem</strong></span> <span class='ocrx_word' id='word_1_433' title='bbox 798 3533 1140 3602; x_wconf 85' lang='lat' dir='ltr'><strong>Xanthippen</strong></span> <span class='ocrx_word' id='word_1_434' title='bbox 1169 3542 1419 3602; x_wconf 84' lang='lat' dir='ltr'><strong>ornatam</strong></span> <span class='ocrx_word' id='word_1_435' title='bbox 1450 3541 1506 3588; x_wconf 91' lang='lat' dir='ltr'><strong>et</strong></span> <span class='ocrx_word' id='word_1_436' title='bbox 1533 3535 1597 3588; x_wconf 90' lang='lat' dir='ltr'><strong>ad</strong></span> <span class='ocrx_word' id='word_1_437' title='bbox 1630 3533 1938 3605; x_wconf 89' lang='lat' dir='ltr'><strong>spectacula</strong></span> <span class='ocrx_word' id='word_1_438' title='bbox 1974 3550 2110 3590; x_wconf 89' lang='lat' dir='ltr'><strong>eun-</strong></span> 
     </span>
    </p>
   </div>
   <div class='ocr_carea' id='block_1_67' title="bbox 2125 3533 3695 3635">
    <p class='ocr_par' dir='ltr' id='par_1_67' title="bbox 2289 3533 3695 3635">
     <span class='ocr_line' id='line_1_68' title="bbox 2289 3533 3695 3635; baseline -0.001 -26"><span class='ocrx_word' id='word_1_439' title='bbox 2289 3555 2351 3609; x_wconf 80' lang='grc' dir='ltr'><strong>Ὀ</strong></span> <span class='ocrx_word' id='word_1_440' title='bbox 2383 3533 2570 3626; x_wconf 57' lang='grc' dir='ltr'><strong>αὐέὸς,</strong></span> <span class='ocrx_word' id='word_1_441' title='bbox 2604 3533 2926 3631; x_wconf 74' lang='grc' dir='ltr'>Ξανθίππην</span> <span class='ocrx_word' id='word_1_442' title='bbox 2954 3533 3376 3635; x_wconf 74' lang='grc' dir='ltr'><strong>κεκοσμημένην</strong></span> <span class='ocrx_word' id='word_1_443' title='bbox 3403 3563 3484 3617; x_wconf 70' lang='grc' dir='ltr'><strong>καὶ</strong></span> <span class='ocrx_word' id='word_1_444' title='bbox 3511 3561 3586 3614; x_wconf 69' lang='grc' dir='ltr'><strong>ἐπὶ</strong></span> <span class='ocrx_word' id='word_1_445' title='bbox 3605 3559 3695 3612; x_wconf 80' lang='grc' dir='ltr'>θέαν</span> 
     </span>
    </p>
   </div>
   <div class='ocr_carea' id='block_1_68' title="bbox 539 3624 2109 3728">
    <p class='ocr_par' dir='ltr' id='par_1_68' title="bbox 539 3624 2106 3696">
     <span class='ocr_line' id='line_1_69' title="bbox 539 3624 2106 3696; baseline -0.001 -15"><span class='ocrx_word' id='word_1_446' title='bbox 539 3635 650 3681; x_wconf 90' lang='lat' dir='ltr'><strong>tem</strong></span> <span class='ocrx_word' id='word_1_447' title='bbox 684 3627 1033 3696; x_wconf 87' lang='lat' dir='ltr'><strong>conspicatus</strong></span> <span class='ocrx_word' id='word_1_448' title='bbox 1068 3643 1082 3679; x_wconf 88' lang='lat'><strong>:</strong></span> <span class='ocrx_word' id='word_1_449' title='bbox 1116 3624 1238 3681; x_wconf 83' lang='lat' dir='ltr'><strong>Non</strong></span> <span class='ocrx_word' id='word_1_450' title='bbox 1271 3625 1470 3696; x_wconf 89' lang='lat' dir='ltr'><strong>inquit,</strong></span> <span class='ocrx_word' id='word_1_451' title='bbox 1501 3637 1561 3682; x_wconf 89' lang='lat' dir='ltr'><strong>ut</strong></span> <span class='ocrx_word' id='word_1_452' title='bbox 1604 3637 1842 3696; x_wconf 89' lang='lat' dir='ltr'><strong>spectes,</strong></span> <span class='ocrx_word' id='word_1_453' title='bbox 1875 3641 1909 3680; x_wconf 93' lang='grc' dir='ltr'><strong>ο</strong></span> <span class='ocrx_word' id='word_1_454' title='bbox 1944 3641 2106 3692; x_wconf 84' lang='lat' dir='ltr'><strong>uxor,</strong></span> 
     </span>
    </p>
   </div>
   <div class='ocr_carea' id='block_1_69' title="bbox 2121 3624 3691 3728">
    <p class='ocr_par' dir='ltr' id='par_1_69' title="bbox 2210 3624 3691 3728">
     <span class='ocr_line' id='line_1_70' title="bbox 2210 3624 3691 3728; baseline -0.011 -10"><span class='ocrx_word' id='word_1_455' title='bbox 2210 3624 2592 3717; x_wconf 68' lang='grc' dir='ltr'><strong>πορευομέντίν</strong></span> <span class='ocrx_word' id='word_1_456' title='bbox 2625 3649 2769 3712; x_wconf 69' lang='grc' dir='ltr'><strong>ἰδὼν.</strong></span> <span class='ocrx_word' id='word_1_457' title='bbox 2799 3624 2903 3723; x_wconf 70' lang='grc' dir='ltr'>ἔφη</span> <span class='ocrx_word' id='word_1_458' title='bbox 2922 3669 2937 3683; x_wconf 79' lang='grc'><strong>⁸</strong></span> <span class='ocrx_word' id='word_1_459' title='bbox 2970 3654 3083 3723; x_wconf 81' lang='grc' dir='ltr'><strong>Οὐχ</strong></span> <span class='ocrx_word' id='word_1_460' title='bbox 3117 3624 3414 3728; x_wconf 59' lang='grc' dir='ltr'><strong>ἰναῖθεαᾶῃ,</strong></span> <span class='ocrx_word' id='word_1_461' title='bbox 3445 3656 3596 3723; x_wconf 80' lang='grc' dir='ltr'><strong>γύναι,</strong></span> <span class='ocrx_word' id='word_1_462' title='bbox 3625 3666 3691 3701; x_wconf 82' lang='grc' dir='ltr'>πο-</span> 
     </span>
    </p>
   </div>
   <div class='ocr_carea' id='block_1_70' title="bbox 542 3717 2112 3812">
    <p class='ocr_par' dir='ltr' id='par_1_70' title="bbox 542 3717 1202 3786">
     <span class='ocr_line' id='line_1_71' title="bbox 542 3717 1202 3786; baseline -0.002 -13"><span class='ocrx_word' id='word_1_463' title='bbox 542 3717 679 3780; x_wconf 84' lang='lat' dir='ltr'><strong>exis,</strong></span> <span class='ocrx_word' id='word_1_464' title='bbox 710 3717 804 3772; x_wconf 89' lang='lat' dir='ltr'><strong>sed</strong></span> <span class='ocrx_word' id='word_1_465' title='bbox 832 3727 892 3770; x_wconf 88' lang='lat' dir='ltr'><strong>ut</strong></span> <span class='ocrx_word' id='word_1_466' title='bbox 919 3717 1202 3786; x_wconf 87' lang='lat' dir='ltr'><strong>specteris.</strong></span> 
     </span>
    </p>
   </div>
   <div class='ocr_carea' id='block_1_71' title="bbox 1320 3717 2890 3812">
    <p class='ocr_par' dir='ltr' id='par_1_71' title="bbox 1786 3717 2890 3812">
     <span class='ocr_line' id='line_1_72' title="bbox 1786 3717 2890 3812; baseline 0.009 -25"><span class='ocrx_word' id='word_1_467' title='bbox 1786 3807 1798 3812; x_wconf 32' lang='grc' dir='ltr'><strong>Δ</strong></span> <span class='ocrx_word' id='word_1_468' title='bbox 1824 3806 1836 3812; x_wconf 81' lang='lat'><strong>_</strong></span> <span class='ocrx_word' id='word_1_469' title='bbox 2214 3736 2370 3808; x_wconf 80' lang='grc' dir='ltr'><strong>ρεύη,</strong></span> <span class='ocrx_word' id='word_1_470' title='bbox 2405 3739 2524 3791; x_wconf 85' lang='grc' dir='ltr'><strong>ἀλλ’</strong></span> <span class='ocrx_word' id='word_1_471' title='bbox 2551 3740 2636 3794; x_wconf 81' lang='grc' dir='ltr'><strong>ἵνα</strong></span> <span class='ocrx_word' id='word_1_472' title='bbox 2671 3717 2890 3812; x_wconf 78' lang='grc' dir='ltr'><strong>Θεαθῇς.</strong></span> 
     </span>
    </p>
   </div>
   <div class='ocr_carea' id='block_1_72' title="bbox 619 3806 2189 3904">
    <p class='ocr_par' dir='ltr' id='par_1_72' title="bbox 619 3806 2103 3896">
     <span class='ocr_line' id='line_1_73' title="bbox 619 3806 2103 3896; baseline 0.001 -37"><span class='ocrx_word' id='word_1_473' title='bbox 619 3806 924 3860; x_wconf 74' lang='lat' dir='ltr'><strong>Philoxeui.</strong></span> <span class='ocrx_word' id='word_1_474' title='bbox 979 3806 1316 3862; x_wconf 88' lang='lat' dir='ltr'><strong>Philoxenus</strong></span> <span class='ocrx_word' id='word_1_475' title='bbox 1358 3815 1515 3875; x_wconf 90' lang='lat' dir='ltr'><strong>poeta</strong></span> <span class='ocrx_word' id='word_1_476' title='bbox 1551 3823 1674 3861; x_wconf 90' lang='lat' dir='ltr'><strong>cum</strong></span> <span class='ocrx_word' id='word_1_477' title='bbox 1708 3806 1928 3896; x_wconf 77' lang='lat' dir='ltr'><strong>quidam</strong></span> <span class='ocrx_word' id='word_1_478' title='bbox 1980 3821 2103 3861; x_wconf 90' lang='lat' dir='ltr'><strong>eum</strong></span> 
     </span>
    </p>
   </div>
   <div class='ocr_carea' id='block_1_73' title="bbox 2122 3806 3692 3904">
    <p class='ocr_par' dir='ltr' id='par_1_73' title="bbox 2277 3806 3692 3904">
     <span class='ocr_line' id='line_1_74' title="bbox 2277 3806 3692 3904; baseline 0.011 -24"><span class='ocrx_word' id='word_1_479' title='bbox 2277 3806 2556 3895; x_wconf 74' lang='grc' dir='ltr'><strong>Φιλόξενος</strong></span> <span class='ocrx_word' id='word_1_480' title='bbox 2593 3832 2621 3884; x_wconf 83' lang='grc' dir='ltr'>ὁ</span> <span class='ocrx_word' id='word_1_481' title='bbox 2661 3806 2910 3904; x_wconf 59' lang='grc' dir='ltr'><strong>ποιηεῆς,</strong></span> <span class='ocrx_word' id='word_1_482' title='bbox 2932 3835 3182 3902; x_wconf 83' lang='grc' dir='ltr'><strong>είπόντος</strong></span> <span class='ocrx_word' id='word_1_483' title='bbox 3211 3838 3372 3903; x_wconf 72' lang='grc' dir='ltr'><strong>τινος,</strong></span> <span class='ocrx_word' id='word_1_484' title='bbox 3395 3835 3484 3890; x_wconf 82' lang='grc' dir='ltr'><strong>Διά</strong></span> <span class='ocrx_word' id='word_1_485' title='bbox 3501 3835 3543 3887; x_wconf 75' lang='grc' dir='ltr'>τί</span> <span class='ocrx_word' id='word_1_486' title='bbox 3574 3833 3692 3895; x_wconf 59' lang='grc' dir='ltr'><strong>Σθω</strong></span> 
     </span>
    </p>
   </div>
   <div class='ocr_carea' id='block_1_74' title="bbox 545 3881 2115 3998">
    <p class='ocr_par' dir='ltr' id='par_1_74' title="bbox 545 3881 2104 3969">
     <span class='ocr_line' id='line_1_75' title="bbox 545 3881 2104 3969; baseline -0.001 -17"><span class='ocrx_word' id='word_1_487' title='bbox 545 3909 1015 3969; x_wconf 85' lang='lat' dir='ltr'><strong>percunctaretur,</strong></span> <span class='ocrx_word' id='word_1_488' title='bbox 1070 3898 1428 3968; x_wconf 85' lang='lat' dir='ltr'><strong>quamobrem</strong></span> <span class='ocrx_word' id='word_1_489' title='bbox 1466 3897 1766 3968; x_wconf 87' lang='lat' dir='ltr'><strong>Sophocles</strong></span> <span class='ocrx_word' id='word_1_490' title='bbox 1808 3881 1976 3954; x_wconf 80' lang='lat' dir='ltr'><strong>bonas</strong></span> <span class='ocrx_word' id='word_1_491' title='bbox 2021 3900 2104 3951; x_wconf 88' lang='lat' dir='ltr'><strong>in-</strong></span> 
     </span>
    </p>
   </div>
   <div class='ocr_carea' id='block_1_75' title="bbox 2120 3881 3690 3998">
    <p class='ocr_par' dir='ltr' id='par_1_75' title="bbox 2208 3881 3690 3998">
     <span class='ocr_line' id='line_1_76' title="bbox 2208 3881 3690 3998; baseline -0.007 -16"><span class='ocrx_word' id='word_1_492' title='bbox 2208 3919 2344 3989; x_wconf 84' lang='grc' dir='ltr'><strong>κλῆς</strong></span> <span class='ocrx_word' id='word_1_493' title='bbox 2384 3881 2628 3991; x_wconf 42' lang='grc' dir='ltr'>χυρησίςὰς</span> <span class='ocrx_word' id='word_1_494' title='bbox 2677 3881 3007 3993; x_wconf 39' lang='lat' dir='ltr'><strong>stagnaverat</strong></span> <span class='ocrx_word' id='word_1_495' title='bbox 3062 3881 3180 3992; x_wconf 56' lang='grc' dir='ltr'><strong>τάξ</strong></span> <span class='ocrx_word' id='word_1_496' title='bbox 3210 3881 3480 3998; x_wconf 47' lang='grc' dir='ltr'><strong>γυναῖκας,</strong></span> <span class='ocrx_word' id='word_1_497' title='bbox 3510 3881 3690 3984; x_wconf 36' lang='lat' dir='ltr'><strong>abripit</strong></span> 
     </span>
    </p>
   </div>
   <div class='ocr_carea' id='block_1_76' title="bbox 541 3988 2111 4088">
    <p class='ocr_par' dir='ltr' id='par_1_76' title="bbox 541 3988 2105 4058">
     <span class='ocr_line' id='line_1_77' title="bbox 541 3988 2105 4058; baseline -0.001 -16"><span class='ocrx_word' id='word_1_498' title='bbox 541 3990 791 4044; x_wconf 77' lang='lat' dir='ltr'><strong>traducat</strong></span> <span class='ocrx_word' id='word_1_499' title='bbox 823 3989 1073 4053; x_wconf 86' lang='lat' dir='ltr'><strong>feminas,</strong></span> <span class='ocrx_word' id='word_1_500' title='bbox 1134 3989 1250 4057; x_wconf 90' lang='lat' dir='ltr'><strong>ipse</strong></span> <span class='ocrx_word' id='word_1_501' title='bbox 1274 3996 1458 4041; x_wconf 85' lang='lat' dir='ltr'><strong>autem</strong></span> <span class='ocrx_word' id='word_1_502' title='bbox 1489 3990 1696 4044; x_wconf 87' lang='lat' dir='ltr'><strong>malas:</strong></span> <span class='ocrx_word' id='word_1_503' title='bbox 1721 3988 1882 4055; x_wconf 86' lang='lat' dir='ltr'><strong>Quia,</strong></span> <span class='ocrx_word' id='word_1_504' title='bbox 1908 3988 2105 4058; x_wconf 90' lang='lat' dir='ltr'><strong>inquit,</strong></span> 
     </span>
    </p>
   </div>
   <div class='ocr_carea' id='block_1_77' title="bbox 2118 3988 3688 4088">
    <p class='ocr_par' dir='ltr' id='par_1_77' title="bbox 2207 3988 3688 4088">
     <span class='ocr_line' id='line_1_78' title="bbox 2207 3988 3688 4088; baseline 0.007 -27"><span class='ocrx_word' id='word_1_505' title='bbox 2207 3988 2437 4076; x_wconf 62' lang='grc' dir='ltr'><strong>φαῦλας,</strong></span> <span class='ocrx_word' id='word_1_506' title='bbox 2462 3988 2646 4065; x_wconf 76' lang='grc' dir='ltr'><strong>εἴπενο</strong></span> <span class='ocrx_word' id='word_1_507' title='bbox 2681 3988 2802 4067; x_wconf 56' lang='lat'><strong>&quot;0%;</strong></span> <span class='ocrx_word' id='word_1_508' title='bbox 2831 3988 3108 4086; x_wconf 74' lang='grc' dir='ltr'><strong>Σοςροκλῆς</strong></span> <span class='ocrx_word' id='word_1_509' title='bbox 3263 4019 3372 4082; x_wconf 81' lang='grc' dir='ltr'><strong>οῖας</strong></span> <span class='ocrx_word' id='word_1_510' title='bbox 3489 4014 3602 4070; x_wconf 79' lang='grc' dir='ltr'><strong>εἶναι</strong></span> <span class='ocrx_word' id='word_1_511' title='bbox 3622 4012 3688 4072; x_wconf 66' lang='grc' dir='ltr'><strong>τὰς</strong></span> 
     </span>
    </p>
   </div>
   <div class='ocr_carea' id='block_1_78' title="bbox 539 4078 2109 4174">
    <p class='ocr_par' dir='ltr' id='par_1_78' title="bbox 539 4078 2098 4153">
     <span class='ocr_line' id='line_1_79' title="bbox 539 4078 2098 4153; baseline 0.001 -17"><span class='ocrx_word' id='word_1_512' title='bbox 539 4084 728 4151; x_wconf 88' lang='lat' dir='ltr'><strong>quales</strong></span> <span class='ocrx_word' id='word_1_513' title='bbox 745 4091 960 4151; x_wconf 89' lang='lat' dir='ltr'><strong>oportet</strong></span> <span class='ocrx_word' id='word_1_514' title='bbox 986 4095 1111 4135; x_wconf 88' lang='lat' dir='ltr'><strong>esse</strong></span> <span class='ocrx_word' id='word_1_515' title='bbox 1132 4078 1365 4134; x_wconf 84' lang='lat' dir='ltr'><strong>feminas</strong></span> <span class='ocrx_word' id='word_1_516' title='bbox 1392 4080 1688 4149; x_wconf 84' lang='lat' dir='ltr'><strong>Sephocles</strong></span> <span class='ocrx_word' id='word_1_517' title='bbox 1711 4083 1974 4149; x_wconf 89' lang='lat' dir='ltr'><strong>ostendit,</strong></span> <span class='ocrx_word' id='word_1_518' title='bbox 1998 4098 2098 4153; x_wconf 87' lang='lat' dir='ltr'><strong>ego</strong></span> 
     </span>
    </p>
   </div>
   <div class='ocr_carea' id='block_1_79' title="bbox 1642 4078 3212 4174">
    <p class='ocr_par' dir='ltr' id='par_1_79' title="bbox 1642 4078 3212 4174">
     <span class='ocr_line' id='line_1_80' title="bbox 1642 4078 3212 4174; baseline 0.013 -29"><span class='ocrx_word' id='word_1_519' title='bbox 1642 4096 1688 4138; x_wconf 64' lang='lat' dir='ltr'><strong>as</strong></span> <span class='ocrx_word' id='word_1_520' title='bbox 1711 4083 1974 4149; x_wconf 66' lang='lat' dir='ltr'><strong>ostendit,</strong></span> <span class='ocrx_word' id='word_1_521' title='bbox 1998 4098 2098 4153; x_wconf 72' lang='lat' dir='ltr'><strong>ego</strong></span> <span class='ocrx_word' id='word_1_522' title='bbox 2207 4103 2470 4166; x_wconf 68' lang='grc' dir='ltr'>γυναίτςυς</span> <span class='ocrx_word' id='word_1_523' title='bbox 2499 4103 2669 4172; x_wconf 79' lang='grc' dir='ltr'><strong>λέγει,</strong></span> <span class='ocrx_word' id='word_1_524' title='bbox 2695 4104 2808 4174; x_wconf 74' lang='grc' dir='ltr'><strong>ἐγὼ</strong></span> <span class='ocrx_word' id='word_1_525' title='bbox 2825 4107 2884 4161; x_wconf 71' lang='grc' dir='ltr'><strong>δι</strong></span> <span class='ocrx_word' id='word_1_526' title='bbox 2909 4078 3022 4162; x_wconf 74' lang='grc' dir='ltr'>οἷαι</span> <span class='ocrx_word' id='word_1_527' title='bbox 3048 4078 3212 4166; x_wconf 70' lang='grc' dir='ltr'><strong>ἐισὶν.</strong></span> 
     </span>
    </p>
   </div>
   <div class='ocr_carea' id='block_1_80' title="bbox 537 4171 1082 4240">
    <p class='ocr_par' dir='ltr' id='par_1_80' title="bbox 537 4171 1082 4240">
     <span class='ocr_line' id='line_1_81' title="bbox 537 4171 1082 4240; baseline -0.011 -12"><span class='ocrx_word' id='word_1_528' title='bbox 537 4189 670 4228; x_wconf 85' lang='lat' dir='ltr'><strong>vero</strong></span> <span class='ocrx_word' id='word_1_529' title='bbox 709 4171 897 4240; x_wconf 83' lang='lat' dir='ltr'><strong>quales</strong></span> <span class='ocrx_word' id='word_1_530' title='bbox 933 4179 1082 4224; x_wconf 89' lang='lat' dir='ltr'><strong>sunt.</strong></span> 
     </span>
    </p>
   </div>
   <div class='ocr_carea' id='block_1_81' title="bbox 609 4260 2179 4358">
    <p class='ocr_par' dir='ltr' id='par_1_81' title="bbox 609 4260 2104 4332">
     <span class='ocr_line' id='line_1_82' title="bbox 609 4260 2104 4332; baseline 0 -15"><span class='ocrx_word' id='word_1_531' title='bbox 609 4261 848 4317; x_wconf 78' lang='lat' dir='ltr'><strong>Catonis.</strong></span> <span class='ocrx_word' id='word_1_532' title='bbox 907 4260 1110 4316; x_wconf 73' lang='lat' dir='ltr'><strong>Uu&#39;ines</strong></span> <span class='ocrx_word' id='word_1_533' title='bbox 1160 4260 1412 4316; x_wconf 90' lang='lat' dir='ltr'><strong>homines</strong></span> <span class='ocrx_word' id='word_1_534' title='bbox 1470 4262 1733 4318; x_wconf 80' lang='lat' dir='ltr'><strong>uxoribus</strong></span> <span class='ocrx_word' id='word_1_535' title='bbox 1791 4264 2104 4332; x_wconf 89' lang='lat' dir='ltr'><strong>imperant,</strong></span> 
     </span>
    </p>
   </div>
   <div class='ocr_carea' id='block_1_82' title="bbox 2117 4260 3687 4358">
    <p class='ocr_par' dir='ltr' id='par_1_82' title="bbox 2275 4279 3687 4358">
     <span class='ocr_line' id='line_1_83' title="bbox 2275 4279 3687 4358; baseline 0.007 -27"><span class='ocrx_word' id='word_1_536' title='bbox 2275 4279 2483 4342; x_wconf 85' lang='grc' dir='ltr'><strong>Πάντες</strong></span> <span class='ocrx_word' id='word_1_537' title='bbox 2547 4282 2598 4335; x_wconf 76' lang='lat' dir='ltr'><strong>oi</strong></span> <span class='ocrx_word' id='word_1_538' title='bbox 2662 4284 2939 4353; x_wconf 81' lang='grc' dir='ltr'><strong>ἄνθρωποι</strong></span> <span class='ocrx_word' id='word_1_539' title='bbox 3001 4289 3111 4342; x_wconf 86' lang='grc' dir='ltr'><strong>τῶν</strong></span> <span class='ocrx_word' id='word_1_540' title='bbox 3167 4292 3430 4358; x_wconf 76' lang='grc' dir='ltr'><strong>γυναικῶν</strong></span> <span class='ocrx_word' id='word_1_541' title='bbox 3475 4290 3687 4358; x_wconf 65' lang='grc' dir='ltr'><strong>ἄρχουσιν.</strong></span> 
     </span>
    </p>
   </div>
   <div class='ocr_carea' id='block_1_83' title="bbox 537 4349 2107 4451">
    <p class='ocr_par' dir='ltr' id='par_1_83' title="bbox 537 4349 1962 4415">
     <span class='ocr_line' id='line_1_84' title="bbox 537 4349 1962 4415; baseline -0.001 -8"><span class='ocrx_word' id='word_1_542' title='bbox 537 4367 639 4407; x_wconf 88' lang='lat' dir='ltr'><strong>nos</strong></span> <span class='ocrx_word' id='word_1_543' title='bbox 671 4350 928 4406; x_wconf 85' lang='lat' dir='ltr'><strong>omnibus</strong></span> <span class='ocrx_word' id='word_1_544' title='bbox 959 4349 1298 4415; x_wconf 86' lang='lat' dir='ltr'><strong>hominibus,</strong></span> <span class='ocrx_word' id='word_1_545' title='bbox 1336 4351 1496 4406; x_wconf 91' lang='lat' dir='ltr'><strong>nobis</strong></span> <span class='ocrx_word' id='word_1_546' title='bbox 1525 4363 1704 4408; x_wconf 86' lang='lat' dir='ltr'><strong>autem</strong></span> <span class='ocrx_word' id='word_1_547' title='bbox 1743 4367 1962 4407; x_wconf 87' lang='lat' dir='ltr'><strong>uxores.</strong></span> 
     </span>
    </p>
   </div>
   <div class='ocr_carea' id='block_1_84' title="bbox 2116 4349 3686 4451">
    <p class='ocr_par' dir='ltr' id='par_1_84' title="bbox 2136 4349 3686 4451">
     <span class='ocr_line' id='line_1_85' title="bbox 2136 4349 3686 4451; baseline 0.014 -31"><span class='ocrx_word' id='word_1_548' title='bbox 2136 4369 2364 4440; x_wconf 74' lang='grc' dir='ltr'><strong>θήμεῖς</strong></span> <span class='ocrx_word' id='word_1_549' title='bbox 2420 4371 2474 4424; x_wconf 80' lang='grc' dir='ltr'><strong>δὲ</strong></span> <span class='ocrx_word' id='word_1_550' title='bbox 2536 4349 2837 4446; x_wconf 67' lang='grc' dir='ltr'><strong>ἀνθρώπιον</strong></span> <span class='ocrx_word' id='word_1_551' title='bbox 2905 4349 3188 4448; x_wconf 61' lang='grc' dir='ltr'><strong>ἁπάντων,</strong></span> <span class='ocrx_word' id='word_1_552' title='bbox 3243 4385 3394 4451; x_wconf 72' lang='grc' dir='ltr'><strong>ἡμῶν</strong></span> <span class='ocrx_word' id='word_1_553' title='bbox 3442 4349 3578 4433; x_wconf 68' lang='grc' dir='ltr'><strong>δὲ’ἆι</strong></span> <span class='ocrx_word' id='word_1_554' title='bbox 3617 4391 3686 4440; x_wconf 65' lang='lat' dir='ltr'><strong>iu-</strong></span> 
     </span>
    </p>
   </div>
   <div class='ocr_carea' id='block_1_85' title="bbox 2206 4465 2409 4526">
    <p class='ocr_par' dir='ltr' id='par_1_85' title="bbox 2206 4465 2409 4526">
     <span class='ocr_line' id='line_1_86' title="bbox 2206 4465 2409 4526; baseline 0.02 -13"><span class='ocrx_word' id='word_1_555' title='bbox 2206 4465 2409 4526; x_wconf 85' lang='grc' dir='ltr'><strong>ναῖκες.</strong></span> 
     </span>
    </p>
   </div>
   <div class='ocr_carea' id='block_1_86' title="bbox 950 4545 3175 4640">
    <p class='ocr_par' dir='ltr' id='par_1_86' title="bbox 950 4545 3175 4640">
     <span class='ocr_line' id='line_1_87' title="bbox 950 4545 3175 4640; baseline 0.004 -38"><span class='ocrx_word' id='word_1_556' title='bbox 950 4545 1183 4602; x_wconf 81' lang='lat' dir='ltr'><strong>SERMO</strong></span> <span class='ocrx_word' id='word_1_557' title='bbox 1222 4546 1416 4602; x_wconf 82' lang='lat' dir='ltr'><strong>xxxv</strong></span> <span class='ocrx_word' id='word_1_558' title='bbox 1463 4546 1565 4620; x_wconf 83' lang='grc' dir='ltr'><strong>[αι.</strong></span> <span class='ocrx_word' id='word_1_559' title='bbox 1597 4547 1688 4621; x_wconf 74' lang='lat' dir='ltr'><strong>x1.</strong></span> <span class='ocrx_word' id='word_1_560' title='bbox 2799 4581 3014 4634; x_wconf 68' lang='grc' dir='ltr'><strong>ΛΟΓΟΣ</strong></span> <span class='ocrx_word' id='word_1_561' title='bbox 3052 4584 3175 4640; x_wconf 47' lang='grc' dir='ltr'><strong>Ληη</strong></span> 
     </span>
    </p>
   </div>
   <div class='ocr_carea' id='block_1_87' title="bbox 538 4659 2108 4743">
    <p class='ocr_par' dir='ltr' id='par_1_87' title="bbox 538 4659 2104 4743">
     <span class='ocr_line' id='line_1_88' title="bbox 538 4659 2104 4743; baseline 0.001 -28"><span class='ocrx_word' id='word_1_562' title='bbox 538 4661 614 4715; x_wconf 85' lang='lat' dir='ltr'><strong>De</strong></span> <span class='ocrx_word' id='word_1_563' title='bbox 659 4659 1059 4743; x_wconf 62' lang='lat' dir='ltr'><strong>congregatione</strong></span> <span class='ocrx_word' id='word_1_564' title='bbox 1092 4659 1347 4743; x_wconf 45' lang='lat' dir='ltr'><strong>b‘onorum</strong></span> <span class='ocrx_word' id='word_1_565' title='bbox 1373 4660 1639 4743; x_wconf 74' lang='lat' dir='ltr'><strong>virorum;</strong></span> <span class='ocrx_word' id='word_1_566' title='bbox 1686 4670 1738 4743; x_wconf 70' lang='lat' dir='ltr'><strong>et</strong></span> <span class='ocrx_word' id='word_1_567' title='bbox 1769 4664 2104 4743; x_wconf 63' lang='lat' dir='ltr'><strong>praetentis-</strong></span> 
     </span>
    </p>
   </div>
   <div class='ocr_carea' id='block_1_88' title="bbox 2115 4659 3685 4743">
    <p class='ocr_par' dir='ltr' id='par_1_88' title="bbox 2204 4663 3685 4743">
     <span class='ocr_line' id='line_1_89' title="bbox 2204 4663 3685 4743; baseline 0.011 -25"><span class='ocrx_word' id='word_1_568' title='bbox 2204 4663 2730 4743; x_wconf 37' lang='lat' dir='ltr'><strong>Hepl‘ovrarotrﬁc</strong></span> <span class='ocrx_word' id='word_1_569' title='bbox 2763 4671 3042 4743; x_wconf 73' lang='grc' dir='ltr'><strong>χρηστῶν</strong></span> <span class='ocrx_word' id='word_1_570' title='bbox 3069 4673 3309 4743; x_wconf 72' lang='grc' dir='ltr'><em>ἀνδρῶν</em></span> <span class='ocrx_word' id='word_1_571' title='bbox 3334 4693 3348 4707; x_wconf 89' lang='grc'><strong>·</strong></span> <span class='ocrx_word' id='word_1_572' title='bbox 3394 4676 3482 4729; x_wconf 79' lang='grc' dir='ltr'><strong>καὶ</strong></span> <span class='ocrx_word' id='word_1_573' title='bbox 3515 4669 3685 4740; x_wconf 68' lang='grc' dir='ltr'><strong>ὅτιχιὴ</strong></span> 
     </span>
    </p>
   </div>
   <div class='ocr_carea' id='block_1_89' title="bbox 642 4729 2212 4814">
    <p class='ocr_par' dir='ltr' id='par_1_89' title="bbox 642 4729 1994 4801">
     <span class='ocr_line' id='line_1_90' title="bbox 642 4729 1994 4801; baseline 0.002 -17"><span class='ocrx_word' id='word_1_574' title='bbox 642 4731 790 4784; x_wconf 74' lang='lat' dir='ltr'><strong>simis</strong></span> <span class='ocrx_word' id='word_1_575' title='bbox 838 4729 1214 4783; x_wconf 73' lang='lat' dir='ltr'><strong>adhwrendum</strong></span> <span class='ocrx_word' id='word_1_576' title='bbox 1265 4745 1396 4798; x_wconf 74' lang='lat' dir='ltr'><strong>esse,</strong></span> <span class='ocrx_word' id='word_1_577' title='bbox 1429 4747 1530 4784; x_wconf 81' lang='lat' dir='ltr'><strong>non</strong></span> <span class='ocrx_word' id='word_1_578' title='bbox 1564 4734 1688 4785; x_wconf 83' lang='lat' dir='ltr'><strong>item</strong></span> <span class='ocrx_word' id='word_1_579' title='bbox 1721 4729 1994 4801; x_wconf 76' lang='lat' dir='ltr'><strong>improbis.</strong></span> 
     </span>
    </p>
   </div>
   <div class='ocr_carea' id='block_1_90' title="bbox 2117 4729 3687 4814">
    <p class='ocr_par' dir='ltr' id='par_1_90' title="bbox 2273 4729 3687 4814">
     <span class='ocr_line' id='line_1_91' title="bbox 2273 4729 3687 4814; baseline 0.013 -27"><span class='ocrx_word' id='word_1_580' title='bbox 2273 4729 2556 4812; x_wconf 58' lang='grc' dir='ltr'><strong>ἀρίστοις(</strong></span> <span class='ocrx_word' id='word_1_581' title='bbox 2589 4729 2871 4805; x_wconf 44' lang='lat' dir='ltr'><strong>deﬁniat</strong></span> <span class='ocrx_word' id='word_1_582' title='bbox 2897 4729 3253 4812; x_wconf 71' lang='grc' dir='ltr'><strong>κολλᾶσθᾶι,</strong></span> <span class='ocrx_word' id='word_1_583' title='bbox 3310 4748 3403 4799; x_wconf 73' lang='grc' dir='ltr'><strong>καί</strong></span> <span class='ocrx_word' id='word_1_584' title='bbox 3438 4743 3511 4814; x_wconf 80' lang='grc' dir='ltr'><strong>μὴ</strong></span> <span class='ocrx_word' id='word_1_585' title='bbox 3552 4729 3687 4804; x_wconf 61' lang='grc' dir='ltr'><strong>ποῖἰῦ</strong></span> 
     </span>
    </p>
   </div>
   <div class='ocr_carea' id='block_1_91' title="bbox 2265 4821 2421 4870">
    <p class='ocr_par' dir='ltr' id='par_1_91' title="bbox 2265 4821 2421 4870">
     <span class='ocr_line' id='line_1_92' title="bbox 2265 4821 2421 4870; baseline 0.019 -16"><span class='ocrx_word' id='word_1_586' title='bbox 2265 4821 2421 4870; x_wconf 80' lang='grc' dir='ltr'><strong>ροις.</strong></span> 
     </span>
    </p>
   </div>
   <div class='ocr_carea' id='block_1_92' title="bbox 615 4882 2102 4953">
    <p class='ocr_par' dir='ltr' id='par_1_92' title="bbox 615 4882 2102 4953">
     <span class='ocr_line' id='line_1_93' title="bbox 615 4882 2102 4953; baseline 0.001 -15"><span class='ocrx_word' id='word_1_587' title='bbox 615 4883 770 4953; x_wconf 78' lang='grc'><strong>177</strong></span> <span class='ocrx_word' id='word_1_588' title='bbox 817 4882 978 4937; x_wconf 84' lang='lat' dir='ltr'><strong>Prov.</strong></span> <span class='ocrx_word' id='word_1_589' title='bbox 1012 4897 1133 4936; x_wconf 78' lang='lat' dir='ltr'><strong>xm.</strong></span> <span class='ocrx_word' id='word_1_590' title='bbox 1167 4882 1418 4948; x_wconf 88' lang='lat' dir='ltr'><strong>Quicum</strong></span> <span class='ocrx_word' id='word_1_591' title='bbox 1449 4884 1780 4951; x_wconf 87' lang='lat' dir='ltr'><strong>sapientibus</strong></span> <span class='ocrx_word' id='word_1_592' title='bbox 1812 4899 2102 4942; x_wconf 89' lang='lat' dir='ltr'><strong>conversa-</strong></span> 
     </span>
    </p>
   </div>
   <div class='ocr_carea' id='block_1_93' title="bbox 534 4973 1140 5041">
    <p class='ocr_par' dir='ltr' id='par_1_93' title="bbox 534 4973 1140 5041">
     <span class='ocr_line' id='line_1_94' title="bbox 534 4973 1140 5041; baseline -0.003 -13"><span class='ocrx_word' id='word_1_593' title='bbox 534 4982 644 5036; x_wconf 82' lang='lat' dir='ltr'><strong>tur,</strong></span> <span class='ocrx_word' id='word_1_594' title='bbox 675 4973 894 5041; x_wconf 82' lang='lat' dir='ltr'><strong>sapiens</strong></span> <span class='ocrx_word' id='word_1_595' title='bbox 927 4974 1140 5029; x_wconf 87' lang='lat' dir='ltr'><strong>evadet.</strong></span> 
     </span>
    </p>
   </div>
   <div class='ocr_carea' id='block_1_94' title="bbox 604 5061 2174 5163">
    <p class='ocr_par' dir='ltr' id='par_1_94' title="bbox 604 5061 2097 5133">
     <span class='ocr_line' id='line_1_95' title="bbox 604 5061 2097 5133; baseline 0.003 -16"><span class='ocrx_word' id='word_1_596' title='bbox 604 5061 660 5117; x_wconf 88' lang='lat' dir='ltr'><strong>Si</strong></span> <span class='ocrx_word' id='word_1_597' title='bbox 695 5063 899 5118; x_wconf 88' lang='lat' dir='ltr'><strong>videris</strong></span> <span class='ocrx_word' id='word_1_598' title='bbox 931 5078 1178 5132; x_wconf 89' lang='lat' dir='ltr'><strong>sagacem</strong></span> <span class='ocrx_word' id='word_1_599' title='bbox 1234 5077 1297 5118; x_wconf 91' lang='lat' dir='ltr'><strong>ae</strong></span> <span class='ocrx_word' id='word_1_600' title='bbox 1351 5064 1695 5133; x_wconf 88' lang='lat' dir='ltr'><strong>prudentem,</strong></span> <span class='ocrx_word' id='word_1_601' title='bbox 1737 5083 1893 5121; x_wconf 87' lang='lat' dir='ltr'><strong>mane</strong></span> <span class='ocrx_word' id='word_1_602' title='bbox 1946 5069 2097 5122; x_wconf 89' lang='lat' dir='ltr'><strong>illum</strong></span> 
     </span>
    </p>
   </div>
   <div class='ocr_carea' id='block_1_95' title="bbox 2111 5061 3681 5163">
    <p class='ocr_par' dir='ltr' id='par_1_95' title="bbox 2284 5081 3681 5163">
     <span class='ocr_line' id='line_1_96' title="bbox 2284 5081 3681 5163; baseline 0.007 -28"><span class='ocrx_word' id='word_1_603' title='bbox 2284 5081 2410 5136; x_wconf 84' lang='grc' dir='ltr'>Ἐὰν</span> <span class='ocrx_word' id='word_1_604' title='bbox 2453 5085 2567 5156; x_wconf 73' lang='grc' dir='ltr'>ἴδῃς</span> <span class='ocrx_word' id='word_1_605' title='bbox 2598 5087 2837 5152; x_wconf 84' lang='grc' dir='ltr'><strong>συνετὸν,</strong></span> <span class='ocrx_word' id='word_1_606' title='bbox 2867 5089 3086 5159; x_wconf 74' lang='grc' dir='ltr'><strong>ὅρθριζε</strong></span> <span class='ocrx_word' id='word_1_607' title='bbox 3118 5093 3257 5163; x_wconf 82' lang='grc' dir='ltr'>πρὸς</span> <span class='ocrx_word' id='word_1_608' title='bbox 3287 5093 3456 5158; x_wconf 72' lang='grc' dir='ltr'><strong>αὑτὸν,</strong></span> <span class='ocrx_word' id='word_1_609' title='bbox 3483 5091 3562 5143; x_wconf 76' lang='grc' dir='ltr'><strong>καὶ</strong></span> <span class='ocrx_word' id='word_1_610' title='bbox 3589 5083 3681 5155; x_wconf 76' lang='grc' dir='ltr'><strong>βαθ·</strong></span> 
     </span>
    </p>
   </div>
   <div class='ocr_carea' id='block_1_96' title="bbox 530 5153 2100 5249">
    <p class='ocr_par' dir='ltr' id='par_1_96' title="bbox 530 5153 2099 5226">
     <span class='ocr_line' id='line_1_97' title="bbox 530 5153 2099 5226; baseline 0.006 -22"><span class='ocrx_word' id='word_1_611' title='bbox 530 5153 702 5220; x_wconf 87' lang='lat' dir='ltr'><strong>adito,</strong></span> <span class='ocrx_word' id='word_1_612' title='bbox 733 5167 788 5209; x_wconf 90' lang='lat' dir='ltr'><strong>et</strong></span> <span class='ocrx_word' id='word_1_613' title='bbox 811 5153 998 5208; x_wconf 90' lang='lat' dir='ltr'><strong>limina</strong></span> <span class='ocrx_word' id='word_1_614' title='bbox 1036 5157 1326 5224; x_wconf 82' lang='lat' dir='ltr'><strong>jauuaruui</strong></span> <span class='ocrx_word' id='word_1_615' title='bbox 1360 5159 1481 5224; x_wconf 80' lang='lat' dir='ltr'><strong>ejus</strong></span> <span class='ocrx_word' id='word_1_616' title='bbox 1526 5156 1754 5226; x_wconf 90' lang='lat' dir='ltr'><strong>pedibus</strong></span> <span class='ocrx_word' id='word_1_617' title='bbox 1797 5159 1907 5212; x_wconf 87' lang='lat' dir='ltr'><strong>tuis</strong></span> <span class='ocrx_word' id='word_1_618' title='bbox 1949 5161 2099 5213; x_wconf 87' lang='lat' dir='ltr'><strong>dcte-</strong></span> 
     </span>
    </p>
   </div>
   <div class='ocr_carea' id='block_1_97' title="bbox 1854 5153 3424 5249">
    <p class='ocr_par' dir='ltr' id='par_1_97' title="bbox 1861 5153 3424 5249">
     <span class='ocr_line' id='line_1_98' title="bbox 1861 5153 3424 5249; baseline 0.015 -35"><span class='ocrx_word' id='word_1_619' title='bbox 1861 5159 1907 5212; x_wconf 84' lang='lat' dir='ltr'><strong>is</strong></span> <span class='ocrx_word' id='word_1_620' title='bbox 1949 5161 2099 5213; x_wconf 79' lang='lat' dir='ltr'><strong>dele-</strong></span> <span class='ocrx_word' id='word_1_621' title='bbox 2206 5173 2340 5241; x_wconf 80' lang='grc' dir='ltr'><strong>μοὺς</strong></span> <span class='ocrx_word' id='word_1_622' title='bbox 2364 5153 2542 5245; x_wconf 71' lang='grc' dir='ltr'>θυρῶν</span> <span class='ocrx_word' id='word_1_623' title='bbox 2574 5177 2741 5230; x_wconf 82' lang='grc' dir='ltr'>αὐτοῦ</span> <span class='ocrx_word' id='word_1_624' title='bbox 2765 5153 3064 5249; x_wconf 65' lang='grc' dir='ltr'><strong>ἐκτριδέτιιυ</strong></span> <span class='ocrx_word' id='word_1_625' title='bbox 3092 5184 3118 5234; x_wconf 82' lang='grc' dir='ltr'>ὁ</span> <span class='ocrx_word' id='word_1_626' title='bbox 3318 5200 3424 5236; x_wconf 85' lang='grc' dir='ltr'><strong>σου.</strong></span> 
     </span>
    </p>
   </div>
   <div class='ocr_carea' id='block_1_98' title="bbox 527 5254 653 5299">
    <p class='ocr_par' dir='ltr' id='par_1_98' title="bbox 527 5254 653 5299">
     <span class='ocr_line' id='line_1_99' title="bbox 527 5254 653 5299; baseline 0.024 -3"><span class='ocrx_word' id='word_1_627' title='bbox 527 5254 653 5299; x_wconf 79' lang='lat' dir='ltr'><strong>nlo.</strong></span> 
     </span>
    </p>
   </div>
   <div class='ocr_carea' id='block_1_99' title="bbox 2285 4915 3465 4996">
    <p class='ocr_par' dir='ltr' id='par_1_99' title="bbox 2285 4915 3465 4996">
     <span class='ocr_line' id='line_1_100' title="bbox 2285 4915 3465 4996; baseline 0.013 -28"><span class='ocrx_word' id='word_1_628' title='bbox 2285 4915 2347 4970; x_wconf 84' lang='grc' dir='ltr'><strong>Ὀ</strong></span> <span class='ocrx_word' id='word_1_629' title='bbox 2381 4919 2856 4989; x_wconf 75' lang='grc' dir='ltr'><strong>συμπορευομενος</strong></span> <span class='ocrx_word' id='word_1_630' title='bbox 2891 4927 3072 4994; x_wconf 81' lang='grc' dir='ltr'><strong>σοφοῖς</strong></span> <span class='ocrx_word' id='word_1_631' title='bbox 3103 4927 3266 4996; x_wconf 74' lang='grc' dir='ltr'><strong>σοφὸς</strong></span> <span class='ocrx_word' id='word_1_632' title='bbox 3305 4929 3465 4983; x_wconf 76' lang='grc' dir='ltr'>ἔσται.</span> 
     </span>
    </p>
   </div>
   <div class='ocr_carea' id='block_1_100' title="bbox 597 5338 2167 5424">
    <p class='ocr_par' dir='ltr' id='par_1_100' title="bbox 597 5338 2095 5409">
     <span class='ocr_line' id='line_1_101' title="bbox 597 5338 2095 5409; baseline 0 -15"><span class='ocrx_word' id='word_1_633' title='bbox 597 5341 656 5394; x_wconf 86' lang='lat' dir='ltr'><strong>In</strong></span> <span class='ocrx_word' id='word_1_634' title='bbox 697 5339 1044 5394; x_wconf 79' lang='lat' dir='ltr'><strong>multitudine</strong></span> <span class='ocrx_word' id='word_1_635' title='bbox 1096 5338 1371 5392; x_wconf 87' lang='lat' dir='ltr'><strong>seniorum</strong></span> <span class='ocrx_word' id='word_1_636' title='bbox 1422 5348 1583 5404; x_wconf 84' lang='lat' dir='ltr'><strong>stato,</strong></span> <span class='ocrx_word' id='word_1_637' title='bbox 1614 5349 1667 5394; x_wconf 92' lang='lat' dir='ltr'><strong>et</strong></span> <span class='ocrx_word' id='word_1_638' title='bbox 1705 5341 1752 5394; x_wconf 88' lang='lat' dir='ltr'><strong>si</strong></span> <span class='ocrx_word' id='word_1_639' title='bbox 1811 5342 1931 5409; x_wconf 87' lang='lat' dir='ltr'><strong>quis</strong></span> <span class='ocrx_word' id='word_1_640' title='bbox 1992 5346 2095 5395; x_wconf 87' lang='lat' dir='ltr'><strong>erit</strong></span> 
     </span>
    </p>
   </div>
   <div class='ocr_carea' id='block_1_101' title="bbox 2108 5338 3678 5424">
    <p class='ocr_par' dir='ltr' id='par_1_101' title="bbox 2281 5345 3678 5424">
     <span class='ocr_line' id='line_1_102' title="bbox 2281 5345 3678 5424; baseline 0.004 -26"><span class='ocrx_word' id='word_1_641' title='bbox 2281 5345 2370 5398; x_wconf 82' lang='lat' dir='ltr'><strong>&#39;Ev</strong></span> <span class='ocrx_word' id='word_1_642' title='bbox 2419 5345 2614 5416; x_wconf 80' lang='grc' dir='ltr'><strong>πλήθει</strong></span> <span class='ocrx_word' id='word_1_643' title='bbox 2651 5351 3039 5422; x_wconf 75' lang='grc' dir='ltr'><strong>πρεσϐυτέρων</strong></span> <span class='ocrx_word' id='word_1_644' title='bbox 3076 5354 3264 5424; x_wconf 66' lang='grc' dir='ltr'><strong>στῆθιο</strong></span> <span class='ocrx_word' id='word_1_645' title='bbox 3321 5356 3408 5409; x_wconf 85' lang='grc' dir='ltr'><strong>καὶ</strong></span> <span class='ocrx_word' id='word_1_646' title='bbox 3453 5354 3590 5412; x_wconf 80' lang='grc' dir='ltr'><strong>εἴτις</strong></span> <span class='ocrx_word' id='word_1_647' title='bbox 3620 5361 3678 5398; x_wconf 83' lang='grc' dir='ltr'><strong>σο-</strong></span> 
     </span>
    </p>
   </div>
   <div class='ocr_carea' id='block_1_102' title="bbox 530 5427 2100 5514">
    <p class='ocr_par' dir='ltr' id='par_1_102' title="bbox 530 5427 1352 5499">
     <span class='ocr_line' id='line_1_103' title="bbox 530 5427 1352 5499; baseline 0.002 -17"><span class='ocrx_word' id='word_1_648' title='bbox 530 5431 770 5497; x_wconf 86' lang='lat' dir='ltr'><strong>sapieus,</strong></span> <span class='ocrx_word' id='word_1_649' title='bbox 812 5427 936 5483; x_wconf 89' lang='lat' dir='ltr'><strong>huic</strong></span> <span class='ocrx_word' id='word_1_650' title='bbox 967 5438 1019 5484; x_wconf 89' lang='lat' dir='ltr'><strong>te</strong></span> <span class='ocrx_word' id='word_1_651' title='bbox 1053 5429 1352 5499; x_wconf 85' lang='lat' dir='ltr'><strong>adjuugito.</strong></span> 
     </span>
    </p>
   </div>
   <div class='ocr_carea' id='block_1_103' title="bbox 1418 5427 2988 5514">
    <p class='ocr_par' dir='ltr' id='par_1_103' title="bbox 2199 5434 2988 5514">
     <span class='ocr_line' id='line_1_104' title="bbox 2199 5434 2988 5514; baseline 0.015 -28"><span class='ocrx_word' id='word_1_652' title='bbox 2199 5434 2318 5502; x_wconf 75' lang='grc' dir='ltr'>φὺς.</span> <span class='ocrx_word' id='word_1_653' title='bbox 2353 5438 2786 5509; x_wconf 80' lang='grc' dir='ltr'><strong>προσκολλήθητι</strong></span> <span class='ocrx_word' id='word_1_654' title='bbox 2820 5444 2988 5514; x_wconf 78' lang='grc' dir='ltr'><strong>αὐτῷ.</strong></span> 
     </span>
    </p>
   </div>
   <div class='ocr_carea' id='block_1_104' title="bbox 598 5519 2168 5608">
    <p class='ocr_par' dir='ltr' id='par_1_104' title="bbox 598 5519 2093 5593">
     <span class='ocr_line' id='line_1_105' title="bbox 598 5519 2093 5593; baseline 0.003 -22"><span class='ocrx_word' id='word_1_655' title='bbox 598 5519 948 5574; x_wconf 84' lang='lat' dir='ltr'><strong>Narrationes</strong></span> <span class='ocrx_word' id='word_1_656' title='bbox 977 5520 1283 5589; x_wconf 87' lang='lat' dir='ltr'><strong>sapientum</strong></span> <span class='ocrx_word' id='word_1_657' title='bbox 1317 5538 1384 5577; x_wconf 92' lang='lat' dir='ltr'><strong>ne</strong></span> <span class='ocrx_word' id='word_1_658' title='bbox 1419 5533 1761 5586; x_wconf 84' lang='lat' dir='ltr'><strong>contemnas,</strong></span> <span class='ocrx_word' id='word_1_659' title='bbox 1795 5532 1847 5577; x_wconf 90' lang='lat' dir='ltr'><strong>et</strong></span> <span class='ocrx_word' id='word_1_660' title='bbox 1881 5522 1936 5576; x_wconf 93' lang='lat' dir='ltr'><strong>iu</strong></span> <span class='ocrx_word' id='word_1_661' title='bbox 1967 5538 2093 5593; x_wconf 86' lang='lat' dir='ltr'><strong>pro-</strong></span> 
     </span>
    </p>
   </div>
   <div class='ocr_carea' id='block_1_105' title="bbox 2105 5519 3675 5608">
    <p class='ocr_par' dir='ltr' id='par_1_105' title="bbox 2270 5526 3675 5608">
     <span class='ocr_line' id='line_1_106' title="bbox 2270 5526 3675 5608; baseline 0.019 -32"><span class='ocrx_word' id='word_1_662' title='bbox 2270 5526 2360 5596; x_wconf 79' lang='grc' dir='ltr'><strong>Μὴ</strong></span> <span class='ocrx_word' id='word_1_663' title='bbox 2398 5528 2628 5602; x_wconf 77' lang='grc' dir='ltr'>παρίδῃς</span> <span class='ocrx_word' id='word_1_664' title='bbox 2663 5531 2909 5604; x_wconf 79' lang='grc' dir='ltr'><strong>διήγημα</strong></span> <span class='ocrx_word' id='word_1_665' title='bbox 2943 5539 3139 5608; x_wconf 69' lang='grc' dir='ltr'><strong>σοςρών,</strong></span> <span class='ocrx_word' id='word_1_666' title='bbox 3175 5539 3269 5593; x_wconf 82' lang='grc' dir='ltr'>καὶ</span> <span class='ocrx_word' id='word_1_667' title='bbox 3301 5541 3356 5592; x_wconf 84' lang='grc' dir='ltr'><strong>ὲν</strong></span> <span class='ocrx_word' id='word_1_668' title='bbox 3401 5538 3506 5600; x_wconf 78' lang='grc' dir='ltr'><strong>ταῖς</strong></span> <span class='ocrx_word' id='word_1_669' title='bbox 3534 5544 3675 5601; x_wconf 52' lang='lat' dir='ltr'><strong>me“</strong></span> 
     </span>
    </p>
   </div>
   <div class='ocr_carea' id='block_1_106' title="bbox 523 5610 2093 5694">
    <p class='ocr_par' dir='ltr' id='par_1_106' title="bbox 523 5610 1251 5668">
     <span class='ocr_line' id='line_1_107' title="bbox 523 5610 1251 5668; baseline 0.005 -7"><span class='ocrx_word' id='word_1_670' title='bbox 523 5611 720 5664; x_wconf 81' lang='lat' dir='ltr'><strong>verbiis</strong></span> <span class='ocrx_word' id='word_1_671' title='bbox 753 5610 967 5664; x_wconf 88' lang='lat' dir='ltr'><strong>illorum</strong></span> <span class='ocrx_word' id='word_1_672' title='bbox 993 5613 1251 5668; x_wconf 88' lang='lat' dir='ltr'><strong>verseris.</strong></span> 
     </span>
    </p>
   </div>
   <div class='ocr_carea' id='block_1_107' title="bbox 1377 5610 2947 5694">
    <p class='ocr_par' dir='ltr' id='par_1_107' title="bbox 2199 5619 2947 5694">
     <span class='ocr_line' id='line_1_108' title="bbox 2199 5619 2947 5694; baseline 0.017 -24"><span class='ocrx_word' id='word_1_673' title='bbox 2199 5619 2349 5686; x_wconf 75' lang='grc' dir='ltr'>μίαις</span> <span class='ocrx_word' id='word_1_674' title='bbox 2383 5621 2559 5672; x_wconf 76' lang='grc' dir='ltr'>αὐτῶν</span> <span class='ocrx_word' id='word_1_675' title='bbox 2585 5625 2947 5694; x_wconf 79' lang='grc' dir='ltr'><strong>ἀναστρέφου.</strong></span> 
     </span>
    </p>
   </div>
  </div>
