3996 6194
354 210 496 275 1093

416 330 576 397 Λόγῳ
606 333 756 404 σοφῷ
784 339 1068 409 παράϐαλε
1098 345 1189 397 σὺν
1223 346 1336 410 οὖς.

422 421 656 493 Ἄνδρες
685 426 883 484 δίκαιοι
914 430 1156 489 ἔστωσαν
1183 437 1492 495 σύνδειπνοί
1521 461 1638 503 σου.

414 514 572 567 Μετά
597 517 790 588 ἀνδρὸς
819 523 1079 590 εὐσεϐοῦς
1114 529 1441 601 ὲνδελέχιζε.

418 603 647 659 Πετεινά
690 610 828 678 πρὸς
867 615 935 668 τὰ
963 614 1124 683 ὅμοια
1164 622 1455 676 καταλύει·
1487 625 1793 700 λειτουργοὶ
1820 636 1916 688 αύ-

340 694 462 758 τοῦ,
497 698 591 751 καὶ
622 704 764 756 κατά
796 704 889 759 τὸν
914 707 1214 779 ἡγούμενον
1248 714 1345 783 τῆς
1372 718 1599 786 πόλεως,
1628 694 1831 791 παντες
1865 732 1914 781 οί

340 788 726 853 κατοικοῦντες
754 794 814 846 ὲν
845 797 1008 867 αὐτῇ.

424 876 893 949 Ἀποστυγοῦντες
948 890 1009 942 τὸ
1073 894 1351 966 πονηρὸν,
1426 898 1757 971 κολλώμενοι
1834 911 1911 978 τῷ

335 966 550 1033 ἀγαθῷ.

338 1166 507 1217 φωσι,
558 1157 739 1209 πυκνά
782 1160 922 1229 πρὸς
969 1165 1031 1217 τὺ
1076 1169 1435 1242 παράδειγμα
1472 1157 1909 1247 βλέποντες,ντὸν

609 1250 939 1323 χαρακτῆρα
995 1256 1135 1326 πρὸς
1180 1261 1242 1314 τὸ
1275 1264 1489 1319 ἑαυτῶν
1542 1272 1908 1336 σπουδάζουσι

341 1334 655 1400 μεταθεῖναι
685 1340 1088 1418 φιλοτέχνημα,
1120 1351 1264 1407 οὕτω
1289 1355 1353 1426 δὴ
1385 1359 1483 1413 καὶ
1518 1359 1611 1414 τὸν
1638 1334 1908 1419 ἐσπουδα-

336 1425 470 1479 κότα
501 1428 695 1484 ἑαυτὸν
723 1435 860 1488 πᾶσι
887 1439 1002 1502 τοίς
1055 1442 1250 1514 μέρεσι
1278 1425 1377 1519 τῆς
1424 1452 1625 1524 ἀρετῆς
1660 1457 1906 1529 ἀπεργά-

336 1518 536 1573 σασθαι
586 1522 816 1589 τέλειον,
854 1527 1017 1584 οίονεὶ
1054 1536 1194 1605 πρὸς
1234 1518 1529 1611 ἀγάλματά
1558 1518 1682 1603 τινα
1720 1518 1905 1606 κινού-

337 1626 475 1679 μενα
506 1613 602 1705 καὶ
630 1614 947 1689 ἐμπρακτα,
979 1624 1109 1689 τοὺς
1145 1627 1295 1697 βίους
1327 1633 1435 1689 τῶν
1464 1637 1637 1705 ἁγίων
1670 1640 1902 1700 ἀποϐλέ-

335 1718 460 1794 ιιειν
489 1704 616 1775 χρὴ.
672 1709 766 1763 καὶ
796 1711 860 1765 τὸ
896 1713 1125 1774 ἐκείνων
1154 1721 1356 1790 ἀγαθὸν
1386 1704 1590 1785 οίκείον
1625 1737 1899 1794 ποιεῖσθαι

329 1792 419 1847 διὰ
452 1798 736 1868 μιμήσεως

414 1884 540 1942 Ἐὰν
562 1890 674 1961 ἴδῃς
708 1894 938 1961 ὲθνικὸν,
990 1901 1106 1971 βίου
1149 1905 1422 1975 σώφρονος
1457 1913 1675 1982 καὶτῆς
1703 1915 1898 1986 λοιπῆς

330 1980 477 2032 κατά
495 1983 556 2034 τὸ
586 1978 717 2053 ἦθος
743 1988 998 2054 εὐταξίας
1030 1996 1424 2067 ἐπιλαϐόμενον
1453 2002 1614 2056 πλέον
1631 1978 1895 2077 ⁷σεαυτοιῗι,

327 2071 391 2123 τὸ
420 2075 705 2132 σπουδαῖον
744 2084 1031 2140 ἐπίτεινον.

434 2247 497 2301 Εί
522 2254 635 2315 ml;
670 2256 855 2318 καλοῖς
891 2258 1044 2315 ἕποιο
1078 2265 1519 2339 νουθετούμενος,

430 2341 544 2395 Οὐκ
573 2344 890 2421 ὲντραπήσῃ
919 2354 1032 2415 τοῖς
1056 2358 1245 2431 κακοῖς
1279 2359 1608 2430 γελώμενος.

432 2432 618 2502 Σοφῶν
649 2435 820 2509 θύρας
854 2441 1095 2512 ἔκτριϐε,
1126 2447 1397 2506 πλουσίων
1430 2453 1487 2507 δὲ
1517 2457 1617 2526 μή.

394 2611 485 2681 Μὴ
536 2613 758 2689 κλείσῃς
806 2618 874 2672 τά
916 2614 1029 2673 ὦτα
1054 2623 1197 2693 πρὸς
1257 2627 1504 2683 παιδείαν
1548 2632 1756 2705 Κυρίου
1794 2639 1893 2695 καὶ

321 2705 626 2774 νουθεσίαν,
655 2707 729 2772 ὡς
758 2711 924 2775 ἀσπὶς
955 2714 1089 2782 πρὸς
1116 2717 1429 2789 ὲπᾴσματα.

394 2795 471 2849 Οὐ
506 2798 702 2866 μικρὸν
731 2802 843 2864 τοῖς
889 2806 1203 2871 σπουδαίοις
1237 2813 1333 2866 καὶ
1364 2816 1539 2885 μικρὰ
1573 2818 1684 2873 τῶν
1729 2823 1888 2891 μεγί-

319 2901 464 2940 στων
490 2892 522 2960 ἠ
558 2891 812 2962 μίμησις.

1130 230 1300 295 ιοιζι
1341 236 1775 303 COMMUNES.
1816 270 1885 281 -
1911 245 2103 307 PARS
2139 249 2226 311 Ιῐ.
2280 254 2538 316 SERMO
2573 259 2841 324 XXXVI.

3473 266 3611 333 10οί

1945 361 1991 415 Α
2093 360 2347 419 Sermoni
2381 370 2643 438 sapientis
2676 387 2840 432 aures
2885 379 3323 436 accommodato.

2096 454 2211 510 Viri
2243 460 2518 526 sapientes
2549 464 2661 519 sint
2692 467 2770 522 tui
2806 472 3068 525 convivae.

2095 544 2228 602 Viro
2257 550 2346 619 pio
2378 554 2608 609 multum
2646 558 2977 631 assidueque
3009 564 3198 620 utitor.

2100 638 2361 697 Volucres
2390 645 2455 699 ad
2493 662 2650 714 pares
2677 650 2962 708 divertunt
2997 674 3010 711 :
3047 657 3304 724 ministri,
3329 667 3385 715 et
3406 675 3598 719 omnes

2017 731 2115 800 qui
2147 734 2335 789 urbem
2372 736 2640 807 incolunt,
2676 744 2916 811 praefecti
2951 764 3129 803 mores
3174 750 3487 808 imitantur.

2097 907 2246 966 Rom.
2283 928 2378 967 χιι.
2410 911 2548 969 Odio
2574 916 2645 971 sit
2679 919 2832 975 vobis
2862 922 3064 977 malum
3092 943 3107 981 :
3134 934 3189 980 at
3224 928 3369 984 bono
3399 932 3593 1002 agglu-

2017 1001 2288 1058 tinamini.

2087 1092 2145 1149 S.
2178 1095 2374 1152 Basilii
2406 1097 2505 1170 (l).
2538 1100 3012 1167 Quemadmodum
3044 1109 3281 1177 pictores
3309 1129 3429 1169 cum
3457 1115 3594 1171 ima-

2011 1185 2190 1254 ginem
2252 1190 2321 1244 ab
2371 1191 2605 1261 imagine
2638 1196 2889 1265 pingunt,
2927 1198 3222 1257 identidem
3261 1208 3587 1275 exemplaria

2012 1287 2346 1345 spectantes,
2412 1281 2629 1337 illorum
2682 1284 3015 1342 lineamenta
3058 1288 3126 1343 ad
3172 1306 3330 1345 suum
3383 1295 3585 1362 opiﬁcii

2010 1383 2167 1423 usum
2194 1371 2494 1428 transferre
2523 1374 2746 1431 student
2795 1395 2810 1432 :
2867 1379 2948 1433 sic
2979 1380 3072 1450 qui
3106 1384 3289 1439 studet
3315 1400 3377 1441 se
3409 1389 3589 1443 omni-

2008 1460 2112 1516 bus
2177 1462 2399 1521 virtutis
2448 1468 2702 1537 partibus
2765 1470 3067 1540 perfectum
3117 1476 3370 1544 ellieere,
3430 1479 3592 1536 debet

2006 1551 2310 1622 elaborare,
2356 1566 2415 1613 ut
2462 1562 2619 1629 quasi
2657 1562 2723 1616 ad
2771 1563 3065 1620 simulacra
3093 1578 3245 1623 motu
3272 1582 3327 1625 et
3369 1572 3590 1629 actione

2012 1647 2264 1716 praedita,
2292 1650 2434 1706 vitas
2460 1652 2584 1709 dico
2613 1663 2956 1724 sanctorum,
3008 1673 3153 1730 saepe
3196 1663 3389 1719 oculos
3416 1665 3582 1721 animi

2005 1749 2307 1798 convertat.

2074 1920 2130 1977 Si
2172 1924 2378 1981 videris
2412 1928 2717 1995 ethnicnm,
2769 1933 2939 1987 vitam
2994 1941 3353 2000 temperatam
3403 1947 3457 1991 et
3491 1954 3581 1993 re~

2000 2012 2208 2083 liquam
2279 2016 2335 2071 in
2407 2021 2650 2075 moribus
2717 2022 3148 2078 moderationem
3220 2025 3577 2095 diligentius,

2001 2121 2167 2175 quam
2207 2108 2465 2178 teipsum,
2503 2127 2846 2176 conservare,
2883 2114 2971 2172 fac
3001 2124 3062 2170 ut
3083 2116 3326 2172 studium
3351 2128 3501 2173 tuum
3524 2128 3580 2174 et

2002 2197 2339 2270 diligentiam
2373 2202 2521 2258 circa
2547 2204 2736 2260 eadem
2768 2222 2994 2277 augeas.

2214 2289 2271 2345 Si
2304 2292 2566 2349 honestos
2599 2298 2845 2366 sequeris
2881 2298 3143 2364 monitus,

2219 2380 2340 2437 Non
2372 2385 2669 2442 erubesces
2704 2402 2733 2441 a
2767 2389 2924 2444 malis
2951 2389 3189 2446 derisus.

2210 2474 2363 2532 Ostia
2392 2479 2724 2547 sapientum,
2757 2496 2867 2535 non
2898 2481 3133 2537 divitum
3164 2483 3355 2539 terito.

3149 2573 3466 2646 (Theologi.)

2063 2658 2144 2715 Ad
2188 2661 2550 2717 eruditionem
2600 2672 2655 2718 et
2713 2664 3069 2719 monitionem
3132 2666 3344 2721 Domini
3380 2683 3448 2721 ne
3476 2668 3572 2722 ob-

1991 2758 2173 2807 turato
2204 2767 2384 2818 aures,
2412 2763 2473 2808 ut
2495 2755 2641 2822 aspis
2670 2755 2735 2808 ad
2774 2755 3204 2812 incantamenta.

2062 2842 2180 2899 Non
2236 2844 2490 2913 exiguum
2532 2844 2663 2915 quid
2701 2847 2916 2901 videtur
2958 2848 3149 2913 bonis,
3197 2846 3326 2903 licet
3372 2848 3567 2919 exigua

2006 2938 2369 2994 maximarum
2401 2955 2580 2995 rerum
2614 2941 2869 2997 imitatio.

392 2980 660 3049 Κρείσσον
699 2986 929 3059 δεύτερα
967 2990 1114 3061 ἔχειν
1166 2997 1419 3066 μεγάλων
1450 3002 1481 3071 ἥ
1511 3004 1706 3074 πρῶτα
1741 3026 1886 3065 πενι-

2062 3023 2293 3078 Praestat
2325 3040 2649 3098 magnorum
2682 3039 2865 3098 partes
2901 3029 3203 3095 secundas,
3236 3043 3398 3098 quam
3438 3043 3568 3098 par-

391 3089 489 3127 ων.

391 3089 489 3127 ων.

318 3088 539 3219 χρΦιλεί
566 3168 703 3238 πρὸς
732 3170 830 3234 τὰς
855 3174 1206 3247 ἀναστροφὰς
1236 3180 1304 3234 τὰ
1328 3181 1433 3255 ἤθη
1462 3185 1850 3258 ρυθμίζεσθαι.

388 3338 653 3410 Ἔλεγχος
690 3342 882 3413 ἀνδρὸς
922 3348 1083 3419 ἤθους
1127 3352 1160 3421 ἡ
1195 3354 1334 3421 μετά
1362 3357 1473 3409 τῶν
1516 3362 1736 3416 τοιῶνδε
1763 3382 1888 3420 συν-

310 3430 509 3483 ουσία·
556 3432 587 3484 ὅ
634 3450 693 3486 τε
741 3436 851 3506 γὰρ
883 3440 1086 3505 φαῦλος
1115 3442 1174 3508 ἐξ
1222 3445 1472 3515 ἀνάγκης
1513 3455 1623 3515 τοῖς
1674 3455 1885 3524 ὁμοίοις

313 3521 608 3576 συνέσταιο
634 3526 663 3578 ὅ
692 3543 750 3579 τε
784 3529 830 3581 δ’
864 3527 929 3584 αὖ
967 3531 1128 3586 πάλιν
1169 3535 1404 3606 σώφρων
1444 3541 1537 3594 καὶ
1573 3521 1738 3613 σοφὸς
1770 3521 1884 3613 τοῖς

309 3620 381 3672 τὰ
410 3620 635 3673 τοιαῦτα
670 3622 966 3690 μετιοῦσιν.

382 3710 562 3763 Καλὸν
587 3712 674 3766 ἀεὶ
712 3714 789 3782 τῷ
822 3718 1095 3786 κρείττονι
1128 3722 1190 3774 τὸ
1236 3728 1421 3795 χεῖρον
1449 3729 1763 3783 ἀκολουθεῖν
1792 3730 1880 3785 διὰ

312 3799 648 3869 βελτιώσεως
677 3805 891 3862 ἐλπίδα.

896 3924 1115 3978 ΛΟΓΟΣ
1143 3927 1283 3995 aqu

312 4027 448 4095 Περὶ
473 4034 857 4116 ’συναγωγῆς
914 4035 1116 4116 κακῶν
1169 4038 1427 4116 ἀνδρῶν’
1475 4042 1575 4116 καί
1613 4043 1703 4116 ὅτι
1759 4048 1877 4116 χρὴ

376 4099 621 4181 ξεύγειν
647 4099 759 4181 τεὶςή
783 4102 900 4181 τῷν
923 4108 1245 4176 μοχθηρῶν
1270 4099 1586 4179 ἑταιρείας,
1633 4115 1715 4181 ὠς
1746 4099 1878 4173 ὅῆέζ

380 4170 522 4234 θρον
557 4170 999 4239 προξενούσὰς.

390 4258 712 4326 Ἀφανίσατε
735 4264 829 4316 τὸν
854 4267 1091 4338 πονηρὸν
1120 4269 1177 4335 ἐξ
1207 4270 1361 4339 ὑμῶν
1389 4272 1591 4330 αὐτῶν.

375 4349 446 4401 Τὸ
470 4352 770 4421 ἀπέχεσθαι
797 4356 906 4408 ἀπὸ
936 4360 1121 4413 κακῶν
1155 4364 1302 4417 ἐστιν
1328 4365 1623 4438 ἐπιστήμη.

373 4525 660 4598 Μακάριος
684 4531 848 4603 ἀνὴρ,
871 4534 930 4597 ὃς
955 4535 1054 4590 οὐκ
1080 4539 1346 4612 ἐπορεύθη
1367 4544 1425 4597 ὲν
1449 4544 1613 4619 βουλῇ
1637 4549 1871 4620 ἀσεϐῶν,

298 4615 393 4666 καὶ
424 4618 481 4668 ἐν
510 4617 613 4688 ὁδῷ
650 4620 991 4689 ἁμαρτωλῶν
1030 4626 1131 4689 οὐκ
1160 4629 1313 4701 ἔστη,
1348 4634 1442 4686 καὶ
1471 4636 1566 4689 ἐπὶ
1588 4615 1871 4711 ⁷καθέδραν

296 4705 502 4775 λοιμῶν
534 4710 633 4763 οὐκ
678 4713 955 4769 ἐκάθισεν.

369 4800 484 4852 Οὐκ
533 4802 763 4857 ἐκάθισα
810 4809 952 4875 μετά
995 4812 1274 4883 συνεδρίου
1326 4818 1712 4892 ματαιότητος,
1773 4827 1869 4880 καὶ

297 4890 441 4956 μετά
468 4895 931 4964 παρανομούντων
959 4901 1019 4953 οὐ
1060 4904 1138 4971 μὴ
1189 4905 1440 4963 εἰσέλθω.

370 4981 595 5054 Ἄφρων
618 4985 795 5057 ἐαυτῷ
823 4991 1103 5056 πεποιθὼς
1139 4994 1395 5064 μίγνυται
1421 5000 1629 5072 ἀνόμῳ.

366 5159 488 5226 Υίὲ,
526 5165 600 5235 μή
659 5184 718 5220 σε
765 5169 1139 5242 πλανήσουσιν
1194 5179 1389 5249 ἄνδρες
1435 5182 1674 5249 ἀσεϐεῖς,
1727 5190 1866 5259 μήτε

294 5255 568 5327 πορευθῇς
591 5259 650 5313 ὲν
677 5260 781 5331 ὁδῷ
807 5266 924 5332 μετ’
952 5267 1155 5325 αὐτῶν.
1189 5272 1473 5328 Ἔκκλινον
1496 5279 1589 5330 τὸν
1616 5255 1747 5331 πόδα
1772 5255 1864 5333 σου

291 5345 401 5398 ἀπὸ
428 5347 536 5400 τῶν
565 5350 768 5421 τρίϐων
785 5355 984 5412 αὐτῶν.
1007 5359 1082 5412 Οὐ
1119 5361 1227 5433 γὰρ
1263 5365 1337 5434 μὴ
1376 5366 1741 5438 ὑπνώσουσιν,
1772 5373 1866 5428 ἐὰν

293 5439 370 5509 μὴ
424 5447 888 5516 κακοποιήσωσιν.

364 5631 438 5697 (l)
480 5630 536 5683 in
570 5634 730 5700 epist.
762 5634 826 5688 ad
882 5632 1042 5706 Greg.
1080 5636 1152 5690 De
1183 5640 1283 5693 vita
1316 5641 1575 5696 solitaria.

1993 3127 2184 3169 verum
2215 3118 2423 3185 primas
2465 3129 2670 3176 tenere.

2062 3205 2255 3263 Solent
2279 3207 2349 3262 ad
2381 3211 2647 3265 rationem
2680 3212 3120 3268 conversationis
3147 3212 3564 3270 conviventium

1988 3312 2170 3353 mores
2201 3301 2475 3369 componi.

2059 3387 2343 3459 Cujusque
2369 3392 2646 3462 ingenium
2690 3396 2855 3465 quale
2912 3397 2987 3455 sit
3030 3412 3097 3453 ex
3144 3396 3566 3453 conversatione

1986 3482 2260 3549 arguitur;
2310 3485 2509 3537 etenim
2570 3488 2850 3555 improbus
2922 3490 3236 3545 necessario
3301 3503 3421 3541 cum
3475 3490 3559 3543 sui

1984 3572 2255 3643 similibus
2284 3575 2635 3642 versabitur;
2675 3587 2872 3631 contra
2923 3589 3106 3633 autem
3163 3586 3476 3645 temperans
3507 3590 3564 3632 et

1983 3661 2197 3729 sapiens
2228 3676 2350 3715 cum
2385 3663 2451 3717 iis
2474 3666 2567 3731 qui
2598 3666 2784 3720 eadem
2813 3677 3087 3721 exercent.

2055 3750 2322 3806 Philonis.
2358 3753 2569 3807 Bonum
2598 3764 2684 3810 est
2731 3771 2949 3822 semper
2993 3768 3053 3811 ut
3088 3759 3391 3826 improbior
3445 3774 3560 3813 me-

1982 3842 2173 3897 liorem
2212 3853 2505 3913 sequatur,
2538 3854 2753 3914 pr0pter
2799 3847 3201 3903 emendationis
3239 3864 3414 3919 spem.

2350 3953 2584 4010 sanno
2616 3954 2837 4009 xxxvr
2878 3954 2973 4028 [αι.
3008 3956 3156 4029 XX].

1982 4063 2056 4117 De
2085 4065 2773 4148 congregationemalorum
2799 4068 3030 4148 virorum
3047 4084 3069 4135 ;
3100 4081 3148 4123 et
3186 4073 3329 4148 quod
3351 4086 3553 4143 oportet

2152 4136 2462 4189 sodalitates
2488 4136 2846 4203 improborum
2881 4139 3132 4193 exitiosus
3164 4136 3379 4197 enitare.

2048 4287 2199 4341 Deut.
2235 4288 2565 4353 I.‘Amovete
2595 4306 2659 4344 ex
2692 4291 2845 4346 vobis
2876 4292 3206 4361 improbum.

1902 4366 1948 4420 Ῐ)
2047 4378 2073 4431 1
2106 4378 2230 4433 Cor.
2279 4396 2328 4437 v.
2382 4382 2452 4435 Se
2516 4382 2788 4436 abstinere
2846 4387 2913 4438 ab
2970 4385 3232 4455 improbis
3292 4390 3446 4457 viris,
3496 4390 3551 4445 id

1975 4467 2191 4522 demum
2221 4470 2448 4524 scicntia
2483 4480 2589 4524 est.

2042 4557 2192 4611 Psal.
2226 4574 2266 4611 ι.
2298 4556 2494 4613 Beatus
2517 4559 2608 4628 qui
2636 4560 2690 4613 in
2723 4561 2957 4617 concilio
2982 4563 3270 4634 impiorum
3298 4584 3406 4623 non
3431 4586 3551 4625 am-

1969 4646 2143 4711 bulat,
2180 4661 2281 4701 nec
2326 4648 2377 4700 in
2413 4648 2503 4701 via
2559 4649 2964 4707 scelerosorum
2999 4656 3161 4727 178
3191 4668 3321 4724 stat,
3352 4676 3453 4716 nec
3485 4662 3541 4717 in

1968 4736 2097 4791 sede
2130 4736 2512 4805 pestiferorum
2550 4741 2724 4796 sedit.’

2046 4826 2165 4882 Non
2196 4826 2313 4883 sedi
2375 4828 2430 4885 in
2490 4844 2754 4889 consessu
2806 4835 3085 4904 vanitatis,
3120 4852 3223 4894 nec
3269 4839 3544 4912 ingrediar

1970 4933 2093 4975 cum
2122 4917 2428 4989 exlegibus.

2049 5008 2321 5065 Solomon.
2384 5012 2655 5084 lnsipiens
2698 5016 3041 5073 confidenter
3088 5036 3147 5075 se
3182 5037 3307 5079 cum
3356 5024 3542 5096 exlege

1967 5104 2306 5161 commiscet.

2042 5195 2167 5264 Fili,
2213 5201 2337 5255 vide
2375 5218 2440 5258 ne
2481 5215 2532 5261 te
2585 5209 2850 5266 seducant
2901 5210 3077 5280 impii,
3128 5226 3230 5265 nec
3287 5212 3538 5280 sequaris

1967 5303 2155 5345 eorum
2196 5292 2469 5352 instituta.
2506 5298 2737 5356 Deﬂeete
2770 5317 2799 5356 a
2827 5301 2929 5357 viis
2958 5302 3174 5356 illorum
3201 5321 3213 5366 ;
3253 5317 3358 5355 non
3387 5304 3529 5354 enim

1965 5394 2216 5436 somnum
2266 5398 2464 5457 capere
2494 5401 2745 5460 possunt,
2793 5393 2898 5449 nisi
2955 5392 3280 5447 maleﬁcium
3316 5392 3532 5463 aliquod

1965 5474 2359 5533 commiserint.
