3976 6214
478 246 628 314 ιιςιε»

1786 247 2095 306 ΑΝΤΟΝΙΙ
2140 246 2482 306 ΜΕῌΞΞᾹΞ

3615 242 3746 306 1096

556 365 675 419 Noli
738 365 981 421 aemulari
1037 365 1292 434 exleges;
1350 363 1661 432 ubicunque
1729 370 1910 416 castra
1961 377 2043 416 su:

2238 363 2330 432 Μὴ
2366 358 2615 433 ζηλώσῃς
2647 361 2800 423 ὁδοὺς
2832 361 3046 431 ἀνόμων
3074 375 3090 389 ⁸
3120 358 3178 412 ἐν
3207 351 3251 426 ᾧ
3301 361 3369 412 ἂν
3398 362 3546 430 τόπῳ
3580 380 3746 431 στρα-

487 456 797 526 posuerinl,
852 471 917 510 eo
973 456 1059 510 fac
1110 471 1180 510 ne
1230 455 1487 520 accedas;
1538 454 1750 509 declina
1807 453 1930 508 illos
1997 468 2060 506 ac

489 549 702 617 praeteri
733 564 748 611 ;
785 563 894 600 non
927 547 1071 600 enim
1120 561 1373 601 somnum
1419 546 1661 616 capient,
1694 546 1798 602 nisi
1851 545 2060 599 maleli~

484 640 630 694 cium
667 639 1063 694 commiserint.

556 731 713 785 Viam
748 732 1037 800 impiorum
1064 746 1132 786 ne
1158 731 1506 804 ingrediaris,
1542 747 1643 788 nec
1675 731 1918 803 exlegum
1945 729 2058 785 vias

484 824 790 890 quaesieris.

556 915 662 979 Qui
693 929 816 968 cum
857 915 1250 984 insipientibus
1271 917 1644 985 congreditur,
1671 922 2018 984 agnoscetur.

558 1005 684 1070 Fili,
716 1008 888 1060 malos
919 1010 1065 1062 viros
1096 1024 1162 1063 ne
1189 1009 1478 1074 mmuleris,
1507 1025 1606 1063 nec
1639 1011 1850 1062 illorum
1879 1017 2055 1066 eteius

487 1107 715 1168 appetas
748 1116 762 1150 :
799 1098 934 1154 falsa
991 1101 1138 1152 enim
1196 1100 1491 1153 meditatur
1551 1115 1645 1154 cor
1701 1101 1938 1164 illorum,
2003 1108 2059 1154 et

486 1188 715 1242 molesta
745 1188 883 1242 labia
917 1188 1234 1242 eornmdem
1278 1187 1593 1256 loquuntur.

559 1278 721 1333 Prov.
758 1294 950 1332 χχχιιι.
980 1277 1056 1332 Ne
1089 1288 1138 1331 te
1165 1278 1434 1349 adjnngas
1482 1279 1724 1333 sodalem
1763 1280 2045 1344 iracundo,

485 1378 579 1422 aut
609 1369 786 1422 amico
816 1370 1082 1424 iracundo
1110 1371 1582 1437 contubernalem,
1625 1387 1692 1426 ne
1732 1373 1909 1426 discas
1939 1384 2054 1426 tan-

483 1461 606 1516 dem
646 1462 792 1517 illius
828 1462 967 1525 vias,
1001 1472 1058 1516 et
1089 1463 1340 1531 laqueum
1373 1463 1559 1530 capias
1589 1463 1782 1517 animae
1821 1471 1946 1518 tuac.

554 1552 665 1608 Isa.
694 1554 920 1608 A-bstine
962 1554 1030 1608 ab
1068 1555 1294 1624 injusto,
1343 1563 1397 1610 et
1445 1569 1554 1609 non
1605 1556 1914 1621 terreberis,
1954 1572 2052 1611 nec

481 1655 688 1700 tremor
717 1647 1176 1716 appropinquabit
1206 1647 1322 1702 tibi.

547 1737 576 1790 I
606 1737 785 1791 Thess.
820 1755 870 1792 v.
926 1737 1282 1807 Praecipimus
1337 1738 1520 1804 vobis,
1571 1737 1790 1805 fratres,
1829 1743 2048 1796 nomine

482 1828 691 1901 Domini
740 1830 910 1882 nostri
957 1828 1086 1883 Jesu
1122 1830 1352 1892 Christi,
1402 1839 1460 1884 ut
1492 1832 1762 1887 secedatis
1807 1834 1875 1887 ab
1909 1851 2048 1888 utio-

477 1936 700 1989 quoque
751 1921 919 1974 fratre
977 1922 1338 1976 immoderate
1391 1933 1448 1976 et
1500 1923 1619 1977 sine
1649 1924 1839 1979 ordine
1870 1941 1928 1980 se
1959 1944 2047 1995 ge-

478 2020 653 2074 rente,
680 2019 733 2065 et
771 2027 878 2065 non
929 2027 990 2066 ea
1038 2014 1250 2067 ratione
1285 2027 1450 2083 quam
1504 2029 1533 2068 a
1584 2015 1742 2070 nobis
1793 2019 2046 2075 traditam

478 2102 832 2168 acceperatis.

549 2189 741 2256 Ιείιμιιε
775 2192 1108 2248 imitationes
1147 2195 1656 2250 condemnatorum.

544 2281 574 2334 Ι
610 2282 732 2336 Cor.
768 2300 818 2337 v.
852 2284 908 2338 Si
945 2287 1096 2352 quis,
1123 2285 1290 2340 frater
1334 2300 1461 2341 cum
1497 2288 1826 2353 nominetur,
1885 2290 2049 2345 fuerit

480 2377 565 2426 vel
602 2383 897 2440 scortator,
931 2378 1014 2430 vel
1039 2377 1462 2430 simulacrorum
1507 2376 1709 2441 cultor,
1746 2378 1830 2431 vel
1862 2381 2049 2432 convi-

476 2466 675 2529 ciator,
711 2465 792 2518 vel
814 2479 1003 2535 rapax,
1035 2481 1160 2520 cum
1191 2465 1463 2534 ejusmodi
1512 2481 1580 2522 ne
1611 2466 1795 2522 cibum
1825 2470 2043 2536 quidem

474 2557 705 2622 sumite;
751 2557 923 2612 tollite
957 2573 1024 2612 ex
1061 2558 1213 2612 vobis
1245 2559 1577 2628 improbum.

460 2687 466 2691 .
547 2647 760 2702 Sirach.
790 2649 925 2704 Cum
959 2649 1249 2718 disciplina
1289 2651 1604 2707 carentibus
1657 2666 1727 2707 ne
1773 2650 2041 2714 colludas.

475 2753 541 2792 nc
577 2747 831 2807 parentes
857 2741 934 2794 tui
969 2741 1169 2809 probro
1198 2740 1520 2798 adiciantur.

545 2829 605 2884 S.
641 2831 853 2886 Basilii.
875 2832 1204 2889 Perniciosa!
1243 2844 1371 2890 sunt
1411 2836 1675 2891 malorum
1704 2837 2044 2908 congressio-

469 2939 564 2978 ncs
585 2940 599 2977 :
620 2925 886 2994 siquidem
910 2926 1024 2978 haec
1040 2934 1122 2980 est
1147 2926 1398 2981 amicitiec
1415 2928 1498 2981 lex
1523 2942 1587 2982 ac
1605 2930 1962 2996 consuetudo,
1985 2942 2044 2984 ιιι

2162 453 2554 514 τοπεδεύσωσι,
2590 452 2666 519 μὴ
2688 450 2927 523 manu;
2959 452 3106 504 ὲκεῖο
3139 451 3385 504 ἔκκλινον
3440 454 3533 505 ἀπ’
3561 455 3739 506 αὐτῶν

2161 546 2258 600 καὶ
2289 545 2654 615 παράλλαξον.
2681 547 2757 597 Οὐ
2792 545 2900 616 γὰρ
2932 543 3009 616 μὴ
3039 544 3403 610 ὑπνώσουσιν,
3428 545 3518 597 ἐὰν
3541 545 3618 615 μὴ
3645 566 3743 600 κα-

2161 638 2556 705 κοποιήσωσιν.

2244 727 2428 789 Ὁδοὺς
2458 725 2675 780 ἀσεϐῶν
2703 724 2778 796 μὴ
2817 724 3072 796 ὲπέλθῃς,
3121 725 3257 795 μηδὲ
3297 723 3539 798 ζητήσῃς
3586 727 3737 790 ὁδοὺς

2159 819 2517 889 παρανόμων.

2240 912 2298 964 Ὀ
2330 912 2876 981 συμπεριφερόμενος
2914 911 3116 980 ἄφροσι
3145 910 3551 979 γνωσθήσεται.

2229 1003 2349 1070 Υἱὲ,
2381 1003 2454 1074 μὴ
2480 1003 2731 1073 ζηλώσῃς
2755 1003 2957 1063 κακοὺς
2983 1003 3203 1069 ἄνδρας,
3233 1003 3367 1072 μηδὲ
3392 1003 3548 1056 ἐπιθυ
3559 1005 3735 1073 μήσῃς

2158 1093 2298 1150 εἶναι
2324 1093 2442 1166 μετ’
2471 1096 2674 1149 αὐτῶν.
2698 1095 2887 1164 Ψευδῆ
2907 1096 3016 1163 γάρ
3043 1094 3244 1164 μελετᾷ
3261 1097 3294 1165 ἡ
3319 1095 3514 1164 καρδία
3534 1097 3733 1160 αὐτῶν,

2157 1187 2252 1241 καὶ
2276 1188 2470 1249 πόνους
2496 1187 2565 1239 τά
2593 1186 2744 1256 χείλη
2785 1185 2966 1240 αὐτῶν
2994 1186 3165 1240 λαλεῖ.

2228 1278 2320 1347 Μὴ
2350 1276 2461 1330 ῐσθι
2495 1279 2708 1347 ἑταῖρος
2749 1277 2906 1346 ἀνδρὶ
2937 1276 3201 1347 θυμώδει,
3245 1276 3380 1347 μηδὲ
3411 1276 3733 1335 συναυλίζου

2155 1373 2294 1443 φίλῳ
2323 1373 2545 1444 ὀργίλῳ,
2577 1373 2783 1442 μήποτε
2817 1371 2994 1445 μάθῃς
3017 1371 3127 1425 τῶν
3150 1370 3286 1424 ὁδῶν
3316 1370 3504 1436 αὐτοῦ,
3524 1373 3622 1426 καὶ
3648 1372 3738 1424 λά-

2157 1467 2257 1536 ϐῃς
2293 1466 2521 1535 βρόχους
2551 1468 2617 1533 τῇ
2657 1469 2720 1536 σῇ
2752 1465 2920 1535 tl/vxii-

2235 1559 2290 1611 ’Λ
2304 1561 2466 1627 πέχου
2497 1558 2590 1611 τοῦ
2618 1557 2825 1622 ἀδίκου,
2857 1559 2953 1610 καὶ
2973 1558 3034 1610 ού
3058 1556 3369 1628 φοϐηθήσῃ,
3405 1555 3504 1608 καὶ
3532 1555 3741 1625 τρόμος

2154 1651 2255 1704 οὐκ
2282 1653 2456 1718 ὲγγιεί
2475 1668 2576 1704 σοι.

2228 1744 2691 1814 Παραγγέλλομεν
2717 1744 2865 1812 ὑμῖν,
2899 1741 3136 1810 ἀδελφοὶ,
3165 1743 3220 1794 ὲν
3241 1741 3463 1811 ὀνόματι
3494 1741 3594 1794 τοῦ
3627 1743 3742 1793 Κυμ-

2157 1836 2272 1908 ρίου
2302 1835 2461 1906 ἡμῶν
2498 1833 2673 1904 Ἰησοῦ
2698 1835 2958 1899 Χριστοῦ,
2987 1834 3272 1886 στέλλεσθε
3292 1835 3433 1901 ὑμᾶς
3463 1835 3573 1885 ἀπὸ
3608 1851 3740 1885 παν-

2152 1928 2246 1990 τὸς
2277 1928 2513 1995 ἀδελφοῦ
2545 1927 2796 1988 ἀτάκτως
2849 1925 3303 1994 περιπατοῦντος,
3333 1925 3430 1978 καὶ
3463 1925 3538 1995 μὴ
3589 1926 3737 1977 κατα

2150 2019 2251 2089 τὴν
2283 2017 2586 2084 παράδοσιν
2612 2015 2679 2086 ἢν
2707 2013 3050 2083 παρελάϐετε
3087 2011 3217 2081 παρ’
3255 2011 3412 2082 ἐμοῦ.

2221 2201 2458 2268 Φεύγετε
2488 2199 2588 2260 τάς
2619 2198 2882 2267 μιμήσεις
2917 2197 3024 2248 τῶν
3060 2195 3550 2263 κατεγνωσμένων.

2234 2292 2359 2345 Ἐάν
2389 2308 2474 2354 τις
2501 2288 2727 2357 ἀδελφὸς
2750 2286 3149 2356 ὀνομαζόμενος
3253 2286 3475 2357 πόρνος,
3504 2288 3537 2355 ἢ
3576 2287 3734 2340 εξδω-

2151 2385 2440 2456 λολάτρης,
2472 2383 2506 2453 ἢ
2551 2381 2876 2452 λοίδορος,ἥ
2936 2381 3144 2452 ἅρπαξ,
3177 2380 3255 2450 τῷ
3304 2382 3534 2450 τοιούτῳ
3595 2384 3733 2452 μηδὲ

2153 2477 2458 2530 συνεσθίειν
2491 2491 2506 2506 ο
2571 2472 2803 2545 ἐξάρατε
2851 2473 2943 2526 τὸν
2999 2471 3238 2541 πονηρδν
3302 2471 3362 2535 ἐξ
3421 2472 3581 2541 ὑμῶν
3629 2475 3731 2526 αὖ·

2149 2587 2280 2621 των.

2219 2658 2313 2726 Μὴ
2341 2654 2650 2727 πρόσπαιζε
2701 2653 3071 2720 ἀπαιδεύτοις,
3115 2655 3203 2708 ἵνα
3232 2654 3310 2725 μὴ
3355 2655 3734 2725 ἀτιμάζωνται

2149 2753 2199 2805 οἱ
2234 2754 2409 2818 γονεῖς
2439 2767 2555 2803 σου.

2219 2840 2492 2908 Βλαὸεραλ.
2517 2838 2572 2891 αἱ
2607 2837 2744 2908 πρὸς
2777 2836 2903 2899 τοὺς
2939 2835 3145 2898 κακοὺς
3178 2834 3463 2889 συνουσίαι
3491 2853 3506 2867 ·
3539 2838 3729 2905 ἐπειδὴ

2143 2935 2305 3004 νόμος
2333 2928 2486 2995 οὗτος
2512 2930 2693 3001 φιλίας
2719 2928 2787 2982 δι’
2807 2929 3122 2998 ὁμοιότητος
3141 2928 3440 2996 πεφυκέναι
3466 2930 3581 2990 τοῖς
3604 2947 3731 2980 συν·

475 3031 572 3083 per
611 3017 1019 3072 similitudinem
1055 3017 1400 3087 ingeneretur
1426 3020 1759 3089 conjunctis.
1792 3019 1863 3074 Ut
1890 3021 2033 3076 enim

2181 3024 2469 3095 mouévm;
2512 3019 2848 3090 ἐγγίνεσθαι.
2884 3021 2976 3081 Ὠς
3013 3019 3121 3087 γὰρ
3163 3020 3221 3070 ὲν
3274 3021 3391 3081 τοῖς
3423 3023 3732 3083 νοσοποιοὶς

475 3109 527 3161 in
571 3108 959 3176 pestilentibus
987 3109 1122 3163 locis
1155 3109 1415 3176 paulatim
1445 3125 1540 3164 aer
1587 3112 1868 3167 immissus
1892 3127 2038 3166 mor-

473 3202 600 3251 bum
634 3200 847 3255 occulte
893 3201 1005 3256 illic
1043 3202 1366 3272 degentibus
1399 3203 1658 3270 immittit,
1714 3206 1795 3260 sic
1840 3205 2046 3275 impro-

474 3291 666 3342 I-orum
725 3292 1068 3346 censuetudo
1113 3293 1280 3348 multa
1339 3295 1477 3348 mala
1531 3295 2036 3364 importat,etiam-

473 3376 521 3429 si
553 3377 833 3434 calamitas
861 3379 915 3434 in
941 3383 1229 3449 przesentia
1258 3383 1448 3437 oculos
1489 3383 1674 3453 fugiat.

621 3557 797 3614 Bonos
831 3573 937 3613 non
979 3559 1142 3617 bonis
1168 3576 1387 3631 semper
1416 3567 1756 3635 anteponito.

612 3647 747 3703 Nam
771 3650 817 3703 si
842 3665 966 3705 cum
991 3651 1144 3707 malis
1165 3654 1424 3721 verseris,
1447 3657 1621 3712 malus
1643 3656 1865 3712 omnino
1895 3656 2011 3713 ﬁes.

1579 3749 1598 3812 (
1606 3747 1896 3818 Tlteologi.)

544 3835 604 3890 S.
641 3836 916 3906 Chrysost.
954 3835 1226 3892 Delicatos
1255 3846 1312 3893 et
1341 3839 1644 3895 dissolutos
1675 3855 1739 3894 ac
1765 3841 2042 3910 improbos

471 3933 668 3995 vitato,
703 3945 768 3984 ac
792 3929 956 3983 etiam
991 3943 1088 3984 eos
1124 3929 1216 3998 qui
1262 3940 1442 3984 scorta
1478 3929 1722 3986 ductant.

544 4021 603 4077 S.
635 4023 892 4076 Albanas.
923 4020 1039 4076 Non
1069 4022 1229 4076 modo
1267 4037 1297 4075 a
1347 4023 1490 4077 vitiis
1520 4037 1712 4078 cavere
1755 4022 2037 4091 debemus,

473 4130 536 4169 ac
591 4131 652 4169 ea
678 4115 872 4178 vitare,
935 4127 1126 4166 verum
1175 4114 1340 4167 etiam
1375 4128 1471 4168 eos
1516 4116 1607 4185 qui
1653 4115 1781 4169 talia
1829 4115 2038 4171 faciunt

467 4216 733 4254 aversart.

544 4291 706 4361 179
741 4291 800 4345 S.
835 4291 1042 4361 Cyrilli.
1075 4291 1344 4363 improbis
1371 4294 1680 4361 connivere,
1715 4305 1766 4350 et
1809 4298 2031 4353 noxium

467 4396 549 4437 est
579 4393 633 4438 et
666 4383 1061 4451 vituperatione
1083 4385 1326 4454 dignum.

536 4474 840 4528 Clementis.
862 4474 904 4529 Δ
926 4476 1206 4533 sceleratis
1236 4477 1477 4541 liberari,
1511 4486 1592 4531 est
1617 4478 1776 4532 saluti
1807 4479 2032 4536 initiari.

538 4566 676 4623 Nili.
712 4567 875 4624 Probi
901 4569 1000 4623 viri
1049 4572 1116 4626 ad
1155 4573 1429 4642 improbos
1486 4578 1804 4632 accedentes
1867 4576 2036 4629 multo

467 4659 680 4716 facilius
705 4661 831 4715 vitia
856 4661 1097 4728 trahunt,
1127 4667 1574 4743 quam‘virtutom
1611 4669 1943 4737 impcrtiunt.

540 4839 798 4894 Philonis.
831 4838 1154 4893 Perniciosae
1195 4851 1324 4894 sunt
1371 4845 1660 4898 stultorum
1697 4845 2033 4913 congressio-

467 4945 566 4984 nes
603 4948 617 4983 :
653 4939 706 4984 et
749 4931 930 4986 animo
993 4946 1134 5000 saepe
1191 4933 1428 4987 audienti
1488 4935 1703 4990 illorum
1752 4935 2036 4992 dementiae

465 5021 754 5074 simulacra
788 5023 1194 5092 imprimuntur.

531 5110 648 5166 Non
695 5127 787 5167 rus
826 5113 1120 5183 improbos,
1173 5134 1278 5173 non
1324 5118 1452 5172 urbs
1496 5121 1664 5174 bonos
1703 5119 1889 5184 efﬁcit,
1938 5121 2030 5176 sed

462 5201 650 5260 talium
680 5206 1039 5261 consuetudo.

850 5319 1081 5376 SERMO
1117 5322 1348 5378 XXXVII
1387 5324 1478 5396 [αι.
1515 5326 1658 5400 XII].

559 5414 631 5469 De
661 5414 768 5469 illis
792 5414 881 5484 qui
906 5415 1129 5483 optimos
1163 5427 1208 5469 et
1239 5427 1453 5471 sanctos
1476 5422 1614 5473 viros
1648 5425 1929 5474 honorant.

532 5567 663 5621 Gen.
693 5585 782 5623 xx.
815 5569 1194 5625 Abimeleclms
1240 5571 1384 5624 mille
1426 5571 1740 5625 didraclima
1795 5573 2027 5642 argenti,

465 5673 614 5718 oves.
646 5661 863 5723 vitulos,
889 5677 1086 5724 pueros
1111 5671 1164 5718 et
1196 5665 1403 5733 puellas
1435 5665 1742 5720 Abrahamo
1766 5665 1984 5720 donavit
2009 5685 2024 5721 :

2151 3117 2372 3190 χωρίοις
2392 3114 2534 3168 κατὰ
2570 3114 2735 3182 μέρος
2766 3109 3224 3178 ἀναπεμπόμενος
3253 3111 3279 3161 ό
3299 3109 3408 3179 ἀὴρ
3435 3110 3734 3164 λανθάνους-

2151 3226 2251 3262 σαν
2284 3205 2440 3258 νόσον
2470 3205 2582 3264 τοῖς
2599 3199 3036 3269 ὲνδιαιτωμὲνοις
3054 3199 3347 3268 ὲναποτίθη
3358 3215 3465 3263 σιν,
3496 3199 3674 3261 οὕτως
3695 3203 3732 3269 ἡ

2149 3299 2287 3369 πρὸς
2316 3297 2442 3358 τοὺς
2467 3292 2706 3362 φαύλους
2741 3291 2999 3343 συνουσία
3037 3288 3248 3358 μεγάλα
3297 3289 3446 3342 κακά
3475 3295 3600 3353 ταῖς
3626 3290 3731 3358 ψυ-

2147 3391 2268 3460 χαῖς
2298 3385 2574 3454 ὲναφίησι,
2602 3382 2706 3436 κᾶν
2732 3381 2831 3450 τὴν
2863 3379 3181 3448 παραυτίκα
3202 3379 3460 3447 αἴσθησιν
3497 3380 3560 3433 τὸ
3604 3380 3734 3450 βλα-

2149 3479 2311 3550 ϐερὸν
2340 3475 2627 3546 διαφεύγῃ.

2231 3570 2345 3623 Ἀεὶ
2370 3567 2614 3637 προτίμα
2641 3567 2768 3627 τοὺς
2801 3565 3003 3626 καλοὺς
3040 3563 3149 3616 τῶν
3188 3562 3263 3633 μὴ
3300 3563 3439 3617 καλιῖ

2217 3663 2427 3726 Κακοϊς
2450 3660 2496 3713 δ’
2516 3657 2721 3729 ὁμιλῶν
2740 3657 2834 3712 καὶ
2865 3655 3034 3719 κακὸς
3067 3657 3286 3718 πάντως
3315 3655 3436 3726 ἔσῃ.

2213 3840 2385 3908 Φεῢγε
2413 3838 2537 3901 τοὺς
2564 3835 2770 3905 βλάκας
2797 3834 2892 3888 καὶ
2925 3832 3184 3896 ἐκλύτους
3209 3832 3409 3902 ἄνδρας
3426 3832 3528 3885 καὶ
3552 3848 3724 3902 πονηο

2147 3933 2296 4003 ροὺς,
2327 3931 2422 3984 καὶ
2462 3929 2854 4000 ήταιρηκότας.

2216 4023 2307 4074 Δεῖ
2337 4021 2410 4091 μὴ
2451 4020 2612 4088 μόνον
2647 4018 2946 4087 ἀπέχεσθαι.
3004 4017 3112 4070 τῶν
3166 4017 3378 4080 κακῶν,
3436 4016 3579 4070 ἀλλά
3634 4017 3731 4070 καὶ

2142 4116 2266 4178 τοὺς
2294 4114 2366 4168 τά
2389 4112 2612 4166 τοιαῦτα
2642 4111 2984 4180 πράσσοντας
2999 4109 3470 4179 ἀποστρέφεσθαι.

2214 4291 2288 4344 Τδ
2315 4288 2719 4344 συνδιαιτᾶσθαι
2751 4289 2864 4352 τοῖς
2896 4288 3123 4356 φαύλοις
3152 4287 3447 4351 ἐπιϐλαϐὲς
3477 4291 3573 4343 καὶ
3607 4291 3727 4342 ἐπί-

2069 4392 2116 4450 D
2142 4386 2329 4455 ψογον.

2221 4477 2287 4528 Ἦ
2335 4476 2441 4528 τῶν
2499 4475 2686 4527 κακῶν
2731 4472 3026 4542 ἀπαλλαγὴ
3075 4472 3347 4542 σωτηρίας
3373 4472 3529 4524 ἐστὶν
3554 4474 3726 4543 ἀρχῆ.

2210 4566 2477 4628 Πολλάκις
2521 4566 2711 4633 ἄνδρες
2763 4565 2978 4631 ἀγαθοὶ,
3014 4565 3204 4626 κακοῖς
3257 4564 3720 4634 προσγενόμενοι,

2139 4658 2318 4728 πολλῷ
2353 4657 2544 4710 θᾶττον
2572 4657 2768 4719 κακίας
2828 4653 3143 4725 μέτελαϐον,
3191 4652 3225 4722 ἢ
3264 4653 3564 4723 μετέδοσαν
3594 4655 3724 4723 ἀρε-

2134 4768 2251 4803 της.

2167 4766 2251 4821 ης·

2206 4839 2482 4908 Βλαϐεραὶ
2515 4838 2623 4893 τῶν
2665 4839 2908 4909 ἀνοήτων
2957 4839 3014 4892 αἱ
3063 4838 3379 4890 συνουσίαιο
3429 4838 3526 4890 καὶ
3556 4838 3716 4889 ﬁxed-
3787 4837 3798 4846 '

2132 4951 2267 4988 ουσα
2314 4931 2572 4996 πολλάκις
2627 4930 2794 5002 ψυχὴ,
2845 4929 2945 5000 τῆς
2995 4931 3220 4984 ἐκείνων
3286 4929 3717 4999 φρενοϐλαὸετας

2132 5025 2434 5095 ἀπομάττει
2463 5025 2530 5078 τὰ
2549 5023 2762 5077 εἴδωλα.

2205 5117 2281 5169 Ού
2312 5113 2462 5168 ποιεῖ
2492 5115 2662 5183 ἀγρὸς
2713 5114 2970 5183 φαύλους,
3023 5113 3143 5166 οὐδὲ
3175 5115 3308 5167 ἀστυ
3358 5113 3705 5172 σπουδαίους,

2130 5204 2246 5261 ἀλλ’
2273 5208 2308 5278 ἡ
2341 5205 2478 5276 μετά
2509 5205 2620 5258 τῶν
2652 5205 2872 5258 τοιῶνδε
2903 5205 3278 5272 συνδιατριϐή.

2719 5317 2938 5372 ΛΟΓΟΣ
2983 5317 3103 5371 ΛΖ’.

2133 5411 2273 5481 Περὶ
2326 5411 2442 5465 τῶν
2495 5410 2640 5478 τοὺς
2667 5410 2956 5496 ἀρίστρυς
3003 5409 3101 5462 καὶ
3125 5409 3334 5478 ἁγίους
3375 5407 3601 5476 ἄνδρας
3628 5421 3712 5459 τι·

2781 5495 3049 5549 μωντων.

2203 5577 2315 5630 Καὶ
2344 5575 2534 5629 ἔλαϐεν
2579 5573 2870 5642 Ἀϐιμέλεχ
2916 5573 3066 5642 χίλια
3099 5571 3374 5641 δίδραχμα
3409 5570 3706 5640 ἁργυρῖου,

2111 5665 2227 5720 ,καὶ
2279 5665 2548 5733 πρόϐατα,
2598 5663 2692 5716 καὶ
2741 5663 2997 5732 μόσχους,
3027 5661 3120 5713 καὶ
3157 5660 3353 5722 παῖδας
3400 5661 3495 5711 καὶ
3535 5659 3708 5711 παιδί-
