3996 6194
249 304 378 365 1097

966 308 1137 369 LOCI
1181 308 1621 373 COMMUNES.
1666 334 1739 349 -
1768 309 1966 370 PARS
1996 310 2074 373 ll.
2113 313 2371 373 SERMO
2412 314 2744 375 XXXVIII.
2824 388 2829 389 ί

3371 320 3504 385 1098

248 438 403 486 σκας,
435 418 730 473 καὶῐδωκε
769 418 847 489 τῷ
897 421 1170 490 Ἀϐραάμ.
1216 424 1328 476 Καὶ
1357 426 1641 480 ἀπέδωκεν
1664 425 1809 495 αὑτῷ

1972 427 2331 481 rddiditetiam
2358 427 2574 482 Sarram
2610 446 2855 495 uxorem,
2891 445 3124 500 cumque
3150 432 3227 485 sic
3276 434 3502 491 aiiatur:

248 510 466 584 Σάρραν
516 511 620 583 τήν
650 514 888 580 γυναίκα
924 512 1111 576 αὐτοῦ,
1144 514 1237 568 καὶ
1272 511 1424 571 εἶπεν
1478 519 1646 589 αὐτῷ·
1690 520 1820 575 Ἰδοὺ

249 607 284 677 ή
314 606 387 675 γῆ
451 622 554 675 μου
600 591 841 659 ἐναντίον
900 623 1016 671 σου,
1052 608 1145 660 καὶ
1196 607 1257 661 οῦ
1321 611 1417 664 ἐὰν
1460 613 1669 687 ἀρέσκῃ
1717 631 1818 681 σοι,

248 698 521 769 παροίκει.

320 789 491 846 Εἶπεν
517 795 550 865 ή
579 780 878 868 πρὸς
911 800 1002 852 τὸν
1051 801 1219 870 ἄνδρα
1253 802 1444 870 αὐτῆς
1481 800 1613 855 Ἰδοὺ
1653 799 1824 868 ἔγνων

249 886 331 939 ὅτι
356 885 637 956 ἄνθρωπος
672 888 765 941 τοῦ
797 889 933 943 Θεοῦ
968 893 995 944 ὁ
1040 890 1196 959 ἅγιος
1241 884 1398 955 οὗτος
1427 892 1823 964 διαπορεύεται

253 978 337 1046 ἔφ’
367 980 516 1049 ἡμᾶς
544 980 857 1043 διαπαντός·
896 983 1219 1053 ποιήσωμεν
1261 983 1326 1054 δὴ
1367 983 1618 1056 ὑπερῷον
1650 986 1820 1039 τόπον

256 1068 474 1137 μικρὸν,
512 1069 611 1123 καὶ
638 1070 822 1140 θῶμεν
854 1072 1003 1142 αὐτῷ
1035 1074 1152 1127 ἐκεῖ
1176 1073 1363 1142 κλίνην
1397 1075 1490 1128 καὶ
1521 1076 1824 1144 τράπεζαν,

253 1163 350 1215 καὶ
389 1161 601 1231 δίφρον,
629 1165 720 1216 καὶ
748 1162 967 1235 λυχνίαν
990 1181 1006 1199 ο
1035 1166 1129 1219 καὶ
1158 1165 1311 1220 ἔσται
1340 1168 1399 1221 ὲν
1429 1166 1508 1236 τῷ
1538 1168 1826 1237 είσπορεῦ-

257 1250 417 1308 εσθαι
470 1254 610 1324 πρὸς
677 1256 866 1324 ήμᾶς,
937 1258 1177 1312 ὲκκλινεί
1232 1259 1370 1314 ἐκεῖ.
1435 1259 1548 1311 Καὶ
1609 1262 1829 1328 ἐγένετο

254 1346 456 1417 ἡμέρα,
497 1347 594 1400 καὶ
616 1349 869 1409 εἰσῆλθεν
910 1350 1205 1418 Ἐλισσαιὲ,
1238 1349 1331 1405 καὶ
1354 1350 1628 1417 ἐξέκλινεν
1657 1352 1737 1415 είς
1769 1351 1829 1405 τὸ

254 1438 521 1507 ὑπερῷον,
567 1440 665 1492 καὶ
696 1440 961 1511 ἐκοιμήθη
995 1441 1130 1497 ἐκεῖ.

342 1529 499 1601 Ἐμοὶ
525 1530 581 1584 δὲ
628 1530 750 1584 λίαν
794 1532 1134 1603 ετιμήθησαν
1183 1532 1232 1588 oi
1266 1533 1413 1603 φίλοι
1447 1551 1563 1602 σου,
1596 1535 1626 1589 δ
1672 1532 1825 1599 Θεὸςο

254 1620 379 1676 λίαν
405 1622 854 1693 ὶκραταιὼθησαν
882 1625 940 1678 at!
966 1626 1131 1697 ἀρχαὶ
1163 1627 1369 1685 αὐτῶν.

1927 516 2003 572 Ειι
2035 527 2176 572 terra
2208 535 2324 573 mea
2354 527 2436 574 est
2467 520 2517 573 in
2549 531 2841 591 conmpectu
2895 532 3022 591 tuo;
3050 523 3359 594 ubicunque
3389 528 3509 581 libi-

1924 616 2036 662 tum
2059 608 2238 674 fuerit,
2270 609 2339 664 ibi
2377 610 2639 669 habitato.

2006 782 2091 836 IV
2148 784 2270 853 Reg.
2311 801 2383 840 IV.
2416 784 2565 840 Uxor
2618 787 2754 843 dixit
2792 790 2909 844 viro
2972 807 3070 846 suo
3112 813 3124 849 :
3170 792 3305 848 Novi
3367 797 3511 852 hunc

1926 876 2199 930 hominem
2223 878 2315 932 Dei
2331 887 2575 932 sanctqu
2596 878 2909 950 frequenter
2927 883 3026 937 hac
3051 887 3304 942 transire.
3325 886 3509 943 Facia-

1929 982 2049 1022 mus
2085 969 2134 1023 ei
2164 971 2509 1025 caenaculum
2544 972 2596 1026 in
2629 986 2796 1041 parvo
2824 975 3005 1044 aliquo
3040 978 3185 1047 loco,
3213 979 3304 1035 ubi
3336 972 3506 1036 collo-

1927 1071 2116 1113 cemus
2141 1062 2187 1113 ei
2215 1060 2411 1114 lectum
2455 1072 2509 1117 et
2539 1079 2807 1130 mensam,
2849 1073 2901 1119 et
2940 1067 3122 1125 sedem
3165 1084 3228 1123 ac
3259 1071 3511 1126 candela-

1929 1148 2109 1213 brum,
2134 1160 2190 1205 ut
2218 1166 2342 1207 eum
2370 1155 2672 1223 prieteribit
2704 1156 2827 1222 bac,
2864 1158 2969 1212 huc
3003 1158 3276 1216 divertere
3310 1164 3507 1229 possit.

1928 1238 2123 1297 Postea
2148 1253 2327 1300 autem
2348 1248 2639 1316 aliquando
2668 1251 2888 1317 accidit,
2929 1260 2986 1306 ut
3016 1254 3224 1308 veniret
3254 1254 3506 1319 Eliszeus,

1928 1336 1983 1384 et
2012 1346 2070 1387 se
2110 1334 2315 1405 recepit
2348 1335 2400 1390 in
2432 1336 2564 1392 illud
2606 1341 2971 1409 coenaeulum,
3006 1341 3190 1411 ibique
3232 1344 3510 1399 dormivit.

2002 1502 2430 1561 Paul.cxxxvut.
2469 1506 2633 1563 Valde
2673 1518 2854 1565 autem
2894 1510 3145 1566 honorati
3192 1521 3322 1567 sunt
3358 1530 3389 1569 a
3425 1532 3511 1571 me

1932 1594 2091 1648 amici
2125 1594 2225 1661 tui,
2255 1594 2399 1651 Deus
2433 1611 2447 1649 :
2477 1596 2813 1653 corroborati
2836 1608 2964 1654 sunt
2992 1598 3283 1655 admodum
3310 1603 3515 1671 princi-

1933 1692 2094 1754 patus
2123 1700 2313 1743 eorum
2327 1728 2340 1741 .

338 1802 400 1857 Ὀ
452 1803 988 1875 ἀντιλαμϐανόμενος
1032 1808 1295 1874 δικαίων,
1337 1801 1493 1873 οὗτος
1552 1805 1826 1862 ἀνατελεῖ.

2009 1774 2172 1833 Prov.
2213 1795 2273 1835 ll.
2311 1779 2412 1847 Qui
2469 1781 2629 1837 bonis
2675 1784 2973 1852 succurrit,
3025 1797 3253 1856 magnus
3300 1786 3514 1841 tandem

333 1985 539 2057 Μνήμη
566 1984 790 2039 δικαίων
825 1987 944 2057 μετ’
978 1986 1293 2058 ἔγκωμίων.

329 2159 405 2214 Εὖ
457 2162 686 2233 ποίησον
747 2162 981 2231 εὐσεϐεῖ,
1020 2165 1117 2220 καὶ
1149 2164 1407 2236 εὑρήσεις
1459 2165 1831 2236 ἀνταπόδομα,

262 2254 360 2307 καὶ
388 2254 436 2307 εί
464 2253 539 2324 μή
575 2257 707 2326 παρ’
738 2254 929 2324 αὐτοῦ,
959 2256 1097 2310 ἀλλά
1136 2256 1288 2327 παρὰ
1311 2257 1405 2310 τοῦ
1440 2256 1723 2327 Ὑψίστου.

353 2343 413 2397 '0
447 2343 739 2413 δεχόμενος
768 2345 1061 2415 προφήτην
1087 2348 1168 2409 εἰς
1213 2345 1385 2415 ὄνομα
1429 2347 1712 2417 προφήτου
1746 2362 1835 2414 μισ

264 2433 390 2487 σθδν
439 2436 722 2506 προφήτου
754 2437 1023 2507 λήψεται·
1075 2437 1169 2491 καὶ
1217 2439 1245 2491 ὁ
1286 2438 1579 2508 δεχόμενος
1625 2436 1835 2491 δίκαιον

261 2524 343 2586 είς
371 2523 542 2595 ὄνομα
574 2527 785 2580 δικαίου
835 2526 1028 2598 μισθδν
1057 2527 1271 2581 δικαίου
1296 2526 1551 2598 λήψεται.

348 2615 675 2685 Ἑρωτῶμεν
720 2616 778 2670 δὲ
828 2616 993 2687 ὑμᾶς,
1044 2616 1302 2687 ἀδελφοὶ,
1336 2617 1537 2673 εἰδέναι
1584 2615 1711 2680 τοῦς
1744 2630 1838 2670 κο-

263 2706 505 2771 πιῶντας
539 2709 599 2761 ἐν
628 2708 779 2777 ὑμῖν,
809 2709 906 2763 καὶ
955 2710 1389 2782 προϊσταμένους
1433 2709 1588 2779 ὑμῶν
1636 2708 1695 2763 ὲν
1724 2709 1838 2762 Ku-

267 2798 368 2867 ρίῳ
419 2799 514 2851 καὶ
548 2799 937 2865 νουθετοῦντας
984 2801 1131 2872 ὑμᾶς
1152 2839 1169 2868 ,
1205 2802 1301 2855 καὶ
1347 2799 1600 2871 ήγείσθαι
1636 2800 1836 2863 αὐτοὺς

266 2891 741 2963 ὑπερεκπερισσοῦ
768 2896 826 2948 ὲν
858 2896 1051 2969 ἀγάπῃ
1086 2893 1177 2948 διὰ
1203 2895 1264 2949 τὸ
1301 2895 1461 2967 ἔργον
1489 2892 1692 2949 αὐτῶν.

1940 1867 2231 1937 aiiquando
2254 1871 2466 1926 evadet.

2011 1957 2183 2013 Eccli.
2215 1962 2602 2020 xu.‘Memoria
2641 1965 2913 2035 justorum
2948 1982 3072 2022 cum
3112 1966 3362 2024 laudibus
3390 1982 3519 2024 con-

1934 2050 2122 2120 juncta
2142 2060 2248 2109 est.

2009 2142 2107 2198 Pio
2125 2144 2452 2212 benefacito,
2473 2156 2528 2202 et
2549 2150 3041 2206 remunerationem
3061 2152 3445 2225 consequeris,
3463 2160 3520 2209 et

1940 2233 1988 2291 si
2012 2249 2119 2289 non
2139 2237 2208 2290 ab
2236 2237 2347 2300 illo,
2371 2247 2520 2293 certe
2546 2241 2612 2294 ab
2637 2240 2755 2311 ipso
2776 2240 3117 2298 Celsissimo.

2013 2324 2212 2383 Matth.
2238 2343 2293 2382 ι.
2327 2328 2430 2394 Qui
2454 2331 2771 2400 prophetam
2813 2335 3089 2402 propheta:
3126 2337 3345 2395 nomine
3385 2335 3521 2392 reci-

1940 2414 2041 2485 pit,
2083 2418 2387 2471 mercedem
2425 2419 2703 2487 prophetae
2747 2420 2978 2490 accipiet
3011 2438 3026 2475 :
3057 2429 3112 2475 et
3157 2423 3249 2492 qui
3303 2422 3519 2491 justum

1946 2507 2141 2575 recipit
2170 2507 2300 2576 justi
2330 2508 2725 2579 nomine,justi
2760 2513 3062 2566 mercedem
3088 2512 3345 2582 accipiet.

2016 2598 2048 2655 1
2072 2599 2251 2655 Thess.
2285 2615 2341 2656 ν.
2372 2599 2651 2672 Rogamus
2698 2610 2877 2656 autem
2912 2615 3028 2668 vos,
3059 2600 3278 2669 fratres,
3322 2607 3383 2656 ut
3428 2614 3523 2657 eos

1943 2692 2255 2764 agnoscatis
2294 2692 2389 2762 qui
2426 2693 2569 2748 inter
2595 2707 2690 2748 vos
2717 2690 2969 2747 laborant
2996 2704 3011 2746 :
3043 2693 3281 2763 itemque
3305 2707 3398 2747 eos
3429 2708 3522 2764 qui

1942 2790 2182 2852 pmunt
2200 2782 2379 2850 vobis,
2396 2782 2464 2837 ad
2484 2782 2696 2838 Domini
2735 2783 2976 2848 laudem,
2994 2783 3197 2853 quique
3220 2799 3316 2839 vos
3336 2782 3524 2839 admo-

1944 2876 2252 2932 nitionibus
2281 2877 2540 2932 erudiunt
2565 2885 2619 2932 et
2640 2878 2934 2945 castigant,
2968 2885 3021 2931 et
3047 2877 3433 2935 habeatisiiios
3465 2880 3522 2934 in

1946 2981 2166 3024 summo
2209 2967 2417 3023 honore
2464 2983 2561 3038 per
2607 2969 2958 3033 charitatem,
3000 2979 3219 3041 propter
3249 2986 3445 3029 munus
3471 2986 3525 3029 et

1946 3059 2333 3130 oiﬁcium,quo
2361 3061 2677 3131 iunguntur.

341 3154 545 3227 Πρώτη
583 3156 692 3210 τῶν
736 3154 1073 3227 εὐεργεσιῶν
1108 3155 1173 3209 τὸ
1215 3155 1565 3211 δπαινείσθαι
1588 3156 1715 3219 τοὺς
1742 3172 1839 3209 κα-

2022 3128 2288 3222 Theologi.
2318 3128 2562 3207 Primum
2622 3152 2762 3209 inter
2806 3153 3073 3210 beneﬁcia
3119 3161 3224 3219 est,
3282 3163 3344 3209 ut
3397 3155 3523 3210 boni

266 3246 421 3313 λούς.
451 3247 628 3323 Ζήλου
656 3248 766 3320 γὰρ
794 3248 823 3302 δ
858 3247 1085 3313 επαινος
1117 3247 1402 3317 πρόξενος,
1430 3245 1595 3319 ζῆλος
1628 3247 1687 3302 δι
1714 3248 1847 3319 ἀρε-

264 3340 471 3487 τῆζῶν
504 3431 744 3505 ἀρίστων
790 3433 1029 3505 μάλιστα
1058 3433 1478 3505 μνημονευτέον,
1509 3430 1586 3490 ὧν
1634 3432 1728 3489 καὶ⁹
1784 3432 1847 3488 τὸ

277 3525 595 3598 μεμνῆσθαι
619 3526 744 3581 ὅσον
767 3528 893 3598 ιμοὶ
918 3527 1015 3582 καὶ
1048 3526 1346 3599 ὠφέλιμον.

347 3703 492 3758 nam
518 3700 580 3758 τδ
620 3702 786 3759 καλὸν
812 3703 1017 3775 ὁμοίως
1049 3705 1356 3775 αἰδέσιμον.

347 3885 412 3938 0i
456 3883 581 3948 τοὺς
613 3883 853 3952 ἀγαθοὺς
884 3882 1236 3945 ἐπαινοῦντες
1268 3882 1533 3953 μερισταὶ
1564 3883 1674 3938 τῶν
1705 3884 1848 3938 ὲκεί-

271 3992 386 4036 νοις
430 3976 810 4045 ἀποκειμένων
845 3973 1125 4041 στεφάνων
1158 3974 1319 4030 είσίν.

348 4067 415 4121 El
439 4084 523 4130 τις
559 4066 646 4135 εῐη
673 4066 733 4120 ἐν
770 4066 903 4135 ήμϊν
941 4068 1042 4136 τῆς
1090 4065 1374 4137 ὲξαιρέτου
1412 4066 1558 4139 ζωῆς
1584 4068 1849 4140 ἐπιμελη-

274 4157 398 4227 τὴς,
454 4158 552 4212 καὶ
601 4159 668 4229 τῇ
696 4157 789 4211 τοῦ
823 4157 939 4228 βίον
969 4157 1317 4229 λαμπρότητι
1370 4157 1847 4232 μαρτυρούμενος,

273 4249 456 4321 τούτῳ
505 4249 684 4321 πάντη
738 4267 799 4303 τε
839 4249 937 4305 καὶ
982 4250 1199 4314 πάντως
1229 4249 1429 4306 ἕποιτο
1463 4252 1530 4307 ἂν
1557 4253 1620 4307 τὸ
1648 4253 1849 4325 χρῆναι

274 4343 550 4411 τιμᾶσθαι
582 4343 677 4397 καὶ
717 4342 793 4413 μή
824 4342 1176 4397 ἀπιστεῖσθαι
1226 4343 1363 4414 πρός
1404 4361 1589 4409 τινων,
1628 4345 1744 4399 ἀλλ’
1769 4348 1851 4415 είς

1949 3242 2107 3299 laude
2144 3242 2479 3300 afﬁciantur.
2518 3242 2666 3331 Laus
2711 3245 2857 3301 enim
2908 3246 3055 3317 parit
3095 3246 3521 3313 aemulationem.

1949 3337 2227 3393 aemulatio
2258 3338 2540 3394 virtutem.

2019 3430 2602 3487 Praestantissimorum
2631 3432 2871 3487 maxime
2904 3447 3173 3489 memores
3201 3447 3323 3490 esse
3354 3433 3521 3489 debe-

1948 3537 2090 3587 mus,
2117 3537 2351 3592 quorum
2372 3522 2457 3577 vel
2490 3523 2603 3578 sola
2621 3523 2927 3581 recordatio
2950 3533 3137 3580 sancta
3169 3523 3303 3580 mihi
3337 3534 3391 3582 et
3408 3526 3523 3581 uti-o

1950 3613 2018 3669 lis
2041 3621 2147 3669 est.

2020 3702 2301 3774 Chrysost.
2327 3706 2628 3761 Honestum
2645 3718 2709 3759 ex
2724 3718 2884 3775 aequo
2900 3705 3158 3763 omnibus
3176 3707 3525 3764 veneratione

1949 3792 2172 3866 dignum
2202 3796 2433 3852 videtur.

2023 3886 2185 3958 180
2209 3887 2313 3954 Qui
2339 3888 2508 3944 bonos
2534 3888 2777 3956 laudant,
2805 3902 3129 3945 coronarum
3148 3903 3272 3960 quae
3299 3889 3406 3945 illis
3442 3906 3528 3948 re-

1951 3980 2144 4050 positae
2169 3989 2319 4042 sunt,
2346 3980 2636 4049 participes
2660 3981 2821 4035 ﬁunt.

2026 4071 2238 4142 Cyrillt’.
2264 4070 2321 4126 Si
2349 4072 2474 4142 quis
2504 4074 2773 4131 exstiterit
2814 4075 2958 4130 inter
3003 4087 3108 4129 nos
3155 4072 3371 4130 eximiae
3400 4073 3526 4129 vitae

1952 4165 2263 4230 meditator,
2296 4176 2348 4221 et
2376 4167 2689 4222 testimonio
2724 4168 3111 4238 comprobatus
3141 4166 3208 4222 de
3236 4166 3359 4221 vita:
3385 4182 3528 4238 pra:-

1952 4256 2173 4325 atanlia,
2217 4258 2344 4313 huic
2372 4260 2596 4317 omnino
2621 4274 2966 4329 consequens
3005 4268 3107 4324 est,
3142 4267 3198 4314 et
3214 4266 3273 4313 ut
3293 4257 3526 4315 honore-

1952 4358 2063 4415 tur,
2086 4362 2139 4405 et
2157 4350 2290 4407 ﬁdes
2316 4350 2366 4406 ei
2391 4350 2651 4407 habeatur
2668 4368 2685 4420 ;
2705 4352 2835 4422 quin
2853 4350 3012 4407 etiam
3033 4348 3387 4421 iurisiurandi
3407 4350 3527 4406 loco

275 4437 443 4507 ὅρκου
466 4433 700 4507 δῦναμιν
729 4434 980 4507 δέχεσθαι
1003 4436 1132 4507 παρ’
1152 4434 1319 4491 αὐτοῦ
1341 4436 1401 4489 τὸ
1426 4436 1512 4490 ναὶ
1540 4437 1648 4502 ναὶ,
1675 4438 1769 4492 καὶ
1790 4438 1839 4491 τὲ

1972 4450 2028 4491 ax
2066 4437 2158 4492 illo
2193 4438 2495 4509 accipiatur
2520 4439 2754 4510 simplex
2775 4437 3063 4494 aiiirmatio
3090 4447 3185 4493 aut
3212 4440 3454 4510 negatio.

275 4526 342 4583 οὗ
370 4528 454 4584 οὗ.

352 4622 469 4677 Οὐκ
494 4619 609 4673 εστι
634 4619 779 4690 μέγα
798 4619 861 4675 τὸ
887 4615 1194 4692 φροντίζειν
1236 4620 1430 4690 ἀνδρὸς
1458 4621 1694 4688 δικαίου,
1720 4621 1856 4677 ἀλλὰ

278 4716 443 4787 χάριν
468 4713 737 4783 λαμϐάνει
766 4714 809 4784 δ⁸
834 4713 1262 4783 καταξιούμενος
1288 4713 1551 4767 διακονεῖν
1577 4714 1744 4785 αὐτῷ.

884 4828 1103 4884 ΛΟΓΟΣ
1128 4827 1272 4894 ΛΗἎΞ

274 4925 419 4996 Περὶ
446 4924 565 4978 τῶν
582 4921 724 4987 τοὺς
740 4920 1368 4996 ἁγίουςηκαίάρίστους
1395 4918 1621 4989 ἄνδρας
1649 4920 1856 4989 ἀτιμα-

942 4989 1183 5051 ζόντων.

356 5090 567 5142 Δίκαιοι
594 5086 1026 5155 καταγελῶνταισ
1055 5083 1439 5156 παραδίδονται
1468 5083 1574 5154 γὰρ
1616 5085 1701 5147 είς
1740 5085 1855 5153 χεί-

278 5199 385 5255 ρας
423 5180 658 5235 ἀσεϐῶν.

352 5270 572 5334 Δίκαιος
602 5269 744 5341 ἀνὴρ
790 5267 1084 5340 ἄμεμπτος
1117 5267 1378 5339 ἐγεννήθη
1432 5268 1515 5332 είς
1543 5266 1853 5338 χλεύασμα.

359 5450 569 5507 Ἀλαλα
598 5451 886 5523 γενηθήτω
913 5450 983 5503 τὰ
1019 5449 1173 5520 χείλη
1195 5448 1265 5503 τὰ
1289 5447 1465 5516 δόλια,
1496 5447 1567 5502 τὰ
1594 5443 1860 5502 λαλοῦντα

280 5546 427 5602 κατὰ
458 5544 554 5599 τοῦ
586 5544 796 5598 δικαίου
824 5542 1077 5613 ἀνομίαν.

357 5639 627 5693 Κατανοεῖ
654 5639 681 5690 ὁ
712 5609 1036 5707 ἀμαρτώλὸς
1085 5632 1178 5686 τὸν
1252 5632 1459 5687 δίκαιον
1481 5672 1497 5700 ,
1522 5609 1618 5687 καὶ
1673 5629 1859 5705 βρύξει

281 5732 372 5786 ἐπ’
396 5731 557 5787 αὑτὸν
576 5730 698 5787 τοῦς
726 5727 942 5789 ὀδόντας
965 5722 1152 5778 αὐτοῦ.

651 5817 927 5877 ΡΑΤιιοι..
967 5815 1084 5879 Gn.
1135 5813 1458 5879 CXXXVI.

2028 4614 2137 4670 Res
2168 4628 2358 4686 magna
2391 4631 2498 4671 non
2516 4616 2788 4672 estvirum
2809 4616 3012 4689 justum
3045 4632 3262 4685 curare,
3282 4618 3375 4678 sed
3402 4635 3527 4691 gra-

1955 4703 2086 4759 tiam
2112 4713 2351 4760 meretur
2381 4704 2469 4774 qui
2494 4705 2646 4775 justo
2675 4705 2983 4763 ministrare
3013 4707 3229 4779 satagit.

2313 4814 2549 4873 SERMO
2568 4816 2835 4874 xxxvm
2879 4818 2978 4892 [αι.
3007 4818 3175 4890 xxu.

1959 4903 2121 4961 Deiia
2150 4906 2239 4977 qui
2287 4917 2501 4962 sanctos
2516 4917 2564 4962 et
2588 4918 2903 4991 praestantes
2927 4908 3063 4962 viros
3113 4906 3398 4979 ignominia
3424 4906 3536 4977 afﬁ-

2666 4988 2835 5033 ciunt.

2028 5068 2125 5123 Job
2160 5084 2258 5123 xu.
2307 5069 2445 5126 Justi
2478 5070 2823 5126 deridentur:
2864 5083 2992 5124 nam
3024 5068 3078 5125 in
3103 5068 3392 5141 impiorum
3417 5084 3533 5123 ma-

1959 5175 2061 5215 nus
2078 5160 2389 5216 traduntur.

2034 5252 2131 5307 Vir
2157 5253 2340 5324 justus
2377 5261 2431 5310 et
2459 5253 2956 5326 irreprebensibilis
2977 5252 3154 5310 iactus
3183 5264 3265 5309 εει
3285 5252 3350 5307 ad
3393 5251 3534 5307 ludi~

1961 5347 2227 5492 “me.
2294 5436 2439 5492 Muta
2492 5436 2623 5492 ﬁant
2684 5437 2828 5494 labia
2885 5435 3112 5499 dolosa.
3167 5448 3287 5504 qua:
3348 5444 3531 5490 ‘0""3

1956 5531 2158 5604 justum
2186 5529 2483 5600 loquuntur
2501 5529 2704 5602 inique.

2031 5623 2302 5682 Observat
2328 5624 2633 5682 sceleratus
2684 5621 2919 5693 justum,
2946 5630 3001 5676 et
3030 5620 3286 5679 dentibus
3318 5622 3373 5679 in
3408 5626 3547 5682 eum'

1964 5718 2197 5776 irendet.

3051 5806 3129 5872 35
