3976 6214
370 345 510 413 1105

1167 357 1336 419 LOCI
1379 358 1822 420 COMMUNES.
1857 353 2142 416 -PARS
2185 358 2267 419 ΙΙ.
2311 361 2566 424 SEBMO
2615 364 2803 426 XLII.

3483 322 3613 433 nos

358 469 454 522 τοῦ
519 470 854 539 μετανοῆσαι
909 474 1208 545 (lepaqu
1262 480 1456 534 ἑαυτὸν
1508 475 1886 552 ἀπεστέρησεν
1918 493 1934 509 ⁶

2053 474 2262 531 licium.
2291 480 2394 545 Qui
2424 481 2566 536 enim
2589 483 2911 554 probitatem
2938 485 3142 552 laudat,
3171 484 3216 540 is
3243 500 3300 541 sc
3321 489 3614 556 pmiiitendi

358 561 500 616 ὥστε
530 563 755 646 εἰκότως
778 567 938 619 τοῦτο
960 569 1171 623 ἐκείνου
1217 571 1604 644 χαλεπώτερον
1637 576 1665 626 δ
1723 573 1934 637 Παῦλος

355 648 498 709 εἶναι
529 655 910 726 ἐνομοθέτησε.
938 659 1036 712 Διά
1058 660 1220 714 τοῦτο
1245 662 1347 732 οὐχ
1381 665 1430 717 oi
1457 666 1526 718 τὰ
1545 665 1726 734 φαῦλα
1753 666 1934 738 πράτ-

357 760 548 808 σοντες
583 746 766 812 μόνον,
801 748 938 802 ἀλλά
977 751 1072 805 καὶ
1095 753 1144 804 oi
1195 753 1423 819 τούτους
1466 757 1932 828 ἐγκωμιάζοντες,

313 910 315 912 η
355 838 458 904 τῆς
487 839 659 909 αὐτῆς
685 841 718 910 ἢ
746 842 841 896 και
866 842 1252 918 χαλεπωτέρας
1275 849 1509 912 ἐκείνοις
1537 854 1931 907 κοινωνήσουσι

315 972 330 979 -
357 931 632 996 κολάσεως
653 971 670 988 .

391 1039 394 1042 ’
440 1024 898 1098 Ἐπιχαιρεκακία
949 1033 1230 1108 ἀλλότριον
1258 1041 1462 1111 σοιρῶν.

938 1207 1158 1263 ΛΟΓΟΣ
1203 1212 1339 1267 MA'.

765 1299 908 1367 Περί
957 1305 1224 1360 πολιτῶν
1257 1307 1516 1377 ἀγαθῶν.

430 1383 596 1440 Εἶπεν
640 1387 888 1462 Ἀϐραὰμ
928 1395 1066 1464 πρὸς
1125 1400 1348 1470 Κύριον·
1389 1403 1518 1456 mox:
1565 1397 1668 1462 ὦσι
1733 1407 1932 1480 πεντή-

361 1493 528 1530 κοντα
559 1479 758 1535 δίκαιοι
807 1482 884 1535 ἐν.
910 1487 978 1555 τῇ
1023 1488 1198 1553 πδλει,
1240 1492 1529 1558 ἀπολέσεις
1563 1497 1759 1562 αὐτούς
1784 1515 1800 1566 ;
1828 1501 1928 1554 οὐκ

363 1569 588 1638 ἀνήσεις
620 1573 794 1625 πάντα
823 1575 917 1628 τὸν
948 1577 1112 1631 τόπον
1143 1581 1306 1636 ἕνεκα
1349 1585 1458 1637 τῶν
1490 1589 1826 1658 πεντήκοντα
1852 1593 1930 1645 διο

357 1661 566 1729 καίων;
624 1665 890 1736 μηδαμῶς
927 1669 991 1723 οὐ
1023 1674 1277 1742 ποιήσεις
1330 1675 1390 1729 τὺ
1447 1678 1600 1750 ῥῆμα
1648 1683 1806 1736 τοῦτο
1835 1683 1927 1736 τοῦ

357 1754 682 1810 ἀποκτεῖναι
739 1757 950 1814 δίκαιον
1006 1765 1144 1833 μετά
1189 1767 1442 1834 ἀσεδοῦς,
1474 1773 1572 1826 καὶ
1600 1773 1757 1828 ἔσται
1783 1777 1811 1827 ό
1849 1775 1928 1828 δί-

2039 571 2323 625 curatione
2356 573 2554 639 privat,
2579 582 2635 628 ut
2667 576 2863 631 merito
2893 575 3099 631 Paulus
3131 578 3236 633 hoc
3267 579 3358 634 illo
3396 581 3614 649 gravius

2035 675 2159 716 esse
2190 661 2474 730 judicarit.
2523 662 2714 734 Itaque
2760 683 2866 722 non
2910 668 3070 724 modo
3104 669 3199 738 qui
3243 669 3490 740 improbe
3536 670 3612 725 fa-

2037 752 2216 819 ciunt,
2250 753 2344 808 sed
2381 755 2543 810 etiam
2604 756 2722 827 qui)
2751 758 2888 813 istos
2937 760 3182 824 laudant,
3238 762 3479 832 ejusdem
3532 764 3614 817 vel

2003 861 2006 866 ·
2036 845 2204 898 etiam
2242 845 2544 902 acerbioris
2591 847 2882 918 participes
2908 841 3069 905 erunt
3100 851 3614 908 animadversionis.

2113 1025 2378 1081 Philonis.
2414 1027 2790 1084 Malevolentia
2839 1045 2903 1084 ac
2940 1040 3161 1102 propter
3205 1033 3336 1088 vitia
3381 1031 3614 1088 delecta-

2007 1117 2108 1173 .tio
2143 1117 2306 1191 185.
2327 1135 2357 1174 a
2386 1121 2720 1190 sapientibus
2746 1120 2920 1176 aliena
2947 1129 3053 1177 est.

2495 1210 2726 1268 suane
2754 1211 2868 1265 XLI
2902 1213 2999 1280 [αι.
3036 1212 3155 1286 x1].

2119 1347 2121 1350 ι
2567 1301 2645 1355 De
2677 1303 2824 1357 bonis
2856 1304 3076 1360 civibus.

2101 1389 2230 1447 Cen.
2264 1407 2418 1447 xvttt.
2457 1393 2598 1447 dixit
2629 1392 2931 1449 Abraamus
2965 1397 3029 1450 ad
3066 1396 3344 1452 Dominum
3371 1411 3386 1451 :
3413 1397 3470 1452 Si
3495 1396 3615 1453 fue-

2029 1483 2140 1538 rint
2185 1485 2576 1555 quinquaginta
2623 1485 2755 1555 justi
2809 1485 2861 1540 iu
2914 1487 3158 1556 civitate,
3220 1491 3417 1559 perdes
3479 1492 3618 1546 eos?

2031 1591 2214 1630 nonne
2262 1577 2602 1632 condonabis
2671 1586 2894 1646 propter
2940 1580 3337 1650 quinquaginta
3387 1581 3616 1652 justos?

2033 1663 2388 1734 Nequaquam
2426 1665 2572 1722 istud
2601 1669 2936 1733 committas,
2972 1669 3257 1739 utjustum
3294 1687 3415 1726 cum
3445 1672 3616 1743 impio

2036 1756 2358 1825 interﬂcias,
2389 1758 2568 1829 sitque
2593 1759 2783 1814 eadem
2815 1759 3131 1815 conditione
3157 1761 3341 1832 justus
3368 1778 3488 1818 cum
3514 1763 3617 1818 im-

329 1862 516 1938 ςκςιιος
546 1847 623 1911 ὡς
654 1850 682 1901 6
709 1851 916 1922 ἀσεσής
945 1855 1236 1925 μηδαμῶς.
1288 1857 1348 1911 Ὀ
1379 1861 1582 1930 κρίνων
1611 1867 1795 1919 πᾶσαν
1831 1867 1931 1938 τὴν

2053 1851 2127 1920 pio
2163 1865 2179 1905 :
2213 1865 2580 1921 nequaquam,
2609 1854 2701 1923 qui
2737 1853 2954 1921 iudicas
3005 1855 3318 1911 universam
3366 1863 3570 1910 terram
3596 1895 3614 1921 ,

357 1935 464 2004 γῆν
514 1939 572 1988 οὐ
630 1941 879 2010 ποιήσεις
953 1946 1166 2014 κρίσινς
1226 1944 1362 2002 Eine
1421 1951 1479 2005 δὲ
1531 1953 1766 2024 Κύριος·
1807 1935 1932 2011 Ἐἀν

359 2027 508 2096 εὕρω
539 2034 622 2086 ἐν
672 2031 928 2102 Σοδόμοις
974 2039 1318 2110 πεντήκοντα
1369 2042 1634 2111 δικαίους,
1661 2047 1763 2102 οὐκ
1797 2049 1932 2103 ἀπο-

295 2145 301 2149 ·
359 2121 502 2178 λᾶσω
534 2124 695 2180 ἕνεκα
729 2128 840 2182 τῶν
878 2133 1245 2202 πεντήκοντα·
1277 2138 1373 2189 καὶ
1401 2137 1470 2192 τὰ
1501 2139 1651 2210 ἑξῆς.

448 2217 536 2270 Ἐν
555 2220 788 2287 ἀγαθοῖς
816 2222 1044 2280 δικαίων
1069 2229 1518 2302 κατωρθώθησαν
1543 2234 1751 2299 πόλεις.

447 2395 542 2449 Ἐν
565 2398 844 2466 εὐλογίαις
871 2401 1098 2459 δικαίων
1125 2405 1470 2479 ὕψωθήσεται
1504 2412 1681 2477 πόλις.

448 2487 733 2550 Ἐπαύλεις
761 2490 989 2547 δικαίων
1018 2495 1392 2564 εὐλογοῦνται.

447 2578 582 2634 Ἀπὸ
615 2581 736 2648 ἑνὸς
766 2585 992 2640 συνετοῦ
1028 2591 1504 2663 συνοικιισθήσεται
1539 2595 1718 2660 πόλις.

432 2762 541 2816 Καί
599 2779 659 2831 γε
699 2765 858 2824 τοῦτο
900 2764 1062 2834 εἶδον,
1113 2773 1306 2843 σοφίαν
1357 2775 1462 2829 ὐπὸ
1489 2777 1581 2831 τδν
1607 2777 1780 2850 ήλιον.
1819 2781 1930 2836 Καὶ

362 2853 578 2921 μεγάλη
620 2855 738 2907 ἐστὶ
786 2858 922 2925 πρός
976 2876 1043 2928 με
1077 2861 1228 2925 πόλις
1267 2866 1462 2935 μικρὰ,
1513 2867 1608 2921 καὶ
1647 2869 1840 2940 ἄνδρες
1869 2872 1930 2925 ὲν

358 2945 498 3015 αὐτῇ
540 2944 751 3013 ὀλίγοιο
795 2951 893 3004 καὶ
926 2950 1056 3024 ἔλθῃ
1096 2953 1184 3006 ἐπ’
1216 2956 1386 3026 αὐτὴν
1438 2959 1692 3027 βασιλεὺς
1729 2963 1928 3031 μέγας,

361 3037 457 3094 καὶ
509 3037 784 3094 κυκλώσει
842 3043 1032 3116 αὐτὴν,
1090 3047 1185 3099 καὶ¹
1237 3050 1584 3121 οἰκοδομήσει
1623 3054 1710 3106 ἐπ’
1758 3055 1928 3126 αὐτὴν

357 3127 610 3198 χάρακας
635 3131 926 3198 μεγάλους·
972 3134 1066 3188 καὶ
1101 3133 1237 3207 εὕρῃ
1270 3137 1327 3190 ὲν
1347 3139 1486 3209 αὐτῇ
1520 3139 1688 3210 ἄνδρα
1719 3143 1928 3213 πένητα

357 3220 456 3271 καὶ
499 3221 668 3289 σοφὸν
691 3261 710 3289 ,
744 3224 840 3277 καὶ
889 3225 1136 3300 διασώσῃ
1185 3229 1349 3294 αὐτὸς
1402 3230 1503 3302 τήν
1549 3233 1705 3287 πόλιν
1749 3236 1809 3290 ἐν
1861 3239 1928 3308 τῇ

359 3314 525 3385 σοφίᾳ
570 3317 756 3373 αὐτοῦ.

435 3407 648 3478 Ὠσπερ
694 3411 768 3465 τὰ
815 3412 988 3485 εὐώδη
1031 3415 1138 3470 τῶν
1179 3417 1493 3488 ἀρωμάτων
1521 3421 1625 3488 τῆς
1674 3406 1812 3487 ιδίας
1842 3424 1932 3479 εὐ-

361 3497 552 3560 πνοίας
584 3500 673 3553 τὸν
704 3504 1108 3573 παρακείμενον
1135 3508 1276 3578 ἀέρα
1324 3510 1504 3582 πλήρη
1559 3516 1723 3581 ποιεῖ,
1756 3505 1930 3580 οὕτως

357 3588 550 3660 ἀνδρὸς
581 3593 788 3660 ἀγαθοῦ
819 3599 1088 3668 παρουσία
1116 3601 1242 3664 τούς
1265 3603 1429 3667 πέλας
1455 3605 1716 3676 ὀνίνησιν.

347 3723 350 3726 .
445 3685 584 3751 Ἐγὼ
613 3688 741 3742 ὅταν
770 3688 892 3743 τινὰ
936 3691 1046 3745 τῶν
1076 3695 1379 3750 σπουδαίων
1426 3698 1781 3770 διαιτώμενον
1807 3704 1928 3754 κατ’

2033 1955 2141 1994 non
2173 1940 2341 1996 facias
2368 1941 2661 2009 judicium.
2691 1942 2958 1999 Dominus
2991 1955 3172 1999 autem
3209 1961 3223 1998 :
3251 1942 3353 2010 'Si,
3409 1945 3613 2015 inquit,

2033 2030 2296 2088 invenem
2319 2032 2571 2091 Sodomis
2594 2036 2990 2108 quinquaginta
3009 2037 3211 2106 justos,
3238 2046 3462 2109 propter
3492 2037 3617 2094 illos

2033 2125 2426 2197 quinquaginta
2456 2142 2562 2182 non
2597 2129 2819 2198 perdam
2848 2146 2864 2196 ;
2909 2137 2964 2186 et
2997 2131 3230 2201 reliqua.

2105 2213 2263 2272 Prov.
2291 2234 2349 2273 ιι.
2392 2219 2623 2289 PrOpter
2654 2220 2952 2277 bonitatem
2997 2219 3273 2291 iustorum
3319 2222 3615 2279 fortunata:

2034 2308 2256 2364 fuerunt
2294 2310 2564 2366 civitates.

2058 2424 2060 2426 τ
2102 2399 2161 2454 Ιιι
2195 2400 2668 2457 benedictionibus
2711 2401 2989 2473 justorum
3024 2406 3357 2462 exaltabitur
3395 2409 3614 2467 civitas.

2105 2490 2480 2548 Habitationes
2508 2493 2780 2563 justorum
2821 2494 3110 2566 fortunatae
3144 2505 3197 2552 et
3226 2497 3435 2554 felices.

2108 2583 2211 2639 Per
2252 2585 2414 2639 uni-us
2458 2587 2668 2656 sagacis
2702 2587 2940 2642 hominis
2974 2588 3321 2660 prudentiam
3356 2589 3616 2662 frequens

2032 2679 2138 2733 erit
2166 2679 2360 2733 incolis
2393 2679 2602 2733 civitas.

2106 2771 2278 2827 Eccle.
2313 2772 2422 2828 lloc
2468 2773 2636 2827 etiam
2681 2773 2811 2840 vidi,
2860 2774 3183 2843 sapientiam
3233 2775 3336 2831 sub
3382 2775 3519 2840 sole,
3567 2786 3630 2832 et.-

2035 2879 2228 2934 magua
2265 2873 2350 2921 est
2380 2867 2522 2936 apud
2559 2882 2644 2921 me
2675 2882 2840 2937 parva
2881 2867 3094 2932 civitas,
3144 2876 3198 2922 et
3244 2869 3400 2938 pauci
3448 2870 3502 2924 in
3551 2885 3617 2926 ea

2033 2955 2159 3020 viri,
2201 2956 2470 3012 adversus
2499 2973 2663 3026 quam
2692 2959 2844 3014 venit
2877 2973 2971 3013 rex
3006 2973 3259 3028 magnus,
3292 2959 3621 3030 obseditque

2034 3057 2088 3103 et
2121 3063 2345 3119 magnes
2369 3064 2595 3120 aggeres
2615 3049 2882 3106 adversus
2907 3064 3027 3106 eam
3057 3051 3337 3121 congessit
3360 3060 3415 3106 et
3433 3050 3620 3105 obval-

2038 3135 2188 3190 lavit.
2233 3135 2490 3194 Inventus
2510 3146 2689 3192 autem
2720 3148 2802 3192 est
2833 3153 3037 3208 pauper
3065 3138 3118 3191 in
3143 3152 3226 3205 ea,
3252 3139 3344 3193 sed
3374 3138 3617 3209 sapiens,

2033 3230 2125 3300 qui
2163 3243 2283 3286 eam
2317 3231 2507 3286 urbem
2542 3231 2748 3286 salvam
2787 3229 3043 3302 praestitit
3074 3245 3174 3286 sua
3199 3229 3488 3301 sapientia.

2101 3412 2174 3471 Ut
2204 3424 2449 3471 aromata
2484 3415 2711 3472 odorata
2745 3413 3043 3487 fragrantia
3077 3427 3174 3470 sua
3225 3413 3620 3470 circumfusum

2031 3519 2209 3559 aerem
2268 3505 2566 3572 complent,
2599 3507 2681 3561 sic
2709 3505 2812 3560 viri
2854 3503 2980 3560 boni
3012 3501 3303 3574 praesentia
3343 3504 3633 3574 proximis

2033 3595 2296 3650 utilitates
2327 3596 2504 3649 adfert
2529 3595 2818 3664 plurimas.

2023 3691 2032 3700 '
2104 3684 2364 3739 Philonis.
2408 3673 2544 3740 cum
2581 3685 2758 3740 virum
2794 3684 3028 3758 aliquem
3061 3689 3265 3746 bonum
3315 3691 3400 3747 vel
3441 3691 3497 3746 in
3544 3689 3624 3746 fa-

357 3773 595 3846 οίκίανῆ
636 3777 790 3831 πόλιν
833 3779 1137 3848 Θεάσωμαι,
1191 3783 1291 3856 τήν
1331 3787 1513 3840 οἰκίαν
1559 3789 1592 3856 ἢ
1630 3788 1732 3859 τὴν
1775 3789 1930 3844 πόλιν

2053 3777 2177 3830 uilia
2202 3774 2385 3847 aliqua
2412 3777 2495 3832 vel
2522 3777 2821 3832 incivitate
2849 3781 3053 3834 versari
3083 3779 3479 3847 animadverto,
3499 3797 3622 3836 cam

360 3865 580 3938 ἐκείνην
605 3868 988 3938 εὐδαιμονίζω,
1021 3873 1118 3927 καὶ
1154 3868 1314 3943 οἶμαι
1342 3876 1444 3946 τήν
1487 3894 1546 3930 τε
1585 3879 1692 3931 τῶν
1721 3882 1927 3949 παρόν-

2053 3870 2297 3924 amiliam
2332 3879 2426 3925 aut
2452 3871 2730 3925 civitatem
2777 3871 2989 3927 beatam
3023 3873 3280 3941 prmdico,
3327 3874 3623 3929 existimo-

357 3974 466 4013 των
496 3959 718 4027 ἀγαθῶν
747 3963 1050 4016 ἀπόλαυσιν
1081 3965 1328 4035 βεϐαίαν,
1368 3968 1464 4021 καὶ
1501 3967 1601 4037 τήν
1622 3970 1732 4026 τῶν
1766 3974 1930 4027 ἀπόν-

2053 3977 2136 4032 ιιιο
2157 3975 2278 4016 eam
2309 3970 2368 4018 et
2398 3962 2767 4032 praesentibus
2799 3962 2967 4018 bonis
3016 3963 3224 4034 perfrui
3281 3965 3534 4030 firmiter,
3568 3977 3624 4023 et

356 4069 466 4105 των
504 4054 831 4122 προσδοκίαν
859 4057 1364 4131 τελεσφορουμένήν
1388 4064 1638 4133 σχήσειν,
1667 4065 1760 4118 τοῦ
1787 4066 1926 4120 Θεοῦ

2053 4067 2216 4108 rerum
2251 4069 2374 4124 qua:
2401 4055 2598 4108 desunt
2629 4055 2932 4125 exspectari
2981 4073 3088 4112 non
3131 4055 3341 4119 frustra
3370 4058 3623 4128 copiam,

351 4147 450 4200 ’τὸν
489 4147 869 4217 ἀπεριόριστον
916 4154 1014 4204 καὶ
1069 4153 1452 4225 ἀπερίγραφον
1501 4148 1731 4211 ⁴πλοῦτον
1759 4160 1926 4216 αὐτοῦ

2053 4161 2151 4200 :uni
2181 4146 2322 4202 Deus
2348 4147 2616 4202 infinitam
2646 4156 2698 4202 et
2727 4148 3260 4220 incircumscriptam
3287 4150 3621 4220 epulentiam

357 4237 451 4292 διὰ
479 4239 608 4303 τοὺς
643 4241 832 4307 ἀξίους
869 4245 964 4296 καὶ
1005 4243 1132 4308 τοὺς
1163 4246 1416 4312 ἀναξίους
1439 4247 1814 4319 δωρουμένου.

427 4329 882 4400 Εὐδαιμονιστίον
914 4333 1013 4402 μὲν
1061 4337 1156 4388 καὶ
1209 4336 1396 4406 χώραν
1423 4338 1518 4393 καὶ
1563 4341 1768 4407 οἰκίαν,
1794 4340 1926 4396 ὅταν

356 4418 456 4492 ἔχῃ
486 4423 610 4474 τινὰ
639 4424 948 4478 σπουδαῐονο
993 4427 1512 4498 κακοδαιμονιπέον
1535 4428 1614 4498 δδ,
1644 4431 1772 4485 ὅταν
1797 4431 1925 4504 ἐρη-

357 4530 459 4580 μος
567 4515 832 4572 τοιούτου.

433 4603 636 4660 Ἕνεκα
691 4607 792 4677 μὲν
819 4609 928 4662 τῶν
959 4605 1182 4678 φαύλων
1209 4613 1438 4682 οὐδεμία
1473 4613 1931 4686 πόλιςήρὲμισεν

345 4703 444 4758 ἄν·
474 4702 788 4772 διαμένουσι
830 4703 890 4757 δδ
921 4706 1269 4760 ἀστασίαστοι
1325 4707 1394 4760 δι’
1426 4707 1543 4773 ἑνὸς
1585 4708 1620 4780 ἢ
1675 4709 1931 4779 δευτέρου

357 4794 756 4861 συνοικοῦντος,
782 4796 841 4849 οῦ
867 4799 900 4867 ή
923 4797 1090 4869 ἀρετὴ
1113 4798 1209 4859 τὰς
1230 4798 1512 4862 πολιτικὰς
1543 4781 1730 4860 νόσους
1760 4801 1930 4867 ίᾶται,

347 4889 530 4957 γέρας
559 4888 928 4959 ἀπονέμοντος
970 4889 1062 4945 τοῦ
1097 4890 1390 4960 φιλαρὲτου
1427 4889 1564 4944 Θεοῦ
1617 4893 1933 4960 καλοκαγα-

356 4979 500 5044 θίας,
555 4980 614 5034 τὸ
651 4982 724 5053 μή
763 4983 926 5051 μόνον
967 4982 1156 5050 αὐτὸν,
1191 4983 1327 5038 ἀλλά
1378 4984 1476 5038 καὶ
1519 4984 1648 5047 τούς
1695 4987 1931 5055 πλησιά-

347 5068 558 5132 ζοντας
592 5071 844 5138 ὠφελεῖν.

343 5191 350 5196 -
435 5164 665 5232 Ἄνδρες
717 5165 954 5232 ἀγαθοὶ,
1011 5167 1417 5237 τροπικώτερον
1464 5167 1645 5220 είπεῐν
1675 5209 1690 5233 ,
1749 5167 1929 5232 κίονές

356 5253 487 5316 εἰσι,
525 5253 699 5323 δῆμον
731 5255 854 5307 ὅλον
881 5255 1283 5326 ὑπερείδοντες,
1323 5255 1581 5328 καθάπερ
1616 5256 1798 5322 οἰκίας
1832 5272 1928 5328 με-

357 5345 553 5414 γάλας,
587 5346 685 5409 τὰς
721 5346 906 5410 πόλεις
935 5349 1028 5400 καὶ
1063 5347 1160 5410 τὰς
1193 5348 1502 5411 πολιτείας.

350 5449 357 5458 “
955 5436 1175 5493 ΛΟΓΟΣ
1197 5439 1332 5492 MB’.

760 5531 900 5600 Περὶ
929 5530 1193 5585 πολιτῶν
1212 5529 1556 5600 μοχθηρῶν.

429 5627 493 5681 Οί
528 5625 879 5697 ἄνθρωποι-οι
912 5626 970 5678 ἑν
993 5625 1244 5693 Σοδόμοις
1272 5625 1588 5698 ἁμαρτωλοὶ
1644 5627 1741 5684 καὶ
1771 5644 1930 5701 πονησ-

357 5722 439 5791 poi.
477 5718 720 5772 ἐναντίον
748 5717 841 5770 τοῦ
869 5717 1005 5772 Θεοῦ
1039 5719 1263 5788 σφόδρα.

424 5811 502 5864 Οὐ
538 5809 778 5882 πορεύσῃ
806 5808 994 5874 δολίως
1019 5810 1075 5864 ἐν
1100 5808 1177 5881 τῷ
1210 5808 1352 5864 ἔθνει
1383 5824 1502 5865 σου.

2029 4250 2188 4290 suam
2215 4247 2432 4307 prepter
2460 4238 2654 4306 dignos
2687 4238 2925 4310 indignis
2953 4241 3118 4296 etiam
3152 4240 3336 4314 largiri
3369 4243 3563 4299 soleat.
3596 4233 3600 4244 ⁵

2098 4327 2248 4386 Felix
2280 4329 2516 4399 jndicari
2543 4339 2784 4386 meretur
2806 4339 2860 4386 et
2885 4332 3078 4388 civitas
3106 4341 3159 4389 et
3195 4334 3350 4406 regio
3376 4344 3430 4390 et
3462 4335 3623 4390 fami-

2024 4421 2126 4487 lia,
2158 4437 2282 4476 cum
2315 4423 2556 4492 aliquem
2593 4423 2791 4478 virtute
2819 4424 3106 4493 praeditum
3138 4425 3390 4484 habuerit
3421 4443 3435 4479 :
3472 4427 3613 4484 infc-

1956 4539 2007 4601 υ
2032 4514 2106 4568 lix
2139 4523 2344 4580 autem,
2385 4529 2509 4569 cum
2539 4514 2632 4568 tali
2677 4515 2796 4570 viro
2831 4518 3092 4572 caruerit.

2106 4605 2489 4676 lmproborum
2514 4607 2734 4674 quidem
2763 4622 2927 4662 causa
2953 4609 3102 4665 nulla
3137 4609 3447 4681 respublica
3477 4620 3640 4666 trait--

2037 4699 2208 4768 quilla
2257 4705 2424 4764 esset,
2485 4698 2580 4754 sed
2641 4698 2760 4754 sine
2813 4697 3083 4755 seditione
3141 4700 3356 4755 durant
3394 4709 3622 4770 propter

2037 4806 2204 4846 unum
2264 4799 2356 4844 aut
2399 4789 2631 4844 alterum
2690 4789 2885 4857 civem,
2937 4792 3092 4862 cujus
3145 4794 3320 4846 virtus
3365 4792 3622 4850 civilibus

2026 4882 2244 4939 morbis
2279 4881 2547 4945 medetur,
2579 4880 2688 4937 Deo
2722 4881 2834 4952 (cui
2863 4883 3048 4938 virtus
3066 4889 3120 4937 et
3153 4881 3396 4952 probitas
3425 4881 3624 4953 placet)

2037 4975 2142 5030 hoc
2174 4977 2454 5046 praemium
2484 4975 2702 5029 virtutis
2737 4976 2935 5030 cultori
2985 4975 3277 5040 tribuente,
3317 4983 3376 5030 ut
3415 4974 3473 5031 id
3513 4991 3622 5033 non

2041 5067 2218 5122 solum
2261 5067 2527 5136 seipsum,
2567 5067 2660 5120 sed
2692 5066 2853 5121 etiam
2885 5066 3164 5136 proximos
3191 5063 3433 5138 adjuvet.

2109 5159 2245 5214 Boni
2277 5159 2380 5213 viri
2421 5159 2508 5228 (ut
2542 5158 2824 5228 ﬁguratius
2845 5158 3046 5225 dicam)
3072 5158 3338 5214 columnae
3367 5168 3496 5213 sunt
3527 5172 3622 5227 po-

2029 5252 2228 5321 pulum
2255 5259 2430 5306 totum
2461 5251 2822 5315 sustinentes,
2844 5259 3103 5323 tanquam
3134 5263 3360 5321 magnas
3389 5250 3577 5305 domos
3598 5289 3624 5316 ,,

2037 5344 2290 5401 civitates
2325 5350 2378 5397 et
2418 5343 2779 5410 respublicas.

2439 5433 2672 5490 SERMO
2702 5433 2844 5488 XLII
2878 5433 2978 5507 [αί.
3011 5425 3235 5504 XXIX].

2524 5525 2599 5580 De
2629 5525 2828 5580 civibus
2859 5521 3132 5591 improbis.
3542 5589 3558 5602 .

2106 5619 2267 5690 185
2296 5619 2425 5674 Gen.
2477 5633 2588 5671 ιιιι.
2640 5616 2800 5670 Cives
2849 5611 3210 5667 Sodomorqu
3267 5608 3529 5669 scelerosi
3559 5618 3623 5668 et-

2034 5714 2270 5784 improbi
2301 5712 2351 5766 in
2381 5717 2678 5779 conspectu
2717 5706 2808 5761 Dei
2851 5706 3224 5760 vehementer.

2108 5804 2276 5862 Lavit.
2309 5819 2418 5859 ωι.
2454 5801 2529 5856 lu-
2551 5797 2746 5870 populo
2775 5805 2870 5854 tuo
2895 5795 3181 5856 ne-dolose
3217 5796 3388 5870 agito.
