3996 6194
437 238 568 308 illi
1718 236 2032 301 ANTONII

2153 233 2432 298 ΕΙ.ῐὸεῶ
3579 221 3638 289 ιι
3655 223 3722 288 12

435 369 587 427 sunt,
617 357 710 429 qui
782 355 937 414 vobis
985 353 1318 412 annuntiaut
1352 353 1591 409 divinant
1651 368 1961 409 sermonem
1997 370 2010 406 :

2153 368 2292 422 ησαν
2323 350 2454 422 ύμῖν
2494 345 2774 417 τὸνλόγον
2815 341 2910 400 τοῦ
2941 334 3214 413 Θεοῦοιῶν
3249 339 3711 413 ἀναθεωροῦντες

430 465 663 520 quorum
703 447 1135 520 contemplantes
1155 445 1595 501 conversationis
1617 449 1824 502 exitum
1853 444 2012 500 [idem

2155 444 2220 515 ὴν
2275 442 2504 496 ἒκὸασιν
2553 440 2656 509 τῆς
2713 436 3064 510 ἀναστροφῆς
3087 476 3105 504 ,
3149 433 3410 508 μιμεῖσθε
3464 433 3572 506 τήν
3624 434 3718 485 πί-

431 541 749 598 imitamini.
1957 591 1969 598 .

2153 552 2239 589 τιν

503 636 695 690 Parete
724 635 1052 691 ductoribus
1109 635 1330 700 vestris,
1389 642 1444 689 et
1472 631 1669 696 cedite,
1735 629 1839 700 ipsi
1871 629 2016 685 enim

431 727 658 795 vigilant
682 741 783 797 pro
816 727 1016 782 animis
1047 727 1262 782 vestris.

503 818 674 874 Nemo
731 819 971 874 militans
1029 817 1265 888 negotiis
1315 831 1416 886 pro
1471 815 1618 870 victu
1674 813 2015 884 implicatur,

440 920 500 966 ut
538 912 584 966 ei
617 911 708 982 qui
744 927 804 967 se
835 912 889 966 iu
921 910 1164 965 militiam
1201 909 1840 979 arcersiveritﬁplaceat:
1873 906 2020 978 quod

435 1003 485 1058 si
505 1003 631 1073 quis
651 1011 848 1069 certet,
873 1018 980 1057 non
1004 1011 1303 1058 coronatur
1323 1002 1610 1067 continuo,
1642 1001 1750 1057 nisi
1776 1000 2019 1071 legitime

436 1095 749 1150 certaverit.

505 1185 692 1241 Videte
736 1199 806 1240 ne
851 1184 1093 1256 perdatis
1137 1199 1201 1240 ea
1244 1186 1361 1255 ipsa
1392 1199 1512 1256 qua:
1543 1182 1874 1255 perfecistis,
1927 1187 2023 1244 sed

435 1283 496 1330 ut
533 1275 747 1344 plenam
779 1274 1082 1329 mercedem
1120 1273 1425 1343 accipiatis.

509 1365 570 1422 S.
603 1364 815 1420 Basilii.
842 1363 1092 1420 Certatur
1116 1365 1315 1428 bonus,
1345 1364 1438 1432 qui
1477 1365 1648 1422 semel
1701 1365 1768 1420 ad
1802 1363 2022 1436 pietatis

437 1457 775 1515 curriculum
808 1464 1008 1512 exutus
1069 1464 1175 1519 est,
1210 1455 1428 1513 fortiter
1475 1466 1529 1513 et
1557 1470 1822 1530 generose
1880 1457 2026 1513 ferre

437 1550 604 1606 debet
625 1550 769 1606 ictus
834 1548 1310 1615 adversariorum,
1341 1564 1439 1620 spe
1473 1564 1805 1606 coronarum
1849 1549 2025 1606 laudis

436 1642 824 1714 adipiscendae.
861 1642 1074 1697 Etenim
1098 1642 1151 1696 iu
1183 1643 1450 1713 gymnicis
1483 1643 1879 1699 certaminibus
1929 1643 2023 1712 qui

2193 631 2461 685 Πείθεσθε
2513 630 2629 693 τοῖς
2685 627 3014 699 ἡγουμένοις
3063 621 3240 692 ὑμῶν,
3273 620 3372 674 καὶ
3409 617 3721 674 ὑπεῖκε-τεο

2121 724 2279 778 αὐτοὶ
2309 721 2421 792 γὰρ
2454 719 2837 789 ἀγρυπνοῦσιν
2870 716 3012 786 ὑπὲρ
3046 715 3155 769 τῶν
3185 712 3382 785 ψυχῶν
3421 711 3611 783 ὑμῶν.

2193 809 2387 874 Οὐδεὶς
2423 809 2859 881 στρατευόμενος
2903 804 3247 877 ἐμπλέκεται
3297 805 3418 866 ταῖς
3463 801 3562 856 τοῦ
3598 800 3718 872 βίου

2123 903 2565 974 πραγματείαις,
2597 902 2688 956 ἵνα
2721 901 2798 970 τῷ
2825 898 3329 972 στρατολογήσαντι
3353 897 3548 971 ζάρέσῃ
3575 913 3592 929 ο
3621 896 3724 950 Liv

2122 994 2180 1048 δὲ
2232 995 2327 1049 καὶ⁹
2359 993 2498 1067 ἀθλῇ
2530 1010 2639 1060 τις,
2672 993 2734 1047 οὐ
2769 989 3174 1062 στεφανοῦται,
3207 990 3307 1046 ἐὰν
3345 987 3422 1063 μὴ
3453 987 3720 1059 νομίμως

2123 1088 2364 1160 ἀθλήσῃ.
3613 1090 3618 1094 ’

2194 1181 2434 1236 Βλέπετε
2470 1180 2735 1248 ἑαυτοῦς,
2773 1177 2862 1234 ἵνα
2901 1178 2980 1250 μὴ
3021 1177 3334 1248 ἀπολέσητε
3362 1175 3399 1230 θ.
3446 1174 3714 1246 εἰργάσα-

2127 1273 2248 1337 σθε,
2280 1272 2398 1327 ἀλλ’
2423 1273 2511 1328 ἵνα
2548 1271 2742 1343 μισθὸν
2777 1272 2964 1342 πλήρη
2993 1269 3221 1340 λάϐητε.

2196 1367 2303 1422 Τὸν
2346 1363 2660 1436 ἀγωνιστήν
2701 1364 2794 1418 τὸν
2833 1364 3001 1418 καλὸν
3031 1361 3181 1430 ἅπαξ
3213 1362 3304 1416 ἐπὶ
3337 1362 3396 1415 τὸ
3427 1362 3529 1431 τῆς
3557 1361 3724 1414 vias-

2126 1457 2283 1522 δείας
2330 1457 2548 1512 στάδιον
2586 1456 2950 1523 ἀποδυθέντα,
2983 1457 3172 1527 φέρειν
3203 1455 3284 1510 δεῖ
3308 1451 3582 1524 γενναίως
3613 1453 3723 1516 τάς

2125 1549 2344 1622 πληγάς
2371 1547 2483 1602 τῶν
2532 1546 2845 1602 ἀντιπάλων
2886 1545 3062 1600 ἑλπίδι
3101 1546 3199 1616 τῆς
3249 1545 3410 1615 δόξης
3454 1543 3560 1612 τῆς
3602 1543 3722 1596 ἀπὸ

2126 1641 2238 1695 τῶν
2287 1641 2594 1711 στεφάνων.
2627 1639 2735 1696 Καὶ
2767 1640 2879 1710 γὰρ
2910 1640 2972 1692 ὲν
2999 1640 3118 1702 τοῖς
3161 1635 3456 1709 γυμνικοῖς
3497 1632 3721 1704 ἀγῶσιν

438 1736 732 1793 assuefacti
767 1743 899 1793 sunt
919 1736 1190 1807 palaestra:
1220 1736 1522 1800 laboribus,
1554 1752 1664 1791 non
1689 1742 2026 1792 contrahun-

2157 1734 2176 1788 ἱ
2215 1734 2359 1788 κατά
2396 1734 2496 1799 τὰς
2529 1732 2875 1805 παλαίστρας
2915 1734 3032 1795 τοῖς
3079 1730 3262 1792 πόνοις
3320 1726 3722 1801 προπθισθέν-

445 1841 533 1886 tur
570 1831 634 1885 ad
677 1832 916 1885 dolorem
946 1830 1251 1900 plagarum,
1286 1831 1380 1886 sed
1423 1830 1720 1896 cupiditate
1748 1831 2024 1886 laudatio-

441 1919 526 1975 nis
552 1935 674 1991 quae
706 1935 735 1974 a
765 1935 1018 1990 pracone
1049 1919 1130 1988 (lt,
1164 1935 1288 1974 cum
1341 1921 1796 1977 colluctatoribus
1825 1920 2018 1993 pedem

439 2012 750 2076 eonlvrunt,
778 2012 1067 2082 praesentia
1095 2012 1280 2068 omnia
1306 2012 1692 2083 despicientes.

511 2189 765 2247 Vinculis
825 2189 1177 2247 aﬁ'ectionum
1267 2197 1321 2244 .t
1378 2188 1854 2258 perturbationum
1902 2187 2029 2242 vita

441 2286 696 2341 humanae
721 2283 857 2339 solvi
890 2284 1071 2349 debet,
1107 2282 1198 2352 qui
1223 2295 1349 2337 vere
1377 2279 1544 2335 Deum
1561 2280 1714 2351 sequi
1744 2296 1811 2336 ex
1841 2281 2030 2338 animo

442 2378 709 2443 decrevit,
753 2375 976 2445 idquod
1026 2389 1121 2444 per
1156 2387 1434 2429 secessum
1487 2373 1649 2441 plane
1720 2370 2020 2442 perfectum

442 2481 498 2528 et
525 2480 766 2527 veterum
797 2481 1014 2522 morum
1051 2465 1383 2520 oblivionem
1418 2473 1564 2519 recte
1600 2473 1861 2534 paratur;
1899 2479 2026 2518 nam

441 2567 553 2622 nisi
602 2573 658 2620 et
684 2580 720 2619 a-
762 2561 1096 2633 c0gnatione
1151 2558 1671 2629 propiuquitateque
1713 2554 1946 2620 carnali,
1973 2562 2029 2610 et

443 2658 567 2712 vitae
596 2655 995 2712 communione
1027 2667 1126 2708 nos
1148 2654 1298 2728 ipsos
1330 2649 1847 2716 abalienaverimus,
1869 2647 2024 2720 quasi

442 2748 498 2802 in
545 2747 780 2803 alterum
803 2742 1096 2815 quemdam
1117 2736 1392 2795 Tmundum
1415 2740 1807 2795 exercitatione
1835 2747 1889 2795 et
1915 2753 2030 2794 me-

439 2839 711 2895 ditatione
757 2837 1080 2908 migrantes,
1107 2832 1229 2905 ejus
1256 2833 1548 2890 consilium
1585 2842 1896 2904 sequentes,
1936 2833 2029 2903 qui

441 2930 584 2986 dixit
613 2948 630 2983 :
670 2948 689 2983 ι
732 2927 928 2984 Nostra
957 2935 1139 2981 autem
1168 2925 1515 2980 conversatio
1558 2924 1611 2977 in
1644 2923 1799 2979 cmlis
1852 2931 1955 2988 est,
2000 2940 2020 2976 ι

443 3023 669 3078 omnino
699 3019 816 3082 ﬂeti
863 3019 1072 3088 nequit,
1099 3026 1160 3072 ut
1181 3031 1434 3086 scopum,
1454 3017 1546 3086 qui
1576 3024 1660 3072 est
1691 3015 1798 3071 Deo
1825 3015 2033 3085 gratiﬁ-

2127 1848 2218 1895 τες
2257 1832 2317 1884 ού
2353 1833 2493 1900 πρδς
2525 1829 2586 1884 τὺ
2615 1828 2864 1896 ἀλγεινὸν
2909 1826 3294 1900 συστίλλονται
3319 1824 3420 1895 τῆς
3467 1821 3716 1892 πληγῆς,

2126 1893 2245 1978 ἀλλ’
2301 1893 2485 1994 ὸμάσε⁷
2551 1893 2792 1994 χωροῦσι
2861 1921 2977 1984 τοῖς
3029 1893 3388 1981 ἀντιπάλοις,
3444 1910 3723 1981 ἐπιθυμία

2129 2016 2196 2089 [Ῑ.
2225 2015 2528 2086 ἐπιθυμίαν
2561 2013 2643 2088 δὲ]
2681 2015 2782 2084 τήν
2837 2015 2938 2085 τῆς
2985 2012 3346 2086 ἀναρρήσεως
3394 2007 3505 2061 τῶν
3562 2020 3722 2075 παρ-

2133 2108 2563 2164 αυτίκαπάντων
2592 2107 3000 2179 ὑπερορῶντες.

2199 2202 2446 2273 Δυθηναι
2489 2202 2572 2256 δεῖ
2624 2201 2737 2256 τῶν
2777 2198 2996 2270 δεσμῶν
3046 2197 3144 2269 τῆς
3176 2192 3555 2268 προπαθείας
3618 2187 3724 2245 τοῦ

2131 2295 2248 2366 βίου
2294 2295 2388 2351 τδν
2431 2295 2702 2367 ἀληθινῶς
2731 2293 2822 2363 τῷ’
2838 2292 2957 2364 Θεῷ
2988 2291 3357 2362 ἀκολουθῆναι
3400 2287 3719 2360 μέλλοντασ

2129 2385 2288 2442 τοῦτο
2338 2386 2396 2441 δὲ
2447 2385 2538 2440 διά
2586 2383 2889 2450 παντελοῦς
2933 2381 3338 2453 ἀναχωρήσεως
3386 2378 3485 2432 καὶ
3537 2377 3726 2448 λήθης

2127 2481 2238 2536 τῶν
2278 2479 2525 2535 παλαιῶν
2573 2479 2725 2551 ήθῶν
2757 2477 3162 2550 κατορθοῦται·
3210 2477 3287 2540 ὡς
3319 2475 3368 2528 εί
3402 2473 3482 2545 μὴ
3515 2471 3728 2538 ἀποξε-

2131 2571 2410 2643 νώσαιμεν
2458 2571 2690 2635 ἑαυτοὺς
2727 2569 2824 2624 καὶ
2876 2568 3203 2638 συγγενείας
3251 2564 3575 2638 σαρκικῆς,
3622 2564 3724 2618 καὶ

2131 2663 2424 2727 κοινωνίας
2456 2663 2596 2736 βίου,
2628 2662 2794 2718 οἱονεὶ
2845 2661 2984 2734 πρὸς
3021 2660 3212 2732 ἕτερον
3247 2660 3455 2729 κόσμον
3487 2657 3577 2711 διὰ
3613 2657 3724 2727 τῆς

2132 2756 2422 2827 ἀσκήσεως
2456 2753 2820 2824 μεταϐάντες,
2857 2753 3003 2808 κατὰ
3049 2753 3142 2806 τὸν
3173 2750 3426 2812 εἰπόντα,
3452 2767 3473 2800 ι
3513 2743 3723 2818 Ἦμῶν

2133 2847 2191 2902 δὲ
2223 2848 2283 2902 τὺ
2314 2848 2619 2919 πολίτευμα
2666 2850 2724 2901 ὲν
2761 2846 3021 2918 οὐρανοῖς
3071 2843 3335 2915 ὑπάρχει,
3377 2860 3396 2894 ι
3431 2839 3730 2912 ἀμήχανον

2137 2940 2286 3010 ἡμᾶς
2322 2940 2714 3013 περιγενέσθαι
2735 2938 2830 2994 τοῦ
2858 2938 3066 2993 σκοποῦ
3106 2935 3204 3008 τῆς
3249 2935 3384 3005 πρὸς
3427 2932 3567 2987 Θεὶν
3597 2932 3730 2985 εύαο

2141 3035 2487 3106 ρεστῆσεωςο
2531 3032 2624 3086 τοῦ
2681 3031 2888 3103 Κυρίου
2952 3030 3251 3103 ὀριστικῶς
3305 3027 3584 3091 εἰπόντος,
3640 3025 3728 3078 ὃτι

441 3113 623 3196 candi,
664 3111 1194 3180 attingamusmum
1251 3109 1516 3164 Dominus
1579 3107 1802 3164 deﬁnite
1867 3108 2027 3163 dixe-

2153 3145 2158 3178 l
2208 3090 2325 3190 Πᾶς
2382 3090 2451 3191 ei
2495 3124 2674 3196 ὑμῶν,
2735 3090 2795 3187 δὲ
2842 3124 2944 3178 οὐκ
2983 3090 3356 3179 ἀποτάσσεται
3401 3120 3520 3183 τοῖς
3549 3090 3728 3172 αὐτοῦ

442 3188 517 3256 rit
549 3218 564 3254 :
597 3218 616 3252 ι
656 3201 982 3268 Quicunque
1023 3213 1089 3254 ex
1139 3197 1296 3253 vobis
1324 3214 1432 3252 non
1463 3198 1646 3253 valere
1667 3197 1822 3267 jubet
1845 3197 2029 3253 omnia
2078 3201 2084 3206 ’

444 3308 564 3354 sua.
593 3301 702 3347 non
735 3298 915 3360 potest
943 3305 1067 3345 esse
1090 3288 1395 3359 discipulus
1421 3303 1596 3344 meus.
1633 3306 1653 3342 ι

517 3383 617 3440 Est
648 3390 830 3438 autem
863 3389 1141 3452 postrema
1179 3380 1440 3436 salutatio
1474 3381 1740 3436 bonorum
1777 3397 1808 3437 e
1866 3383 2032 3439 corde

442 3477 710 3548 proiecta,
737 3489 864 3531 cum
897 3474 964 3528 ad
1026 3473 1305 3529 caelestem
1355 3473 1518 3544 188
1560 3474 2032 3531 conversationem

445 3578 502 3625 et
531 3565 1065 3623 administrationem
1095 3579 1154 3620 se
1183 3565 1479 3621 convertit.

518 3659 924 3716 Continentiam
949 3657 1187 3714 dicimus
1209 3672 1322 3712 non
1357 3658 1585 3714 omnino
1617 3659 1798 3714 omnis
1818 3658 2034 3729 generis

447 3752 697 3808 ciborum
760 3747 1150 3804 abstinentiam
1205 3748 1348 3820 (haec
1390 3748 1534 3804 enim
1566 3757 1650 3804 est
1683 3750 1919 3805 violenta
1951 3749 2034 3804 vl-

447 3855 515 3899 ta:
536 3843 870 3915 dissolutio),
895 3841 990 3900 sed
1011 3858 1133 3899 eam
1153 3843 1419 3898 duntaxat
1437 3857 1560 3913 quae
1585 3843 1842 3912 puritatis
1865 3857 2034 3900 causa

361 3917 366 3924 ’
447 3935 770 4006 suscipitur.

518 4024 867 4081 Coutinentia
898 4031 984 4079 est
1018 4024 1226 4089 peccati
1283 4023 1568 4090 detractio,
1625 4025 1695 4080 ali
1751 4025 2034 4083 aﬂectibus

447 4118 804 4183 abalienatio,
845 4115 1094 4185 corporis
1116 4115 1413 4171 exstinctio
1437 4133 1612 4188 usque
1639 4118 1706 4173 ad
1739 4119 2035 4188 perturba-

449 4212 629 4266 tiones
659 4209 820 4263 etiam
845 4205 1128 4262 naturales
1159 4215 1212 4262 et
1236 4207 1586 4278 cupiditates.

522 4301 839 4356 lnstitutuin
868 4307 923 4356 et
963 4300 1180 4371 pietatis
1228 4299 1572 4370 propositum
1629 4315 1736 4357 non
1771 4301 2032 4359 debemus

449 4393 766 4449 existimare
805 4391 897 4448 otii
923 4400 1245 4464 praetextum
1264 4400 1358 4446 aut
1375 4391 1578 4448 laboris
1605 4395 2029 4463 recusationem,

452 4486 546 4541 sed
570 4495 956 4556 argumentum
978 4486 1302 4542 certationis
1323 4493 1379 4540 et
1405 4485 1644 4555 plurium
1673 4485 1944 4549 laborum.
1973 4502 2036 4544 ac

451 4577 510 4634 iu
541 4575 930 4632 amictionibus
963 4576 1258 4646 patientiae.

525 4671 608 4726 Ad
647 4671 794 4725 hunc
817 4655 1060 4725 modum.
1097 4667 1188 4722 Dei
1243 4669 1502 4739 templum
1561 4667 1848 4738 ellicimur,
1881 4671 2037 4727 'cum

449 4763 602 4820 curis
631 4761 864 4818 terrenis
899 4761 1180 4817 contentio
1209 4763 1490 4817 memoriae
1526 4770 1787 4832 perpetua
1819 4777 1928 4818 non
1960 4764 2042 4818 in-

438 4859 839 4934 terrumpitur,
873 4868 998 4911 cum
1053 4869 1210 4908 mens
1233 4853 1631 4925 tinexspectatis
1681 4856 2042 4925 perturbatio-

436 4947 622 5026 ;nibus
646 4962 752 5001 non
791 4946 1044 5001 turbatur
1077 4963 1090 5000 :
1125 4944 1221 5001 sed
1255 4945 1373 5000 haec
1421 4947 1605 5000 omnia
1633 4961 1758 5002 cum
1792 4946 2044 5018 eliugerit

350 5091 398 5104 _
449 5038 769 5094 divinarum
815 5052 1002 5092 rerum
1047 5036 1300 5107 cupidus,
1347 5037 1412 5090 ad
1469 5035 1636 5093 Deum
1685 5041 1862 5109 ipsum
1888 5053 2043 5096 sece-

455 5132 556 5200 dit,
588 5146 652 5188 ac
679 5131 954 5202 depellens
989 5147 1056 5187 ea
1109 5147 1230 5201 quae
1266 5132 1333 5186 ad
1396 5133 1524 5187 vitia
1579 5133 1829 5201 incitant,
1862 5135 1916 5190 in
1976 5136 2044 5190 iis

457 5236 672 5282 tantum
701 5225 1024 5281 immoratur
1049 5222 1242 5281 ciliciis
1259 5235 1312 5280 et
1331 5226 1673 5294 muneribus,
1690 5242 1812 5298 qua:
1837 5226 1904 5282 ad
1937 5226 2041 5281 vir-

463 5327 634 5375 tutem
662 5318 890 5373 ducunt.

531 5411 591 5468 S.
625 5409 854 5479 Iguutii.
890 5409 949 5465 Si
972 5411 1146 5466 bonos
1186 5419 1242 5466 et
1284 5411 1550 5467 honestos
1607 5416 1824 5464 tantum
1882 5407 2051 5464 disci-

461 5501 619 5570 pulos
643 5501 847 5572 diligis,
881 5502 1027 5556 nulla
1052 5502 1149 5557 tibi
1181 5503 1353 5571 gratia
1373 5503 1620 5557 debetur.
1667 5501 1842 5571 Magis
1874 5501 2048 5554 rebel~

461 5591 540 5646 les
585 5591 810 5650 lenitate
865 5601 1100 5650 tractare
1150 5595 1337 5658 debes,
1397 5605 1459 5649 ut
1510 5592 1866 5657 erudiantur;
1942 5609 2050 5647 nun

459 5683 610 5738 enim
643 5698 805 5742 omne
834 5687 1038 5742 vulnus
1067 5688 1257 5742 eodem
1292 5688 1590 5757 emplastro
1616 5698 1863 5744 curatur.
1913 5686 2050 5742 Eta-

461 5775 816 5836 cerbationcs
844 5779 1258 5848 perfusionibus
1293 5783 1440 5837 SCtl‘d.

2135 3219 2499 3290 ὑπάρχουσιν,
2551 3219 2614 3272 οὐ
2657 3217 2884 3272 δύναταί
2918 3235 3021 3289 μου
3054 3213 3198 3271 εἶναι
3245 3215 3522 3287 μαθητής.
3552 3231 3576 3266 ι

2235 3406 2498 3465 Λποταγη
2538 3408 2655 3447 εστι
2681 3409 2916 3463 καρυ.ας
2945 3388 3305 3462 ἀνθρωπίνης
3342 3386 3484 3460 πρὸς
3530 3383 3634 3458 τὴν
3667 3384 3730 3440 ἰν

2134 3487 2391 3559 οὐρανοῖς
2435 3484 2719 3541 πολιτείαν
2765 3482 3089 3556 μετάθεσις.

2219 3669 2588 3742 Ἐγκράτειαν
2615 3667 2852 3739 λέγομεν
2890 3668 2953 3722 οὐ
2986 3668 3208 3730 πάντως
3238 3664 3338 3737 τήν
3381 3662 3464 3728 είς
3489 3660 3552 3716 τὸ
3585 3676 3732 3715 παν-

2134 3762 2293 3826 τελὲς
2335 3763 2550 3834 ἀποχὴν
2599 3763 2710 3816 τῶν
2740 3760 3075 3834 βρωμάτων,
3107 3758 3265 3814 τοῦτο
3299 3758 3408 3827 γὰρ
3454 3754 3615 3827 βιαία
3641 3755 3729 3820 τίς

2135 3857 2252 3910 ιστι
2281 3855 2526 3918 διάλυσις
2547 3856 2644 3926 τῆς
2671 3855 2836 3926 ζωῆς,
2871 3853 3010 3908 ἀλλὰ
3042 3854 3141 3925 τὴν
3180 3851 3274 3905 ἐπὶ
3299 3849 3595 3922 καθάρσει.

2217 4031 2547 4105 Ἐγκράτειά
2600 4030 2748 4085 ἐστιν
2801 4029 3081 4102 ἁμαρτίας
3134 4029 3468 4100 ἀναίρεσις,
3523 4025 3726 4080 παθῶν

2137 4122 2503 4195 ἀλλοτρίωσις
2531 4163 2546 4188 ,
2583 4123 2836 4194 σώματος
2884 4124 3155 4194 νέκρωσις
3192 4123 3356 4192 μέχρι
3409 4120 3510 4174 καὶ
3542 4118 3729 4173 αὑτῶν

2133 4216 2247 4271 τῶν
2275 4216 2524 4286 φυσικῶν
2552 4215 2899 4285 παθημάτων
2925 4232 2986 4268 τε
3012 4215 3109 4268 καὶ
3133 4212 3470 4284 ἐπιθυμιῶν.

2208 4309 2284 4362 Ού
2324 4306 2601 4378 πρόφασιν
2639 4307 2862 4378 ἀργίας,
2893 4306 3016 4361 οὐδὲ
3063 4305 3353 4377 ἀποφυγὴν
3405 4303 3598 4370 πόνου,
3636 4307 3732 4360 τὸν

2071 4444 2112 4500 D
2140 4405 2239 4476 τῆς
2287 4405 2575 4468 εὐσεϐείας
2610 4402 2814 4456 σκοπὸν
2843 4401 3098 4472 ἡγεῖσθαι
3136 4399 3281 4471 χρὴ’,
3316 4396 3732 4500 dit-1161:6856}!

2139 4497 2443 4568 ἀθλήσεως,
2478 4496 2575 4552 καὶ
2608 4495 2786 4550 πόνων
2818 4495 3266 4566 περισσοτέρων,
3300 4491 3399 4546 καὶ
3443 4490 3733 4564 ὑπομονῆς

2139 4590 2237 4661 τῆς
2263 4590 2320 4641 ὲν
2347 4588 2612 4659 θλίψεσιν.

2209 4681 2366 4737 Οὕτω
2392 4681 2655 4753 γινόμεθα
2685 4680 2813 4746 ναὸς
2845 4680 3003 4746 Θεοῦ,
3036 4680 3165 4734 ὅταν
3207 4679 3285 4752 μὴ
3320 4677 3577 4750 φροντίσι
3603 4675 3734 4747 γηῖ·

2139 4793 2260 4840 ναις
2293 4777 2354 4830 τὸ
2378 4776 2604 4846 συνεχὲς
2639 4776 2739 4847 τῆς
2773 4775 2997 4847 μνήμης
3037 4774 3430 4842 διακόπτηταιο
3469 4771 3608 4825 ὅταν
3656 4771 3732 4840 μὴ

2142 4871 2254 4932 τοῖς
2286 4869 2722 4940 ἀπροσδοκήτοις
2778 4867 3014 4921 πάθεσιν
3053 4865 3082 4918 ὁ
3117 4862 3244 4927 νοῦς
3293 4862 3734 4932 ὲκταράττηται,

2143 4961 2280 5014 ἀλλά
2313 4962 2493 5014 πάντα
2544 4960 2733 5029 φυγὼν
2763 4960 2791 5010 ὁ
2838 4958 3111 5029 φιλόθεος,
3159 4958 3254 5010 ἐπὶ
3296 4956 3390 5010 τὸν
3427 4955 3568 5009 Θεδν
3599 4956 3736 5009 ἀνα·

2144 5038 2339 5126 χωρῇ,
2382 5055 2478 5108 καὶ
2516 5053 2821 5120 ἐξελαύνων
2879 5053 2948 5108 τὰ
3003 5052 3143 5124 πρὸς
3196 5051 3438 5114 κακίαν,
3479 5053 3604 5114 τοῖς
3656 5050 3736 5111 είς

2147 5145 2347 5216 ἀρετὴν
2380 5145 2605 5214 ἄγουσιν
2634 5144 3068 5218 ἐπιτηδεύμασιν
3103 5143 3446 5217 ἐνδιατρίϐῃ.

2223 5413 2436 5473 Καλοὺς
2471 5410 2722 5480 μαθητὰς
2753 5410 2848 5464 ἐὰν
2894 5407 3080 5482 φιλῇς,
3115 5409 3277 5482 χάρις
3328 5427 3412 5464 σοι
3442 5412 3551 5466 οὐκ
3581 5411 3694 5467 ἔστι
3718 5427 3734 5443 ⁸

2157 5508 2360 5579 μᾶλλον
2395 5506 2519 5568 τοὺς
2565 5502 2995 5584 ἀπειθεστέρους
3026 5505 3084 5557 ὲν
3123 5505 3398 5577 πραΰτητι
3429 5505 3733 5562 ὑπότασσι.

2153 5603 2227 5653 0.3
2265 5600 2374 5653 πᾶν
2402 5597 2623 5668 τραῦμα
2670 5598 2736 5666 τῇ
2791 5597 2932 5667 αὐτῇ
2968 5598 3303 5670 ὲμπλάστρῳ
3344 5599 3744 5673 θεραπεύεται.

2155 5696 2295 5760 Τοὺς
2334 5691 2721 5765 παροξυσμοὺς
2753 5689 3057 5763 ὲμόροχαῖς
3081 5691 3239 5747 παῦε.
