3976 6214
272 303 433 394 ,ιιιθ

1032 309 1203 372 LOCI
1244 306 1683 372 COMMUNES.
1715 330 1784 343 -·-
1823 307 2019 371 PARS
2058 310 2141 375 II.
2180 310 2442 372 SERMO
2478 313 2703 378 XLIII.

3417 313 3552 381 1114

374 415 850 490 ’Υποτασσὼμσθα
878 418 974 473 καὶ
1010 420 1152 490 Θεῷ,
1184 421 1281 474 καὶ
1311 418 1588 489 ἀλλήλοις,
1620 420 1716 472 καὶ
1751 421 1865 477 τοῖς

2048 423 2708 494 Theologi.Suhjiclamur
2748 434 2864 481 tum
2905 425 3170 492 Deo,tum
3216 424 3374 480 nobis
3421 428 3557 482 luvi-

292 514 388 567 ιπὶ
439 512 540 581 γῆς
574 511 827 580 ἄρχουσι·
856 510 976 579 θεῷ
1010 511 1097 564 διὰ
1127 513 1323 565 πάντασ
1356 511 1446 565 διὰ
1479 512 1577 581 τὴν
1622 510 1868 579 φιλαδελ-

294 607 427 676 φίαν
453 604 707 672 ἀλλήλοις
730 619 745 636 ο
779 603 847 655 δι’
878 603 1135 669 εὐταξίαν
1177 606 1289 668 τοῖς
1324 604 1555 673 ἄρχουσι
1581 619 1597 635 ⁸
1644 605 1738 657 καὶ
1778 618 1869 655 τοο

296 700 490 752 σοῦτον
525 697 750 767 μᾶλλον,
782 698 1004 768 ὅσῳπερ
1056 697 1121 750 ἂν
1176 692 1310 775 ὦσιν
1370 697 1720 767 ἡμερώτεροι
1775 696 1866 748 καὶ

290 791 659 861 χρηστότεροι
692 790 885 859 (δεινὸν
920 791 1029 859 γὰρ
1086 790 1387 843 ἐπιείκειαν
1423 789 1736 857 δαπανῆσαι
1782 787 1859 857 τῷ

296 885 515 952 συνεχεῖ
544 883 641 948 τῆς
682 883 1059 952 συγγνώμης).
1096 883 1183 937 ἶνα
1234 883 1309 952 μὴ
1354 884 1451 937 καὶ
1494 883 1596 951 τῆς
1644 883 1871 935 ικείνων

292 977 634 1047 τραχύτητος
659 978 810 1029 αὐτοὶ
826 976 981 1040 δίκας
1007 975 1422 1045 ἀπαιτηθιῖῳεν,
1445 977 1687 1044 γαλήνην
1706 974 1872 1028 msu-

297 1082 435 1135 ματι
464 1066 749 1127 λύσαντες,
803 1067 898 1120 καὶ
948 1070 1086 1134 φωτὶ
1149 1068 1312 1135 ζόφον
1359 1067 1659 1135 ὲπὰγοντις
1696 1105 1711 1131 ,
1776 1068 1873 1120 καὶ

296 1157 479 1227 μέλιτι
513 1157 950 1227 καταμιγνύντες
985 1159 1259 1228 ἀψίνθιον.

369 1338 435 1391 Ol
471 1338 678 1408 κόσμου
709 1338 1037 1409 χωρίζοντες
1086 1340 1315 1403 ἑαυτοὺς
1337 1379 1354 1404 ,
1388 1340 1484 1392 καὶ
1533 1339 1632 1410 τὴν
1663 1338 1874 1410 ἔρημον

294 1425 694 1495 ἀσπαζόμενοι,
732 1426 870 1490 ζῶσι
900 1428 1042 1497 Θεῷ,
1091 1432 1309 1483 πάντων
1362 1430 1567 1497 μᾶλλον
1599 1431 1873 1499 τρεφομέ-

295 1534 406 1568 νων
429 1518 485 1568 ὲν
517 1516 733 1588 σώματι
760 1533 773 1547 ·
802 1518 852 1570 el
901 1519 1061 1587 μόνον
1090 1521 1179 1571 τὸν
1210 1520 1389 1588 πάντη
1431 1520 1728 1587 μοναδικὸν
1759 1520 1874 1574 δια-

297 1608 555 1671 θλοῦντις
581 1608 754 1678 ξβίον,
787 1609 1003 1672 ἑαυτοῖς
1045 1611 1228 1678 μόνοις
1266 1611 1710 1680 προσλαλοῦντες
1767 1614 1867 1665 καὶ

1981 530 2121 579 cem,
2161 524 2273 569 tum
2314 516 2399 571 his
2425 517 2745 587 quiinterra
2778 527 3096 581 potestatem
3131 527 3345 587 ger-unt.
3367 534 3430 572 ac
3451 518 3558 573 Deo

1982 607 2200 677 quidem
2226 608 2480 662 omnibus
2495 608 2712 675 modis;
2744 609 2977 665 invicem
3012 619 3229 678 propter
3256 612 3553 663 fraternam

1985 693 2303 750 charitatem
2332 705 2386 750 et
2415 697 2762 762 societatem;
2792 697 3195 767 magistratibus
3222 708 3443 768 propter
3471 714 3560 752 or-

1986 788 2127 842 dinis
2156 790 2646 853 conservationem,
2668 804 2842 858 eoque
2872 790 3068 859 magis,
3098 791 3143 844 si
3176 790 3378 844 fuerint
3408 807 3559 845 man-

1983 880 2251 934 suetiores
2277 890 2331 935 et
2358 880 2724 950 benigniores.
2756 883 3088 950 (improbum
3114 883 3257 936 enim
3281 893 3366 937 est
3392 883 3561 951 aqui-

1984 980 2147 1025 tatem
2181 986 2508 1026 consumere
2532 982 2798 1042 perpetuo
2829 973 3187 1045 ignoscendo)
3220 984 3367 1028 utne
3389 982 3555 1028 etiam

1980 1063 2197 1116 illorum
2230 1064 2539 1131 asperitatis
2562 1064 2664 1133 ipsi
2698 1079 2888 1133 pinnas
2930 1066 3160 1130 luamus,
3197 1066 3559 1136 tranquillita-

1982 1162 2089 1208 tem
2126 1154 2374 1209 immisso
2397 1166 2557 1210 vento
2579 1158 2873 1220 solventes,
2908 1168 2964 1213 et
2999 1160 3104 1213 luci
3159 1162 3439 1215 tenebram
3472 1163 3557 1214 in-

1986 1248 2267 1311 durentes,
2280 1256 2333 1303 et
2349 1248 2507 1304 melle
2528 1250 2944 1306 commiscentes
2962 1251 3317 1306 absinthium.

2057 1340 2354 1410 Quiseipsi
2409 1356 2436 1392 a
2476 1343 2681 1394 mundo
2730 1353 3073 1409 separarum,
3104 1350 3161 1396 et
3208 1340 3555 1397 solitudinem

1988 1434 2411 1500 amplectuntur,
2443 1433 2551 1487 Deo
2613 1434 2821 1495 vivunt,
2875 1432 3122 1487 omnium
3174 1437 3408 1487 maxime
3461 1432 3557 1503 qui

1986 1537 2216 1590 Corpore
2242 1525 2461 1578 aluntur
2484 1542 2500 1577 :
2522 1525 2614 1593 qui
2642 1526 2988 1579 solummodo
3011 1539 3236 1593 prorsus
3255 1524 3553 1577 solitariam

1987 1614 2334 1681 p'°:efereittes
2361 1617 2523 1669 vitam
2556 1630 2740 1671 secum
2771 1625 2823 1669 et
2854 1631 2978 1670 cum
3006 1617 3115 1671 Deo
3141 1617 3552 1686 colloquuntur,

295 1700 375 1768 τῷ
401 1699 542 1768 Θεῷ,
567 1701 664 1752 καὶ
692 1699 853 1752 τοῦτο
881 1701 1040 1770 μόνον
1073 1702 1281 1771 κόσμου
1314 1702 1537 1766 εἰδότες,
1564 1704 1688 1757 ὅσον
1716 1705 1774 1757 ἐν
1803 1705 1869 1773 τῇ

1989 1705 2112 1759 illud
2146 1715 2354 1761 tantum
2382 1708 2451 1762 de
2484 1709 2687 1764 mundo
2734 1719 3147 1778 cegnoscentcs.
3201 1719 3464 1778 quantum
3500 1710 3555 1763 in

296 1791 510 1863 ἔρημίᾳ
537 1768 893 1860 γνωρίζουσι(
921 1795 1036 1856 τοῖς
1076 1768 1191 1864 pitu
1205 1795 1393 1856 ἄλλοις
1421 1795 1747 1866 τεθνηκότες
1785 1768 1875 1848 ἀνζ

1989 1797 2099 1865 ipsa
2125 1799 2423 1854 solitudine
2465 1768 2942 1870 agnoscuntfaliis
2975 1800 3193 1870 quidem
3222 1768 3423 1855 mortui
3458 1801 3557 1854 ho-

298 1879 567 1950 θρώποις,
611 1883 705 1935 καὶ
736 1886 1088 1952 πράγμασιν.
1119 1885 1221 1939 ὅσα
1264 1887 1324 1940 ιν
1360 1886 1510 1956 μέσῳ
1557 1888 1874 1957 στρέφετατ,

302 1972 637 2043 στροδοῦντά
669 1989 728 2027 τι
758 1975 853 2028 καὶ
896 1976 1288 2045 στροϐούμενα.
1316 1977 1414 2030 καὶ
1448 1977 1710 2042 παίζοντα
1732 1979 1878 2048 ἡμᾶς

299 2066 424 2125 ταῖς
477 2064 866 2135 ἀγχιστρόφοις
947 2066 1314 2135 μεταϐολαῖς·
1371 2067 1627 2136 ἀλλήλοις
1676 2068 1734 2121 δὲ
1787 2069 1879 2121 κόο

304 2172 443 2224 σμος
495 2156 677 2223 ὄντες,
711 2158 808 2211 καὶ
847 2158 915 2229 τῇ
974 2159 1275 2227 παραθέσει
1332 2162 1399 2231 τῇ
1449 2160 1620 2231 ἀρετῇ
1678 2160 1874 2231 θήγον-

302 2263 420 2312 τις.

376 2344 451 2396 Τὸ
488 2345 744 2412 μονάζειν
787 2344 847 2397 ἐν
896 2346 961 2414 τῇ
1011 2344 1308 2414 εὐσταθείᾳ
1352 2344 1451 2397 τοῦ
1499 2345 1707 2415 τρόπον
1740 2345 1879 2414 μᾶλα

276 2434 398 2488 νλον
450 2434 487 2503 ἢ
520 2437 584 2506 τῇ
628 2433 723 2489 τοῦ
778 2435 1033 2506 σώματος
1073 2435 1426 2507 ἀναχωρήσει
1477 2436 1881 2507 χαρακτηρίζε-

300 2542 422 2582 ται.

386 2620 553 2690 Ὁρᾷς
594 2621 724 2683 τοὺς
775 2619 965 2685 ἀϐίους
1030 2620 1262 2683 τούτους
1320 2619 1416 2674 καὶ
1459 2619 1751 2685 ἀνεστίους
1780 2620 1880 2675 καὶ

304 2710 603 2780 ἀσάρκους,
638 2711 867 2781 μικροὺς
905 2712 1003 2765 καὶ⁵
1062 2713 1387 2781 ἀναίμονας,
1447 2712 1543 2766 καὶ
1581 2712 1703 2783 Θεῷ
1735 2713 1881 2767 κατὰ

300 2800 468 2854 τοῦτο
524 2799 951 2871 πλησιάζοντας,
1000 2804 1131 2866 τοὺς
1165 2803 1580 2867 ἀνιπτόποδας,
1632 2804 1731 2856 καὶ
1779 2821 1880 2874 χα-

306 2892 599 2963 μαιεῦνας,
629 2895 756 2957 τοὺς
804 2895 956 2947 κάτω
1016 2895 1113 2947 καὶ
1163 2894 1304 2964 ὑπὶρ
1350 2894 1421 2948 τὰ
1453 2894 1784 2959 κάτω,ποὺς
1821 2897 1880 2948 ιν

300 2984 616 3053 ἀνθρώποις
646 2986 741 3038 καὶ
767 2985 911 3055 ὐπὶρ
936 2985 1007 3039 τὰ
1033 2984 1373 3055 ἀνθρώπινα,
1403 2986 1530 3050 τοὺς
1560 2986 1882 3055 δεδεμένους

1987 1890 2247 1953 minibus,
2283 1899 2337 1944 et
2364 1892 2529 1946 rebus
2555 1907 2675 1959 quae
2698 1894 2750 1947 in
2786 1893 2965 1947 medio
3012 1890 3294 1946 hominum
3336 1907 3557 1947 versan-

1981 1989 2070 2035 tur
2097 1992 2209 2037 tum
2235 1983 2671 2051 agitantes,'tnm
2703 1986 2920 2051 agitata
2951 1986 3005 2037 in
3048 1999 3265 2037 omnem
3322 1996 3553 2053 partem,

1982 2082 2094 2127 tum
2130 2088 2232 2129 nos
2260 2074 2606 2130 ludiﬁcantes
2638 2075 2969 2131 voluhilibus
2995 2075 3422 2130 mutationibus:
3449 2076 3555 2131 sibi

1980 2160 2215 2217 invicem
2259 2178 2391 2219 vero
2448 2165 2692 2222 mundus
2745 2174 2893 2231 sunt,
2942 2174 3001 2221 et
3034 2175 3220 2221 mutua
3268 2167 3557 2223 collatione

1980 2252 2233 2307 virtutem
2264 2264 2490 2309 acuunt.

2052 2342 2238 2397 Solum
2268 2360 2409 2409 esse,
2438 2361 2649 2400 mentm
2680 2348 2853 2418 magis
2878 2348 3183 2403 constantia
3210 2349 3371 2419 189
3389 2364 3562 2419 quam

1980 2436 2228 2505 corporis
2261 2451 2479 2493 secessu
2512 2436 2782 2494 formatur
2809 2455 2873 2495 ac
2897 2441 3245 2507 exprimitur.

2063 2617 2226 2673 Vides
2259 2620 2395 2674 istos
2428 2618 2621 2689 opibus
2667 2627 2725 2674 et
2776 2618 3030 2674 domibus
3054 2628 3323 2682 carentes.
3358 2634 3553 2675 excar-

1982 2724 2103 2776 nes,
2136 2709 2310 2765 exiles
2338 2718 2392 2765 et
2434 2725 2765 2781 exsangues,
2816 2710 2980 2764 etiam
3034 2710 3143 2764 Deo
3188 2710 3293 2765 hac
3341 2711 3551 2766 ratione

1978 2803 2503 2872 appropinquantes,
2531 2802 2695 2857 illatis
2723 2802 2953 2871 pedibus
2984 2812 3040 2857 et
3068 2802 3217 2856 humi
3245 2803 3547 2859 cubantes:

1981 2894 2073 2964 qui
2102 2893 2243 2947 inl’ra
2278 2908 2401 2948 cum
2438 2895 2573 2956 sint,
2603 2894 2860 2950 inferiora
2888 2904 3171 2964 superant,
3206 2906 3262 2949 et
3290 2895 3431 2950 inter
3456 2896 3550 2951 ho-

1979 2987 2158 3041 mines
2181 3000 2343 3056 supra
2364 2985 2654 3040 humanam
2685 2986 3050 3042 conditionem
3079 2996 3229 3053 sunt,
3251 2989 3460 3043 vinctos
3495 2996 3550 3045 et

300 3076 401 3129 καὶ
434 3074 777 3171 ιλευθέρους,
836 3078 965 3141 τοὺς
1005 3078 1455 3150 κεκρατημένους
1506 3080 1600 3134 καὶ
1632 3080 1875 3149 ἀκρατή-

1989 3075 2215 3138 liberos;
2247 3076 2498 3130 detentus
2556 3084 2612 3130 et
2639 3084 2820 3131 tamen
2857 3077 3207 3153 non’teneri;
3236 3091 3465 3146 quorum
3497 3077 3551 3132 in

299 3180 451 3227 στου,⁸
484 3160 558 3219 ὧν
593 3167 742 3220 οὐδὲν
793 3170 851 3221 ὲν
903 3170 1116 3239 κόσμῳ,
1172 3174 1267 3223 καὶ
1299 3171 1477 3239 πᾷντα
1518 3173 1585 3223 τὰ
1614 3168 1757 3239 ὑπὲρ
1785 3169 1880 3224 κό-

304 3267 466 3324 σμονο
516 3250 591 3308 ὧν
617 3255 839 3309 διπλοῦν
874 3256 934 3310 τὸ
967 3256 1091 3327 ζῇν,
1118 3257 1176 3311 τὸ
1207 3257 1306 3327 μὶν
1336 3259 1785 3330 ὑπερορώμενον,
1816 3262 1878 3314 τὸ

302 3348 363 3399 δὲ
414 3347 856 3417 σπουδαζόμενον
880 3365 895 3381 ο
935 3351 1065 3411 τους
1091 3350 1181 3404 διὰ
1217 3352 1318 3419 τὴν
1358 3352 1629 3422 νέκρωσιν
1673 3354 1879 3408 ἀθανά-

300 3455 449 3501 τους,
477 3439 601 3501 τοὺς
634 3440 722 3491 διὰ
771 3439 927 3492 λύσιν
966 3440 1105 3510 ,Θεῷ
1146 3443 1554 3511 συνημμένους,
1599 3444 1730 3509 τοὺς
1774 3444 1878 3511 ἔξω

302 3529 493 3594 πόθου,
528 3532 623 3580 καλ⁵
658 3529 797 3598 μετὰ
837 3529 985 3583 θείου
1034 3532 1128 3584 καὶ
1173 3531 1420 3595 ἀπαθοῦς
1456 3533 1681 3604 ἔρωτος·
1721 3529 1798 3588 ὧν
1822 3536 1876 3588 al

303 3622 483 3689 πηγαὶ
524 3621 617 3673 τοῦ
656 3622 856 3689 φωτὸς,
913 3624 1010 3675 καλ⁵
1067 3616 1145 3677 ὧν
1188 3624 1291 3694 ἤδη
1324 3625 1391 3678 τὰ
1421 3626 1874 3696 ἀπαυγὰσματαο

300 3705 379 3766 ὧν
418 3714 475 3766 αί
514 3712 807 3781 ἁγγελικαὶ
851 3713 1183 3784 ψαλμῳδίαι,
1215 3716 1310 3767 καὶ
1357 3715 1412 3768 αἱ
1460 3717 1717 3786 πάννυχοι
1746 3717 1876 3771 στά-

306 3820 444 3867 σεις,
482 3806 578 3857 καὶ
625 3806 656 3873 ἡ
711 3803 802 3856 τοῦ
854 3804 947 3857 νοῦ
990 3804 1125 3875 πρὸς
1155 3805 1289 3857 θεὸν
1322 3805 1559 3875 ἔκδημία
1589 3823 1878 3876 προαρπα-

300 3896 567 3967 ζομένουο
618 3891 695 3949 ὧν
730 3897 764 3966 ὴ
800 3895 1069 3967 κάθαρσις
1094 3935 1111 3964 ,
1159 3896 1258 3948 καὶ
1288 3889 1364 3950 ὧν
1395 3896 1458 3949 τὺ
1490 3896 1874 3967 καθαίρεσθαι.

377 4078 451 4131 Τὸ
480 4076 791 4145 φιλοσοφεῖν
825 4076 951 4128 ὅσον
987 4076 1271 4145 μέγιστον,
1297 4075 1554 4129 τοσοῦτον
1583 4077 1680 4130 καὶ
1714 4077 1878 4147 χαλκο

304 4168 575 4240 πὼτερον,
617 4168 716 4222 καὶ
739 4170 800 4222 οὐ
832 4167 1047 4220 πολλῶν
1090 4168 1153 4219 τὸ
1199 4168 1533 4238 ἐγχείρημα,
1569 4167 1602 4238 ἢ
1634 4168 1742 4239 τῶν
1773 4170 1877 4223 ὑπὸ

303 4262 406 4331 τῆς
445 4261 597 4324 θείας
634 4259 993 4329 κεκλημένων
1042 4259 1427 4328 μεγαλονοίας,
1466 4260 1501 4330 ἡ
1538 4262 1652 4323 τοῖς
1702 4276 1877 4335 προη-

306 4354 571 4425 ρημένοις
599 4352 783 4415 καλῶς
822 4354 982 4422 χεῖρα
1015 4350 1252 4405 δίδωσιν.

1984 3167 2187 3221 mundo
2210 3166 2345 3220 nihil
2374 3173 2479 3231 est,
2498 3174 2552 3221 et
2574 3166 2757 3221 omnia
2790 3180 2956 3237 supra
2987 3167 3248 3221 mundum
3272 3183 3295 3233 ς
3315 3180 3550 3236 quorum

1979 3259 2176 3327 duplex
2235 3265 2321 3313 est
2361 3258 2496 3325 vita,
2554 3274 2661 3312 una
2703 3273 2824 3327 qua:
2880 3258 3193 3327 despicitur,
3225 3258 3395 3337 altera
3429 3270 3551 3328 qua

1980 3349 2286 3418 appetitur;
2317 3348 2409 3416 qui
2442 3361 2541 3416 per
2566 3346 3043 3402 mortiﬁcationem
3090 3356 3221 3402 sunt
3261 3347 3552 3401 immorta-

1980 3440 2100 3505 les;
2134 3440 2227 3508 qui
2263 3454 2360 3509 per
2387 3440 2716 3495 solutionem
2745 3437 2853 3493 Deo
2887 3438 3126 3507 cepulati
3152 3448 3204 3493 et
3234 3439 3347 3509 apti
3377 3448 3547 3506 sunt;

1980 3533 2070 3601 qui
2093 3538 2282 3587 carent
2310 3532 2512 3585 amoris
2535 3530 2822 3595 desiderio,
2847 3542 2901 3585 et
2940 3531 2995 3584 in
3030 3530 3215 3584 divino
3246 3541 3300 3585 et
3332 3536 3549 3600 pertur-

1978 3622 2218 3677 bationis
2248 3631 2467 3691 experte
2495 3620 2790 3690 cupidine;
2823 3636 3057 3690 quorum
3092 3631 3222 3675 sunt
3251 3622 3430 3676 fontes
3463 3624 3551 3677 lu-

1978 3714 2083 3775 cis,
2106 3723 2159 3767 et
2187 3727 2423 3781 quorum
2450 3711 2563 3781 jam
2590 3722 2719 3767 sunt
2744 3710 3127 3765 irradiationes
3146 3727 3163 3777 ;
3185 3726 3422 3780 quorum
3451 3728 3551 3767 an-

1978 3804 2163 3876 gelicze
2197 3804 2531 3872 psalmodim,
2552 3813 2605 3858 et
2633 3811 2924 3872 pernoctes
2954 3801 3241 3866 stationes,
3269 3810 3323 3856 et
3351 3804 3547 3858 mentis

1977 3897 2043 3950 ad
2092 3896 2261 3950 Deum
2333 3903 2501 3962 raptae
2554 3893 2953 3964 peregrinatio;
3016 3908 3248 3963 quorum
3310 3893 3548 3967 denique

1978 3988 2247 4060 purgatio,
2283 4002 2629 4057 quorumque
2662 3988 2948 4056 repurgari
2978 3994 3084 4042 est.

2050 4079 2429 4148 PhilosOphari
2454 4087 2660 4149 quanto
2682 4087 2765 4135 est
2788 4078 2988 4147 majus,
3024 4087 3179 4134 tanto
3211 4081 3376 4135 etiam
3404 4082 3547 4137 ditii-

1978 4173 2163 4237 cilius,
2194 4171 2340 4241 quod
2376 4186 2483 4225 non
2534 4170 2693 4226 multi
2742 4169 2923 4225 facere
2955 4178 3245 4235 conantur,
3298 4174 3404 4228 nisi
3450 4190 3547 4243 per
3616 4166 3625 4174 ’

1976 4262 2171 4317 divitia:
2212 4260 2409 4316 mentis
2451 4259 2748 4314 imitentur
2792 4257 3192 4323 excelsitatem,
3244 4255 3368 4329 (ιυώ
3414 4260 3544 4315 boni

1976 4351 2253 4422 quippiam
2286 4349 2718 4419 proponentibus
2744 4362 2965 4402 manum
3000 4347 3245 4418 porrigit.

375 4441 471 4508 Οἷς
516 4447 633 4497 ἐστι
666 4443 847 4515 τρυφὴ
886 4444 1210 4511 ἐγκράτεια,
1243 4443 1345 4497 καὶ
1381 4442 1581 4511 πρᾶξις
1620 4444 1654 4515 ἡ
1685 4444 1873 4517 ἀπρα-

2047 4444 2262 4513 Cregor.
2296 4441 2450 4511 Nysa.
2472 4442 2679 4507 Quibus
2711 4439 2921 4495 deliciae
2939 4448 3068 4495 sunt
3100 4441 3459 4507 continentia,
3489 4451 3547 4497 et

300 4540 414 4608 ξια,
456 4540 551 4592 καὶ
578 4538 704 4602 δόξα
731 4536 793 4590 τὸ
822 4535 898 4606 μὴ
924 4534 1317 4604 γινώσκεσθαι.

376 4631 556 4684 Καλὸν
584 4632 616 4700 ἠ
651 4628 889 4699 ἄσκησις
921 4627 1061 4698 μετὰ
1096 4628 1441 4697 συμμετρίας
1487 4627 1584 4683 καὶ
1620 4628 1875 4699 γνώσεως

301 4720 565 4792 ἀληθοῦς.

376 4816 563 4876 Οὕτως
593 4812 797 4879 ὀφείλει
848 4813 876 4864 ὁ
927 4808 1161 4881 μοναχδς
1199 4808 1465 4865 πάντοθεν
1492 4812 1688 4867 ἑαυτὸν
1721 4830 1877 4885 περι-

304 4908 553 4968 σκοπείν,
590 4905 684 4957 καὶ
723 4902 979 4971 ἀκίνητον
1007 4900 1156 4971 ἔχειν
1186 4901 1323 4970 πρὸς
1354 4902 1453 4970 τὴν
1480 4902 1672 4956 ἑαυτοῦ
1698 4906 1877 4973 φυλα-

301 5000 410 5068 κὴν
439 4998 500 5051 τὸ
530 4997 628 5067 τῆς
651 4994 829 5065 ψυχῆς
875 4993 1051 5063 ὄμμα,
1083 4990 1157 5054 ὡς
1191 4992 1251 5045 ὲν
1307 4992 1457 5064 μέσῳ
1489 4995 1875 5063 παγίδωννδιο-

300 5092 471 5145 δεὺων
507 5088 616 5143 ἀεί.

374 5273 442 5325 0i
496 5270 597 5339 μὲν
648 5268 924 5338 μάρτυρες
975 5264 1236 5327 πολλάκις
1274 5265 1370 5319 καὶ
1422 5264 1481 5317 ἐν
1535 5264 1635 5334 μιᾷ
1680 5262 1875 5334 καιροῦ

306 5366 447 5437 ῥοπῇ
502 5359 905 5430 ἀγωνισάμενοι
949 5354 1343 5424 ιτελειὼθησαν
1370 5371 1383 5385 ’
1422 5356 1455 5426 ἡ
1486 5354 1544 5408 δὲ
1571 5354 1680 5407 τῶν
1710 5371 1878 5422 μονα-

247 5502 259 5511 .
303 5459 416 5530 χῶν
466 5454 706 5508 πολιτεία
733 5490 751 5517 ,
784 5449 907 5505 καθ’
940 5448 1179 5518 ἑκάστην
1232 5446 1451 5517 ἠμέραν
1506 5446 1751 5501 ἀθλοῦσα
1786 5446 1877 5501 διὰ

302 5551 400 5603 τὸν
455 5544 711 5617 Χριστὸν,
756 5540 1060 5614 μαρτυρεῖ,
1113 5538 1176 5591 οὐ
1213 5538 1347 5608 πρὸς
1398 5534 1538 5606 αἷμα
1572 5537 1669 5589 καὶ⁵
1700 5536 1880 5607 σάρκα

304 5636 798 5709 παρατασσομένη,
852 5632 989 5687 ἀλλὰ
1053 5631 1188 5702 πρὸς
1225 5630 1320 5693 τὰς
1364 5628 1559 5701 ἀρχὰς,
1598 5629 1735 5698 πρδς
1781 5630 1879 5695 τὰς

307 5734 567 5805 ἐξουσίας
594 5769 611 5798 ,
650 5728 787 5799 πρὸς
835 5725 963 5790 τοὺς
1001 5720 1588 5807 κοσμοκράτορας-τοῦ
1628 5722 1879 5805 σκότους,

1978 4538 2124 4592 actio
2154 4536 2351 4603 otium,
2380 4544 2433 4589 et
2464 4533 2636 4603 gloria
2666 4548 2698 4586 a
2730 4530 2946 4587 nemine
2974 4531 3259 4602 cognosci.

2046 4806 2105 4863 S.
2146 4803 2446 4859 Athanasii.
2476 4802 2715 4859 Honesta
2746 4816 2833 4858 res
2865 4810 2951 4857 est
3011 4798 3354 4862 exercitatio,
3416 4812 3542 4853 cum

1978 4896 2351 4953 moderatione
2386 4904 2441 4952 et
2490 4893 2800 4961 cognitione
2849 4907 2999 4947 vera.
3039 4891 3133 4946 Sic
3165 4890 3325 4946 debet
3356 4903 3545 4944 mona-

1978 4990 2115 5045 chus
2148 4987 2389 5057 undique
2414 4986 2650 5054 seipsum
2693 4983 3139 5052 circumspicere,
3195 4990 3250 5038 et
3296 4979 3546 5037 immobi-

1978 5083 2084 5137 lem
2116 5090 2298 5136 tenere
2324 5078 2490 5133 animi
2512 5077 2733 5133 oculum
2756 5075 2823 5131 ad
2856 5090 3010 5131 suam
3034 5074 3365 5140 custodiam,
3387 5074 3545 5143 quasi

1978 5189 2077 5244 per
2104 5172 2321 5227 medios»
2342 5171 2565 5240 laqueos
2596 5182 2810 5237 semper
2842 5169 3085 5225 incedat.

2049 5266 2319 5335 Martyres
2357 5264 2578 5333 quidem
2630 5277 2774 5331 saepe
2826 5263 2909 5317 vel
2971 5276 3081 5317 uno
3122 5257 3382 5328 temporis
3426 5271 3544 5310 mo-

1979 5368 2301 5416 mentocum
2333 5363 2662 5419 certassent,
2688 5352 3075 5424 perfectionem
3111 5348 3342 5404 assecuti
3379 5355 3542 5412 sunt;

1979 5459 2035 5505 at
2072 5448 2466 5504 monachorum
2502 5445 2611 5501 vita
2648 5445 2878 5515 singulis
2907 5443 3107 5498 diebus
3136 5454 3231 5509 per
3263 5437 3546 5494 Christum

1979 5548 2200 5594 certans
2249 5546 2455 5608 martyr
2499 5544 2618 5602 cst,
2656 5535 2709 5590 id
2770 5544 2875 5597 est,
2924 5530 3298 5588 testimonium
3329 5529 3548 5586 Christo

1981 5631 2137 5692 dicit,
2169 5643 2278 5684 non
2302 5628 2567 5683 adversus
2593 5626 2915 5692 sanguinem
2961 5631 3018 5679 et
3055 5636 3281 5677 carnem
3336 5620 3391 5676 in
3424 5621 3545 5677 acie

1981 5724 2268 5789 instructa,
2314 5720 2408 5778 sed
2443 5718 2704 5776 adversus
2750 5714 3114 5787 principatus,
3154 5712 3418 5773 adversus
3447 5728 3545 5781 po-
