3976 6214
276 316 423 402 11:7

1103 338 1269 398 ωσι
1310 316 1754 400 commones.
1791 336 2075 398 -PA{lS
2112 318 2187 397 ll.
2217 320 2471 398 SERMO
2512 320 2716 401 thv.

3386 338 3523 397 1118

369 432 689 517 Ἐπανάγων
734 451 841 502 ἀπὸ
866 448 1212 517 δικαιοσύνης
1242 450 1321 511 είς
1350 448 1649 518 ἁμαρτίαν,
1682 447 1709 499 6
1739 444 1851 500 Κύ-

2025 446 2126 511 Qui
2176 463 2207 503 a
2259 447 2464 515 iustitia
2520 447 2585 502 ad
2624 445 2826 516 ﬂagitia
2874 442 3131 512 deﬂectit,
3164 443 3212 500 ei
3269 443 3534 499 Dominus

282 561 401 615 ριος
430 543 713 611 ἑτοιμάσει
742 543 1019 610 ῥομφαίαν
1049 539 1197 609 αὐτῷ

356 636 449 705 Μὴ
478 634 939 704 καταδεσμεύσεις
961 633 1150 696 δισσὰς
1179 632 1452 703 ἁμαρτίας
1473 650 1487 665 ο
1515 634 1636 691 οὐδε
1669 633 1776 703 γὰρ
1802 635 1861 693 ὲν

278 731 389 801 ,μιᾷ
422 728 747 799 aerumnam.

358 903 763 973 Βαπτιζόμενος
798 904 905 957 ἀπὸ
939 904 1161 973 νεκροῦ,
1192 906 1286 957 καὶ
1338 904 1502 963 πάλιν
1553 903 1861 971 ἁπτόμενος

284 993 477 1061 αὑτοῦ,
513 996 563 1048 τί
596 995 881 1065 ὠφέλησεν
928 996 987 1049 ἰν
1161 994 1371 1065 λουτρῷ
1417 995 1625 1059 αὐτοῦ;
1678 993 1862 1055 Οὕτως

284 1088 573 1158 ἄνθρωπος
618 1088 895 1159 νηστεύων
935 1092 1027 1142 ἐπὶ
1060 1088 1169 1141 τῶν
1224 1088 1510 1157 ἁμαρτιῶν
1542 1086 1729 1150 αὐτοῦ,
1765 1085 1861 1139 καὶ

283 1174 451 1232 πάλιν
481 1180 867 1249 πορευόμενος,
894 1180 989 1233 καὶ
1008 1180 1077 1233 τὰ
1105 1178 1245 1233 αὐτά
1273 1178 1468 1239 ποιῶν,
1500 1178 1600 1247 τῆς
1630 1193 1864 1245 προσευο

281 1272 388 1342 χῆς
421 1273 586 1325 αὐτοῦ
616 1272 695 1333 τίς
721 1270 1100 1325 εἱσακούσεται
1125 1287 1142 1339 ί
1182 1272 1276 1326 καὶ
1303 1270 1357 1323 τί
1383 1268 1665 1339 ὠφέλησεν
1696 1268 1756 1321 ιν
1782 1266 1858 1336 τῷ

284 1363 687 1432 ταπεινωθῆναι
714 1364 877 1418 αὐτόν
898 1379 916 1432 ;

360 1454 868 1522 Οὖδέιςὲπιϐαλὼν
906 1456 1005 1526 τὴν
1055 1456 1213 1527 χεῖρα
1254 1452 1423 1509 αὑτοῦ
1473 1453 1561 1507 ἐπ’
1606 1453 1859 1525 ἄροτρον,

288 1548 383 1600 καὶ
434 1549 689 1617 στραφεὶς
720 1549 802 1610 εἰς
860 1546 933 1609 τὰ
981 1546 1179 1613 ὀπίσω,
1222 1546 1441 1611 εὔθετός
1494 1549 1642 1601 εστιν
1686 1547 1745 1599 ἂν
1792 1542 1857 1616 τῇ

284 1638 538 1710 βασιλεία
570 1638 675 1691 τῶν
713 1638 980 1708 οὐρανῶν.

360 1733 422 1785 Ei
454 1731 558 1801 γὰρ
588 1731 963 1799 ἀποφυγόντες
992 1732 1063 1786 τά
1104 1732 1387 1802 μιάσματα
1435 1732 1534 1787 τοῦ
1571 1732 1777 1809 κόσμου
1805 1732 1860 1783 ὲν

284 1820 578 1890 ἐπιγνώσει
622 1823 715 1877 τοῦ
765 1823 970 1891 Κυρίου
1026 1826 1119 1876 καὶ
1174 1824 1423 1894 Σωτῆρος
1476 1824 1632 1893 ἡμῶν
1682 1822 1857 1892 Ἰησοῦ

286 1909 547 1983 Χριστοῦ,
575 1914 784 1975 τούτοις
830 1914 889 1966 δὲ
935 1914 1097 1968 πάλιν
1134 1914 1528 1984 ἐμπλακέντες,
1568 1916 1855 1984 ἣττηνται,

285 2005 513 2072 γέγονεν
560 2002 741 2064 αὐτοῖς
799 2004 864 2055 τὰ
912 2003 1113 2072 ἔσχατα
1165 2004 1382 2071 χείρονα
1438 2004 1548 2056 τῶν
1603 2003 1857 2071 πρώτων.

287 2096 553 2165 Κρεῖττον
604 2108 711 2164 γαρ
750 2090 819 2164 ἦν
854 2096 1037 2156 αὐτοῖς
1078 2094 1152 2165 μὴ
1196 2095 1569 2163 ἐπεγνωκέναι
1600 2094 1697 2164 τὴν
1734 2095 1857 2147 ὁδον

284 2192 386 2255 τῆς
420 2186 784 2257 δικαιοσύνης,
819 2186 853 2258 ἢ
899 2187 1212 2256 ἐπιγνοῦσιν
1255 2190 1337 2249 είς
1380 2187 1450 2241 τά
1498 2187 1673 2241 ὀπίσω
1721 2188 1854 2240 ὑπο-

289 2280 523 2349 στρέψαι
551 2283 613 2333 ὲκ
641 2279 735 2347 τῆς
772 2279 1171 2349 παραδοθείσης
1201 2280 1383 2342 αὐτοῖς
1422 2279 1581 2347 ἁγίας
1612 2279 1852 2349 ἐντολῆς.

284 2360 609 2442 Συμϐέϐηκε
660 2370 717 2424 δὲ
764 2372 946 2434 αὐτοῖς
989 2372 1049 2425 τὸ
1094 2370 1193 2441 τῆς
1237 2370 1473 2441 ἀληθοῦς
1527 2370 1852 2440 παροιμίας,

280 2466 449 2535 Κύων
501 2466 832 2536 ἐπιστρέψας
890 2468 984 2521 ἐπὶ
1043 2466 1106 2517 τὸ
1157 2464 1288 2518 ῐδιον
1344 2464 1734 2536 ιξέραμα,καὶ
1789 2456 1853 2526 ὗς

279 2557 594 2626 λουσαμένη
624 2559 703 2620 είς
729 2557 969 2627 κύλισμα
1001 2556 1291 2626 βορϐόρου.

366 2646 630 2701 Ἐλεεινὸν
671 2648 872 2716 θέαμα,
910 2648 1048 2716 μετά
1104 2648 1378 2717 νηστείαν,
1412 2652 1551 2719 μετὰ
1601 2653 1851 2723 σκληρα-

278 2741 515 2809 γωγίαν,
575 2740 712 2808 μετὰ
776 2739 1084 2810 προσευχὴν
1145 2742 1359 2809 ἐκτενῆ,
1414 2745 1555 2811 μετά
1613 2744 1852 2816 δάκρυον

276 2831 524 2901 δαψιλὲς.
565 2831 702 2900 μετᾶ
734 2830 1058 2899 ἐγκράτειαν
1090 2832 1229 2885 ἐτῶν
1271 2832 1444 2885 εἴκοσί
1491 2851 1595 2887 που
1630 2836 1662 2908 ἢ
1699 2841 1852 2907 τριά-

280 2919 470 2986 κοντα,
507 2921 569 2973 δι’
599 2919 929 2990 ἀπροσεξίαν
973 2920 1149 2990 ψυχῆς
1200 2922 1293 2974 καὶ
1320 2922 1609 2991 ἀμέλειαν,
1642 2929 1850 2997 γυμνὸν

278 3015 393 3067 ἀπὸ
436 3012 654 3067 πάντων
706 3011 1116 3081 ἀποδειχθῆναι,
1148 3014 1239 3065 καὶ⁵
1287 3014 1671 3086 παραπλήσιον
1696 3020 1848 3086 γενέ-

1967 541 2295 611 praeparabit
2334 539 2601 611 gladium.

2037 634 2114 687 Ne
2153 640 2447 687 connectas
2509 630 2723 700 gemina
2773 638 3035 699 peccata;
3087 643 3209 682 nam
3241 642 3307 681 ne
3341 626 3394 681 in
3427 632 3539 679 uno

1966 724 2187 793 quidem
2218 723 2481 779 innocens
2502 723 2615 779 eris
2643 722 2718 793 (id
2748 730 2847 788 est,
2876 721 3031 792 quasi
3060 720 3322 775 innocens
3353 717 3536 773 absol-

1965 818 2158 887 veris).

2038 907 2211 962 Eccli.
2236 922 2424 961 uxrv.
2460 907 2520 961 Ei
2553 906 2643 977 qui
2674 921 2731 962 se
2757 907 3034 962 laveritob
3052 918 3260 991 tactum
3285 906 3535 991 cadaver,

1966 1010 2021 1054 et
2072 1001 2269 1056 iterum
2327 999 2471 1055 idem
2518 999 2710 1069 tangit,
2766 1000 2896 1066 quid
2938 988 3158 1068 prodest
3211 988 3537 1051 lavacrum?

1962 1090 2163 1149 Eadem
2203 1101 2289 1149 est
2342 1092 2483 1147 ratio
2536 1091 2657 1161 ejus
2705 1089 2857 1159 191
2910 1090 3001 1160 qui
3052 1089 3266 1158 jejunat
3321 1097 3543 1157 propter

1966 1193 2190 1251 peccata
2222 1198 2344 1249 sua,
2377 1192 2431 1238 et
2460 1184 2657 1238 iterum
2688 1181 2919 1237 reditad
2945 1180 3172 1247 eadem;
3204 1180 3326 1249 quis
3360 1180 3543 1235 istius-
3596 1240 3599 1241 γ

1965 1274 2112 1327 modi
2146 1274 2513 1343 precationem
2551 1270 2781 1327 audiet?
2808 1279 2863 1325 et
2892 1268 3021 1340 quid
3054 1268 3131 1323 illi
3160 1266 3365 1339 profuit
3394 1266 3536 1334 quod

1964 1380 2023 1420 se
2054 1364 2471 1419 ltutniliaverit?

2028 1453 2160 1509 Luc.
2187 1470 2259 1508 ix.
2291 1454 2458 1510 Nemo
2486 1469 2607 1510 cum
2650 1468 2870 1507 manum
2913 1466 3067 1506 suam
3099 1460 3282 1505 aratro
3317 1448 3536 1503 admo-

1958 1545 2122 1610 verit,
2171 1554 2226 1601 et
2259 1546 2326 1600 ad
2375 1547 2677 1615 posteriora
2712 1558 2771 1600 se
2802 1542 3133 1599 converterit
3166 1551 3329 1611 aptus
3358 1537 3537 1595 estad

1964 1646 2192 1705 regnem
2230 1637 2480 1691 cmlesle.

2032 1724 2087 1780 11
2133 1724 2283 1781 Petr.
2320 1742 2381 1781 ιι.
2428 1724 2565 1779 Nam
2599 1724 2665 1792 si,
2702 1732 3056 1794 posteaquam
3090 1722 3406 1792 refugerunt
3453 1719 3541 1773 in-

1963 1819 2315 1887 quinamenta
2346 1818 2535 1872 mundi
2574 1832 2669 1887 per
2703 1817 3034 1885 agnitionem
3079 1814 3289 1868 Domini
3315 1822 3371 1866 et
3411 1811 3540 1865 Ser-

1962 1909 2165 1963 vatoris
2199 1908 2371 1963 nostri
2403 1905 2529 1963 Jesu
2550 1907 2778 1971 Christi,
2821 1921 3008 1960 rursus
3034 1915 3216 1959 tamen
3251 1904 3335 1957 liis
3360 1903 3539 1971 impli-

1961 2002 2076 2065 citi,
2116 2002 2353 2070 superin
2404 2000 2629 2067 iuerint,
2660 2000 2766 2054 illis
2806 2008 3079 2069 postrema
3118 1997 3299 2066 pejora
3348 1995 3537 2063 primis

1957 2094 2294 2149 acciderunt.
2340 2092 2532 2149 Melius
2560 2095 2705 2149 enim
2744 2093 2848 2148 illis
2881 2092 3080 2147 fuisset
3106 2106 3213 2145 non
3243 2088 3537 2159 agnovisse

1959 2187 2101 2239 viam
2124 2186 2558 2255 justitiam-quam
2586 2199 2649 2239 ea
2682 2185 2863 2251 agnita
2893 2193 3191 2238 retrorsum
3220 2180 3533 2245 revertisse,

1956 2287 2011 2330 et
2044 2291 2073 2329 ιι
2108 2285 2299 2331 sancto
2333 2278 2425 2331 illo
2456 2286 2730 2346 prwcepto
2778 2277 2915 2345 ipsis
2960 2275 3160 2328 tradito
3208 2271 3535 2337 deﬂexisse;

1957 2368 2159 2422 accidit
2188 2369 2333 2423 enim
2368 2370 2475 2423 illis
2510 2368 2653 2439 quod
2684 2383 2819 2422 vero
2851 2367 3136 2434 proverbio
3182 2364 3289 2419 dici
3337 2363 3476 2418 solet
3517 2379 3533 2439 ι

1953 2458 2120 2514 Canis
2159 2474 2414 2515 reversus
2465 2462 2531 2515 ad
2573 2476 2730 2515 suum
2780 2459 3066 2522 vomitum,
3098 2465 3154 2513 et
3194 2472 3291 2513 sus
3326 2456 3436 2512 lota
3462 2452 3533 2510 ad

1954 2551 2297 2605 volutabrum
2333 2553 2497 2607 cmni.

2022 2641 2081 2696 S.
2103 2641 2313 2697 Basilii.
2336 2643 2721 2714 Spectaculum
2745 2645 3075 2707 miserabile,
3096 2653 3217 2711 post
3240 2639 3505 2711 jejunium
3528 2686 3536 2704 .

1953 2745 2073 2802 post
2105 2736 2295 2788 duram
2337 2736 2779 2791 exercitationem
2807 2776 2821 2801 ,
2857 2750 2979 2808 post
3014 2743 3359 2809 precationes
3390 2742 3532 2793 assi-

1955 2825 2124 2891 duas,
2154 2836 2272 2895 post
2309 2828 2509 2883 multas
2546 2837 2601 2883 et
2634 2830 2885 2898 copiosas
2922 2834 3208 2904 lacrymas,
3245 2846 3369 2904 post
3396 2851 3536 2890 con-

1953 2917 2236 2972 tinentiam
2293 2933 2560 2975 annorum
2588 2921 2777 2991 viginti
2819 2924 3047 2979 fortasse
3086 2928 3167 2980 vel
3219 2930 3382 2982 etiam
3433 2930 3535 2984 tri-‘

1952 3009 2101 3079 ginta
2120 3024 2215 3078 per
2238 3011 2650 3078 incogitantiam
2676 3021 2732 3069 et
2762 3015 3173 3084 negligentiam,
3200 3018 3534 3075 denudatum

278 3103 411 3159 σθαι
438 3105 505 3171 τῇ
537 3103 767 3172 ἐργασίᾳ
796 3104 906 3157 τῶν
935 3103 1161 3157 ἐντολῶν
1192 3104 1588 3174 εὐθηνούμενον
1618 3109 1845 3180 ἐμπόρῳ

1973 3102 2211 3157 minibus
2275 3103 2535 3169 ostendi,
2600 3119 2663 3159 ac
2724 3117 3115 3176 praeceptorum
3195 3111 3535 3180 perfectione

278 3197 391 3247 τινὶ
443 3194 888 3264 μεγαλοπλούτῳ,
922 3193 981 3258 ὃς
1031 3196 1110 3266 τῷ
1147 3196 1340 3265 πλήθει
1389 3198 1497 3250 τῶν
1549 3200 1852 3270 ἀγωγίμων

278 3283 749 3359 ιπαγαλλόμενος,
784 3284 843 3347 ἐξ
894 3284 1083 3354 οὐρίας
1121 3286 1271 3356 αὐτῷ
1310 3288 1408 3356 τῆς
1460 3288 1588 3358 νηὸς
1618 3290 1854 3359 φερομέο

281 3390 405 3442 νης,
443 3358 511 3427 vi
562 3374 769 3443 φοϐερὰ
827 3374 1037 3446 πελάγη
1091 3376 1427 3447 διαδραμὼν,
1474 3380 1613 3449 πρὸς
1672 3358 1853 3446 αὐτοῖς

282 3468 399 3528 τοῖς
429 3466 609 3535 λιμέσι
635 3466 1065 3537 διαρραγγέντος
1105 3466 1198 3520 τοῦ
1229 3469 1440 3535 πλοίου,
1477 3471 1699 3526 πάντων
1723 3472 1854 3547 ιρη-

288 3576 393 3629 μος
427 3560 636 3627 ἀθρόως
680 3559 973 3627 ἀπεδείχθη
1004 3576 1017 3591 ·
1050 3560 1145 3613 ἐὰν
1194 3563 1288 3616 καὶ
1320 3556 1474 3627 οὗτος
1521 3564 1591 3618 τά
1636 3565 1854 3635 μυρίοις

287 3653 477 3714 πόνοις
520 3652 790 3722 κτηθέντα
840 3654 939 3723 μιᾷ
977 3653 1249 3724 προσϐολῇ
1280 3654 1533 3724 δαίμονος
1582 3658 1851 3729 ἀπολέσῃ,

274 3746 479 3813 ὥσπερ
521 3745 628 3798 τινὶ
679 3745 850 3815 ἀγρία
897 3744 1119 3797 λαίλαπι
1165 3749 1231 3817 τῇ
1281 3747 1528 3819 ἁμαρτίᾳ
1557 3748 1853 3817 βυθισθείς.

244 3872 247 3875 λ
290 3838 586 3905 Πρέπουσα
619 3837 769 3907 φωνὴ
814 3835 891 3905 τῷ
924 3838 1102 3889 πᾶσαν
1131 3836 1268 3907 όμοῦ
1312 3838 1411 3908 τὴν
1451 3839 1656 3908 ἀρετὴν
1689 3857 1856 3893 ναυα-

274 3927 544 3996 γήσαντι,
588 3921 792 3978 Ἦλθον
839 3928 922 3987 είς
967 3927 1036 3979 τὰ
1088 3927 1226 3998 βάθη
1264 3927 1364 3997 τῆς
1410 3928 1706 4001 θαλάσσης,
1762 3932 1858 3984 καὶ

288 4017 546 4083 καταιγὶς
581 4017 938 4069 κατεπόντισε
975 4033 1065 4084 με.
1842 4058 1845 4063 .

373 4104 434 4157 '0
483 4107 542 4156 ὲν
591 4107 843 4175 προκοπῇ
892 4106 1182 4175 γενόμενος
1228 4106 1448 4175 ἀγαθῶν
1490 4104 1691 4179 ἔργων,
1740 4110 1861 4165 εἶτα

249 4194 729 4266 ἀταλινδρομήσας
776 4196 913 4268 πρὸς
972 4196 1073 4268 τὴν
1122 4199 1354 4269 ἀρχαίαν
1410 4200 1737 4270 συνήθειαν,
1793 4203 1856 4256 οὐ

293 4286 457 4356 μόνον
482 4288 572 4339 τὸν
599 4288 689 4339 ἐπὶ
719 4291 830 4349 τοῖς
861 4288 1264 4358 πεπονημένοις
1314 4290 1506 4359 μισθὸν
1549 4291 1855 4365 ἐζημιώθη,

287 4378 431 4435 ἁλὶά
463 4379 557 4432 καὶ
596 4377 901 4450 βαρυτέρας
938 4378 1187 4444 ἀξιοῦται
1219 4379 1317 4449 τῆς
1348 4383 1749 4453 κατακρίσεως.

365 4554 435 4611 Et
488 4571 572 4609 σοι
615 4554 781 4625 μηδὲν
807 4554 1068 4625 ἠλπίζετο
1107 4542 1389 4630 δυσχερές,
1428 4562 1587 4631 ἡνίκα
1615 4564 1682 4635 τῇ
1710 4564 1863 4634 φιλοο

293 4649 460 4719 σοφίᾳ
492 4648 846 4719 προσέϐαλες,
879 4648 1207 4719 ἀφιλόσοφος
1238 4653 1270 4721 ἡ
1303 4654 1443 4725 ἀρχή
1468 4670 1483 4685 ’
1510 4655 1564 4708 ει
1595 4656 1653 4711 δὲ
1703 4658 1864 4728 ἠλπί-

292 4744 440 4806 ςετο,
476 4742 525 4794 εί
568 4741 669 4811 μὲν
704 4742 806 4796 οὐκ
864 4742 1168 4812 ἀπήντησε,
1205 4742 1281 4812 τῷ
1328 4745 1448 4815 Θεῷ
1483 4747 1682 4818 χάρις·
1721 4751 1771 4804 εί
1807 4751 1866 4805 δὲ

294 4835 636 4903 ἀπήντησεν,
667 4833 701 4904 ἢ
734 4835 988 4904 καρτέρει
1042 4835 1346 4907 πάσχων,ἥ
1384 4837 1493 4892 ίσθι
1521 4840 1866 4912 ψευσάμενος

292 4925 397 4996 τὴν
423 4925 737 4995 ὑπόσχεσιν.

372 5018 547 5075 Ἔνιοι
609 5016 986 5088 προκόψαντες
1046 5022 1133 5074 ἐπ’
1193 5020 1417 5095 ἀρετὴν,
1486 5025 1865 5096 ὑπενόστησαν

294 5108 497 5179 πρὶνῆ
544 5108 833 5177 ἐφικέσθαι
871 5110 968 5165 τοῦ
1020 5113 1231 5181 τέλους,
1261 5116 1365 5185 τὴν
1413 5115 1540 5182 ἀρτι
1588 5118 1867 5188 φυομένην

290 5201 725 5270 ἀριστοκρατίαν
772 5204 832 5256 ὲν
881 5206 946 5273 τῇ
995 5204 1140 5277 ψυχῇ
1201 5207 1538 5278 καθελούσης
1580 5209 1678 5280 τῆς
1715 5210 1869 5280 ὀχλο-

297 5289 570 5358 κρατίας,
617 5291 650 5361 ἢ
714 5294 853 5363 πρὸς
922 5294 1104 5362 ὀλίγον
1169 5296 1535 5368 ἡρεμήσασα,
1589 5298 1755 5353 πάλιν
1809 5301 1867 5368 ἐξ

278 5381 550 5451 ,ὑπαρχῆς
581 5384 721 5452 μετὰ
755 5383 996 5449 πλείονος
1027 5384 1311 5457 δυνάμεως
1341 5388 1691 5442 ἀντεπιθετο.

373 5561 564 5616 Πολλοὶ
608 5562 848 5634 ἀσκηταὶ
889 5565 1170 5635 γενόμενοι
1214 5566 1307 5620 ἐπὶ
1355 5566 1449 5621 τοῦ
1496 5567 1685 5633 τέλους
1713 5572 1868 5641 μετέ-

299 5653 463 5708 ϐαλον
505 5653 602 5724 τῆς
648 5655 851 5725 ἀρετῆς
883 5654 950 5726 [ι’.
976 5657 1078 5725 τὴν
1122 5657 1347 5730 ἀρετήν]
1373 5675 1386 5691 ·
1417 5653 1461 5728 ᾧ
1491 5660 1548 5713 δι
1583 5663 1813 5733 παρέχει
1840 5665 1871 5719 ό

291 5745 429 5829 Θεὸς
465 5746 776 5823 ἐπιστήμην
813 5747 1058 5816 βεϐαίαν,
1093 5750 1267 5817 τούτῳ
1312 5751 1530 5808 δίδωσιν
1558 5754 1867 5827 ἀμφότερα,

1956 3188 2324 3248 abundantem
2360 3195 2595 3250 similem
2631 3211 2751 3251 esse
2797 3201 3082 3254 mercatori
3118 3202 3277 3256 alicui
3306 3205 3535 3273 opulen-

1955 3284 2193 3349 tissimo,
2213 3287 2307 3355 qui
2334 3287 2489 3357 copia
2517 3289 2782 3343 mercium
2808 3290 3535 3359 advectitiarumexsultans,

1955 3377 2077 3431 navi
2108 3380 2363 3433 secundis
2392 3381 2772 3450 progrediente
2802 3384 3000 3449 ventis,
3030 3385 3335 3454 periculosa
3365 3389 3535 3441 maria

1954 3479 2365 3541 praeterveetus,
2388 3472 2442 3527 in
2473 3474 2591 3541 ipso
2628 3476 2843 3530 tandem
2874 3485 3030 3546 portu
3058 3479 3180 3532 navi
3212 3478 3383 3533 fracta
3415 3480 3536 3533 uni-

1954 3562 2132 3617 versis
2160 3563 2269 3616 illis
2296 3565 2455 3618 simul
2485 3567 2730 3632 privatur
2761 3583 2775 3620 :
2801 3568 2945 3637 quod
2980 3568 3065 3622 hic
3111 3586 3327 3640 quoque
3359 3572 3535 3626 inlini-

1959 3648 2028 3708 lis
2058 3654 2336 3710 laboribus
2365 3666 2680 3724 comparata
2743 3674 2852 3712 uno
2881 3659 3081 3712 dinboli
3114 3662 3313 3729 impetu
3352 3664 3535 3731 perdat

1956 3759 2054 3813 per
2085 3754 2389 3813 peccatum,
2429 3748 2585 3814 quasi
2638 3762 2735 3815 per
2768 3750 3060 3817 procellam
3100 3755 3392 3818 quamdam
3430 3755 3535 3821 im;

1958 3847 2177 3887 manem
2197 3835 2535 3889 submersus.
2575 3835 2701 3892 Haec
2723 3853 2830 3892 vox
2855 3840 2903 3893 ei
2929 3843 3183 3896 convenit
3206 3844 3296 3912 qui
3320 3859 3533 3899 omnem

1957 3926 2122 3980 simul
2157 3926 2410 3980 virtutem
2444 3926 2727 3997 naufragio
2765 3930 3012 3987 amiserit
3044 3949 3059 3987 :
3108 3932 3241 3989 Veni
3276 3936 3327 3988 in
3364 3938 3532 3991 altum

1960 4030 2131 4080 mare,
2164 4025 2217 4071 et
2244 4018 2481 4085 procella
2508 4019 2806 4075 submersit
2837 4036 2946 4079 me.

2030 4099 2117 4156 Id.
2150 4102 2206 4155 in
2238 4102 2492 4159 Oratione
2522 4115 2709 4159 contra
2738 4109 2930 4165 ebrios.
2962 4110 3065 4176 Qui
3103 4127 3443 4182 progressum
3478 4115 3533 4170 in

1956 4193 2118 4249 bonis
2143 4195 2453 4251 actionibus
2497 4198 2710 4266 iecerit,
2738 4201 2933 4256 deinde
2962 4205 3028 4258 ad
3066 4206 3350 4275 pristinam
3398 4220 3535 4262 cnn-

1962 4286 2303 4341 suetudinem
2352 4303 2609 4345 reversus
2670 4290 2872 4360 fuerit,
2926 4310 3030 4349 non
3085 4297 3247 4354 modo
3290 4299 3532 4357 lahorui‘rl

1958 4379 2363 4448 praeteritorum
2386 4382 2636 4438 mercede
2663 4386 2929 4453 privatur,
2952 4388 3045 4442 sed
3065 4391 3227 4446 etiam
3249 4394 3535 4450 acerbiore

1884 4460 1938 4521 'D
1964 4469 2417 4529 condemnatione
2448 4473 2644 4542 dignus
2669 4475 2964 4545 iudicatur.

2036 4557 2301 4631 Theologi.
2333 4561 2388 4616 Si
2421 4571 2478 4618 tu
2518 4564 2617 4619 tibi
2648 4566 2781 4620 nihil
2820 4569 3190 4627 molestiarum
3227 4573 3341 4630 fore
3376 4588 3534 4647 putas

1965 4651 2065 4707 bas
2085 4668 2207 4707 cum
2229 4654 2294 4708 ad
2320 4655 2718 4725 philosophiam
2752 4661 3055 4726 acceSsisti,
3087 4663 3323 4720 alienum
3354 4682 3384 4721 a
3412 4669 3535 4737 plii:

1966 4742 2217 4813 losophia
2255 4745 2356 4799 fuit
2390 4746 2631 4802 initium.
2662 4747 2759 4802 Stn
2808 4752 3038 4817 putabas
3068 4764 3121 4808 et
3154 4771 3262 4810 non
3294 4759 3487 4813 accidit
3515 4786 3530 4825 ,

1972 4834 2084 4890 Deo
2115 4837 2291 4905 gratia
2328 4844 2413 4893 est
2442 4838 2690 4895 habenda
2726 4847 2743 4893 :
2775 4840 2859 4895 sin
2888 4844 3171 4911 acciderit,
3198 4856 3293 4901 aut
3320 4852 3532 4918 patien-

1970 4932 2052 4979 ter
2087 4924 2246 4992 t‘erto,
2274 4935 2368 4981 aut
2397 4927 2680 4997 promissis
2709 4930 2860 4985 scias
2894 4939 2946 4985 te
2982 4948 3089 4987 non
3117 4937 3358 4994 stetisse.

2039 5012 2303 5071 Philonis.
2338 5017 2592 5073 Nonnulli
2618 5034 2743 5075 eum
2778 5022 2832 5076 in
2889 5022 3087 5077 virtute
3132 5027 3532 5097 profecisSent;

1969 5106 2305 5162 deﬂeaerunt
2332 5118 2387 5164 et
2416 5120 2805 5169 revocaverunt
2832 5130 2891 5170 se
2919 5117 3236 5189 priusquam
3270 5120 3337 5176 ad
3373 5124 3533 5179 tinem

1972 5203 2366 5271 pervenissent.
2391 5201 2605 5258 Etenim
2637 5204 2895 5273 Optimam
2928 5208 3140 5266 vivendi
3176 5215 3437 5269 rationem
3466 5220 3531 5271 ex

1970 5292 2155 5349 animo
2184 5293 2425 5349 detrahit
2474 5298 2788 5351 turbulenta
2838 5308 2892 5354 et
2940 5305 3171 5370 pessima
3220 5306 3382 5369 ratio,
3416 5318 3530 5375 qm!

1978 5392 2107 5439 'cum
2141 5387 2420 5457 paulisper
2447 5388 2648 5459 quierit
2675 5391 2743 5447 de
2769 5392 2979 5462 integro
3005 5393 3300 5463 majoribus
3333 5400 3531 5455 viribus

1975 5476 2249 5533 renititur.

2041 5570 2367 5643 Complures
2390 5576 2885 5641 meditatoresrum
2913 5589 3114 5644 essent,
3143 5582 3207 5636 ad
3237 5594 3529 5638 extrermnn

1971 5662 2225 5719 virtutem
2277 5677 2575 5724 mutarunt.
2617 5670 2774 5739 192
2802 5674 2869 5725 At
2895 5672 2981 5726 cui
3016 5673 3157 5727 Deus
3190 5675 3396 5730 (inuam
3433 5676 3529 5730 la?-

1968 5755 2119 5825 gilur
2149 5757 2461 5822 ieiunium,
2494 5761 2618 5817 huic
2658 5772 2888 5832 utraque
2924 5764 3174 5836 largitur,
3221 5778 3273 5824 ct
3306 5778 3530 5825 Virtute!
