3976 6214
479 549 696 604 smnper
731 530 1050 596 recondere,
1095 536 1151 585 et
1197 541 1639 598 unamquamque
1674 539 1889 596 semper
1916 537 2046 580 con-

480 643 722 684 servare.

546 719 662 773 Jam
693 717 913 788 quidam
943 728 1203 770 novarum
1229 725 1416 767 rerum
1452 707 1636 778 cupidi
1665 715 1720 763 et
1753 707 2045 773 lastidiosi,

469 823 603 866 eum
647 811 967 880 probitatem
1019 807 1419 876 degustassent,
1451 817 1513 858 ac
1544 815 1692 871 spem
1725 805 1903 854 status
1943 813 2050 853 tite-

480 902 633 957 lioris
663 900 957 964 dedissent,
997 898 1052 951 in
1081 895 1336 950 eumdem
1371 892 1610 948 recidere
1643 890 1917 945 morbum.

834 1009 1066 1066 SERMO
1099 1006 1235 1062 XLV
1265 1005 1363 1079 lat.
1395 1000 1707 1075 LXXXIX].

467 1087 559 1174 :De
590 1108 657 1160 iis
707 1107 798 1174 qui
851 1119 979 1169 opus
1037 1098 1574 1174 libente‘r‘chiuutft
1609 1094 1863 1174 studiose:
1913 1089 2051 1174 Item

467 1169 474 1178 ’
551 1162 899 1230 laborandum
924 1188 1055 1236 esse,
1083 1171 1229 1239 quod
1261 1162 1412 1220 labor
1443 1165 1733 1219 utilitatem
1766 1162 1980 1216 habent.

551 1269 678 1325 Gen.
708 1281 785 1320 Ill.
818 1265 952 1319 Cum
983 1263 1182 1316 sudore
1209 1260 1320 1312 oris
1349 1258 1477 1312 edes
1511 1269 1703 1326 panem
1733 1263 1908 1308 tuum.

553 1358 616 1412 11
649 1356 834 1412 Paral.
867 1370 992 1408 xxv.
1022 1350 1253 1406 Robusti
1281 1357 1475 1411 estote,
1505 1361 1605 1401 nec
1621 1345 1922 1414 fatigentur
1946 1355 2058 1396 ma-

481 1469 584 1507 nus
621 1459 830 1512 vestrae,
861 1445 987 1515 quia
1014 1452 1101 1519 est
1127 1455 1336 1494 merces
1365 1453 1544 1508 operae
1575 1446 1788 1492 vestrae.

547 1537 670 1594 Job.
706 1536 782 1590 Ex
827 1531 1189 1590 sollicitudine
1223 1536 1277 1583 et
1322 1543 1450 1582 cura
1487 1526 1587 1581 tibi
1616 1526 1892 1580 exorietur
1911 1537 2052 1594 .pax.

548 1710 692 1765 Psal.
725 1723 823 1763 cu.
849 1704 1033 1761 Exibit
1063 1705 1226 1758 homo
1253 1702 1319 1756 ad
1349 1715 1488 1771 opus
1518 1715 1678 1757 suum
1701 1741 1718 1768 ,
1753 1707 1809 1756 et
1837 1697 1902 1753 ad
1929 1696 2051 1752 cul-

468 1780 660 1886 :turam
689 1813 842 1854 suam
874 1810 1048 1864 usque
1073 1794 1139 1848 ad
1179 1807 1486 1862 vesperam.

556 1890 792 1943 Labores
841 1886 1113 1940 fructuum
1161 1894 1378 1937 tuorum
1425 1881 1578 1946 edes,
1630 1879 1824 1936 beatus
1879 1893 1961 1944 es,
2003 1884 2061 1932 et

488 1977 624 2030 bene
653 1975 748 2029 tibi
770 1974 892 2028 erit.

563 2069 722 2122 Prov.
755 2083 829 2122 vt.
869 2065 924 2119 Si
965 2063 1195 2134 impiger
1246 2061 1454 2125 lueris,
1499 2059 1678 2115 veniet
1721 2059 1887 2114 veluti
1937 2058 2058 2114 fons

486 2158 684 2212 messis
711 2164 843 2223 tua;
883 2144 1179 2222 indigentia
1203 2159 1384 2206 autem
1408 2149 1552 2204 velut
1579 2148 1832 2220 egregius
1864 2163 2062 2206 cursor

481 2248 723 2316 eﬂ'ugiet;

559 2339 753 2394 Manus
787 2336 1014 2392 fortium
1038 2334 1400 2405 locupletent.

559 2432 616 2485 In
656 2431 804 2485 omni
834 2428 1070 2486 sollicite
1107 2425 1374 2498 cogitanti
1421 2423 1567 2482 inest
1618 2421 1824 2496 aliquid
1859 2423 2058 2482 redun-

485 2523 642 2579 dans.

555 2613 660 2680 Qui
690 2613 1006 2670 accumulat
1044 2611 1150 2668 sibi
1179 2625 1304 2668 cum
1328 2609 1550 2682 pietate,
1582 2610 2023 2682 locupletabitur.

556 2793 718 2848 Prov.
746 2805 901 2846 xxxi.
930 2789 1181 2845 Porrexit
1211 2787 1434 2845 brachia
1469 2802 1570 2845 sua
1596 2789 1663 2844 ad
1689 2803 1850 2859 opus.
1879 2803 1946 2846 ac
1977 2790 2063 2845 in-

488 2887 695 2942 tellexit
742 2885 1034 2940 honestum
1074 2897 1196 2938 esse
1232 2882 1485 2952 aperari,
1515 2890 1573 2936 et
1621 2889 1790 2937 totam
1843 2891 2058 2939 noctem

412 3003 420 3016 ι
487 2980 714 3035 lucerna
752 2976 925 3048 ipsius
961 2990 1069 3030 non
1102 2974 1486 3045 exstinguitur.

555 3070 951 3126 Condemnabit
973 3068 1158 3138 justus
1192 3066 1446 3121 laborans
1475 3065 1721 3122 viventes
1758 3063 1978 3136 impios.

561 3163 836 3216 Bonorum
869 3161 1118 3215 laborum
1149 3158 1360 3212 fructus
1385 3157 1572 3228 gloriae
1597 3151 1928 3228 conjuncttﬁ
1955 3168 2060 3216 est.

487 3323 492 3328 .
558 3254 730 3310 Ereti.
764 3252 822 3309 In
871 3251 1131 3308 omnibus
1175 3249 1438 3320 operibus
1488 3250 1598 3306 tuis
1637 3251 1890 3308 assiduus
1917 3261 2060 3322 esto,

492 3356 548 3401 et
574 3345 756 3400 nullus
782 3353 832 3397 te
858 3342 1083 3397 morbus
1101 3341 1385 3410 corripiet.

571 3436 747 3491 Eccle.
787 3450 846 3489 ιι.
875 3434 1046 3490 Crede
1092 3431 1322 3488 Domino
1346 3472 1362 3498 ,
1389 3441 1447 3487 et
1487 3433 1718 3503 persiste
1769 3433 1824 3488 in
1877 3434 2064 3491 labore

492 3539 586 3586 tuo
616 3546 630 3582 :
659 3528 786 3598 quia
821 3526 934 3581 leve
959 3533 1042 3580 est
1067 3524 1121 3578 in
1151 3522 1327 3580 oculis
1370 3522 1580 3580 Domini
1628 3532 1850 3595 repente
1881 3524 2063 3582 ditare

491 3635 810 3693 pauperem.

564 3713 734 3766 Eccli.
759 3726 834 3766 LI.
865 3708 1048 3765 Facite
1081 3711 1234 3779 iopus
1275 3715 1516 3764 vestrum
1559 3715 1687 3765 ante
1738 3717 1976 3780 tempus,
2008 3715 2064 3766 et

493 3805 644 3858 dabit
671 3802 825 3858 vobis
854 3801 1157 3856 mercedem
1184 3802 1239 3853 in
1266 3809 1511 3868 tempore
1541 3814 1669 3856 suo.

566 3896 791 3950 Praestat
833 3892 926 3964 qui
983 3893 1039 3946 in
1087 3892 1342 3948 omnibus
1393 3892 1600 3962 aliquid
1657 3889 1845 3957 operis
1907 3889 2062 3956 facit,

496 4003 661 4059 quam
699 3986 792 4055 qui
827 3985 998 4054 gloria
1029 3982 1281 4048 allicitur,
1311 3983 1472 4054 panis
1505 3984 1779 4055 indigens.

567 4079 624 4134 In
656 4093 820 4148 opere
847 4085 941 4130 tuo
965 4076 1362 4131 consenescito.

565 4169 647 4222 Ad
706 4167 897 4221 horam
966 4163 1339 4234 praescriptam
1402 4164 1651 4237 surgite,
1714 4176 1822 4220 nec
1877 4161 2068 4220 tardus

493 4271 636 4318 esto.

564 4349 726 4404 Joan.
773 4364 827 4405 ν.
868 4346 1028 4404 Pater
1069 4361 1228 4404 meus
1281 4345 1464 4403 adhuc
1511 4353 1792 4418 operatur,
1849 4355 1910 4403 et
1963 4361 2067 4418 ego

494 4457 710 4512 Operor.

565 4532 756 4588 Matth.
787 4545 915 4586 xxv.
949 4528 1124 4586 Homo
1168 4530 1390 4600 quidam
1442 4543 1674 4602 peregre
1722 4529 2071 4601 profecturus

496 4626 703 4682 vocatis
753 4623 929 4698 servis
957 4624 1074 4678 suis
1097 4623 1249 4678 dedit
1287 4623 1556 4680 sua-bona
1576 4661 1591 4687 ,
1624 4622 1716 4678 alii
1741 4623 1962 4694 quidem
1989 4633 2073 4678 ta-

495 4716 639 4772 lenta
676 4719 938 4786 quinque,
968 4713 1130 4768 alteri
1184 4722 1363 4769 autem
1399 4716 1530 4778 duo,
1574 4713 1726 4768 alteri
1769 4729 1963 4779 unum,
2008 4727 2075 4769 ac

496 4822 599 4878 pro
633 4807 891 4863 facultate
920 4805 1140 4874 cuique,
1181 4812 1236 4860 et
1286 4820 1510 4879 peregre
1541 4800 1826 4876 prolectus
1859 4813 1980 4873 est,
2018 4817 2074 4863 et

499 4901 727 4968 reliqua.

569 4993 691 5046 Act.
740 5006 831 5045 xx.
884 4991 986 5060 Ipsi
1035 4990 1206 5049 nostis
1258 5003 1454 5046 manus
1497 4990 1598 5045 bas
1645 4991 2072 5048 necessitatibus

501 5083 640 5139 meis
693 5090 748 5136 et
798 5096 987 5136 eorum
1047 5081 1143 5151 qui
1197 5095 1407 5136 mecum
1460 5088 1619 5136 erant
1665 5083 2009 5138 ministrasse
2051 5099 2068 5137 :

500 5175 750 5244 exemplo
780 5173 1145 5228 demonstravi
1183 5171 1340 5242 193
1369 5171 1547 5236 vobis,
1581 5175 1664 5230 sic
1708 5174 2071 5230 laborandum

498 5284 645 5332 esse,
683 5279 741 5322 ut
771 5266 1004 5320 inﬁrmis
1048 5266 1442 5331 subveniatur;
1492 5266 1768 5321 recordari
1798 5267 1942 5320 enim
1973 5266 2070 5320 de-

501 5359 641 5416 betis
684 5359 849 5416 verba
899 5356 1135 5424 Domini,
1184 5371 1310 5411 cum
1342 5356 1462 5428 ipse
1498 5358 1739 5413 dixerit:
1783 5375 1803 5410 ι
1835 5355 2071 5414 Felicius

499 5462 586 5508 est
615 5452 768 5517 dare,
808 5465 968 5520 quam
1007 5450 1274 5521 accipere.
1302 5469 1322 5502 ι
2045 5489 2048 5492 .

574 5543 606 5598 I
655 5545 837 5601 Thess.
889 5560 965 5601 tv.
1016 5542 1310 5600 Hortamur
1364 5551 1548 5601 autem
1597 5557 1718 5609 vos,
1750 5541 1982 5606 fratres,
2013 5551 2074 5598 ut

505 5635 931 5691 nbundantiores
973 5633 1116 5701 sitis,
1147 5643 1204 5690 et
1232 5634 1494 5691 studentis
1521 5635 1734 5704 quieti,
1769 5643 1824 5689 et
1862 5633 2069 5702 privata

505 5737 674 5794 Opera
704 5725 936 5792 faciatis,
961 5726 1321 5796 manibusque
1341 5727 1538 5785 vestris
1566 5739 1702 5797 opus
1729 5724 2063 5784 conﬁciatis:

1704 322 2028 386 ANTONII
2070 291 2417 381 mutsset

465 457 767 534 {exet-cere,
809 449 864 496 et
911 438 980 495 ab
1021 437 1216 494 iisdem
1271 449 1552 505 nunquam
1613 435 1885 497 deiicere.
1939 433 2032 489 sed
2064 436 2112 493 Α

2138 426 2462 500 ἐργάζεσθαί
2516 442 2576 478 τε
2631 423 2732 486 τὰς
2780 420 3006 489 ἀρετὰς,
3057 416 3154 471 καὶ
3211 413 3486 484 μηδέποτε
3548 410 3736 462 uincire

2147 520 2521 594 ἀφίστασθαι,
2587 517 2703 572 ἀλλ’
2765 514 2857 568 ἀεὶ
2922 508 3216 582 ταμιεύειν
3277 506 3374 559 καὶ
3436 502 3739 574 φυλάττειν

2142 612 2413 678 εκάστην.

2221 703 2362 770 Ἤδη
2394 699 2540 760 τινὲς
2588 697 2865 768 ἁψέκοροι,
2914 693 3244 764 γευσάμενοι
3291 689 3738 758 καλοκαγαθίας,

2147 796 2242 849 καὶ
2265 793 2454 848 ἐλπίδα
2479 790 2851 862 παρασχόντες
2875 786 3086 856 ὑγείας,
3108 785 3194 848 είς
3220 781 3320 854 τὴν
3339 781 3513 853 αὐτὴν
3537 781 3740 834 ἐπανὲ-

2147 884 2390 956 στρεψαν
2421 883 2601 936 νόσον.

2743 991 2964 1048 ΛΟΓΟΣ
2993 992 3131 1048 ME’.

2149 1091 2291 1160 Περί
2324 1087 2755 1160 φιλεργῶνκκαί
2796 1085 3172 1160 σπουδαίων·
3206 1082 3298 1136 ὅτι
3329 1081 3450 1151 χρὴ
3496 1081 3741 1156 πονεῖν,

2630 1154 2928 1226 ὠφέλειαν
2959 1157 3071 1223 τὰρ
3097 1155 3128 1207 ἐ
3132 1170 3251 1221 χει.

2238 1252 2327 1305 Ἦν
2361 1249 2545 1321 ἱδρῶτι
2577 1249 2673 1302 τοῦ
2716 1248 3010 1319 προσώπου
3062 1248 3213 1318 φάγῃ
3271 1245 3362 1298 τὸν
3391 1245 3565 1314 ἄρτον
3624 1261 3742 1297 σου.

2238 1346 2537 1415 ’1σχύσατε,
2572 1342 2664 1396 καὶ
2700 1342 2776 1413 μὴ
2809 1339 3192 1394 ἐκλυέσϐωσαν
3239 1338 3296 1392 αἱ
3327 1340 3516 1410 χεῖρες
3556 1337 3744 1409 ὑμῶν,

2150 1438 2290 1492 διότι
2329 1439 2446 1490 ἐστὶ
2487 1433 2680 1503 μισθὸς
2705 1433 2806 1503 τῆς
2837 1432 3101 1502 ἐργασίας
3139 1430 3318 1500 ὑμῶν.

2242 1530 2340 1584 Ἐκ
2373 1527 2646 1598 μερίμνης
2676 1524 2770 1578 καὶ
2794 1524 3078 1595 φροντίδος
3109 1521 3495 1591 ’ἀναφανεῖται
3534 1537 3623 1574 σοι
3666 1520 3748 1574 ει-

2233 1638 2322 1687 νη.

2233 1639 2261 1671 ν
2307 1659 2322 1673 ο

2161 1622 2227 1693 ρή
2241 1638 2610 1775 ἐξελεύσεται
2643 1704 2930 1770 ἄνθρωπος
2981 1703 3074 1757 ἐπὶ
3101 1703 3164 1756 τὸ
3200 1702 3360 1772 ἔργον
3389 1700 3592 1769 αὑτοῦ,
3649 1702 3749 1754 καὶ

2157 1801 2250 1855 ἐπὶ
2276 1799 2379 1868 τὴν
2408 1796 2672 1870 ἐργασίαν
2705 1795 2871 1850 αὑτοῦ
2902 1797 3007 1858 ἕως
3043 1793 3309 1864 ἑσπέρας.

2228 1892 2368 1954 Τοὺς
2399 1891 2594 1952 πόνους
2620 1889 2728 1943 τῶν
2764 1887 2995 1958 καρπῶν
3037 1902 3132 1941 σου
3168 1885 3430 1955 φάγεσαι,
3466 1886 3746 1956 μακάριος

2157 1979 2230 2049 εἴ,
2261 1983 2358 2035 καὶ
2387 1981 2567 2045 καλῶς
2601 1997 2684 2033 σοι
2711 1979 2887 2033 ἔσται.

2240 2073 2371 2127 Ἐὰν
2403 2074 2598 2135 ἄοκνος
2621 2067 2709 2144 ᾗς,
2731 2067 2852 2142 ἡξει
2876 2069 3066 2138 ὥσπερ
3111 2067 3264 2140 πηγὴ
3299 2069 3328 2121 ὁ
3357 2069 3576 2139 ἀμητὸς
3608 2086 3706 2121 σου
3729 2085 3746 2100 ν

2156 2166 2193 2236 ἡ
2227 2165 2285 2220 δὲ
2314 2164 2493 2219 ἔνδεια
2526 2163 2716 2234 ὥσπερ
2770 2161 2937 2226 καλὸς
2974 2161 3211 2232 δρομεὺς
3268 2160 3746 2232 ἀπαυτομολήσει.

2227 2347 2426 2418 Χεϊρες
2447 2345 2708 2415 ἀνδρείων
2741 2343 3147 2408 πλουτίζουσιν.

2241 2442 2334 2497 Ἐν
2366 2440 2530 2495 παντὶ
2563 2437 2905 2511 μεριμνῶν-ει
2949 2436 3131 2493 ἔνεστι
3165 2437 3454 2510 περισσόν.

2239 2616 2302 2672 '0
2337 2615 2594 2684 συνάγων
2641 2613 2822 2684 ἑαυτῷ
2875 2611 2998 2684 μετ’
3037 2612 3328 2676 εὐσεϐείας
3357 2612 3747 2684 πληθυνθὴσεο

2159 2724 2274 2764 ται.

2234 2800 2463 2867 Ἤρεισε
2478 2796 2603 2859 τοὺς
2631 2796 2924 2866 βραχίονας
2945 2795 3118 2866 αὐτῆς
3145 2797 3226 2858 είς
3247 2794 3433 2864 ἔργον,
3464 2797 3566 2850 καὶ
3589 2797 3747 2864 ἐγεύο

2163 2907 2293 2945 σαι-ο
2321 2892 2404 2944 ὅτι
2433 2888 2600 2943 καλόν
2635 2890 2758 2942 ἐστι
2791 2888 2855 2940 τὸ
2897 2887 3228 2958 ἐργάζεσθαι
3253 2903 3268 2918 °
3307 2889 3405 2942 καὶ
3459 2889 3524 2942 οὐ
3578 2906 3750 2945 uta-

2165 2980 2454 3035 σϐεννυται
2481 2979 2723 3050 ὁλύχνος
2753 2979 2926 3049 αὐτῆς
2939 2979 3070 3049 ὃλην
3093 2979 3193 3049 τὴν
3221 2979 3416 3036 νύκτα.

2080 3084 2132 3150 c
2233 3074 2567 3142 Κατακρινεί
2611 3071 2820 3135 δίκαιος
2855 3070 3053 3141 καμὼν
3083 3071 3211 3134 τοὺς
3246 3070 3455 3135 ζῶντας
3497 3072 3744 3134 ἀσεϐεῖς.

2247 3160 2493 3230 Ἀγαθῶν
2515 3159 2694 3214 πόνων
2719 3158 2933 3228 καρπὸς
2955 3158 3210 3228 εὐκλεής.

2248 3251 2337 3305 Ἐν
2359 3252 2496 3304 πᾶσι
2525 3252 2638 3314 τοῖς
2671 3249 2856 3321 εργοις
2887 3266 2983 3303 σου
3013 3249 3168 3318 γίνου
3189 3249 3476 3320 ἐντρεχὴς,
3505 3249 3608 3304 καὶ
3637 3250 3743 3304 πᾶν

2164 3342 2504 3416 ἀρρώστημα
2532 3344 2594 3395 ού
2630 3344 2704 3413 μή
2733 3359 2795 3396 σε
2825 3343 3140 3414 ἀπαντήσῃ.

2169 3477 2174 3480 .
2235 3436 2468 3488 Πίστευε
2495 3433 2574 3504 τῷ
2605 3434 2795 3505 Κυρίῳ
2841 3435 2934 3488 καὶ
2978 3433 3187 3504 ἔμμενε
3215 3434 3296 3506 τῷ
3333 3433 3486 3504 πόνῳ
3515 3451 3637 3497 σου.
3659 3435 3742 3488 ὅτι

2167 3525 2372 3594 κοῦφον
2416 3526 2476 3580 ἐν
2529 3526 2829 3596 ὀφθαλμοῖς
2876 3527 3085 3596 Κυρίου
3138 3525 3404 3598 ἐξαπίνης
3453 3527 3739 3580 πλουτίσαι

2170 3621 2404 3690 πένητα.

2171 3769 2174 3772 ,
2246 3711 2582 3783 Ἐργάζεσοε
2633 3712 2695 3766 τὸ
2724 3710 2886 3779 ἔργον
2915 3707 3072 3780 ὑμῶν
3118 3707 3227 3780 πρδ
3273 3709 3497 3780 καιροῦ,
3529 3708 3746 3763 παιδώ-

2166 3819 2250 3859 σει
2284 3804 2379 3856 τὸν
2404 3803 2598 3873 μισθὸν
2628 3802 2786 3864 ὑμῶν
2816 3803 2876 3854 ἐν
2916 3801 2996 3871 τῷ
3025 3801 3208 3871 καιρῷ
3240 3800 3430 3855 αὑτοῦ.

2240 3895 2507 3964 Κρείσσον
2561 3892 2930 3964 ἐργαζόμενος
2966 3891 3040 3946 ἐν.
3077 3892 3269 3958 πᾶσιν,
3301 3891 3337 3962 ἢ
3384 3888 3741 3961 δοξαζόμενος

2166 3985 2260 4040 καὶ
2279 3984 2500 4056 ἀπορῶν
2546 3984 2740 4054 ἄρτου.

2247 4075 2339 4129 Ἐν
2363 4075 2441 4145 τῷ
2475 4073 2626 4145 ἔργῳ
2647 4091 2741 4127 σου
2767 4072 3130 4143 «munem.

2249 4165 2339 4222 Ἐν
2367 4168 2436 4238 τῇ
2478 4165 2599 4237 ὥρᾳ
2629 4181 2722 4218 σου
2746 4163 3048 4234 ἐξεγείρου,
3085 4162 3184 4218 καὶ
3208 4163 3286 4234 μὴ
3320 4151 3621 4237 βραδύνεις.

2246 4350 2308 4406 '0
2329 4349 2520 4419 Πατήρ
2557 4364 2659 4418 μου
2687 4347 2792 4412 ἕως
2819 4347 2946 4420 ἄρτι
2971 4346 3292 4418 ἐργάζεται,
3326 4347 3490 4418 κάγὼ
3520 4349 3743 4419 ἐργάζο-

2099 4434 2146 4493 D
2175 4459 2298 4514 μαι.

2163 4571 2168 4574 -
2251 4530 2570 4604 Ἄνθρωπός
2637 4547 2724 4595 τις
2771 4530 3076 4602 ἀποδημῶν
3116 4533 3344 4587 ἐκάλεσε
3392 4534 3528 4598 τοὺς
3585 4535 3739 4596 ἰδίους

2165 4623 2417 4688 δούλους,
2450 4625 2546 4677 καὶ
2571 4623 2890 4694 παρέδωκεν
2913 4624 3103 4689 αὐτοῖς
3125 4625 3197 4680 τὰ
3214 4626 3537 4697 ὑπάρχοντα
3558 4625 3734 4681 αὐτοῦ·

2173 4717 2268 4771 καὶ
2301 4708 2346 4783 ᾧ
2378 4713 2479 4786 μιν
2504 4715 2672 4768 ἔδωκε
2699 4716 2866 4770 πέντε
2897 4715 3158 4785 τάλαντα,
3190 4709 3235 4785 ᾧ
3265 4717 3325 4770 δὲ
3369 4718 3487 4786 δύο,
3508 4711 3553 4784 ᾧ
3579 4719 3636 4771 δέ
3661 4719 3732 4780 ἓν,

2175 4805 2389 4876 ἑκάστῳ
2417 4806 2558 4874 κατὰ
2582 4804 2684 4877 τὴν
2736 4806 2874 4861 ίδίαν
2921 4805 3159 4876 δύναμιν
3181 4821 3200 4838 ο
3241 4809 3341 4862 καὶ
3391 4809 3735 4878 ἀπεδήμησεν

2172 4897 2397 4964 εὐθέως,
2424 4897 2520 4952 καὶ
2539 4897 2608 4951 τὰ
2638 4897 2790 4968 ἑξῆς.

2243 4986 2411 5040 Αὐτοὶ
2463 4985 2772 5053 γινώσκετε
2799 4987 2882 5042 ὅτι
2931 4989 3054 5052 ταῖς
3100 4989 3318 5060 χρείαις
3368 5006 3476 5061 μου
3505 4992 3598 5046 καὶ
3635 4991 3733 5052 τοῖς

2171 5074 2292 5132 οὖσι
2328 5076 2444 5147 μετ’
2475 5076 2608 5146 ἐμοῦ
2633 5078 2993 5151 ὑπηρέτησαν
3018 5080 3076 5134 αι
3109 5083 3296 5152 χεῖρες
3355 5081 3548 5138 αὗται.
3587 5081 3734 5135 Ὑπὲρ

2172 5169 2324 5236 δειξα
2352 5170 2448 5226 οῦν
2477 5171 2628 5242 ύμῖν,
2672 5172 2756 5226 ὅτι
2781 5169 2958 5236 οὕτως
3003 5172 3317 5236 κοπιῶντας
3346 5173 3434 5228 δεῖ
3488 5174 3736 5238 ἀντιλαμ-

2175 5262 2439 5316 ϐάνεσθαι
2466 5263 2576 5316 τῶν
2605 5264 3003 5331 ἀσθενούντων,
3039 5263 3407 5335 μνημονεύειν
3439 5281 3502 5318 τε
3537 5263 3642 5317 τῶν
3661 5261 3736 5313 16-

2174 5371 2285 5424 γων
2311 5355 2406 5408 τοῦ
2440 5355 2649 5426 Κυρίου
2695 5354 2891 5425 Ἰησοῦ,
2921 5357 3007 5409 ὅτι
3040 5356 3207 5420 αὐτὸς
3252 5351 3375 5410 εἶπε
3401 5371 3420 5388 ο
3464 5357 3735 5426 Μακάριαι

2173 5446 2232 5498 τδ
2259 5443 2458 5498 διδόναι
2499 5443 2697 5514 μᾶλλον
2724 5444 2757 5516 ἢ
2785 5445 3104 5515 λαμϐάνειν.

2246 5535 2683 5607 Παρακαλοῦμεν
2725 5535 2797 5590 et
2854 5535 3023 5607 ὑμᾶς,
3093 5533 3338 5605 ἀδελφοὶ,
3405 5534 3738 5610 περισσεύειν

2178 5630 2381 5702 μᾶλλον
2431 5629 2530 5685 καὶ
2584 5629 2988 5702 φιλοτιμεῖσθαι
3013 5626 3357 5703 ’ἡσυχὰξεεν,
3426 5635 3523 5687 καὶ
3575 5633 3741 5704 πράσ·

2181 5740 2296 5778 σειν
2323 5721 2392 5780 τὰ
2444 5721 2573 5791 ίδια,
2603 5722 2745 5799 ριαὶη
2773 5721 3108 5794 ἐργάζεσθαι
3148 5723 3272 5788 ταῖς
3326 5725 3521 5794 χερσὶν
3578 5722 3744 5796 ὑμῶν,
