3996 6194
275 276 425 365 [112i

1071 282 1243 345 LOCI
1284 282 1728 345 COMMUNES.
1765 301 1837 320 ··-
1875 283 2067 345 PARS
2102 283 2188 346 ll.
2223 283 2488 349 SERMO
2526 288 2697 352 XLV.

3418 287 3559 361 1122

291 383 479 449 καθὼς
528 386 984 458 παρηγγείλαμεν
1027 391 1190 460 ὑμῖν,
1243 395 1335 450 ἵνα
1393 403 1738 472 περιπατῆτε
1791 403 1918 462 ei»,

2027 400 2445 455 uemadmodum
2476 415 2908 473 praecepta-amns
2962 406 3140 472 vobis,
3193 416 3257 464 ut
3301 406 3562 465 dect-nter

294 477 587 549 σχημόνως
645 480 782 552 πρὸς
838 483 966 548 τοὺς
1043 485 1171 553 ἔξω,
1227 491 1323 544 καὶ
1397 493 1630 563 μηδενὸς
1688 497 1880 566 χρείαν

293 569 477 624 ἔγητε.

397 588 477 624 τε.

322 587 442 716 x2?)
478 663 590 734 γὰρ
637 663 786 736 πόνῳ
844 668 1047 738 κτηθὲν
1092 675 1408 745 περιχαρῶς
1459 675 1757 752 ὑπεδέχθη,
1789 688 1882 740 καὶ

297 754 610 823 φιλοπόνως
658 756 991 832 διεφυλάχθη
1021 777 1037 794 ο
1095 755 1171 818 ὧν
1234 768 1424 835 μέντοι
1486 774 1780 846 πρόχειρος
1855 783 1883 836 ὁ

297 847 594 919 πορισμὸς,
667 850 878 907 τούτων
954 854 1050 908 καὶ
1105 856 1140 925 ἡ
1203 861 1396 930 κτῆσις
1465 866 1886 944 εὐκαταφρόνη-

295 957 408 1002 τος.

372 1029 582 1127 μίσους
611 1031 783 1099 ὅντως
860 1038 960 1102 ,ξία
1014 1045 1109 1098 καὶ
1163 1051 1564 1118 καταγνώσεως
1605 1057 1638 1127 ή
1692 1058 1883 1127 ἀργία,

304 1120 600 1194 μύρμηκος
631 1127 726 1181 καὶ
781 1131 1047 1205 μελίσσης
1108 1141 1328 1211 χείρονα
1376 1120 1750 1206 ποιοῦσαῡτδν
1779 1120 1887 1206 ⁷ἄνζ

1986 506 2081 546 vos
2107 491 2312 562 geratis
2334 505 2463 563 erga
2503 503 2821 561 extraneos,
2855 498 3114 571 nullaque
3153 514 3211 556 re
3246 500 3564 571 indigentis.

2507 597 2524 607 ι

2060 669 2258 725 Incerti
2287 674 2538 728 auctoris.
2569 672 2724 740 Quod
2754 676 2900 731 enim
2952 678 3141 735 labore
3188 690 3403 751 partum
3443 691 3523 735 est
3549 719 3566 746 ,

1986 759 2194 829 majore
2222 761 2407 816 lastitia
2435 765 2724 834 accipitur,
2753 765 3178 838 diligentiusque
3209 783 3521 826 asservatur
3551 791 3568 840 ;

1985 866 2220 921 quorum
2250 863 2429 908 autem
2480 853 2655 910 facilis
2687 866 2772 912 est
2803 863 3159 928 comparatio,
3193 877 3383 918 eorum
3422 864 3566 933 ipso-

1987 961 2109 1000 rum
2139 951 2534 1005 contemnenda
2564 962 2647 1006 est
2688 958 2984 1022 possessio.

2062 1038 2243 1094 Otium
2287 1041 2532 1112 profecto
2579 1048 3036 1106 condemnatione
3076 1062 3127 1106 et
3178 1053 3305 1108 odio
3344 1036 3569 1124 dignum

1989 1139 2094 1194 est,
2135 1147 2246 1200 quo
2279 1131 2525 1189 formicis
2571 1144 2626 1190 et
2666 1138 2864 1208 apibus
2901 1141 3140 1197 deterior
3180 1144 3343 1199 homo
3390 1147 3573 1200 reddi-

301 1211 547 1313 θρωπονο
591 1220 646 1276 ὃς
677 1237 739 1289 γε
773 1225 867 1277 καὶ
891 1228 946 1293 ἐξ
977 1230 1153 1301 ἀρχῆς
1186 1235 1450 1301 πλασθεὶς
1493 1240 1651 1313 ἐτέθη
1688 1245 1766 1308 είς
1795 1246 1888 1300 τὸν

2027 1238 2083 1276 ur
2115 1239 2130 1279 :
2159 1225 2253 1292 qui
2309 1226 2530 1294 quidem
2573 1245 2694 1283 cum
2744 1231 2924 1301 primo
2968 1234 3234 1290 formatus
3282 1247 3465 1304 esset,
3517 1239 3572 1293 in

304 1310 668 1379 παράδεισον,
751 1317 1086 1387 ἐργάζεσθαι
1165 1327 1263 1379 καὶ
1331 1310 1650 1398 φυλάσσειν⁷
1702 1337 1886 1392 αὐτόν.

306 1399 472 1455 Ὥστε
503 1403 566 1456 τὸ
604 1406 824 1476 πρῶτον
859 1413 956 1465 καὶ
1009 1416 1349 1474 οἰκειότατον
1370 1424 1480 1477 τῶν
1523 1426 1888 1503 ἁνθρὼπωνή

305 1495 439 1597 περὶ
464 1497 573 1597 τῶν
594 1497 772 1569 ἔργων
793 1508 1021 1579 σπουδὴ,
1051 1512 1145 1565 καὶ
1171 1514 1338 1570 οίονεὶ
1357 1519 1511 1589 παρᾶ
1543 1520 1708 1589 φύσιν
1741 1495 1892 1597 αὑτῶ

304 1589 344 1658 ἠ
369 1590 558 1658 ἀργία.

381 1686 448 1740 Τί
476 1687 587 1742 τῶν
616 1689 842 1759 ἀγαθῶν
889 1695 1116 1753 εὔκολον
1134 1717 1152 1768 ;
1183 1703 1265 1767 τίς
1305 1705 1587 1764 καθεύδων
1625 1713 1888 1782 τρόπαιον

306 1775 577 1848 ἔστησενς
626 1785 710 1846 τίς
757 1788 984 1856 τρυφῶν
1017 1793 1112 1845 καὶ
1157 1798 1592 1867 καταυλούμενος
1643 1808 1757 1869 τοῖς
1789 1809 1888 1878 τῆς

303 1872 592 1938 εὐσεϐείας
619 1877 908 1947 στεφάνοις
935 1889 1328 1960 κατεκοσμήθη
1362 1907 1376 1956 ;
1422 1893 1612 1958 Οὐδεὶς
1651 1898 1726 1967 μὴ
1757 1872 1889 1968 δρα-

309 1962 429 2032 μὼν
452 1967 692 2021 ἀνείλετο
723 1970 1001 2041 βραϐεῖον.
1037 1977 1198 2032 Πόνοι
1231 1983 1461 2049 γεννῶσι
1492 1962 1675 2056 δόξαν,
1704 1962 1888 2062 κάμα-

304 2073 394 2118 τοι
421 2059 746 2128 προξενοῦσι
779 2067 1102 2136 στεφάνους.

380 2246 456 2300 To
487 2247 586 2317 μὲν
611 2247 812 2306 ἑαυτοῦ
856 2253 1046 2310 ἕνεκεν
1097 2261 1390 2331 μεριμνᾷς),
1448 2263 1482 2335 ἦ
1527 2266 1888 2336 ἐργάζεσθαι,

307 2343 661 2398 παντάπασιν
713 2345 1124 2417 ἀπηγόρευταιο
1159 2356 1284 2406 κατ’
1329 2356 1547 2429 ἐντολήν
1572 2359 1626 2412 δὲ
1654 2364 1750 2416 τοῦ
1779 2367 1890 2419 Κυ-

309 2433 430 2503 ρίου
460 2435 550 2490 διὰ
585 2438 684 2508 τὴν
711 2443 906 2528 χρείαν
942 2443 1040 2497 τοῦ
1085 2444 1320 2517 πλησίον
1368 2453 1639 2522 μεριμνᾷν
1674 2455 1770 2509 καὶ
1803 2454 1894 2528 ἐρ-

307 2527 577 2596 γάζεσθαι
607 2524 1034 2608 σποιῖδαιότερον
1067 2541 1197 2609 χρή,

385 2623 449 2675 Οί
503 2625 569 2678 lx
633 2629 851 2698 μακρᾶς
913 2631 1209 2700 συνηθείας
1280 2635 1670 2707 μελετηθέντες
1740 2644 1894 2699 πόνοι

313 2713 656 2788 ἀλυπότερον
699 2723 1109 2790 προσπίπτουσι
1165 2730 1279 2793 τοῖς
1327 2732 1892 2806 ὲγγεγυμνασμένοις.

392 2807 583 2862 Ἔστιν
613 2810 679 2865 ὲκ
727 2813 910 2867 πόνων
957 2814 1141 2884 ὑγεία,
1194 2821 1288 2873 καὶ
1331 2821 1392 2887 ἐξ
1445 2823 1688 2895 ίδρώτων
1715 2843 1898 2900 σωτη-

313 2898 432 2968 pia.

400 2989 528 3046 Ἐὰν
553 2993 820 3066 φύγωμεν
851 2998 955 3069 τῆς
998 3001 1202 3072 σαρκὸς
1231 3003 1299 3057 τὰ
1330 3005 1582 3077 επίπονα,
1637 3012 1735 3066 οὐκ
1766 3014 1898 3086 ὀψό-

317 3085 460 3155 μεθα
485 3086 553 3140 τὰ
579 3087 763 3155 ἀγαθὰ
789 3090 902 3143 τῶν
930 3092 1174 3149 δικαίων.

388 3177 462 3230 Τὸ
506 3181 702 3248 μικρὸν
752 3183 842 3236 ἐπὶ
892 3186 1113 3257 σμικρῷ
1169 3189 1555 3248 κατατίθεσθαι
1619 3196 1682 3249 ού
1740 3198 1899 3268 μόνον

316 3272 400 3336 είς
457 3270 727 3346 ἀργυρίου
779 3277 1122 3351 προσθήκην,
1150 3281 1286 3336 ἀλλὰ
1331 3287 1425 3338 καὶ
1471 3289 1553 3352 είς
1612 3291 1902 3361 ἡντιναοῦν

316 3366 634 3439 ιπιστήμην
687 3367 866 3440 ὀρθῶς
923 3371 1089 3441 ἔχειν,
1140 3373 1220 3444 τῷ
1267 3378 1544 3449 σπουδαίῳ
1594 3383 1897 3455 προσῆκεν.

389 3549 508 3618 Τῆς
555 3547 726 3619 αὐτῆς
783 3551 902 3606 ἐστι
951 3549 1298 3623 δυσχερείας,
1351 3557 1451 3610 καὶ
1506 3558 1817 3629 κτήσασθαί
1848 3579 1902 3615 τι

317 3640 430 3693 τῶν
463 3640 684 3709 ἀγαθῶν
714 3641 815 3714 οὐχ
847 3643 1113 3715 ὑπάρχον,
1146 3646 1241 3699 καὶ
1264 3649 1466 3717 κτηθὲν
1499 3650 1898 3709 διασώσασθαι.

320 3734 592 3798 Πολλάκις
617 3737 750 3806 γὰρ,
787 3735 815 3788 ὃ
854 3735 955 3806 μὲν
999 3739 1205 3810 σπουδὴ
1266 3742 1596 3810 προσέλασε,
1657 3747 1903 3817 ῥᾳθυμία

317 3824 649 3897 διέφθειρεν·
681 3827 710 3881 δ
740 3827 795 3881 δὲ
834 3826 992 3892 ὄκνος
1026 3830 1331 3898 ἀπώλεσεν,
1370 3833 1742 3892 ἀνεκαλέσατο
1783 3841 1905 3894 ἐπι·

325 3917 458 3989 μέλε
467 3937 538 3976 ια.

402 4015 552 4067 Φιλεῖ
577 4017 638 4069 τὸ
670 4013 772 4085 μὲν
801 4014 948 4086 πόνῳ
993 4015 1194 4086 κτηθὲν
1232 4015 1435 4086 μᾶλλον
1467 4021 1812 4090 κρατεῖσθαι,
1846 4024 1908 4080 τὸ

327 4109 390 4164 δὲ
420 4109 616 4180 ῥαδίως
648 4109 848 4181 κτηθὲν
888 4111 1268 4166 ἁποπτύεσθαι
1314 4113 1571 4184 τάχιστα,
1613 4115 1685 4180 ὡς
1744 4118 1906 4173 πάλιν

324 4203 600 4275 ληφθῆναι
634 4205 955 4273 δυνάμενον.

400 4299 466 4351 Αἱ
495 4301 740 4368 γενναῖαι
770 4298 982 4368 φύσεις,
1041 4297 1204 4368 λόγου
1239 4300 1339 4370 μὲν
1396 4299 1570 4365 αὐτὰς
1625 4304 1908 4372 παιδαγω-

319 4391 548 4462 γοῦντος
575 4391 666 4445 καὶ
691 4391 1087 4456 διευθύνοντος,
1123 4392 1266 4462 μέγα
1299 4410 1352 4446 τι
1379 4395 1572 4464 χρῆμα
1606 4395 1745 4464 πρὸς
1776 4397 1907 4466 ἀρε-

1992 1316 2245 1382 paradiso
2281 1318 2580 1375 collocatus
2627 1331 2734 1389 est,
2793 1335 2852 1378 ut
2900 1341 3023 1381 eum
3058 1329 3328 1384 excoleret
3378 1336 3433 1383 et
3479 1345 3578 1383 cu-

1994 1408 2246 1464 stodiret.
2277 1409 2458 1476 Quare
2492 1413 2726 1483 primum
2760 1428 2809 1471 et
2843 1418 3078 1472 maxime
3100 1421 3574 1475 accommodatum

1994 1511 2080 1556 est
2133 1516 2340 1559 natura:
2389 1506 2631 1562 hominis
2661 1511 2844 1580 operis
2895 1520 2949 1567 et
2985 1511 3188 1568 laboris
3225 1515 3484 1582 studium,
3520 1522 3576 1569 et

1995 1597 2153 1663 quasi
2185 1608 2371 1653 contra
2407 1613 2651 1656 naturam
2685 1603 2858 1672 ipsius
2887 1605 3084 1660 otium.

2068 1687 2209 1753 Quid
2241 1704 2304 1744 ex
2340 1708 2568 1749 numero
2605 1695 2870 1750 bonorum
2919 1697 3075 1752 facile
3124 1699 3242 1755 est?
3272 1701 3397 1770 quis
3447 1701 3576 1757 dor-

1997 1780 2170 1836 miens
2193 1799 2428 1852 unquam
2462 1795 2723 1856 tropaeum
2747 1789 2862 1843 fixit
2882 1791 3046 1860 iquis
3072 1790 3123 1845 in
3151 1791 3365 1848 deliciis
3388 1793 3577 1852 vivi-ns

1990 1879 2044 1925 et
2083 1876 2338 1932 cantibus
2373 1893 2495 1934 sese
2518 1880 2827 1947 obiectans,
2859 1886 3076 1954 pietatis
3106 1887 3326 1941 coronis
3365 1897 3448 1942 est
3479 1906 3578 1942 un-

1992 1981 2156 2034 quam
2188 1968 2519 2027 decoratus‘!
2555 1973 2726 2030 Nemo
2757 1977 2848 2046 qui
2883 1993 2990 2033 non
3043 1982 3290 2035 cucurrit
3336 1983 3576 2050 palmam

1991 2064 2045 2108 et
2095 2056 2344 2115 bravium
2381 2064 2586 2120 retulit.
2641 2063 2882 2123 Labores
2935 2070 3164 2140 gloriam
3215 2071 3450 2141 pariunt,
3489 2087 3582 2126 διι-
3686 2113 3690 2115 »

1995 2148 2157 2206 tiores
2186 2165 2422 2210 coronas
2452 2168 2799 2228 comparant.

2067 2241 2140 2297 Ut
2165 2245 2250 2298 sui
2285 2259 2454 2302 causa
2481 2251 2605 2319 quis
2632 2253 2900 2312 sollicitus
2927 2257 3000 2313 sit
3029 2268 3082 2313 et
3111 2273 3247 2330 Opus
3279 2258 3466 2326 faciat,
3497 2260 3579 2315 in-

1997 2334 2289 2390 terdictum
2323 2347 2408 2392 est
2437 2343 2698 2409 omnino;
2741 2356 2797 2399 at
2834 2361 3160 2417 praeceptum
3198 2361 3283 2405 est
3307 2353 3580 2418 divinum,

1998 2435 2055 2476 ut
2098 2435 2319 2496 propter
2353 2432 2584 2500 proximi
2618 2436 2997 2492 necessitatem
3033 2449 3088 2494 et
3133 2440 3352 2496 solliciti
3381 2444 3581 2508 simus,

1996 2522 2051 2570 et
2083 2517 2505 2588 diligentissime
2532 2525 2587 2579 in
2617 2541 2752 2596 opus
2782 2529 3184 2588 incumbamus.

2069 2607 2253 2679 Longa
2298 2618 2699 2673 consuetudine
2755 2623 3037 2678 exercitati
3099 2625 3315 2684 labores
3360 2628 3578 2686 minore

2000 2701 2250 2757 molestia
2283 2705 2350 2759 ab
2380 2710 2698 2766 exercitatis
2723 2713 3119 2784 suscipiuntur.

2015 2822 2018 2824 ~
2069 2790 2148 2847 Ex
2186 2793 2468 2854 laboribus
2495 2801 2772 2869 valetudo,
2804 2820 2870 2860 ex
2901 2806 3198 2865 sudoribus
3228 2809 3404 2868 salus.

2073 2977 2132 3035 Si
2161 2994 2286 3049 quae
2317 2981 2470 3036 carni
2510 2991 2639 3037 sunt
2673 2983 2900 3040 molesta
2931 2984 3256 3058 ingerimus,
3299 3007 3404 3048 non
3440 2993 3587 3051 frue-

1921 3111 1970 3172 ο
2000 3086 2126 3125 mur
2149 3071 2422 3140 iustorum
2463 3073 2641 3130 bonis.

2033 3236 2036 3238 γ
2071 3161 2370 3219 Paululum
2401 3166 2624 3235 paululo
2650 3167 2947 3240 adjungere
2969 3213 2987 3239 ,
3025 3187 3136 3228 non
3173 3175 3350 3232 solum
3386 3180 3456 3236 ad
3489 3196 3586 3252 pe-

2006 3259 2184 3313 cunia;
2229 3260 2735 3330 ampliﬁcationem,
2769 3262 2866 3318 sed
2901 3266 3065 3320 etiam
3099 3267 3585 3346 adquamcunque

2004 3351 2287 3406 scientiam
2323 3353 2476 3421 utile,
2511 3357 2740 3414 studiosi
2791 3366 2848 3414 et
2893 3358 3175 3430 diligentis
3204 3362 3445 3424 hominis
3476 3371 3591 3427 olli-

2005 3445 2149 3500 cium
2179 3457 2286 3504 est.

2081 3536 2353 3609 Tltcologi.
2396 3539 2658 3610 Ejusdem
2693 3552 2778 3598 est
2815 3545 3153 3601 diilicultatis
3201 3546 3408 3618 aliquid
3460 3547 3590 3603 boui

2006 3632 2294 3699 acquirere
2325 3635 2468 3702 quod
2500 3635 2744 3690 nondum
2782 3635 3007 3705 habeas,
3037 3646 3092 3694 et
3120 3641 3388 3708 acquisita
3424 3643 3588 3697 tueri.

2007 3722 2163 3790 Saepe
2209 3725 2352 3779 enim
2402 3726 2550 3796 quod
2597 3726 2782 3780 studio
2826 3738 3040 3795 partum
3083 3737 3223 3796 erat,
3259 3730 3589 3800 negligentia

2008 3817 2290 3889 perdidit:
2331 3827 2387 3874 et
2431 3819 2578 3889 quod
2629 3819 2962 3890 negligentia
3001 3821 3258 3891 perdidit,
3306 3823 3589 3896 diligentia

2009 3913 2375 3982 recuperavit.

2079 4005 2234 4071 Quod
2268 4005 2453 4061 labore
2489 4016 2702 4074 parturn
2735 4014 2853 4074 est,
2889 4007 3204 4077 diligentius
3235 4009 3462 4066 retineri
3496 4026 3592 4067 so-

2010 4098 2084 4154 let
2113 4115 2127 4152 :
2155 4099 2302 4169 quod
2343 4108 2522 4154 autem
2553 4098 2712 4156 facile
2741 4101 3030 4171 quaesitum
3071 4111 3189 4169 est,
3229 4119 3392 4171 quam
3421 4106 3593 4159 celer-

2009 4190 2146 4246 rime
2173 4193 2470 4262 respuitur,
2524 4199 2785 4265 tanquam
2823 4191 2986 4249 facile
3026 4182 3339 4264 recuperari
3396 4198 3590 4265 possit.

2081 4282 2361 4340 Generosa
2399 4285 2612 4354 ingenia
2639 4324 2657 4353 ,
2689 4287 2902 4342 ratione
2941 4287 3161 4356 quidem
3191 4291 3512 4346 moderante
3539 4301 3593 4347 et

2012 4375 2302 4446 dirigente,
2343 4392 2598 4446 magnum
2633 4378 2836 4432 habent
2871 4387 3208 4434 momentum
3230 4381 3296 4435 ad
3336 4383 3590 4439 virtutem

319 4488 447 4555 τήν·
476 4485 864 4555 ἐπιλειπούσης
914 4485 973 4538 δὲ
1001 4485 1315 4557 ἐπιστήμης
1350 4485 1445 4538 καὶ
1473 4486 1659 4554 λόγου,
1693 4485 1756 4540 τὺ
1793 4465 1905 4542 ἴσον

2027 4468 2345 4537 sequendam
2373 4484 2385 4518 :
2417 4467 2578 4540 194
2611 4478 2667 4522 at
2699 4469 2745 4524 si
2777 4469 2917 4524 desit
2946 4469 3174 4526 scientia
3205 4479 3261 4527 et
3285 4473 3445 4540 ratio,
3481 4489 3591 4531 non

321 4583 408 4641 είς
437 4580 639 4634 κακίαν
666 4577 1038 4649 εὑρίσκονται.

399 4672 615 4742 Μικρὸν
635 4673 992 4744 κοπιάσωμεν
1015 4673 1230 4743 χρόνον,
1255 4673 1554 4744 ἀγαπητοὶ,
1587 4674 1674 4729 ἵνα
1699 4673 1777 4746 μὴ
1802 4674 1910 4728 τῶν

321 4767 564 4822 αἰωνίων
599 4767 926 4836 ἐκπέσωμεν
954 4766 1200 4836 ἀγαθῶν.

404 4862 547 4932 Πρὸς
587 4859 766 4931 ὀλίγον
810 4860 1004 4931 χρόνον
1035 4863 1065 4915 ὀ
1109 4859 1380 4932 κάματος,
1444 4860 1542 4914 καὶ
1598 4861 1682 4923 είς
1737 4860 1912 4916 αἰῶνα

325 4952 530 5019 αιῶνος
557 4955 589 5026 ἡ
619 4954 956 5017 ἀνάπαυσις.

401 5049 580 5103 Ὅπου
605 5048 810 5102 πλείων
835 5049 863 5101 ὁ
893 5047 1076 5113 πόνος,
1103 5047 1219 5101 ἐκεῖ
1249 5044 1455 5120 μείζων
1481 5047 1516 5112 ἡ
1545 5045 1732 5116 ἡδονή.

403 5143 517 5196 Ούκ
539 5142 688 5197 ὀκνεῖ
712 5141 741 5194 δ
772 5136 832 5195 εὖ
863 5129 1077 5212 φρονῶν
1102 5141 1239 5212 πρὸς
1273 5141 1400 5206 τοὺς
1443 5143 1638 5204 πόνους
1668 5139 1756 5192 διὰ
1785 5141 1914 5202 τοὺς

324 5239 396 5292 ἐκ
423 5236 532 5290 τῶν
556 5236 736 5290 πόνων
763 5233 1035 5307 καρπούς.

403 5418 692 5489 Πανταιχοῦ
737 5416 826 5470 διὰ
876 5413 1166 5476 δυσκολίας
1204 5414 1298 5468 καὶ
1341 5411 1524 5466 πόνων
1567 5412 1683 5474 τοῖς
1707 5410 1916 5479 ἀνθρώ-

327 5531 456 5577 ποις
492 5513 705 5580 πέφυκε
739 5510 809 5562 τὰ
840 5510 1087 5578 χρήσιμα
1129 5502 1557 5576 παραγίνεσθαι.

398 5608 463 5660 υἱ
493 5590 791 5659 πόνοιτῶν.
816 5601 1040 5670 ἀγαθῶν
1073 5595 1362 5669 πανταχοῦ
1380 5594 1630 5668 χορηγοί.

397 5699 591 5773 Μικρὰ
609 5700 666 5753 ὲν
690 5696 960 5759 πετεινοῖς
985 5694 1295 5767 ἡμὲλισσα,
1319 5690 1571 5763 καὶάρχὴ
1597 5689 1918 5762 γλυκαεσμα-

322 5814 439 5853 ,των
462 5797 491 5850 ὁ
529 5791 747 5866 καρπὸς
767 5789 966 5860 αὐτῆς.

2011 4562 2192 4616 minus
2227 4572 2475 4632 prompte
2513 4563 2578 4616 ad
2611 4560 2737 4615 vitia
2773 4562 3053 4621 labuntur.

2079 4652 2140 4708 S.
2169 4651 2445 4724 Cltrysost.
2482 4653 2688 4723 Exiguo
2725 4661 2988 4724 tempore.
3029 4669 3063 4710 ο
3091 4654 3298 4724 dilecti,
3348 4657 3598 4715 elabore-

2010 4761 2158 4812 mus,
2195 4761 2263 4801 ne
2297 4747 2458 4802 bonis
2491 4744 2808 4800 excidamus
2840 4747 3082 4802 aeternis.

2083 4839 2271 4896 Brevis
2301 4849 2386 4895 est
2424 4839 2687 4910 temporis
2719 4839 2896 4908 labor,
2923 4849 2979 4896 at
3008 4840 3066 4896 in
3091 4839 3292 4897 saecula
3321 4839 3486 4896 multa
3521 4856 3602 4899 re-

2011 4931 2189 5002 qu’es.

2032 5043 2039 5050 ·
2088 5021 2188 5079 Ubi
2222 5023 2395 5094 major
2419 5023 2595 5089 labor,
2625 5022 2698 5078 ibi
2738 5023 2911 5094 major
2942 5023 3215 5094 voluptas.

2084 5115 2190 5182 Qui
2251 5115 2542 5186 prudentia
2593 5115 2860 5186 praeditus
2915 5126 3022 5181 est,
3065 5114 3141 5170 ad
3197 5115 3438 5172 laborem
3487 5132 3598 5172 non

2015 5219 2238 5279 gravate
2290 5207 2543 5275 accedit,
2594 5217 2817 5279 propter
2877 5216 3284 5280 consequentes
3348 5209 3598 5264 laborum

2015 5300 2251 5356 fructus.

2002 5391 2005 5394 ’
2089 5391 2257 5449 Utilia
2286 5408 2556 5462 nusquam
2590 5392 2698 5450 nisi
2732 5390 3049 5450 difﬁcultate
3080 5401 3136 5448 et
3162 5390 3445 5447 laboribus
3476 5403 3605 5459 sup-

2017 5484 2250 5555 peditari
2281 5487 2481 5542 solent.
3545 5491 3554 5498 ‘

2090 5579 2337 5650 Labore:
2363 5580 2636 5636 bonorum
2667 5579 2870 5650 ubique
2895 5585 3023 5634 sunt
3055 5573 3364 5644 largitores.

2093 5678 2303 5749 Exigua
2334 5681 2418 5731 est
2445 5675 2588 5731 inter
2619 5674 2870 5729 volucres
2921 5671 3078 5740 apis,
3129 5676 3184 5725 at
3235 5667 3377 5724 inter
3419 5662 3605 5723 dulcia

2025 5769 2259 5840 primum
2287 5767 2464 5825 locum
2493 5773 2643 5816 tenet
2672 5763 2882 5817 frttcuts
2914 5760 3110 5828 ἱρεὶιις,
