3976 6214
357 230 494 291 “'29
1211 232 1378 292 LGCI
1413 232 1864 293 COMMUNES.
1900 258 1966 269 -
1996 236 2189 296 PARS
2238 237 2317 299 II.
2349 237 2607 298 ΙδΕίὶΜΟ
2644 239 2730 298 LI.
3473 239 3605 304 1130

941 347 1160 399 ΛΟΓΟΣ
1191 349 1334 401 MII'.
1954 375 1996 429 Α
2347 357 2587 413 SERMO
2650 355 2856 412 XLVIII
2899 355 2995 428 [aL
3050 355 3260 427 XXIX].

766 464 902 529 Περὶ
948 464 1501 532 ἁναισθητούντων.
2244 467 2320 521 De

2244 467 2320 521 De
2354 468 2497 521 nullo
2530 484 2686 523 sensu
2714 479 2804 522 aut
2839 468 3100 524 intellectu
3135 468 3392 536 prwditis.

431 575 558 628 Ἐάν
595 578 884 644 μαστιγοῖς
929 576 1022 628 τὸν
1057 578 1272 648 ἄφρονα
1309 582 1367 632 ὲν
1404 581 1557 653 μέσῳ
1610 585 1919 655 συνεδρίου,

2109 578 2381 633 Salomon.
2412 577 2466 634 Si
2510 578 2693 648 ﬂagris
2725 579 3068 647 insipientem
3101 577 3364 633 cecideris
3396 576 3449 630 in
3493 589 3602 630 mc-

345 666 406 719 οὐ
432 666 508 738 μὴ
534 666 800 737 περιέλῃς
841 669 1128 736 ἀτιμάζων
1161 671 1260 740 τὴν
1297 673 1619 745 ἀφροσύνην
1656 676 1851 733 αὑτοῦ.

2029 673 2115 726 dio
2181 672 2440 737 concilio,
2504 671 2578 724 illi
2646 685 2751 725 non
2788 671 3090 726 detraxeris
3145 671 3249 725 hac
3293 669 3599 738 ignominia

2026 765 2127 817 insi
2139 764 2336 832 pientia
2348 780 2396 816 m
2408 805 2420 818 .

420 843 648 910 Ἄφρων
693 843 1063 912 μαστιγωθεὶς
1095 847 1196 898 οὐκ
1227 849 1566 905 αἰσθάνεται.

1494 866 1566 905 αι.
2097 853 2309 909 Stultus
2341 853 2522 922 ﬂagris
2565 868 2739 908 catsus
2769 868 2874 907 non
2907 856 3064 922 sapit.

428 934 831 1005 ᾜοχύνθησαν,
864 938 958 990 καὶ
990 939 1088 1007 τὴν
1125 939 1351 1009 ἀτιμίαν
1386 941 1569 994 αὐτῶν
1600 945 1700 996 οὐκ
1746 945 1920 1013 ἔγνω-

2093 944 2290 1000 Jerem.
2363 944 2732 1008 Erubuerunt,
2795 954 2848 999 et
2905 945 3183 998 infamiam
3267 960 3423 1001 suam
3487 958 3593 998 non

346 1041 468 1086 σαν,
503 1026 597 1077 καὶ
634 1025 734 1096 οὐχ
762 1027 836 1088 ὡς
870 1031 1330 1098 κατῃσχυμμένοι
1369 1031 1738 1102 ᾐσχύνθησαν.

2023 1045 2376 1105 agnoverunt,
2425 1049 2526 1090 nec
2585 1043 2643 1089 ut
2689 1033 2958 1090 dedecore
3022 1033 3204 1091 affecti
3241 1034 3591 1090 verccundati

2021 1137 2168 1183 sunt.

423 1203 514 1267 Ὣς
551 1203 579 1256 ὁ
616 1203 908 1274 ἐξεγείρων
945 1203 1318 1266 ’καθεύδοντας
1377 1205 1441 1259 ἐκ
1480 1205 1670 1274 βαθέος
1721 1205 1914 1271 ὕπνου,

2093 1217 2255 1274 Velut
2287 1221 2378 1289 qui
2410 1221 2613 1275 excitat
2646 1219 2981 1274 dormientes
3001 1234 3067 1274 ex
3116 1219 3226 1274 alto
3249 1233 3467 1283 somno,
3514 1218 3593 1274 sic

341 1298 368 1350 ὁ
393 1296 756 1366 διηγούμενος
787 1297 1002 1364 ἄφρονι,
1036 1297 1132 1348 καὶ
1157 1295 1248 1348 ἐπὶ
1278 1295 1420 1349 τέλει
1444 1297 1581 1367 ipsi,
1620 1298 1684 1352 Ti
1709 1297 1906 1364 τοῦτος

2022 1310 2111 1378 qui
2137 1310 2304 1365 stulto
2323 1311 2526 1381 aliquid
2558 1321 2746 1365 narrat
2770 1327 2784 1363 :
2805 1309 2899 1380 qui
2933 1312 3149 1364 tandem
3190 1311 3256 1364 ad
3283 1321 3592 1364 extremum

343 1388 437 1440 καὶ
480 1391 570 1440 ἐπὶ
600 1388 887 1457 συντελείᾳ
921 1389 1055 1458 ὲρεξ,
1093 1387 1157 1440 Τί
1196 1387 1499 1457 πρότερον;

2020 1400 2194 1456 dicet:
2232 1401 2373 1468 Quid
2405 1401 2549 1456 istud
2580 1401 2704 1457 est?
2733 1402 2864 1455 etin
2897 1401 3393 1465 consummatione,
3448 1401 3590 1466 Quid

1973 1527 1976 1530 .
2017 1493 2166 1532 nrinc
2187 1494 2211 1532 ?

413 1536 826 1633 Metaé'tqpovo:
853 1565 926 1633 μὴ
957 1565 1211 1632 πορεύου,
1242 1566 1592 1637 ἀναισθητῶν
1618 1567 1729 1636 γάρ
1759 1567 1915 1634 ἑξου-
1973 1527 1976 1530 ί

2026 1509 2166 1563 prius
2188 1509 2211 1548 '.'

2090 1585 2229 1640 Cum
2269 1587 2436 1642 stulto
2466 1601 2532 1640 ne
2570 1587 2940 1659 congreditor,
2976 1599 3101 1639 nam
3145 1598 3271 1638 cum
3307 1597 3471 1637 sensu
3503 1597 3596 1637 ca-

343 1659 488 1712 θενεῑ
515 1677 609 1711 σου
648 1660 718 1712 τὰ
747 1660 924 1714 πάντα
950 1675 965 1690 ⁸
1001 1660 1238 1731 φύλαξαι
1265 1661 1361 1718 ἀπ’
1381 1662 1570 1726 αὐτοῦ,
1598 1663 1685 1718 ἴνα
1723 1664 1798 1734 μὴ
1827 1665 1913 1718 κό-

2019 1683 2166 1743 reat,
2197 1677 2380 1731 omnia
2414 1687 2504 1731 tua
2531 1679 2873 1733 contemnit:
2903 1690 3035 1732 cave
3082 1675 3260 1741 illum,
3322 1689 3388 1727 nc
3419 1672 3589 1728 mole-

344 1769 446 1804 πον
471 1752 622 1821 ἔχῃς.

1945 1752 1986 1764 ν
2016 1767 2176 1822 stiam
2207 1768 2495 1836 suscipias.

418 1842 742 1910 Συγκολλῶν
781 1842 1052 1912 ὄστρακον
1083 1847 1112 1897 ὁ
1142 1843 1411 1899 διδάσκων
1444 1845 1648 1900 ιιωοόν.

1646 1887 1648 1898 ι
2090 1858 2398 1929 Agglutinat
2430 1868 2622 1914 tc3tam
2656 1859 2747 1928 qui
2774 1861 3004 1912 stultum
3038 1858 3216 1912 docet.

926 1959 1144 2012 ΛΟΓΟΣ
1179 1959 1305 2014 MB'.
2371 1969 2496 2026 SER

2371 1969 2603 2026 ΒΕΙῖΜο
2664 1969 2832 2025 XLIX
2889 1970 2989 2043 [aL
3024 1971 3235 2043 CXIII].

393 2071 532 2140 Περὶ
581 2073 872 2142 ὀνόματος
905 2075 1175 2143 χρηστοῦ
1224 2074 1323 2129 καί
1363 2077 1540 2145 χάριν
1576 2077 1851 2146 ἔχοντος.
1930 2108 1937 2113 -

1769 2095 1851 2145 ος.
1930 2108 1937 2113 ·
2251 2085 2328 2142 De
2350 2086 2557 2142 nomine
2587 2087 2721 2140 bono
2760 2095 2809 2140 et
2844 2087 3074 2156 gratiam
3103 2085 3339 2142 habente.

408 2180 516 2238 Ἦν
550 2187 755 2255 Κύριος
786 2191 924 2256 μετὰ
970 2189 1188 2257 Ἰωσὴφ,
1222 2188 1316 2242 καὶ
1356 2192 1614 2258 κατέχεεν
1644 2191 1732 2245 ἐπ’
1762 2189 1912 2260 αὐτῷ

2086 2198 2218 2254 Gen.
2249 2215 2438 2256 suis.
2464 2199 2589 2253 Fuit
2612 2197 2874 2254 Dominus
2915 2213 3038 2252 cum
3082 2177 3341 2267 Joseph‘o,
3373 2206 3428 2252 et
3486 2197 3587 2252 im-

339 2275 508 2338 ἔλεος,
537 2279 632 2331 καὶ
656 2279 857 2333 ἔδωκεν
880 2278 1029 2346 αὐτῷ
1061 2280 1222 2349 χάριν
1246 2279 1428 2332 ἔναντι
1459 2277 1552 2332 τοῦ
1584 2281 1909 2351 ἀρχιδεσμο·

2016 2293 2199 2362 pertiit
2222 2293 2270 2346 ci
2303 2291 2758 2356 misericordiam,
2793 2289 3045 2359 deditque
3087 2289 3136 2344 ei
3181 2291 3408 2359 gratiam
3441 2292 3585 2360 apud

340 2370 599 2440 φύλακος.

2015 2383 2324 2453 praefectum
2375 2382 2629 2438 carceris.

410 2463 780 2534 Αίρετώτερον
813 2463 978 2533 ὄνομα
1005 2463 1170 2517 καλὸν
1203 2463 1236 2533 ἢ
1266 2463 1496 2529 πλοῦτος
1526 2465 1731 2530 πολύςο
1769 2465 1910 2534 ὑπὲρ

2084 2476 2243 2530 Prov.
2279 2491 2418 2530 χχιι.
2475 2475 2646 2546 Magis
2697 2475 3062 2546 expetendum
3115 2483 3200 2529 est
3252 2488 3450 2528 nomen
3487 2474 3585 2528 ho-

332 2557 390 2610 δὲ
426 2555 693 2627 ἀργύριον
724 2557 821 2611 καὶ
844 2556 1070 2627 χρυσίον
1096 2556 1257 2627 χάρις
1285 2555 1485 2624 ἀγαθή.

2014 2575 2253 2633 nestum,
2285 2583 2446 2638 quam
2467 2567 2668 2623 divitia:
2689 2569 2908 2622 multae:
2937 2576 3161 2638 argento
3192 2575 3242 2621 et
3261 2566 3424 2636 198
3449 2579 3584 2622 auro

2011 2661 2358 2730 praestantior
2388 2670 2474 2716 est
2524 2661 2666 2716 bona
2696 2660 2893 2729 gratia.

406 2739 581 2806 Χάρις
611 2740 705 2791 καὶ
752 2738 905 2808 φιλία
955 2736 1250 2808 ἐλευθεροῖ,
1294 2735 1361 2800 ἃς
1387 2736 1632 2808 τήρησον
1673 2741 1908 2812 σεαυτῷ,

2083 2750 2268 2806 Gratia
2298 2759 2350 2806 et
2375 2751 2611 2808 amicitia
2637 2752 2864 2808 liberum
2900 2749 3128 2806 faciunt.
3165 2750 3459 2822 llasigitur
3493 2752 3582 2807 fac

335 2833 411 2902 μὴ
435 2832 792 2894 ἐπονείδιστος
822 2833 974 2904 γένῃ.

2010 2857 2193 2898 serves
2222 2843 2341 2908 tibi,
2373 2859 2440 2898 ne
2502 2843 2579 2899 sis
2616 2843 2935 2918 probrosus.

405 2925 769 2994 Περιποίηοαι
804 2925 964 2995 χάριν
1001 2925 1096 2978 καὶ
1125 2925 1334 2979 ἔννοιαν
1363 2922 1582 2995 ἀγαθὴν
1615 2925 1674 2977 ὲν
1709 2922 1908 2993 ὀφθαλ-

2081 2930 2350 3004 Cnm'para
2371 2936 2600 3006 gratiam
2632 2946 2688 2991 et
2709 2937 2956 2993 notitiam
2983 2939 3180 2994 bonam
3210 2940 3261 2992 in
3286 2939 3459 2995 oculis
3483 2938 3577 2994 Dei

332 3019 452 3084 μοῖς
483 3016 619 3068 Θεοῦ
652 3016 748 3068 καὶ
774 3015 1096 3086 ἀνθρώπων.

820 3015 1096 3086 νθρώπων.
1933 3046 1976 3104 C
2009 3034 2062 3080 et
2088 3025 2390 3080 hominum.

412 3107 639 3174 Ἀγαθὺν
667 3109 834 3177 ὖνομα
861 3107 1002 3175 ὑπὲρ
1031 3107 1210 3161 ἔλαιον
1235 3107 1464 3175 ἀγαθόν.

2082 3113 2260 3169 Εοείε.
2290 3131 2387 3169 vn.
2450 3115 2661 3172 Bonum
2706 3132 2903 3173 nomen
2932 3121 3226 3189 pretiosius
3252 3121 3396 3176 bono
3435 3117 3591 3177 oleo.'

404 3200 697 3265 Φρόντισον
728 3197 858 3268 περὶ
899 3198 1182 3267 ὀνόματοςο
1216 3197 1349 3252 αὐτὸ
1383 3197 1492 3268 γάρ
1535 3213 1616 3250 σοι
1650 3214 1906 3268 παραμε-

2081 3203 2237 3260 Curae
2271 3206 2455 3262 sittibi
2488 3209 2723 3264 nominis
2757 3208 2935 3278 fama;
2967 3211 3079 3278 ipsa
3109 3213 3250 3264 enim
3281 3213 3372 3266 tibi
3404 3215 3577 3282 magis

332 3293 416 3345 vei
449 3292 481 3362 ἢ
519 3291 678 3361 χίλιοι
719 3291 946 3360 μεγάλοι
979 3290 1258 3360 θησαυροί.

2009 3296 2264 3365 proderit,
2298 3314 2458 3367 quam
2486 3299 2632 3354 inille
2685 3301 2867 3371 magni
2921 3302 3183 3356 thesauri.

405 3384 578 3454 Χάρις
608 3387 682 3444 ὡς
710 3382 1038 3452 παράδεισος
1066 3382 1339 3450 εὐλογίας.

2076 3388 2262 3444 Gratia
2296 3400 2378 3446 est
2398 3391 2565 3446 veluti
2596 3393 2885 3462 paradisus
2911 3394 3334 3450 benedictionis.

413 3476 648 3545 Ἀγαθῆς
673 3475 817 3541 ζωῆς
846 3473 1078 3545 ἀριθμὸς
1108 3474 1353 3545 ἡμερῶν,
1389 3475 1483 3530 καὶ
1503 3476 1706 3544 ἀγαθὸν
1727 3475 1892 3547 ὄνομα

2073 3477 2326 3535 Honesta:
2359 3482 2482 3537 vitae
2513 3500 2775 3540 numerus
2803 3486 3012 3541 dierum
3038 3506 3050 3567 ς
3076 3495 3130 3542 et
3152 3489 3381 3544 honesta
3432 3487 3575 3544 fama

324 3567 405 3628 είς
429 3566 520 3618 τὸν
548 3565 719 3618 αίῶνα
755 3564 936 3630 μένει.

924 3599 936 3618 .
1999 3578 2257 3624 :eternutn
2319 3571 2494 3626 durat.

395 3657 570 3726 Χάρις
600 3655 695 3710 καὶ
723 3655 873 3720 ἕλεος
907 3656 967 3708 έν
993 3657 1103 3719 τοῖς
1127 3655 1298 3719 ὁσίοις
1323 3653 1514 3710 αὐτοῦ.

2070 3659 2252 3715 Gratia
2280 3671 2336 3717 et
2377 3664 2749 3720 misericordia
2783 3667 2834 3720 in
2875 3669 3082 3723 sanctis
3119 3668 3283 3724 illius.

926 3773 1148 3827 ΛΟΓΟΣ
1197 3769 1281 3828 N'.
2421 3777 2496 3830 SE

2421 3777 2653 3832 δΕιιιιυ
2685 3778 2724 3830 Ι.
2776 3778 2874 3849 [αι.
2935 3779 3144 3850 CXIII].

327 3890 462 3959 Περὶ
495 3892 788 3959 ὀνόματος
821 3887 1092 3956 πονηροῦ
1131 3885 1230 3940 καὶ
1267 3885 1445 3954 χάριν
1490 3883 1576 3952 μὴ
1617 3883 1892 3952 ἔχοντος.

1860 3903 1892 3940 ὀ
2149 3891 2223 3944 De
2263 3893 2470 3945 nomine
2498 3892 2639 3945 malo
2673 3901 2721 3946 et
2770 3893 3000 3963 gratiam
3036 3908 3136 3944 non
3191 3893 3430 3951 Imbente.

407 4006 617 4074 Ὀνομα
667 4005 903 4076 πονηρὸν
945 4003 1210 4074 αἰσχύνην
1256 4001 1353 4056 καὶ
1398 3998 1599 4062 ὄνειδος
1636 3998 1898 4069 κληρονοο

2071 4003 2285 4058 Sirach.
2312 4002 2522 4058 Nomen
2549 4004 2856 4074 improbum
2915 4003 3300 4074 turpitudinem
3340 4015 3396 4063 et
3412 4007 3574 4064 dede-

325 4101 464 4170 μήσε
474 4117 510 4152 ι.

1935 4129 1940 4134 ι
1999 4112 2096 4150 cus
2121 4096 2525 4158 haereditarium
2553 4108 2939 4169 consequetur.

403 4192 725 4262 ’Λνθρωπος
752 4191 948 4258 ἄχαρις
989 4185 1155 4257 μῦθος
1183 4184 1431 4254 ἄκαιρος.

2071 4186 2246 4242 llomo
2269 4188 2440 4258 gratia
2469 4201 2686 4255 carens,
2738 4191 3148 4262 intempestivus
3180 4208 3388 4250 sermo.

403 4285 614 4350 Ὀνομα
646 4280 950 4349 ἀνθρώπων
977 4279 1078 4330 οὐκ
1110 4277 1333 4346 ἀγαθῶν
1361 4275 1826 4346 ἐξαλειφθήσεται.

1713 4291 1826 4331 ται.
2067 4277 2272 4334 Nomen
2305 4280 2542 4334 virorum
2564 4296 2673 4335 non
2702 4281 2969 4338 bonorum
2996 4283 3283 4340 delebitur.

391 4372 590 4442 Μωρὸς
622 4373 767 4440 ἐρεῖ·
791 4371 901 4439 υὺχ
932 4369 1168 4438 ὑπάρχει
1199 4385 1290 4438 μοι
1315 4367 1494 4436 φίλος,
1521 4367 1614 4419 καὶ
1641 4365 1741 4420 οὐκ
1774 4365 1890 4419 ἐστι
1921 4370 1961 4428 ο

2068 4369 2280 4425 Stultus
2342 4383 2600 4440 queretur
2657 4373 2864 4427 nullum
2901 4375 3004 4429 sibi
3039 4390 3158 4430 esse
3211 4381 3468 4444 amicum,
3505 4387 3559 4433 et

319 4464 480 4534 χάρις
504 4466 615 4526 τοῖς
646 4460 869 4530 ἀγαθοῖς
907 4476 1030 4529 μου.

1994 4462 2198 4516 nullam
2228 4477 2350 4518 esse
2405 4466 2632 4534 gratiam
2666 4466 2718 4518 in
2747 4465 2902 4520 bonis
2928 4466 3085 4522 suis-

913 4591 1132 4648 ΛΟΓΟΣ
1169 4593 1296 4646 NA'.
1417 4653 1423 4660 η
2443 4601 2480 4655 s

2443 4600 2676 4657 SERMO
2701 4601 2765 4656 LI
2795 4603 2890 4676 [αί.
2925 4604 3108 4676 XLII].

348 4705 483 4773 Napi
523 4703 732 4775 ζυγῶν,
775 4704 874 4757 καὶ
901 4702 1202 4772 σταθμῶν,
1230 4704 1325 4757 καὶ
1348 4707 1580 4772 μέτρων
1595 4704 1849 4762 ’ἀδίκων.

1746 4722 1849 4762 ων.
2245 4713 2316 4766 De
2345 4714 2683 4782 ponderibus,
2719 4719 2932 4771 stateris
2958 4726 3006 4769 et
3037 4720 3312 4772 mensuris.

388 4820 462 4874 Οὐ
499 4820 745 4890 ποιήσεις
777 4817 958 4872 ἄδικον
985 4817 1167 4887 κρίσιν
1219 4817 1276 4868 ἐν
1317 4818 1556 4884 μέτροις,
1588 4818 1681 4870 καὶ
1713 4817 1878 4872 σταθ-

2061 4824 2224 4879 Lavit.
2248 4842 2359 4880 XIX.
2385 4826 2530 4882 Nihil
2550 4831 2731 4899 inique
2764 4831 2952 4886 feceris
2993 4833 3045 4884 in
3073 4830 3296 4897 judicio.
3328 4832 3378 4884 in
3401 4847 3558 4886 men-

319 4912 460 4980 μοῖς,
512 4912 606 4962 καὶ
639 4908 843 4976 ζυγοῖς.
895 4909 1044 4977 Ζυγὰ
1091 4907 1273 4960 δίκαια
1295 4946 1309 4971 ,
1339 4907 1436 4960 καὶ
1471 4909 1643 4978 μέτρα
1679 4909 1882 4977 δίκαια,

1988 4922 2153 4986 suris,
2186 4920 2404 4975 stateris
2447 4929 2499 4975 et
2527 4923 2892 4990 ponderibus;
2946 4924 3184 4991 pondera
3245 4923 3398 4978 vobis
3448 4924 3557 4979 sint

313 5003 404 5054 καὶ
431 5001 560 5071 χοῦς
587 5000 794 5063 δίκαιος
829 4999 979 5053 ἔσται
1006 4999 1156 5066 ὑμῖν.

1981 5008 2151 5081 justa,
2185 5021 2237 5066 et
2255 5025 2522 5067 mensura:
2542 5021 2594 5066 et
2620 5014 2844 5083 congius
2872 5012 3072 5082 justus.

309 5129 351 5155 ρ,
381 5095 493 5146 Οὐκ
533 5093 688 5146 ἔσται
720 5096 776 5144 ἐν
825 5092 902 5158 τῷ
956 5092 1213 5162 μαρσίπῳ
1247 5107 1343 5144 σου
1384 5091 1652 5161 σταθμίον
1685 5093 1879 5165 μικρὸν

2059 5103 2214 5154 Deut.
2253 5115 2379 5154 xxv.
2407 5097 2524 5155 Non
2547 5103 2651 5155 erit
2681 5102 2734 5157 in
2776 5103 3056 5171 marsupio
3083 5111 3176 5156 tuo
3207 5104 3417 5173 pondus
3435 5119 3567 5173 par-v

311 5186 402 5238 καὶ
445 5185 590 5254 μέγα
616 5199 629 5212 ·
667 5185 765 5238 οὐκ
812 5185 963 5238 ἔσται
999 5187 1056 5237 ἐν
1082 5186 1147 5254 τῇ
1179 5183 1329 5253 οίκίᾳ
1379 5201 1471 5236 σου
1507 5187 1708 5256 μέτρον
1739 5187 1881 5256 μέγα

1985 5208 2111 5249 vum
2146 5201 2200 5248 ct
2253 5205 2506 5260 magnum
2534 5233 2548 5256 ,
2609 5205 2710 5247 nec
2755 5208 3015 5250 mensura
3071 5209 3263 5264 magna
3309 5205 3365 5250 et
3389 5209 3551 5263 parva

307 5281 403 5332 καὶ
431 5277 936 5347 μικρόν.Σταθμῐον
959 5277 1212 5347 ἀληθινὸν
1235 5278 1328 5328 καὶ
1356 5275 1562 5330 δίκαιον
1596 5277 1746 5330 ἔσται
1776 5295 1877 5343 σοι,

1985 5286 2130 5340 domi
2158 5295 2282 5338 tuae.
2301 5281 2522 5350 Pondus
2546 5297 2738 5337 verum
2773 5291 2828 5338 et
2855 5284 3064 5354 justum
3093 5285 3197 5338 erit
3227 5283 3347 5348 tibi,
3375 5291 3433 5334 ut
3458 5283 3548 5337 diu

308 5370 396 5421 ἵνα
425 5369 771 5437 πολυήμερος
797 5374 930 5438 γένῃ
968 5369 1059 5420 ἐπὶ
1088 5370 1183 5435 τῆς
1207 5369 1330 5437 γῆς.

836 5374 930 5438 é“ll
968 5369 1059 5420 ἐπὶ
1088 5370 1183 5435 τῆς
1207 5369 1330 5437 γῆς.
1983 5377 2134 5431 vivas
2154 5375 2208 5428 in
2237 5383 2400 5429 terra.

377 5459 648 5529 Σταθμίον
675 5459 882 5513 δίκαιον
909 5459 1101 5512 δεκτδν
1128 5461 1338 5530 Κυρίῳ.

2037 5466 2256 5521 Pondus
2291 5482 2503 5536 mquum
2535 5467 2765 5522 Domino
2795 5475 2877 5524 est
2897 5473 3199 5535 acceptum.

378 5547 550 5615 Ζυγὸς
580 5547 810 5611 δίκαιος,
839 5551 934 5602 καὶ
983 5549 1182 5620 μέτρον
1215 5551 1445 5619 δίκαιον,
1485 5553 1578 5608 καὶ
1605 5554 1779 5626 χοῖνιξ
1805 5555 1880 5610 δί-

2053 5545 2246 5613 Eucti.
2279 5575 2409 5614 xxv.
2437 5559 2627 5614 Bilanx
2661 5573 2837 5628 aequa,
2868 5557 3111 5627 itemque
3171 5570 3430 5614 mensura
3491 5565 3551 5616 et

306 5657 458 5704 καιος
487 5639 636 5692 ἔσται
666 5641 814 5708 ὑμῖν.

1985 5649 2203 5704 chtrnix
2228 5663 2382 5720 aequa
2421 5651 2576 5707 vobis
2606 5651 2735 5705 sint.

627 5734 897 5796 PATROL.
949 5738 993 5796 (1
1008 5756 1039 5794 ιι
1111 5735 1446 5797 CXXXVI.
2127 5818 2147 5832 ἃ

2127 5818 2147 5832 ἃ
3077 5740 3154 5805 36
