3996 6194
462 202 593 268 ιε3ι

990 317 1218 376 SERMO
1273 323 1360 378 LII
1395 326 1493 395 (ι).

573 427 648 482 De
675 431 991 498 ponderibus
1016 438 1307 495 etstaleris
1328 447 1381 493 et
1417 442 1675 498 mensuris
1702 445 1919 516 iniquis.

529 538 679 597 Psal.
715 559 825 600 ut.
852 542 988 600 Vani
1024 546 1116 602 filii
1150 549 1454 621 hominum,
1487 564 1541 610 et
1565 554 1785 614 fallaces
1815 558 1870 613 in
1897 574 2032 629 pon-

456 632 703 700 deribus,
731 644 791 690 ut
812 634 1069 705 injuriam
1100 639 1336 711 faciant;
1359 644 1459 713 ipsi
1483 659 1547 700 ex
1574 647 1811 703 vanitate
1843 651 2028 704 simul.

456 721 636 780 Nolite
655 740 804 797 spem
835 727 1034 784 habere
1057 732 1108 784 in
1149 732 1370 802 injuria,
1390 745 1447 790 et
1475 738 1719 806 rapinam
1744 753 1852 793 non
1886 740 2034 796 desi-

453 819 668 882 derate;
714 818 919 876 divitiae
961 821 1008 877 si
1038 822 1367 893 ailluxerint,
1396 828 1561 884 nolite
1596 844 1694 885 cor
1716 831 1771 885 in
1788 832 1866 888 eis
1897 833 2031 888 deii-

452 924 578 980 gere
613 909 715 981 (2).

521 998 683 1057 Prov.
722 1003 1047 1061 x.Pondera
1091 1008 1275 1063 dolosa
1326 1009 1694 1067 abominanda
1746 1023 1873 1070 sunt
1925 1015 2031 1071 Do-

448 1093 620 1149 mino.

535 1183 748 1241 Statera
764 1203 956 1259 magna
981 1199 1034 1244 et
1051 1205 1242 1259 parva,
1267 1200 1319 1245 et
1339 1192 1550 1262 gemina
1569 1210 1847 1261 mensura,
1872 1195 2032 1251 ambo

454 1277 665 1346 impura
739 1290 872 1335 sunt
939 1281 992 1335 in
1071 1295 1371 1351 conspectu
1467 1284 1733 1355 Domini;

451 1383 514 1423 ea
556 1369 703 1432 facit,
728 1370 780 1423 in
815 1371 929 1426 suis
967 1373 1231 1429 institutis
1262 1375 1543 1431 irretietur
1567 1378 1887 1448 impeditus.

517 1457 822 1512 Detesmtur
892 1459 1154 1517 Dominus
1227 1463 1502 1532 duplicem
1594 1474 1901 1534 stateram;
1977 1476 2089 1529 et,

451 1550 666 1617 pondus
694 1549 942 1606 dolosum
1001 1553 1055 1606 in
1113 1563 1414 1624 conspectu
1473 1556 1647 1623 ipsius
1673 1572 1783 1613 non
1816 1569 2032 1628 gratum

450 1652 554 1696 CSI.

1714 225 2039 290 ANTONII
2084 230 2428 294 MELISS/E

1825 1288 2034 1357 quique

3569 243 3713 311 H32

2725 347 2947 401 ΛΟΓΟΣ
2996 348 3125 406 NB'.

2170 457 2309 525 Περὶ
2340 456 2562 512 δολίων
2590 457 2800 529 ζυγῶν,
2842 463 2940 516 καὶ
2966 463 3274 533 σταθμίων
3304 479 3401 517 και
3428 481 3694 533 parpar.

2205 573 2446 627 Μάταιοι
2502 574 2610 627 υἱοί⁵
2656 575 2766 628 τῶν
2814 575 3142 647 ἀνθρώπων,
3198 578 3415 647 ψευδεῖς
3459 578 3569 630 υίοὶ
3615 578 3729 630 τῶν

2134 664 2439 735 ἀνθρώπων
2459 668 2516 719 ὲν
2544 666 2728 735 ζυγοῖς
2756 668 2849 720 τοῦ
2877 668 3138 736 ἀδικῆσαι
3159 685 3172 699 ·
3208 668 3368 723 αὐτοὶ
3390 671 3455 721 ὲκ
3484 669 3731 734 ματαιό-

2136 775 2299 828 τητος
2330 759 2426 813 ἐπὶ
2465 758 2525 813 τὸ
2563 760 2717 817 αὐτό.
2774 759 2867 832 Μὴ
2899 761 3151 825 ἐλπίζετε
3205 761 3293 815 ἐπ’
3348 763 3591 822 ἀδικίαν.
3632 762 3730 814 καὶ

2132 852 2225 904 ἐπὶ
2260 852 2532 921 ἅρπαγμα
2580 850 2657 922 μὴ
2699 852 3033 910 ὲπιποθεῖτε.
3086 853 3324 917 Πλοῦτος
3350 853 3446 907 ἐὰν
3480 855 3608 927 ῥέῃ,
3648 855 3728 922 μὴ

2133 942 2491 1012 προστίθεσθε
2520 942 2768 1013 καρδίαν.

2217 1033 2386 1102 Ζυγοὶ
2418 1034 2579 1088 δόλιοι
2605 1033 2886 1105 βδέλυγμα
2915 1034 3127 1105 Κυρίῳ.

2208 1213 2478 1284 Σταθμίον
2504 1216 2645 1284 μέγα
2666 1233 2759 1268 και
2788 1214 3009 1285 μικρὸν,
3036 1214 3132 1268 καὶ
3168 1216 3341 1283 μέτρα
3364 1213 3549 1277 δισσὰ,
3584 1213 3729 1266 ἀκά-

2136 1306 2308 1375 θαρτα
2340 1305 2570 1359 ἐνώπιον
2602 1306 2810 1378 Κυρίου
2846 1306 3135 1375 ἀμφότερα
3156 1320 3171 1336 ⁸
3206 1309 3301 1359 καὶ
3332 1307 3359 1357 ὁ
3382 1305 3559 1357 ποιῶν
3582 1306 3730 1357 αὐτᾶ

2134 1399 2193 1451 ὲν
2216 1400 2330 1462 τοῖς
2355 1397 2781 1469 ἐπιτηδεύμασιν
2807 1398 2973 1451 αὐτοῦ
3011 1397 3535 1467 συμποδισθήσεται.

2209 1487 2490 1556 Βδέλυγμα
2518 1488 2711 1558 Κυρίῳ
2745 1489 2928 1542 δισσὸν
2976 1487 3238 1557 σταθμίον
3261 1503 3277 1521 ι
3308 1488 3406 1541 καὶ
3438 1487 3608 1556 ζυγὸς
3633 1486 3729 1540 δό-

2138 1581 2251 1642 λιος
2275 1581 2336 1634 οὐ
2371 1581 2535 1634 καλὸν
2560 1580 2789 1635 ἐνώπιον
2822 1581 3012 1635 αὐτοῦ.

526 1730 674 1787 Οδειε
706 1748 802 1787 xu.
827 1732 1108 1802 Chanaan,
1140 1746 1226 1791 est
1266 1737 1319 1791 in
1346 1737 1595 1793 manibus
1634 1736 1807 1805 ipsius
1828 1744 2029 1791 statera

2203 1758 2449 1824 Χαναὰν,
2469 1759 2527 1811 ὲν
2552 1777 2611 1828 χε
2622 1760 2742 1828 ρσὶν
2766 1759 2932 1813 αὐτοῦ
2963 1758 3130 1825 ζυγὸς
3149 1758 3383 1825 ἀδικίας,
3414 1760 3730 1811 καταδυναο

450 1822 662 1888 dolosa,
709 1826 1155 1894 oppressionibus
1193 1828 1465 1883 delectata
1507 1837 1611 1892 est,
1659 1836 1765 1882 etc.
1839 1826 2019 1883 Labo-

452 1929 540 1969 res
590 1913 711 1983 ejus
771 1930 879 1968 non
938 1916 1286 1972 invenientur
1322 1919 1490 1983 ineo,
1527 1927 1746 1988 propter
1797 1918 2031 1986 injurias

452 2019 589 2074 quas
611 2004 758 2060 fecit.

522 2097 681 2153 Amos
714 2114 829 2153 vnn.
869 2099 1066 2155 Audite
1098 2100 1213 2156 haec
1247 2100 1581 2170 omnia.'qui
1630 2115 1787 2155 mane
1823 2114 2030 2168 paupe-

452 2204 566 2244 rem
607 2190 910 2256 conteritis,
943 2201 997 2246 et
1029 2194 1271 2261 potentia
1303 2192 1582 2249 mendicos
1627 2193 1934 2262 opprimitis
1975 2191 2029 2245 in

452 2292 594 2337 terra
623 2325 639 2349 ,
683 2298 747 2339 ac
791 2285 977 2340 dicitis
1008 2286 1097 2342 illa
1135 2305 1147 2340 :
1183 2287 1413 2353 Quando
1445 2289 1660 2342 tandem
1701 2284 2032 2356 praeterierit

450 2373 677 2440 mensis,
703 2384 761 2447 ut
788 2386 1155 2431 mercaturam
1191 2386 1437 2434 nostram
1484 2378 1771 2443 faciamus,
1800 2388 1855 2433 et
1902 2392 2033 2448 ape-

451 2466 661 2522 riamus
685 2468 997 2536 thesauros,
1020 2482 1082 2525 ut
1103 2469 1367 2525 minorem
1402 2471 1670 2526 faciamus
1693 2485 2028 2537 mensuram,

450 2566 505 2611 et
531 2557 740 2628 majora
766 2562 1040 2629 pondera,
1061 2571 1113 2616 et
1137 2562 1345 2618 lancem
1389 2562 1654 2618 faciamus
1674 2562 1946 2632 iniquam,
1970 2569 2033 2617 ut

450 2660 673 2721 argento
694 2666 1071 2722 comparemus
1088 2663 1334 2722 egentes,
1358 2663 1412 2708 et
1457 2662 1647 2711 tenues
1691 2654 2033 2710 calceamen-

454 2741 546 2806 tis,
591 2756 656 2796 ex
684 2746 830 2797 omni
862 2757 1058 2812 genere
1083 2743 1295 2799 fructus
1328 2746 1683 2805 mercemur?

523 2831 742 2888 Michete
769 2848 838 2887 ιἰ.
879 2834 1414 2904 Nonjustiticahitur
1444 2834 1498 2897 in
1541 2845 1744 2893 statera
1786 2836 2026 2906 iniquus,

453 2940 558 2981 nec
581 2926 633 2979 in
662 2926 1204 2998 sacculoponderum
1224 2927 1568 2995 dolosorum,
1591 2929 1789 3000 quibus
1813 2928 2031 2983 divitias

451 3019 746 3088 impietatis
770 3029 1182 3074 coaecrvarunt.

809 3138 1050 3232 sentio
1089 3177 1194 3232 Llll
1220 3177 1252 3250 ,[
1270 3178 1346 3233 al.
1375 3178 1673 3250 Lxxvu].

882 3291 965 3346 De
979 3291 1411 3347 excandescentia
1439 3303 1488 3348 et
1512 3295 1616 3348 ira.

519 3405 714 3461 Matth.
740 3420 793 3459 ν.
821 3404 1358 3474 Quisquisirascitur
1383 3405 1537 3459 fratri
1568 3419 1668 3460 suo
1700 3406 2025 3475 tcmcre,ju-

450 3498 593 3554 dicio
624 3498 729 3553 erit
757 3497 1047 3553 obnoxius.

523 3590 810 3661 Ephesu't.
854 3588 1044 3645 Omnis
1092 3590 1362 3646 acerbitas
1401 3602 1456 3647 et
1487 3592 1940 3648 excandescentia
1974 3602 2024 3649 et

453 3684 556 3751 ira,
586 3685 808 3748 clamor,
850 3680 1221 3747 maledictum,
1256 3699 1321 3739 ac
1346 3684 1509 3738 simul
1547 3698 1711 3739 omne
1745 3685 1958 3749 vitium,
1995 3700 2025 3738 a

455 3778 606 3833 vobis
629 3777 868 3833 tollatur.

523 3868 616 3924 Sol
647 3884 718 3926 ne
750 3869 970 3926 occidat
1001 3885 1166 3942 super
1220 3869 1584 3927 irritationem
1632 3881 1892 3938 vestram,
1929 3882 2022 3927 oet

451 3961 576 4018 date
606 3963 785 4019 locum
804 3963 1163 4021 criminatori.

522 4053 801 4110 Salomon.
824 4053 980 4109 Minas
1012 4064 1304 4110 conterunt
1324 4070 1421 4111 eor
1439 4057 1735 4125 sapientis:
1764 4056 2025 4127 insipiens

450 4160 518 4201 ne
543 4144 727 4215 ﬂagris
756 4144 972 4215 quidem
1003 4159 1180 4200 caesus
1200 4147 1385 4201 sentit.
1562 4147 1570 4155 '

524 4238 737 4293 Stultus
763 4250 829 4291 eo
850 4237 969 4306 ipso
1000 4236 1088 4291 die
1121 4238 1369 4291 enuntiat
1400 4239 1561 4306 iram,
1599 4239 1815 4309 sapiens
1845 4250 2025 4297 autem

451 4330 711 4402 paulatim
740 4330 960 4399 promit.

2135 1850 2346 1905 στεύειν
2378 1850 2660 1921 ἠγάπησε.
2703 1851 2913 1914 Πάντες
2946 1851 2995 1903 oi
3036 1852 3188 1904 πόνοι
3219 1849 3387 1904 αὐτοῦ
3432 1850 3533 1918 οὐχ
3567 1848 3732 1918 εὑρε-

2133 1945 2388 2016 θήσονται
2421 1946 2480 1998 ἐν
2503 1942 2652 2013 αὖτῷ
2683 1942 2770 1997 διὰ
2797 1943 3012 2007 ἀδικίας
3045 1944 3111 2007 ἃς
3145 1943 3419 2013 ἥμαρτεν.

2201 2124 2500 2178 Ἀκούσατε
2554 2121 2727 2178 ταῦτα
2779 2125 2977 2189 πάντα,
3032 2124 3078 2175 οί
3136 2121 3481 2186 ὲκτρίϐοντες
3535 2120 3621 2181 είς
3666 2119 3727 2171 τὸ

2135 2213 2282 2286 πρωί
2311 2214 2538 2282 πένητα,
2584 2214 2683 2266 καὶ
2733 2213 3306 2274 καταδυναστεύοντες
3335 2210 3596 2280 πτωχοὺς
3628 2211 3723 2261 ἐπὶ

2131 2309 2232 2377 τῆς
2257 2309 2391 2377 γῆς,
2425 2307 2475 2361 ol
2525 2307 2801 2375 λέγοντες,
2854 2306 2992 2360 Πότε
3043 2304 3375 2357 διελεύσεται
3403 2305 3433 2356 ὁ
3470 2302 3605 2372 μὴν,
3632 2300 3727 2354 καὶ

2134 2398 2539 2467 ὲμπολήσομεν,
2584 2398 2680 2449 καὶ
2742 2394 3032 2466 ἀνοίξομεν
3092 2393 3421 2463 θησαυροὺς.
3454 2391 3555 2445 τοῦ
3600 2409 3725 2444 ποι-

2133 2489 2260 2558 ῆσαι
2290 2488 2485 2558 μικρὸν
2513 2489 2574 2541 τὸ
2615 2487 2836 2558 μέτρον,
2869 2488 2962 2541 καὶ
2983 2487 3077 2540 τοῦ
3115 2486 3418 2557 μεγαλῦναι
3437 2483 3685 2551 σταθμία
3705 2523 3724 2550 ,

2133 2583 2230 2638 καί⁵
2262 2584 2486 2650 ποιῆσαι
2533 2582 2697 2650 ζυγὸν
2724 2581 2932 2644 ἄδικον,
2961 2579 3054 2633 τοῦ
3083 2578 3314 2633 κτᾶσθαι
3349 2580 3406 2631 ὲκ.
3459 2578 3721 2646 ἀργυρίῳ

2133 2677 2402 2747 πτωχοὺς,
2430 2674 2527 2729 καὶ
2568 2674 2862 2734 ταπεινοὺς
2891 2671 3014 2727 ἀντὶ
3060 2670 3447 2742 ὑποδημάτων,
3485 2670 3585 2724 καὶ
3611 2670 3722 2722 ἀπὸ

2134 2770 2336 2830 παντὸς
2360 2766 2701 2834 γεννήματος
2736 2764 3192 2836 ἐμπορευσόμεθα
3215 2780 3230 2831 ;

2202 2859 2278 2912 Οὐ
2312 2857 2734 2927 δικαιωθήσεται
2760 2859 2817 2910 ὲν
2844 2855 2994 2926 ζυγῷ
3024 2855 3206 2918 ἄδικος
3227 2895 3243 2917 ,
3295 2855 3393 2907 καὶ
3421 2854 3484 2906 ὲν
3520 2850 3720 2922 μαρσί-

2134 2965 2222 3017 πῳ
2273 2947 2512 3016 σταθμία
2546 2947 2722 3012 δόλου,
2769 2948 2827 3012 ἐξ
2850 2941 2923 3000 ὧν
2955 2945 3045 2999 τὸν
3087 2946 3318 2999 πλοῦτον
3371 2943 3554 2997 αὐτῶν
3585 2945 3718 2997 ἀσε-

2057 3069 2103 3130 c
2138 3041 2289 3105 ὄείας
2320 3039 2585 3109 ἔπλησαν.

2729 3195 2950 3250 ΛΟΓΟΣ
2986 3142 3113 3250 l\:P'.

2537 3307 2676 3379 Περὶ
2722 3307 2913 3377 θιψοῦ
2958 3308 3055 3361 καί
3101 3305 3302 3377 ὀργῆς.

2202 3429 2317 3490 Πᾶς
2358 3427 2386 3478 ὁ
2424 3424 2775 3496 ὀργιζόμενος
2818 3422 2895 3492 τῷ
2927 3421 3141 3492 ἀδελφῷ
3174 3421 3337 3475 αὑτοῦ
3374 3419 3503 3491 είκῆ
3536 3420 3726 3491 ἔνοχος

2130 3519 2284 3574 ἔσται
2313 3520 2378 3590 τῇ
2408 3519 2587 3588 κρίσει

2203 3610 2358 3663 Πᾶσα
2390 3607 2586 3679 πικρία
2623 3610 2714 3663 καὶ
2748 3608 2920 3679 θυμὸς
2954 3609 3049 3663 καὶ
3081 3608 3219 3679 ὀργὴ
3251 3609 3346 3661 καὶ
3375 3607 3598 3677 κραυγὴ
3625 3606 3725 3659 καὶ

2133 3702 2454 3772 βλασφημία
2481 3700 2701 3771 ἀρθήτω
2734 3699 2828 3769 ἀφ’
2858 3700 3013 3769 ὑμῶν
3046 3701 3145 3754 σὺν
3179 3701 3329 3772 πάσῃ
3358 3701 3554 3768 κακέᾳ.

2215 3880 2275 3934 ὐ
2298 3879 2450 3950 ἥλιος
2489 3880 2565 3950 μὴ
2605 3878 2872 3933 ἔπιδυέτω
2901 3877 2995 3931 ἐπὶ
3017 3876 3097 3945 τῷ
3126 3876 3500 3948 παροργισμῷ
3535 3876 3722 3947 ὑμῶν,

2134 3974 2270 4045 μηδὲ
2303 3972 2475 4026 δίδοτε
2495 3971 2661 4024 τόπον
2686 3970 2766 4036 τῷ
2797 3970 3055 4040 διαϐόλῳ.

2204 4064 2487 4135 Συντρίδει
2540 4063 2737 4131 ἀπειλὴ
2786 4061 3015 4131 καρδίαν
3058 4059 3363 4131 φρονίμου·
3420 4060 3618 4131 ἄφρων
3662 4063 3721 4115 δὲ

2134 4156 2506 4229 μαστιγωθεὶς
2548 4156 2646 4209 οὐκ
2676 4154 3007 4208 αἰσθάνεται.

2206 4252 2433 4319 Ἄφρων
2478 4248 2786 4319 αὐθημερὸν
2834 4248 3148 4316 ἐξαγγέλλει
3198 4247 3394 4319 ὀργήν.
3433 4246 3609 4315 Σοφὺς
3660 4247 3721 4301 δὲ

2132 4342 2452 4412 ταμιεύεται
2474 4341 2614 4393 κατὶ
2641 4344 2827 4411 μέρος.

522 4422 699 4478 Grave
733 4430 820 4477 est
846 4436 1060 4490 saxum,
1082 4430 1136 4479 ct
1171 4422 1405 4478 dillicilis
1456 4432 1669 4493 portatu
1722 4440 1911 4489 arena,
1935 4426 2028 4481 sed

2205 4433 2355 4503 Βαρὺ
2416 4433 2584 4494 λίθος.
2632 4432 2729 4485 καὶ
2779 4432 3151 4487 δυσϐάστατον
3196 4431 3419 4501 ἄμμος·
3478 4431 3626 4502 ὀργὴ
3657 4431 3719 4483 δὲ

450 4514 604 4572 Stulti
633 4514 710 4568 ira
762 4522 994 4584 utroque
1047 4518 1297 4584 gravior;
1334 4531 1458 4570 nam
1490 4531 1600 4586 quo
1639 4532 1699 4572 se
1752 4517 2028 4572 inclinarit

454 4610 532 4663 ira
565 4609 685 4677 ejus
710 4607 927 4662 ruinam
958 4606 1110 4663 dabit
1143 4608 1265 4679 ipsi.

460 4742 481 4753 ..η
523 4701 818 4756 Iracundus
840 4709 897 4755 et-
914 4698 1075 4754 facile
1097 4702 1494 4758 excandescens
1511 4702 1770 4759 deformis
1783 4714 1865 4761 est
1886 4722 1900 4770 ;
1928 4705 2029 4759 ita-

452 4808 560 4864 que
591 4808 715 4847 cum
749 4791 1014 4848 iracundo
1047 4807 1113 4847 ne
1145 4792 1379 4847 habites.

525 4888 740 4943 Sodalis
762 4888 1000 4944 hominis
1038 4887 1280 4945 iracundi
1310 4904 1378 4944 ne
1404 4899 1544 4949 esto.
1569 4906 1702 4946 neve
1729 4891 2028 4947 contuber-

455 4979 594 5034 nalis
616 4980 695 5035 sis
728 4980 905 5034 amico
928 4980 1210 5045 iracundo,
1234 4997 1306 5037 ne
1331 4984 1550 5051 quando
1575 4983 1748 5056 ipsius
1780 4984 2024 5039 instituta

453 5071 655 5135 discas,
682 5079 737 5125 ct
771 5072 992 5141 laqueos
1023 5073 1213 5131 tendas
1244 5075 1438 5131 animae
1470 5085 1593 5131 tum.

531 5165 825 5220 iracundus
847 5179 1057 5234 pugnas
1079 5166 1311 5223 excitat:
1340 5167 1474 5224 lenis
1495 5175 1671 5224 autem
1690 5178 1744 5224 et
1764 5182 1883 5224 eam
1908 5182 2028 5240 qua:

454 5255 675 5311 excitari
707 5253 1010 5318 videbatur,
1037 5254 1212 5309 sedat.

528 5346 589 5402 S.
615 5347 822 5401 Basilii.
861 5347 943 5401 lra
992 5345 1191 5401 excitat
1233 5348 1424 5412 rixam,
1455 5362 1567 5403 rixa
1590 5348 1730 5418 parit
1760 5347 2027 5409 convicia,

530 5569 607 5640 (Ι)
635 5569 692 5626 ln
717 5572 955 5629 editione
982 5571 1213 5630 Melissa:
1247 5572 1461 5628 Stobaao
1487 5569 1776 5635 subiuncta
1832 5584 2014 5640 sermo

460 5639 560 5694 iste
583 5643 849 5711 superiori
876 5644 993 5699 sine
1015 5644 1363 5717 distinctione
1394 5642 1825 5699 intermiscetur.
1859 5639 2016 5695 EDIT.

2132 4526 2364 4595 ἄφρονος
2397 4525 2668 4595 βαρυτέρα
2693 4525 3039 4594 ἀμφοτέρων.
3086 4525 3150 4577 ’Π
3178 4524 3285 4594 γὰρ
3320 4523 3464 4595 ῥοπὴ
3494 4523 3591 4577 τοῦ
3622 4523 3718 4576 θυα

2136 4615 2238 4685 μοῦ
2265 4612 2427 4668 αὑτοῦ
2451 4613 2657 4676 πτῶσις
2681 4612 2832 4682 αὐτῷ
2865 4616 3036 4667 ἐστιν.

2202 4704 2370 4776 ’Δνὴρ
2420 4703 2673 4774 θυμώδης
2708 4705 2807 4758 οὐκ
2843 4704 3170 4775 εὐσχήμων
3202 4706 3296 4759 καὶ
3329 4706 3490 4776 ἀνδρὶ
3522 4705 3719 4777 θυμὼο

2131 4796 2211 4848 δει
2239 4798 2316 4865 μὴ
2340 4796 2685 4860 συναυλίζου.

2201 4888 2294 4959 Μὴ
2326 4887 2438 4942 ίσθι
2475 4889 2690 4959 ἑταῖρος
2730 4886 2887 4957 ἀνδρὶ
2917 4886 3177 4957 θυμὼδει,
3226 4886 3367 4956 φίλῳ
3395 4888 3454 4941 δὲ
3507 4890 3719 4959 ὀργίλῳ

2138 4983 2213 5053 μὴ
2236 4979 2576 5045 συναυλίζου,
2617 4980 2691 5049 μή
2723 4994 2854 5032 ποτε
2886 4978 3065 5051 μάθῃς
3096 4978 3206 5033 τῶν
3230 4980 3365 5033 ὁδῶν
3391 4980 3584 5045 αὑτοῦ,
3621 4984 3721 5034 καὶ

2132 5071 2305 5143 idem
2329 5070 2556 5141 βρόχους
2576 5071 2644 5141 τῇ
2667 5071 2733 5139 σῇ
2763 5069 2931 5139 ψυκῇο

2217 5162 2379 5232 ’Δνὴρ
2414 5159 2667 5231 θυμώδης
2714 5160 3123 5231 παρασκευάζει
3159 5162 3335 5232 μάχας
3361 5177 3377 5193 ο
3432 5163 3716 5234 μακρόθυ-

2137 5273 2236 5325 μος
2266 5255 2320 5307 δὲ
2345 5252 2435 5306 καὶ
2463 5252 2561 5321 τὴν
2594 5251 2893 5320 μέλλουσαν
2923 5253 3321 5322 καταπραΰνει.

2204 5346 2384 5416 Θυμδς
2439 5345 2643 5425 ἐγείρει
2675 5344 2873 5416 μάχην,
2909 5345 3056 5416 μάχη
3104 5346 3161 5400 δὲ
3208 5346 3374 5416 γεννᾷ
3402 5345 3708 5415 λοιδορία;’

2198 5566 2273 5633 i2)
2309 5566 2518 5622 llehrtei
2554 5566 2772 5634 habent,
2811 5564 2870 5621 Si
2891 5566 3055 5623 simul
3070 5575 3334 5638 ponantur
3380 5569 3439 5623 in
3473 5565 3683 5622 biles“

2126 5654 2242 5691 tosa
2272 5645 2507 5692 vanitate
2533 5638 2751 5691 leviores
2773 5649 2947 5692 erunt.
