3976 6214
188 198 206 211 ’
284 216 428 279 1133

1108 224 1276 286 LOCI
1305 226 1628 288 COMMUN
1636 227 1743 289 ES.
1780 254 1847 265 -
1874 230 2068 292 PARS
2089 232 2167 295 II.
2200 232 2456 294 SERMO
2494 235 2570 295 LI
2583 235 2622 297 Ι.

3379 244 3521 310 1134

272 336 331 388 αί
361 335 418 387 δὲ
450 334 712 406 λοιδορίαι
744 339 992 409 πληγάς·
1028 341 1232 411 πληγαὶ
1258 342 1313 394 δὲ
1340 342 1631 413 τραύματα
1653 361 1666 374 ·
1702 345 1766 398 ὲκ
1794 340 1850 397 δὲ

1988 347 2202 402 onvicia
2237 348 2402 412 ictus,
2439 348 2581 406 ictus
2603 351 2847 419 vulnera,
2870 360 2924 409 et
2947 354 3343 424 saepevulnera
3373 373 3522 415 mors

271 427 609 496 τραυμάτων
638 429 898 494 πολλάκις
931 432 1168 486 θάνατοι.

342 521 524 588 Θυμὸς
562 520 823 586 Βασιλέως
855 525 1086 593 ἄγγελος
1120 525 1348 580 θανάτου
1375 542 1391 558 θ
1428 525 1565 596 ἀνὴρ
1589 526 1646 580 δὲ
1681 524 1845 595 σορὸς

273 610 513 676 ἐξιλάσει
552 612 734 668 αὐτόν.

345 705 525 775 Θυμός
568 707 682 759 ἐστι
713 705 859 770 ζέσις
910 706 1005 761 τοῦ
1055 708 1183 779 περὶ
1230 708 1458 775 καρδίαν
1499 709 1759 778 αἵματος,
1787 710 1847 774 ἐξ

274 797 692 865 ἀναθυμιάσεως
728 797 836 851 τῶν
892 799 1081 869 χυμῶν
1128 800 1553 870 συνιστάμενος·
1600 801 1743 871 ὀργὴ
1786 801 1845 854 δέ

274 891 424 941 ἐστιν
457 887 636 958 ὄρεξις
661 888 1084 958 ἀντιλυπήσεως.
1121 890 1286 945 ’Ὥστε
1315 892 1343 943 0
1376 891 1475 959 μὲν
1517 890 1697 956 ὀξεῖαν
1730 890 1844 959 ἔχει

272 980 369 1035 τοῦ
400 981 608 1044 πάθους
645 981 744 1048 τὴν
772 982 1021 1050 κίνησινο
1057 984 1088 1052 ἡ
1116 983 1171 1036 δὲ
1197 984 1575 1053 μονιμωτέραν
1606 984 1700 1036 καὶ
1739 1001 1843 1036 πα-

275 1071 653 1141 ρατεταμένην
687 1073 941 1143 ἐμφαίνει
972 1074 1072 1144 τὴν
1098 1075 1192 1128 ἐπὶ
1217 1073 1317 1145 τὴν
1349 1074 1528 1146 λύπην
1553 1076 1843 1147 ἐκπλήρω-

273 1178 383 1215 σιν.

341 1249 480 1304 Οὔτε
513 1253 764 1318 στέφανοι
797 1269 967 1324 χωρις
1014 1256 1453 1324 ανταγωνιστῶν,
1486 1256 1610 1310 οὔτε
1640 1258 1844 1329 πτῶμα

268 1343 442 1413 χωρὶς
477 1341 801 1398 ἀντιπάλου.

343 1432 553 1502 Τυφλδν
580 1434 609 1485 0
656 1433 825 1503 θυμὸς
857 1434 952 1488 καὶ
1008 1435 1288 1504 ἐπίλυπον,
1322 1440 1419 1491 καὶ
1447 1438 1681 1510 μάλιστα
1712 1440 1842 1497 ὅταν

272 1526 333 1580 τὸ
372 1526 594 1589 δικαίως
627 1529 959 1595 ἀγανακτεῖν
998 1531 1171 1600 παρῇ.

340 1618 490 1669 Πάνυ
531 1617 588 1669 δὲ
618 1616 723 1687 χρὴ
770 1617 942 1687 θυμοῦ
984 1619 1282 1686 φείδεσθαι,
1316 1624 1413 1673 καὶ
1448 1621 1522 1692 μὴ
1560 1623 1641 1685 είς
1668 1622 1839 1693 ὀργὴν

271 1810 380 1849 σιν.

341 1883 508 1937 Οὐδὲν
534 1881 675 1936 οὕτω
700 1884 1047 1956 καθαρότητα
1098 1886 1190 1942 νοῦ
1224 1893 1318 1945 καὶ
1354 1893 1412 1944 τὸ
1457 1892 1651 1956 διειδὲς
1697 1891 1845 1946 θολοῖ

269 1976 381 2031 τῶν
411 1976 642 2046 φρενῶν,
674 1976 750 2039 ὡς
773 1977 942 2047 θυμὸς
964 1978 1196 2043 ἄτακτος
1223 1981 1316 2035 καὶ
1350 1982 1488 2051 μετά
1515 1982 1716 2054 πολλῆς
1741 1983 1840 2052 τῆς

270 2068 455 2139 ῥύμης
487 2070 805 2141 φερόμενος.

354 2159 415 2212 Ὀ
465 2160 632 2229 θυμὸς
659 2161 784 2229 ὀξύς
814 2162 930 2215 ἐστι
982 2163 1077 2216 καί⁵
1112 2162 1478 2234 ὀλιγοχρόνιος
1503 2182 1516 2196 ’
1554 2167 1588 2236 ἡ
1618 2166 1675 2220 δὲ
1703 2165 1842 2237 ὀργὴ

268 2247 571 2320 βραδυτέρα
598 2249 717 2320 μὲν,
753 2254 1098 2323 μονιμωτέρα
1130 2253 1210 2309 δέ.

340 2342 445 2394 Δύο
465 2343 520 2393 ὲν
541 2342 673 2412 ἡμῖν
702 2344 895 2410 γενικὰ
914 2344 1082 2414 πάθη,
1114 2344 1464 2415 φυσικώτερα
1497 2345 1606 2399 τῶν
1637 2346 1838 2413 ἀλλων,

267 2433 439 2503 θυμὸς
470 2436 565 2487 καὶ
590 2432 874 2503 ἐπιθυμία.
970 2504 981 2509 μ

338 2526 433 2595 Μὴ
464 2526 728 2597 ἀποδέχου
758 2528 1111 2598 ἐγκράτειαν,
1144 2528 1485 2600 διωκομένης
1510 2530 1836 2599 πραότητος.

336 2616 725 2687 Εὺτονωτέρας
755 2618 849 2670 ἐπὶ
881 2618 979 2687 τῆς
1025 2618 1196 2688 ὀργῆς
1245 2620 1519 2691 χρῄζομεν
1547 2621 1645 2690 τῆς
1680 2638 1844 2673 σπου-

264 2708 385 2777 δῆς.
416 2707 748 2773 Τυραννικὸν
774 2708 880 2778 γάρ
922 2709 984 2761 τὸ
1013 2710 1208 2774 πάθος,
1238 2714 1332 2765 καὶ
1368 2713 1629 2776 πολλάκις
1661 2730 1841 2781 παρα-

258 2797 429 2868 .σύρει
460 2799 586 2862 τοὺς
613 2798 689 2869 μὴ
717 2800 1003 2868 νήφοντας,
1035 2801 1130 2854 καὶ
1154 2802 1290 2871 πρὸς
1324 2802 1384 2855 τὸ
1404 2802 1681 2874 βάραθρον
1708 2802 1841 2856 αὐτὸ

272 2892 504 2960 κατάγει
537 2892 637 2961 τῆς
676 2892 974 2958 ἀπωλείας.

340 2982 638 3053 Πρόχειρον
688 2985 762 3047 ὡς
791 2985 879 3037 ἐπὶ
917 2984 1050 3038 πολὺ
1112 2986 1265 3056 παρά
1299 2985 1480 3040 πάντα
1512 2987 1602 3039 τὸν
1633 2987 1747 3058 βίον
1779 2988 1838 3040 τὸ

268 3071 414 3124 κατά
444 3071 543 3139 τὴν
572 3072 744 3142 ὀργήν
772 3075 920 3126 ἐστιν
946 3073 1311 3144 ἀρρώστημα.

340 3163 590 3230 Ὀργίλος
649 3159 729 3229 si;
786 3162 879 3216 ἔσο
928 3163 1069 3217 κατά
1114 3163 1224 3218 τῶν
1276 3166 1687 3237 ἁμαρτημάτων
1734 3166 1842 3221 τῶν

269 3253 469 3308 σαυτοῦ
522 3255 801 3318 τοιοῦτος·
858 3254 1157 3325 ὲπίπληττε
1184 3258 1248 3327 τῇ
1299 3256 1468 3327 ψυχῇ,
1505 3256 1734 3326 μάστιζε
1779 3256 1843 3310 τὸ

270 3343 337 3415 If.
366 3344 464 3416 τὴν
501 3345 832 3418 συνείδησιν]
870 3349 1151 3416 συνειδήσε
1188 3365 1303 3401 σου.
1335 3348 1569 3419 Σφοδρὸς
1602 3348 1693 3402 ἔσο
1718 3366 1842 3420 κρι-

268 3438 394 3507 τὴς,
425 3439 520 3491 καὶ
554 3438 749 3508 πικρὸς
783 3439 1043 3509 δικαστὴς
1069 3442 1181 3503 τοῖς
1208 3439 1429 3503 οίκείοις
1458 3441 1838 3510 ἁμαρτήμασι.

268 3528 445 3583 Τοῦτο
487 3529 584 3595 τῆς
616 3528 785 3598 ὀργῆς
831 3530 894 3582 τδ
927 3529 1130 3602 ’κέρδος
1167 3531 1309 3595 ἐστὶ,
1354 3531 1441 3585 διὰ
1496 3533 1653 3585 τοῦτο
1704 3533 1840 3603 ἡμῖν

271 3618 444 3689 αὐτὴν
475 3620 733 3689 ἐνέθηκεν
763 3622 793 3674 0
820 3619 976 3685 Θεός.

343 3710 588 3782 Καθαροὶ
616 3709 787 3780 θυμοῦ
817 3704 967 3779 ὦμεν
986 3727 1001 3743 ⁸
1026 3711 1087 3765 οὗ
1113 3712 1223 3782 γὰρ
1249 3715 1496 3767 κατοικεῖ
1524 3713 1586 3766 τὸ
1612 3698 1837 3783 Πνεῦμα

267 3804 332 3859 τὺ
360 3803 535 3872 ἀγιον,
567 3802 695 3855 ινθα
720 3800 913 3870 θυμός.

340 3895 407 3949 Oi
464 3893 648 3963 θυμοὶ,
705 3891 953 3961 καθάπερ
997 3892 1054 3945 αἱ
1103 3891 1286 3958 κύνες,
1335 3891 1511 3962 τυφλά
1563 3892 1839 3947 τίκτουσιν

268 3987 435 4058 δγκλή
445 4003 586 4058 ματα
594 4026 607 4038 .

341 4079 405 4132 Oi
435 4079 536 4148 μὲν
561 4078 784 4147 τραχεῖς
810 4076 984 4150 ἵπποι.
1019 4076 1131 4140 τοῖς
1188 4077 1447 4146 χαλινοῖς,
1500 4074 1551 4128 οί
1602 4074 1660 4128 δὲ
1693 4073 1837 4141 ὀξεῖς

268 4172 431 4241 θυμοὶ
459 4170 789 4241 μετάγονται
814 4172 925 4232 τοῖς
956 4169 1257 4238 λογισμοῖς.

334 4261 409 4316 Τδ
444 4261 543 4332 μὲν
573 4259 840 4331 εὔκρατον
866 4260 1009 4330 ὕδωρ
1037 4259 1136 4323 τὰς
1157 4258 1492 4330 φλεγμονὰς,
1526 4261 1555 4312 0
1583 4257 1640 4312 δὲ
1662 4258 1834 4312 ἐπιει-

264 4350 367 4423 κὴς
394 4351 550 4418 λόγος
575 4350 675 4410 τὰς
702 4348 874 4419 ὀργὰς
901 4347 1124 4402 διαλύει.

346 4439 438 4502 ὀς
463 4438 571 4509 γὰρ
599 4440 628 4491 0
664 4437 885 4500 καικίας
918 4439 988 4491 τὰ
1017 4438 1175 4507 νέφη,
1204 4438 1298 4491 καὶ
1319 4440 1347 4491 0
1374 4439 1576 4507 φαῦλος
1605 4440 1721 4510 βίος
1742 4440 1829 4509 ἐφ’

261 4531 457 4587 ἑαυτὸν
488 4531 636 4584 ἕλκει
662 4531 761 4593 τὰς
787 4529 1076 4599 λοιδορίας.

1954 442 2330 510 consequitur.
3599 477 3609 527 ε

2022 531 2183 603 Regis
2211 536 2287 588 ira
2316 538 2506 593 mortis
2538 537 2770 592 nuntia:
2807 539 2903 594 sed
2934 539 3150 610 sapiens
3184 540 3419 610 placabit
3448 542 3521 597 ιι-
3600 539 3609 603 ἑ

1951 625 2083 679 lum.

2020 724 2305 783 iracundia
2334 735 2417 783 est
2445 727 2627 782 l‘ervor
2655 730 2963 798 sanguinis,
3002 727 3096 797 qui
3132 723 3509 782 circumfusus

1946 826 2031 873 est
2059 818 2231 883 cordi,
2260 833 2325 875 ex
2351 819 2743 888 evaporatione
2765 833 3055 874 succnrum
3088 826 3350 873 constans
3386 833 3401 869 :
3436 816 3519 868 ira

1946 916 2127 964 autem
2166 918 2253 964 est
2298 911 2463 965 libido
2513 909 2833 974 ulciscendi,
2870 919 2925 963 et
2962 909 3203 964 vicissim
3255 905 3517 961 molestiis

1944 999 2231 1056 alliciendi.
2262 1001 2446 1071 itaque
2469 1001 2563 1055 illa
2594 1000 2822 1055 celerem
2857 999 3020 1054 habet
3058 997 3519 1068 perturbationem

1942 1099 1998 1147 et
2026 1092 2340 1158 motionem,
2376 1093 2492 1148 haec
2520 1102 2701 1148 autem
2745 1090 3165 1147 diuturniorem.

2019 1264 2283 1338 Theologi.
2306 1266 2418 1325 Nec
2434 1283 2639 1324 corona
2660 1270 2822 1325 datur
2834 1270 2954 1325 sine
2970 1267 3322 1333 adversariis,
3339 1281 3517 1336 neque

1941 1369 2105 1413 casus
2136 1366 2192 1412 et
2222 1357 2409 1427 lapsus
2438 1359 2559 1416 sine
2588 1360 2902 1416 adversario
2934 1360 3307 1416 colluctatore.

2010 1442 2168 1500 Greca
2199 1454 2284 1502 est
2307 1447 2410 1510 ira,
2434 1455 2489 1502 et
2525 1447 2901 1503 molestiarum
2960 1449 3139 1517 plena,
3175 1458 3229 1503 et
3280 1448 3518 1504 maxime

1939 1549 2062 1590 cum
2115 1538 2618 1609 causaindignandi
2646 1540 2796 1608 justa
2853 1540 3066 1596 subest.

2011 1626 2112 1680 irae
2140 1627 2374 1682 maxime
2403 1628 2731 1697 parcendum
2766 1638 2871 1690 est,
2900 1643 2996 1684 nec
3019 1629 3181 1699 200
3203 1629 3388 1685 statim
3410 1628 3516 1683 de-

152 1752 156 1756 .
271 1704 570 1775 προθύμως
623 1708 1051 1777 καταφέρεσθαι,
1100 1705 1238 1781 ᾗτινι
1287 1689 1520 1781 ἄφρονες
1555 1689 1840 1768 δουλεύου-

1985 1726 2027 1772 ει
2051 1717 2105 1771 ἰη
2141 1718 2300 1774 bilem
2328 1689 2480 1783 fer-ri,
2506 1718 2665 1789 cujus
2690 1718 2841 1774 stulti
2862 1689 3197 1774 rservi—stin't.

2022 1898 2293 1968 Chrysost.
2326 1897 2474 1951 Nihil
2507 1910 2662 1967 aeque
2692 1896 2895 1951 mentis
2940 1895 3228 1964 puritatem
3261 1901 3313 1949 et
3343 1892 3515 1949 animi

1931 1992 2305 2049 sinceritatem
2330 1989 2535 2052 turbat,
2565 2000 2630 2042 ac
2660 1985 3019 2041 immoderata
3043 1984 3147 2049 ira,
3172 1998 3293 2054 quae
3316 1997 3514 2054 magno

1932 2085 2107 2140 fertur
2138 2083 2366 2153 impetu.

2004 2174 2291 2228 iracundia
2340 2181 2425 2228 est
2450 2172 2645 2230 celeris
2674 2189 2739 2229 ac
2787 2171 2972 2229 brevis
3001 2188 3016 2228 :
3049 2172 3130 2227 ira
3183 2180 3365 2226 autem
3397 2179 3512 2226 taro

1932 2267 2051 2319 dior
2081 2265 2327 2334 quidem,
2355 2264 2449 2319 sed
2484 2264 2822 2320 diuturnior.

2003 2357 2131 2411 Dure
2162 2357 2214 2410 in
2238 2356 2394 2411 nobis
2421 2356 2846 2425 suntfgenerales
2874 2355 3336 2427 perturbationes.
3354 2362 3513 2410 natu-

1931 2449 2076 2503 rales
2098 2449 2272 2518 magis
2300 2462 2465 2517 quam
2498 2448 2640 2512 aliae,
2671 2449 2749 2502 ira
2781 2456 2836 2502 ct
2866 2446 3166 2515 cupiditas.

2003 2538 2416 2592 Continentiam
2449 2552 2518 2593 ne
2542 2539 2762 2608 probes,
2793 2539 2885 2593 ubi
2913 2538 3204 2593 clementia
3234 2536 3506 2605 rejicitur.

1998 2626 2056 2681 In
2076 2628 2479 2683 vehementiore
2508 2628 2587 2682 ira
2617 2643 2889 2685 summum
2910 2628 3278 2685 adhibendum
3297 2636 3379 2682 est
3400 2637 3517 2682 stu-

1933 2718 2077 2773 dium
2106 2727 2161 2774 ct
2199 2720 2521 2783 cautio;est
2541 2722 2685 2774 enim
2719 2720 2947 2776 allectus
2979 2720 3315 2790 tyrannicus.
3354 2718 3512 2785 Saepe

1932 2810 2078 2865 enim
2121 2825 2227 2864 non
2262 2810 2479 2866 sobrios
2505 2812 2786 2880 pervertit,
2820 2822 2872 2867 et
2901 2812 2954 2866 in
3004 2813 3316 2866 barathrum
3362 2809 3513 2865 exitii

1933 2901 2192 2957 detrahit.
3262 2880 3281 2897 κ

2014 2992 2268 3062 Prompta
2300 2991 2416 3048 fere
2448 3006 2542 3062 per
2567 3005 2787 3047 omnem
2812 2991 2977 3046 vitam
3005 2990 3099 3044 irae
3113 3000 3199 3044 est
3223 2987 3511 3058 aegritudo.

2014 3169 2318 3227 Iracundus
2354 3183 2415 3225 es
2439 3170 2463 3223 ?
2483 3169 2611 3225 Esto
2641 3168 2694 3222 in
2728 3161 2946 3239 peccata
2977 3176 3070 3223 tua
3093 3166 3253 3221 talis:
3282 3163 3514 3234 obiurga

1944 3263 2188 3318 animum
2211 3269 2388 3325 tuum,
2409 3259 2593 3330 ﬂagris
2613 3259 2757 3315 caede
2778 3257 3194 3323 conscientiam,
3220 3255 3516 3310 vehemens

1941 3363 2058 3411 esto
2101 3353 2271 3426 jndex
2325 3362 2377 3407 ct
2416 3351 2648 3406 acerbus
2692 3351 2746 3405 in
2808 3349 3040 3420 propriis
3093 3347 3367 3418 peccatis;
3410 3344 3515 3400 hoc

1941 3446 2087 3500 enim
2113 3452 2198 3499 est
2222 3444 2315 3497 ine
2352 3443 2589 3508 lucrum,
2625 3443 2695 3497 0b
2729 3441 2870 3497 hanc
2899 3454 3121 3496 causam
3178 3437 3322 3501 Deus
3355 3434 3514 3492 nobis

1938 3548 2060 3589 eam
2094 3532 2303 3587 indidit.

2009 3711 2181 3768 Alieni
2214 3708 2283 3764 ab
2337 3708 2417 3760 ira
2464 3706 2818 3773 simus;non
2850 3703 2997 3761 enim
3046 3703 3154 3759 .ubi
3197 3703 3276 3757 ira
3327 3699 3512 3766 fuerit,

1940 3801 2150 3858 habitat
2176 3797 2410 3867 Spiritus
2458 3802 2702 3851 sanctus.

2019 3885 2312 3941 Plutarchi.
2352 3882 2470 3948 irae,
2503 3883 2962 3953 quemadmodum
2994 3896 3185 3948 canes,
3213 3893 3388 3937 caecas
3410 3893 3512 3950 pa-

1938 3982 2085 4037 riunt
2107 3979 2537 4034 criminationes.

2010 4070 2151 4140 Equi
2174 4070 2297 4125 duri
2363 4069 2554 4135 frenis,
2579 4075 2634 4123 at
2655 4068 2751 4123 irae
2805 4064 3245 4123 vehementiores
3302 4062 3514 4119 ratione

1937 4165 2213 4218 ducuntur
2242 4170 2297 4218 et
2324 4169 2611 4233 reguntur.

2010 4254 2079 4311 Ut
2107 4269 2244 4325 aqua
2289 4254 2466 4325 tepida
2511 4252 2991 4318 inﬂammationes,
3044 4250 3125 4305 sic
3173 4249 3352 4305 oratio
3410 4249 3511 4304 bu-

1855 4355 1909 4415 D
1936 4346 2211 4403 manitatis
2247 4346 2403 4417 plena
2434 4346 2570 4400 iram
2596 4344 2905 4413 restinguit.

2012 4436 2080 4493 Ut
2108 4439 2254 4494 enim
2285 4439 2481 4495 caecias
2530 4438 2723 4504 nubes,
2768 4437 2849 4492 sic
2900 4435 3152 4507 improba
3202 4435 3313 4489 vita
3357 4432 3412 4497 in
3454 4446 3513 4489 se

1938 4529 2183 4586 convicia
2217 4529 2464 4583 attrahit.

329 4625 625 4695 Euripidis.
649 4623 916 4679 Nimirum
947 4625 999 4678 in
1025 4625 1277 4680 omnibus
1300 4627 1619 4683 hominibus
1646 4625 1858 4682 habitat
1910 4626 2033 4680 ira:
2080 4638 2204 4679 nam
2244 4623 2347 4693 qui
2385 4621 2629 4693 jucunda
2686 4621 2941 4687 audierit,
2982 4621 3258 4691 voluptate
3311 4630 3508 4686 corpus

260 4718 449 4790 implet
476 4736 490 4772 :
524 4718 617 4788 qui
649 4727 829 4791 autem
867 4717 1139 4771 contraria
1165 4712 1423 4784 audierit,
1444 4729 1656 4775 tumore
1688 4718 2045 4789 aiiiciturﬂ).

331 4810 555 4865 Πλάτων
583 4808 935 4880 ὀργιζόμενός
965 4816 1095 4860 ποτε
1126 4807 1204 4877 τῷ
1237 4808 1445 4881 οἰκέτῃ,
1503 4811 1830 4874 ἐπιστάντος

258 4901 653 4972 Ξενοκράτους,
687 4900 905 4965 Λαϐὼν,
938 4899 1064 4971 ἔφη,
1094 4900 1282 4953 τοῦτον
1319 4901 1693 4969 μαστίγωσονο
1724 4900 1836 4971 ἐγὼ

256 4993 370 5063 γὰρ
391 4993 701 5063 ὀργίζομαι.
1463 5006 1467 5011 ‘

362 5080 572 5145 Κόλαξε
600 5082 819 5153 κρίνων,
849 5081 983 5135 ἀλλά
1008 5083 1085 5154 μὴ
1112 5083 1476 5154 θυμούμενος.

377 5169 543 5242 Ἀνὴρ
574 5171 882 5243 κακοῦργος
914 5175 1089 5244 πρᾶον
1123 5174 1459 5228 ὑπεισελθὼν
1484 5174 1687 5246 σχῆμα,

368 5345 740 5417 Κεκρυμμένη
771 5346 1057 5417 πρόκειται
1084 5308 1253 5417 παγὶς
1283 5352 1394 5414 τοῖς
1415 5350 1660 5423 πλησίον.

362 5437 475 5489 Οὐκ
494 5436 638 5490 ἐστιν
666 5437 857 5509 ὀργῆς,
882 5438 957 5501 ὡς
983 5438 1177 5507 ἔοικεν,
1208 5441 1498 5512 φάρμακον

324 5615 405 5688 (1)
438 5614 611 5673 Locus
647 5620 747 5675 iste
788 5619 937 5673 dccst
966 5622 1018 5676 in
1058 5621 1264 5681 Grarco.

2007 4806 2192 4862 Plato.
2222 4806 2400 4871 Plato,
2426 4821 2585 4861 servo
2614 4806 2808 4870 iratus,
2834 4804 3032 4860 astanti
3054 4802 3369 4867 Xenocrati,
3400 4802 3501 4857 Ac-

1935 4899 2074 4969 cipe,
2108 4897 2306 4968 inquit,
2325 4905 2379 4952 et
2412 4896 2597 4967 ﬂagris
2621 4898 2767 4952 hunc
2794 4896 2988 4952 caedito
3014 4910 3028 4960 ;
3068 4906 3165 4964 ego
3192 4893 3336 4947 enim
3368 4891 3508 4949 iras-

1936 5006 2054 5047 cor.
2914 5052 2921 5059 ,

2001 5080 2304 5136 Democriti.
2329 5079 2547 5150 Castiga
2572 5078 2804 5147 judicio,
2835 5090 2943 5131 non
2974 5075 3053 5129 ira
3091 5073 3357 5129 adhibita.

2003 5172 2099 5228 Vir
2124 5170 2406 5242 improbus
2422 5178 2478 5226 et
2497 5177 2770 5225 veterator
2790 5167 3091 5224 clementia:
3107 5165 3376 5236 obrepens
3406 5164 3505 5218 ha-

3268 5259 3430 5330 [hilu,

1999 5354 2274 5410 Proximis
2307 5353 2464 5426 quasi
2495 5351 2720 5423 laqueus
2747 5353 2997 5409 occultus
3029 5350 3402 5422 praetenditur.

1996 5446 2213 5503 Nullum
2243 5453 2349 5514 est,
2380 5454 2441 5502 ut
2464 5444 2701 5511 videtur,
2731 5446 2822 5500 ira:
2843 5444 3143 5501 remedium
