3976 6214
464 350 608 417 1131)
1697 351 2023 416 ANTONII
2060 353 2408 416 MELISSIE
3594 353 3754 419 1140

818 472 1052 528 SERMO
1090 470 1175 525 LV
1241 470 1342 542 [αί.
1392 469 1653 544 LXXIV].
2065 475 2118 535 Α

1553 469 1653 544 ιη.
2065 475 2118 535 Α
2741 472 2958 526 ΛΟΓΟΣ
2997 472 3123 524 NE'.

469 607 541 663 De
579 609 820 675 proximo
869 609 1065 679 ;°quod
1116 607 1346 674 proximi
1408 623 1572 679 oneror
1616 607 1836 679 ferenda
1887 609 1992 679 sint
2023 647 2038 671 ,

2183 612 2285 679 περὶ
2322 611 2430 665 τοῦ
2457 594 2743 676 πλησίον·
2773 609 2863 664 ὅτι
2886 609 2999 677 χρὴ
3027 606 3100 661 τὰ
3115 606 3278 674 βάρη
3302 605 3410 679 τοῦ
3458 605 3753 679 πζηᾳζον

421 735 424 740 _
534 673 682 745 eique
731 673 1144 749 succurrendum
1170 716 1184 739 .
1225 687 1274 730 et
1301 677 1440 749 quod
1467 673 1634 731 amice
1659 677 1991 744 reprehendo:

2219 673 2452 749 έςέρειν,
2489 673 2587 733 καὶ
2611 673 3159 749 ἀντιλαμϐἇνεσθαι
3187 673 3399 749 αὑτοῦ·
3430 674 3532 727 καί
3564 673 3756 749 eler-

422 754 432 820 ζ
527 744 728 820 deceat.
753 748 799 800 si
825 746 952 820 quid
981 746 1283 799 indecenter
1297 744 1488 816 egerit,
1514 763 1618 801 non
1651 757 1832 801 autem
1864 748 1992 801 inim

2219 744 2356 820 ξεῖν
2388 744 2769 818 ἀγαπητικῶς
2805 744 2876 820 ἑὰ
2929 750 3040 815 οὐχ
3089 747 3172 812 ὠς
3227 746 3392 820 εἰκὸς
3445 744 3756 820 γινόμενα

422 811 432 893 ξ
534 817 691 870 citius
723 811 847 869 cum'
877 815 971 869 illo
994 832 1194 886 gerere.
1328 811 1344 816 ⁷

2222 811 2362 888 ξτὶαρ’
2395 811 2603 884 αὺτοῦ,
2643 811 2854 887 amitti)
2881 811 3289 886 μνηῦνικακεῒν
3313 813 3499 878 αὐτῷ.

418 899 431 974 ἶ
531 924 702 980 Leuit.
756 941 871 980 xu.
939 924 1141 995 Diliges
1203 927 1512 995 proximum
1569 935 1724 980 tuum
1782 935 1981 995 tanqua

1856 938 2039 995 Iquam
2229 933 2570 1003 Ἀγαπήσεις
2596 932 2688 985 τὸν
2721 930 2946 1000 πλησίον
2983 947 3077 983 σου
3109 929 3186 992 ὡς
3209 927 3426 982 ἑαυτόν.

463 1030 725 1073 ιειυευιη.

544 1033 725 1088 psum.

535 1107 755 1163 Acriter
811 1106 1108 1177 redargues
1173 1107 1480 1176 proximum
1537 1114 1713 1172 tuum,
1761 1120 1860 1160 nec
1895 1103 2042 1160 illius

2229 1115 2480 1185 Ἐλεγμῷ
2511 1115 2748 1183 ὲλέγξεις
2777 1115 2870 1167 τὸν
2900 1112 3129 1184 πλησίον
3174 1129 3270 1165 σου
3293 1127 3308 1144 ο
3341 1110 3438 1164 καὶ
3473 1109 3540 1162 οὗ
3593 1108 3757 1183 λήψῃ

467 1214 637 1255 causa
669 1201 850 1255 scelus
884 1199 1159 1254 admittes.

2151 1207 2222 1262 δι’
2253 1207 2418 1262 αὐτὸν
2452 1207 2749 1276 ἁμαρτίαν.

539 1290 692 1346 Deut.
748 1306 799 1346 v.
843 1288 987 1344 Nihil
1031 1303 1222 1345 eorum
1285 1305 1409 1360 quae
1460 1299 1590 1345 sunt
1640 1288 1875 1361 proximi
1939 1287 2040 1354 tui,

2231 1299 2348 1352 Οὐκ
2405 1296 2774 1365 ἐπιθυμήσεις
2820 1296 3024 1359 πάντα,
3063 1295 3166 1347 ὃσα
3216 1291 3296 1362 τῷ
3349 1291 3590 1362 πλησίον
3648 1286 3752 1342 σού

465 1382 864 1458 concupiscito.

743 1382 864 1436 cito.
2145 1390 2313 1442 ἐστιν.

536 1471 691 1525 Prol.
721 1487 794 1526 tv.
833 1471 1163 1535 lrascimiui,
1194 1471 1287 1526 sed
1321 1471 1490 1526 nolite
1516 1485 1766 1540 peccare.

1639 1486 1766 1526 :are.
2241 1478 2582 1548 Ὀργίζεσθε,
2613 1478 2703 1532 καὶ
2735 1477 2811 1548 μὴ
2843 1475 3209 1546 ἁμαρτάνετε.

540 1557 728 1614 Melior
757 1571 840 1616 est
875 1561 968 1630 qui
1017 1561 1370 1631 reprehendit
1398 1572 1453 1616 et
1488 1562 1710 1631 arguit,
1737 1575 1901 1631 quam
1937 1559 2031 1630 qui

2218 1573 2488 1640 Κρεῖσσον
2514 1571 2654 1640 ἀνὴρ
2703 1569 2944 1639 ἐλέγχων
2983 1568 3176 1638 ἀνδρὸς
3209 1563 3749 1635 σκληροτραχήλου.

470 1651 728 1720 ιειινίοωε
747 1661 826 1707 est
839 1692 852 1707 .

539 1740 715 1798 οεεαι.
744 1743 849 1810 Qui
885 1743 1053 1799 libere
1077 1745 1277 1814 arguit,
1309 1758 1492 1813 pacem
1532 1745 1812 1801 conciliat.
1891 1769 1895 1772 ·
2079 1813 2109 1822 _

1773 1755 1812 1801 t.
1891 1769 1895 1772 ·
2079 1813 2118 1822 __
2230 1754 2328 1816 Ὃς
2357 1751 2597 1822 κρύπτει
2627 1749 2896 1818 ἀδίκημα.
2935 1747 3090 1815 ζητεῖ
3123 1745 3334 1816 φιλίαν.

535 1832 649 1888 Cur
679 1835 744 1890 ad
781 1835 1113 1905 impietatem
1137 1813 1354 1892 silentio
1383 1837 1729 1904 connixistis,
1765 1847 1820 1894 et.
1846 1839 2046 1909 iniqui-
2078 1813 2105 1874 ε

2227 1813 2349 1896 Ἵνα
2377 1813 2430 1894 ί
2457 1813 2919 1908 παρεσιωπή-σατε
2950 1813 3229 1900 ἀσέϐειαν,
3264 1836 3364 1890 καὶ
3388 1835 3489 1900 τὰς
3523 1833 3757 1896 ἀδικίας

471 1933 615 1980 tates
641 1926 762 1996 ejus
783 1929 1163 1985 vindemiastis
1191 1929 1215 1982 ?

1191 1929 1215 1982 ἲ
2151 1931 2326 2000 αὐτῆς
2355 1933 2694 2002 ὲτρυγήσατε
2719 1947 2733 1998 ;

538 2019 774 2075 Zachar.
810 2021 986 2078 Nemo
1047 2024 1176 2078 vilia
1241 2025 1615 2094 proximorum
1658 2028 1712 2083 in
1747 2029 1912 2084 corde
1947 2045 2049 2086 suo

2226 2023 2443 2077 Κακίαν
2485 2023 2718 2084 ἕκαστος
2744 2021 2840 2075 τοῦ
2882 2021 3108 2091 πλησίον
3144 2017 3310 2073 αὐτοῦ
3351 2021 3428 2101 μὴ
3467 2035 3753 2088 μνησικα-

469 2111 802 2167 recordetur.

2150 2114 2317 2168 κείτω
2346 2115 2403 2167 ὲν
2427 2119 2550 2177 ταῖς
2579 2115 2830 2182 καρδίαις
2861 2113 3037 2183 ὑμῶν.

543 2201 984 2261 Misericordiam
1010 2214 1063 2261 et
1088 2207 1497 2263 miserationem
1523 2210 1878 2281 impertimini
1899 2214 2050 2284 quis-

2228 2206 2418 2270 Ἔλεος
2445 2207 2539 2259 καὶ
2577 2205 2897 2273 οἰκτιρμοὺς
2944 2205 3151 2258 ποιεῖτε
3201 2202 3436 2263 ἕκαστος
3469 2199 3615 2268 πρὸς
3653 2199 3754 2251 τὸν

473 2310 580 2364 que
604 2296 857 2363 proximo
885 2311 988 2352 suo
1017 2311 1078 2352 ac
1111 2297 1268 2352 fratri
1300 2315 1427 2354 suo.

2151 2299 2380 2369 πλησίον
2410 2297 2597 2361 αὐτοῦ,
2635 2297 2728 2349 καὶ
2757 2296 2846 2349 τὸν
2880 2295 3107 2363 ἀδελφνιν
3163 2292 3352 2347 αὐτοῦ.

542 2385 624 2439 Ne
676 2387 748 2440 ob
787 2387 1087 2456 quamlibet
1129 2389 1386 2459 injuriam
1440 2393 1694 2461 proximo
1731 2405 1823 2450 tuo
1867 2397 2051 2452 irasci-

2240 2395 2362 2448 Ἐπὶ
2417 2394 2580 2446 παντὶ
2625 2393 2927 2461 ἀδικήματι
2982 2390 3059 2460 μὴ
3109 2390 3346 2458 μηνίσῃς
3393 2386 3475 2457 τῷ
3510 2386 3751 2455 πλησίον

471 2485 580 2531 tor.

2153 2509 2269 2546 σου.

545 2568 712 2623 Eccli.
745 2585 935 2626 XXVI“.
973 2572 1204 2628 Remitte
1236 2576 1484 2644 proximo
1516 2577 1794 2647 injurlam,
1827 2590 1880 2636 et
1909 2593 2046 2646 tum,

2231 2582 2404 2649 Ἀφες
2435 2579 2683 2648 ἀδίκημα
2708 2576 2786 2646 τῷ
2817 2575 3045 2645 πλησίον
3075 2593 3190 2637 σου,
3225 2577 3320 2629 καὶ
3341 2577 3487 2641 τότε,
3522 2576 3754 2645 δεηθέν-

472 2664 824 2724 te'precante,
857 2670 1073 2728 peccata
1103 2674 1192 2716 tua
1227 2663 1573 2722 delebuntur.

2151 2688 2242 2735 τος
2271 2689 2386 2735 σου,
2419 2673 2475 2724 αί
2517 2669 2786 2740 ἁμαρτίαι
2817 2686 2911 2722 σου
2942 2667 3288 2737 λυθήσονται.

546 2746 744 2803 Melior
769 2759 855 2804 est
883 2751 1096 2807 minore
1131 2755 1390 2824 przeditus
1419 2757 1802 2826 intelligentia,
1829 2761 1874 2813 si
1904 2772 2047 2816 metu

2224 2765 2493 2835 Κρεῖσσον
2523 2761 2832 2833 ἡττώμενος
2863 2760 2921 2813 ὲν
2945 2759 3164 2812 συνέσει
3189 2759 3453 2828 ἔμφοϐος,
3480 2758 3514 2830 ﬁ
3545 2775 3749 2829 περισο

472 2853 530 2894 se
577 2843 850 2904 continet,
907 2859 1070 2913 quam
1113 2847 1402 2902 abundans
1433 2850 1724 2918 prudentia
1755 2852 1845 2920 qui
1881 2851 2042 2923 legem

1881 2851 2048 2923 legem
2156 2856 2333 2910 σεύων
2364 2857 2705 2926 φρονήσεως,
2755 2853 2849 2906 καὶ
2883 2850 3238 2922 παραϐαίνων
3265 2851 3450 2920 νόμον.

471 2929 662 2986 violat.

541 3020 855 3079 Recordare
873 3035 1228 3096 prmceptum,
1255 3037 1308 3082 et
1327 3029 1409 3085 sic
1430 3031 1736 3100 proximum
1759 3041 1910 3086 tuum
1939 3049 2048 3090 non

2232 3035 2516 3107 Μνὴσθητι
2547 3033 2791 3104 ἐντολῆς,
2834 3033 2928 3086 καὶ
2963 3031 3037 3103 μὴ
3067 3030 3349 3102 ἀμελήσῃς
3377 3027 3472 3082 τοῦ
3506 3028 3744 3098 πλησίον

472 3112 737 3183 negliges.

702 3129 762 3213 ὴ.
2077 3151 2123 3213 (Ζ
2159 3148 2272 3185 σου.

553 3202 860 3260 Recordare
896 3217 1170 3274 postrema
1202 3224 1323 3278 qua:
1354 3211 1452 3265 tibi
1484 3213 1756 3279 evenient,
1788 3225 1840 3269 et
1872 3216 2055 3270 inimi-
2083 3202 2123 3213 ‘-

2226 3215 2504 3286 Μνήσθητι
2534 3214 2602 3266 τὰ
2629 3211 2837 3282 ἐσχατά
2885 3227 3002 3276 σου,
3047 3215 3144 3264 καὶ
3180 3209 3389 3263 παῦσαι
3414 3210 3743 3280 ὲχθραίνων.

472 3291 636 3348 citias
665 3310 853 3363 gerere
883 3298 1138 3354 desinito.

547 3382 626 3437 Ex
667 3385 838 3454 teipso
865 3403 952 3444 res
979 3392 1214 3459 proximi
1247 3395 1588 3462 cognoscito.

2233 3392 2365 3446 Νόει
2392 3392 2458 3445 τά
2491 3391 2584 3444 τοῦ
2615 3391 2840 3462 πλησίον
2871 3388 2929 3454 ἐξ
2963 3386 3179 3442 ἑαυτοῦ.

549 3475 747 3531 Matth.
782 3492 833 3532 v.
869 3479 926 3534 Si
952 3482 1220 3540 obtuleris
1250 3500 1451 3541 munus
1493 3495 1646 3542 tuum
1695 3489 1762 3546 ad
1803 3505 1975 3559 aram,
2005 3505 2058 3549 et

2247 3486 2376 3538 Ἐάν
2411 3485 2732 3555 προσφέρῃς
2769 3481 2832 3535 τὸ
2858 3480 3030 3551 δῶρόν
3071 3496 3166 3532 σου
3205 3479 3301 3533 ἐπὶ
3341 3479 3400 3534 τι
3445 3481 3740 3550 θυσιαστή-

477 3569 710 3639 reliqua.

2166 3595 2304 3648 ριον.
2342 3577 2436 3629 καὶ
2466 3576 2534 3630 τὰ
2563 3575 2749 3629 λοιπά.

554 3661 612 3717 Si
659 3665 986 3722 remiseritis
1044 3667 1363 3727 hominibus
1411 3673 1608 3730 delicta
1667 3677 1934 3746 ipsorum,
1976 3693 2058 3733 re-

2247 3668 2372 3723 Ἐὰν
2405 3669 2578 3738 ἀφῆτε
2605 3671 2715 3731 τοῖς
2750 3665 3061 3737 ἀνθρώποις
3088 3667 3154 3721 τὰ
3189 3663 3614 3736 παραπτώματα
3643 3666 3736 3718 αὖ·

479 3755 658 3812 miltet
708 3757 872 3812 etiam
936 3759 1092 3816 vobis
1158 3762 1317 3818 Pater
1362 3776 1545 3822 vester
1589 3771 1836 3826 caelestis
1863 3771 2049 3825 delicta

2168 3759 2290 3822 τῶν,
2320 3759 2524 3828 ἀφήσει
2557 3758 2650 3810 καὶ
2685 3757 2813 3821 ὑμῖν
2852 3759 2879 3810 6
2926 3757 3115 3828 Πατὴρ
3148 3755 3304 3826 ὑμῶν
3333 3758 3360 3809 6
3388 3757 3639 3824 οὐράνιος
3670 3756 3738 3807 τὰ

480 3857 684 3903 vestra.
1769 3859 1772 3862 ’

1769 3859 1772 3862 ’
2163 3849 2590 3920 παραπτώματα
2625 3849 2801 3918 ὑμῶν.

554 3938 753 3992 Matth.
793 3955 946 3997 xvm.
982 3941 1120 3996 Tum
1177 3943 1372 4000 Petrus
1424 3947 1658 4004 Domino
1705 3951 1843 4006 dixit
1873 3970 1885 4006 :
1913 3952 2060 4018 Quo-

2233 3941 2368 3993 Τότε
2397 3939 2426 3991 6
2456 3940 2659 4009 Πέτρος
2693 3939 2771 4009 τῷ
2801 3939 2993 4009 Κυρίῳ
3041 3935 3196 3992 εἶπεν
3217 3954 3232 3969 ο
3293 3938 3533 4000 Ποσάκις
3564 3938 3740 4006 ἀμαρο

482 4027 586 4084 ties
620 4033 868 4100 peccabit
903 4034 956 4086 in
1011 4051 1096 4088 me
1145 4036 1314 4092 frater
1346 4055 1525 4104 meus,
1563 4051 1616 4095 et
1651 4045 1927 4098 remittam
1955 4044 2002 4098 ei
2039 4043 2052 4096 ἱ

2165 4033 2318 4104 τήσει
2361 4035 2440 4096 είς
2486 4031 2587 4103 ἐμὲ
2629 4033 2657 4084 6
2705 4032 2936 4100 ἀδελφός
2974 4048 3109 4100 μου,
3153 4031 3247 4084 καὶ
3307 4031 3505 4097 ἀφήσω
3557 4027 3735 4093 αὑτῷς

484 4137 616 4176 num
655 4138 826 4192 usque
852 4124 1094 4193 septies?
1135 4127 1274 4180 Dicit
1301 4128 1348 4182 ei
1379 4129 1582 4185 Jesus:
1630 4132 1747 4186 Non
1796 4133 1922 4188 dico
1965 4133 2054 4188 tibi

2168 4125 2266 4188 Em;
2335 4125 2593 4191 ὲπτάκις;
2657 4125 2820 4192 Λέγει
2877 4123 3027 4191 αὐτῷ
3086 4125 3114 4174 6
3170 4121 3418 4192 Ἰησοῦς⁶
3477 4120 3553 4172 Οὖ
3601 4119 3738 4184 λέγω

491 4225 664 4278 usque
691 4211 914 4280 septies,
951 4212 1043 4267 sed
1085 4229 1258 4282 usque
1287 4218 1597 4286 septuagies
1621 4219 1846 4286 septies.

2165 4234 2248 4270 σοι
2301 4217 2404 4281 ἕως
2447 4217 2707 4281 ἑπτάκις,
2759 4215 2876 4270 ἀλλ’
2925 4216 3030 4277 ἓως
3069 4213 3529 4283 ὲόδομηκοντάκις
3581 4214 3735 4267 ἑπτά.

559 4305 755 4360 Matth.
785 4323 915 4362 xvn.
943 4309 998 4362 Si
1021 4309 1186 4362 frater
1209 4321 1335 4367 tuus
1361 4311 1414 4364 in
1455 4322 1508 4366 te
1539 4315 1802 4381 peccarit,
1835 4314 2060 4384 objurga

2248 4309 2374 4362 Ἐὰν
2432 4308 2652 4380 ἁμάρτῃ
2697 4309 2724 4360 6
2769 4307 2998 4374 ἀδελφός
3041 4323 3172 4369 σου,
3207 4305 3535 4372 ἐπιτίμησον
3570 4303 3734 4372 αὐτῷ*

489 4400 663 4462 eum;
711 4406 766 4452 (ι
801 4399 844 4452 si
904 4401 1240 4468 pa'nituerit,
1295 4401 1513 4456 remitte
1539 4402 1616 4456 illi
1648 4419 1663 4469 ;
1703 4415 1756 4458 ct
1787 4405 1829 4458 si
1862 4408 2059 4473 septies

2168 4403 2257 4454 καὶ
2307 4403 2398 4454 ἐὰν
2460 4402 2794 4473 μετανοήσῃ,
2839 4402 2974 4468 ἄφες
3011 4399 3196 4468 αὐτῷ’
3250 4399 3344 4451 καὶ
3387 4399 3482 4450 ἐὰν
3515 4398 3738 4460 ἑπτάκις

491 4487 548 4542 in
589 4489 677 4542 die
707 4491 944 4557 peccarit
979 4491 1032 4545 in
1087 4497 1158 4558 te,
1197 4495 1506 4564 septiesque
1561 4495 1614 4548 in
1644 4497 1729 4550 die
1759 4505 2060 4552 revertatur

2168 4495 2264 4563 τῆς
2291 4495 2503 4563 ἡμέρας
2530 4494 2751 4564 ἁμάρτῃ
2787 4495 2865 4556 είς
2903 4494 2984 4555 σὲ,
3010 4494 3104 4546 καὶ
3139 4492 3372 4554 ἑπτάκις
3396 4491 3500 4560 τῆς
3529 4492 3736 4560 ἡμέρας

491 4593 556 4634 ac
591 4580 771 4635 dicat:
799 4579 1032 4637 Ptenitet
1061 4601 1165 4651 ine,
1200 4587 1412 4640 remitte
1451 4587 1549 4640 illi.

2192 4585 2471 4654 ,Tttctpétzzn
2501 4585 2698 4652 λέγων,
2731 4584 3016 4650 Μετανοῶ,
3051 4583 3185 4652 ἄφες
3215 4583 3385 4652 αὐτῷ.
3759 4648 3762 4651 _

564 4670 756 4728 Videte
779 4689 844 4728 ne
869 4676 1234 4731 eontemnatis
1265 4692 1434 4730 unum
1459 4677 1525 4732 de
1550 4678 1764 4748 pusillis
1793 4679 1877 4733 liis
1903 4697 1915 4733 :
1943 4679 2066 4734 dico

2261 4677 2453 4747 Ὁρᾶτε
2483 4679 2558 4748 μὴ
2590 4678 3036 4746 καταφρονήσητε
3066 4676 3184 4738 ἐνὸς
3217 4674 3326 4728 τῶν
3378 4675 3596 4743 μικρῶν
3627 4673 3737 4726 τοὺ-

491 4762 638 4816 enim
687 4763 861 4830 vobis,
901 4765 1126 4833 angelos
1168 4766 1413 4834 ipsorum
1455 4767 1508 4820 in
1553 4768 1693 4821 coelo
1721 4769 2061 4823 continenter

2170 4787 2300 4824 των.
2364 4770 2524 4838 Λέγω
2554 4768 2665 4838 γὰρ
2708 4769 2835 4837 ὑμῖν
2874 4768 2956 4820 ὅτι
2989 4767 3038 4819 oi
3078 4765 3305 4834 ἄγγελοι
3337 4764 3524 4818 αὐτῶν
3574 4767 3631 4816 ὲν

489 4853 675 4912 videre
706 4855 898 4912 faciem
943 4855 1121 4913 Patris
1155 4857 1260 4912 mei
1285 4858 1378 4927 qui
1412 4865 1494 4912 est
1529 4858 1580 4912 iu
1612 4859 1789 4914 ccclis.

2172 4861 2386 4930 οὐρανῴ
2409 4860 2700 4922 διαπαντὸς
2730 4857 2986 4926 βλέπουσι
3017 4855 3076 4910 τὸ
3098 4856 3393 4927 πρόσωπον
3418 4856 3515 4909 τοῦ
3542 4857 3650 4909 H1:
3661 4858 3737 4925 ρος

2175 4968 2278 5022 μου
2313 4951 2406 5003 τοῦ
2447 4954 2505 5004 ἐν
2539 4951 2808 5017 οὐρανοῖς.

567 5031 717 5087 Rom.
770 5051 855 5088 xv.
935 5035 1211 5092 Debemus
1268 5052 1368 5092 nos
1429 5037 1521 5106 qui
1583 5037 1792 5092 robusti
1854 5055 2068 5105 sumus,

2261 5041 2580 5111 Ὀφείλομεν
2636 5041 2800 5108 ἡμεῖς
2829 5038 2878 5090 οί
2908 5038 3128 5115 δυνατοξι
3156 5038 3224 5092 τὰ
3262 5039 3615 5109 ἀσθενήματα
3645 5035 3738 5089 τῶν

492 5125 844 5184 infirmitates
875 5129 1230 5184 imbecillium
1260 5131 1432 5196 ferre,
1481 5146 1578 5185 nec
1615 5133 1772 5186 nobis
1807 5132 1939 5201 ipsis
1961 5135 2062 5202 pta-

2033 5148 2074 5186 l-
2175 5133 2455 5188 ἀδυνάτων
2492 5131 2807 5202 βαστάζειν,
2835 5130 2932 5186 καὶ
2965 5131 3041 5201 μὴ
3069 5130 3284 5193 ἑαυτοῖς
3314 5131 3603 5200 ἀρέσκειν.

491 5233 640 5275 cere.

567 5311 952 5382 Unusquisque
991 5321 1227 5368 vestrum
1271 5315 1518 5384 proximo
1551 5316 1714 5389 2θῆΙ
1759 5317 1968 5388 placeat
2017 5321 2073 5372 in

2254 5311 2526 5372 Ἕκαστος
2557 5309 2711 5377 ὑμῶν
2735 5306 2810 5377 τῷ
2839 5305 3066 5376 πλησίον
3091 5304 3373 5376 ἀρεσκέτω
3404 5306 3488 5368 είς
3521 5305 3580 5358 τδ
3610 5309 3739 5370 ἀγα-

495 5421 561 5461 eo
588 5407 732 5476 quod
770 5406 975 5461 bonum
1010 5417 1091 5462 est
1114 5409 1178 5462 ad
1204 5408 1645 5465 mdificationem.

1217 5408 1645 5465 ndificationem.
2179 5404 2270 5456 θὸν
2311 5401 2444 5471 προς
2479 5400 2787 5469 οίκοδομήν.

568 5485 739 5555 Nemo
769 5515 864 5552 sua
915 5510 1143 5569 quaerat,
1178 5501 1268 5555 sed
1312 5502 1542 5571 proximi
1579 5501 1882 5556 commodis
1919 5501 2077 5572 quis-

2251 5494 2456 5562 Μηδεὶς
2487 5492 2546 5548 τὸ
2585 5491 2781 5546 ἑαυτοῦ
2814 5489 3069 5559 ζητείτω,
3114 5487 3251 5540 ἀλλὰ
3289 5488 3349 5540 τὸ
3385 5485 3482 5540 τοῦ
3529 5487 3742 5554 πλησίον

497 5605 606 5662 que
641 5592 864 5646 serviat.

858 5631 864 5644 .
2180 5591 2428 5651 ἕκαστος.

573 5680 754 5734 Om-ra
789 5690 1000 5748 portate
1038 5683 1127 5738 alii
1186 5683 1442 5749 aliorum,
1478 5694 1530 5741 et
1576 5683 1656 5743 sic
1687 5684 1969 5756 explebitis
2003 5687 2080 5740 leo

2268 5679 2542 5748 Ἀλλήλων
2592 5679 2659 5730 τὰ
2715 5676 2856 5746 βάρη
2908 5674 3230 5744 βαστάζετε,
3272 5673 3365 5726 καὶ
3410 5670 3586 5735 οὕτως
3619 5670 3739 5723 ἀνα·

511 5785 630 5840 gem
654 5771 874 5826 Christi.
2190 5770 2506 5834 πληρώσετε
2536 5769 2626 5821 τὸν
2659 5767 2819 5829 νόμον
2848 5766 2938 5818 τοῦ
2972 5763 3229 5826 Χριστοῦ.
