3996 6194
361 347 496 408 1141

1165 340 1336 402 LOCI
1376 337 1821 402 COMMUNES.
1862 363 1933 374 -
1967 338 2161 402 PARS
2188 341 2273 401 II.
2307 341 2565 404 SERMO
2598 344 2710 407 LV.

3483 343 3507 407 1
3518 345 3637 413 112⁵

422 464 647 520 Γίνεσθε
693 458 787 518 οὖν
817 464 899 527 είς
942 462 1205 532 ἀλλήλους
1236 459 1504 531 χρηστοὶ,
1541 456 1931 529 εὔσπλαγχνοι,
1963 501 1971 521 ι

2113 458 2302 515 Εειοιο
2358 459 2527 531 igitur
2558 461 2654 517 alii
2702 461 2758 517 in
2810 460 2949 516 alios
2993 474 3190 516 suaves
3218 468 3274 516 et
3305 463 3575 517 commodi
3606 503 3622 529 ,

359 555 714 628 χαριζόμενοι
745 556 978 618 ἑαυτοῖς,
1011 551 1192 615 καθὼς
1236 552 1335 604 καὶ
1379 552 1409 605 δ
1456 550 1694 619 Χριστὸς
1751 548 1939 620 ἐχαρί-

363 664 498 701 σατο
535 647 690 716 ὑμῖν.

436 738 658 792 Γίνεσθε
718 736 813 794 οὖν
860 737 1098 808 μιμηταὶ
1137 733 1233 789 τοῦ
1285 735 1445 798 Θεοῦ,
1497 734 1573 797 ώς
1602 732 1774 787 τέκνα
1801 734 1940 801 ἁγα-

362 830 535 902 πητά,
572 830 670 884 καὶ
696 831 1047 901 περιπατεῖτε
1071 829 1131 881 ὲν
1153 827 1343 898 ἀγάπῃ
1370 865 1385 892 ,
1415 824 1600 890 καθὼς
1628 825 1724 878 καὶ
1745 825 1775 878 δ
1803 824 1942 893 Χρι-

313 908 320 923 ;
365 925 488 987 στος
523 924 814 994 ἠγάπησεν
852 922 1025 992 ἡμᾶς,
1073 920 1171 975 καὶ
1224 918 1542 991 παρέδωκεν
1580 916 1774 972 ἑαυτὸν
1801 916 1942 986 ὑπὲρ

365 1015 522 1084 ἡμῶν
574 1014 894 1085 προσφορὰν
940 1014 1037 1068 καὶ
1084 1012 1275 1067 θυσίαν
1316 1010 1398 1082 τῷ
1457 1010 1577 1082 Θεῷ
1633 1010 1715 1072 είς
1759 1008 1938 1079 ὀσμὴν

373 1106 626 1171 εὐωδίας.

448 1195 795 1262 Ἐνδύσασθε,
847 1196 922 1258 ὡς
968 1193 1214 1248 ἐκλεκτοὶ
1276 1191 1369 1247 τοῦ
1414 1191 1572 1258 Θεοῦ,
1618 1190 1793 1259 ἅγιοι,
1843 1191 1941 1243 καὶ

365 1290 738 1362 ἠγαπημένοι,
773 1288 1060 1358 σπλάγχνα
1098 1285 1411 1356 οἰκτιρμοῦ,
1449 1284 1820 1355 χρηστότητα,
1849 1300 1945 1337 τα-

368 1380 824 1453 πεινοφροσύνην,
861 1380 1173 1449 πραΰτητα,
1224 1375 1644 1448 μακροθυμίαν,
1681 1374 1945 1445 ἀνεχόμε-

364 1491 444 1529 νοι
470 1472 739 1542 ἀλλήλων,
771 1471 868 1525 καὶ
894 1467 1248 1540 χαριζόμενοι
1277 1468 1493 1529 ἑαυτοῖς
1514 1505 1531 1532 ,
1563 1465 1662 1520 ἐάν
1690 1482 1774 1528 τις
1807 1464 1945 1535 πρὸς

371 1581 495 1619 τινα
526 1562 627 1635 ἔχῃ
661 1560 919 1631 μομφήνο
952 1559 1136 1624 καθὼς
1167 1559 1264 1613 καὶ
1309 1560 1338 1613 δ
1377 1558 1613 1629 Χριστὸς
1653 1555 1946 1627 ἐχαρίσατο

366 1656 522 1725 ὑμῖν,
556 1651 702 1708 οὕτω
737 1654 834 1707 καὶ
866 1652 1047 1721 ὑμεῖς.

438 1744 875 1817 Παρακαλοῦμεν
918 1745 1086 1815 ὑμᾶς,
1139 1742 1392 1812 ἀδελφοὶ,
1447 1740 1752 1795 νουθετεῖτε
1811 1735 1945 1798 τοὺς

369 1797 672 1904 ἀτάκτους,
715 1797 1139 1908 ⁷παραμυθεῖσθε
1185 1797 1313 1897 τοὺς
1355 1797 1718 1902 δλιγοψύχους
1737 1870 1753 1894 ,
1791 1827 1947 1883 ἀντέ-
1977 1797 2020 1853 Β

368 1933 532 2004 χεσθε
546 1932 657 1985 τῶν
673 1929 936 1994 ἀσθενῶν,
955 1926 1363 1999 μακροθυμεῖτε
1377 1925 1458 1986 είς
1480 1925 1711 1986 πάντας.
1747 1922 1945 1991 Ὀρᾶτε

378 2025 454 2094 μή
480 2040 567 2087 τις
592 2020 767 2075 κακδν
815 2020 939 2072 ἀντὶ
987 2016 1161 2072 κακοῦ
1210 2014 1419 2085 ἀποδῷ,
1451 2012 1587 2067 ἀλλὰ
1616 2013 1848 2066 πάντοτε
1885 2009 1947 2065 τὸ

368 2115 573 2185 ἀγαθὸν
607 2114 856 2179 διώκετε,
895 2110 991 2164 καὶ
1026 2109 1106 2172 είς
1138 2105 1424 2178 ἀλλήλοιν,
1473 2104 1568 2157 καὶ
1599 2105 1680 2167 είς
1713 2100 1942 2163 πάντας.

444 2382 682 2454 Είρὴνην
708 2377 935 2433 διώκετε
964 2374 1102 2447 μετὰ
1137 2373 1371 2437 πάντων,
1400 2370 1495 2422 καὶ
1525 2369 1616 2421 τὸν
1639 2368 1938 2436 ἀγιασμὺν,

370 2471 435 2530 οὗ
469 2474 635 2546 χωρὶς
667 2470 844 2532 οὐδεὶς
873 2467 1064 2537 δψεται
1093 2465 1185 2518 τδν
1218 2463 1444 2533 Κύριον.
1971 2517 1974 2520 ,

441 2562 836 2631 Ἐκαστοςλτὴν
864 2557 1069 2613 κακίαν
1103 2555 1200 2609 τοῦ
1237 2554 1466 2623 πλησίον
1498 2551 1664 2606 αὑτοῦ
1698 2549 1776 2621 μὴ
1802 2546 1949 2617 λογί-

370 2658 532 2723 ζεσθε
572 2658 628 2711 ὲν
654 2657 775 2717 ταῖς
809 2649 1063 2717 καρδίαις
1095 2647 1274 2718 ὑμῶν.

443 2751 583 2811 Τοὺς
613 2744 1041 2816 ἁμαρτάνοντας
1075 2738 1308 2793 ἐνώπιον
1340 2736 1559 2791 πάντων
1597 2733 1788 2803 ἔλεγχε
1808 2771 1825 2799 ,
1863 2732 1949 2786 ἴνα

368 2842 467 2897 καὶ
496 2843 545 2894 οἱ
572 2835 756 2891 λοιποὶ
789 2834 955 2904 φόϐον
984 2831 1209 2900 ἔχωσιν.
1254 2888 1275 2897 η

443 2932 656 3002 Ὠσπερ
688 2929 739 2982 οί
774 2928 867 2981 επὶ
908 2925 1001 2978 τὸν
1033 2919 1286 2990 αἰγιαλὸν
1326 2918 1586 2984 ἑστῶτες,
1614 2916 1728 2980 τοῖς
1758 2917 1817 2970 ὲν
1854 2914 1951 2967 θα-

368 3025 545 3094 λάσσῃ
592 3018 1012 3092 βαπτιζομένοις
1061 3013 1508 3084 συμπάσχοντες,
1554 3009 1616 3061 οὐ
1667 3007 1950 3078 προΐενται

372 3115 472 3186 τὴν
509 3110 718 3167 οἰκείαν
747 3107 1053 3175 ἀσφάλειαν
1102 3107 1160 3157 ὲν
1188 3106 1258 3175 τῇ
1288 3102 1418 3169 περὶ
1448 3098 1559 3153 τῶν
1608 3097 1947 3152 κινδυνευόν-

368 3222 480 3260 των
504 3200 747 3274 φροντίδι
771 3213 785 3228 ⁶
820 3196 995 3259 οὕτως
1023 3195 1147 3249 οὐδὲ
1196 3196 1244 3248 ei
1279 3194 1392 3255 τοῖς
1435 3191 1805 3261 ἁμαρτήμασι
1838 3187 1949 3239 τῶν

371 3294 544 3354 πέλας
576 3285 1071 3356 ὲπιστυγνάζοντες
1098 3285 1200 3354 τὴν
1222 3284 1433 3338 οἰκείαν
1465 3278 1825 3351 ἀφανίζουσιν
1855 3278 1947 3330 εύ-

370 3385 673 3457 ιρροσύνην⁶
702 3379 1011 3434 τούναντίον
1040 3378 1140 3448 μὲν
1169 3377 1263 3431 οὖν
1289 3375 1388 3428 καὶ
1419 3372 1645 3444 μείζονα
1689 3367 1946 3423 ποιοῦσιν

374 3479 571 3548 αὐτὴν,
605 3473 746 3551 ὑπὲρ
776 3473 885 3527 τῶν
922 3472 1003 3535 είς
1030 3472 1158 3535 τοὺς
1187 3468 1454 3538 ἀδελφοὺς
1482 3463 1738 3537 δακρύων
1768 3460 1948 3526 ἀξιού·

375 3586 529 3642 μενοι
561 3570 660 3639 τῆς
701 3569 879 3637 χαρᾶς
908 3564 1001 3619 τοῦ
1053 3563 1261 3634 Κυρίου
1311 3560 1401 3614 διὰ
1436 3560 1535 3631 τὴν
1571 3554 1945 3626 συμπάθειαν

372 3660 564 3732 ἐπειδὴ
608 3660 669 3712 τὸ
700 3656 945 3712 τοιοῦτον
976 3656 1211 3726 δάκρυον
1249 3655 1420 3707 οἱονεὶ
1451 3651 1677 3719 σπέρμα
1713 3649 1807 3703 καὶ
1855 3647 1949 3701 δά-

373 3769 574 3825 νεισμα
603 3751 816 3821 γίνεται
841 3753 944 3818 τῆς
976 3746 1199 3801 αἰωνίου
1228 3746 1426 3815 χαρᾶς.

455 3930 518 3983 '0
541 3929 684 3996 ὑπὲρ
715 3927 814 3997 τῆς
847 3924 943 3978 τοῦ
992 3923 1224 3993 πλησίον
1271 3920 1549 3992 ἁμαρτίας
1582 3918 1787 3989 θερμὸν
1812 3919 1951 3971 ἀπο-

375 4022 580 4088 στάξας
605 4020 866 4091 δάκρυον,
896 4017 1092 4071 ἑαυτὸν
1118 4015 1374 4080 ὲξιάσατο
1394 4011 1465 4066 δι’
1496 4005 1573 4066 ὧν
1600 4013 1690 4065 τδν
1712 4008 1949 4079 ἀδελφὸν

374 4114 726 4184 ἀπωδύρατο.

454 4208 515 4260 '0
538 4204 900 4275 ὲφησυχάζων
923 4202 1020 4255 καὶ
1049 4201 1124 4271 μὴ
1153 4199 1393 4269 ἐλέγχων
1415 4196 1513 4267 τὴν
1549 4192 1831 4265 ἁμαρτίαν
1857 4191 1950 4244 τοῦ

374 4299 607 4369 ἀδελφοῦ
648 4296 840 4363 αὑτοῦ,
881 4293 1225 4363 ἄσπλαγχνός
1259 4295 1430 4357 ἐστιν,
1459 4287 1648 4358 ὥσπερ
1677 4287 1707 4339 ὁ
1748 4284 1842 4338 τὸν
1877 4284 1953 4339 ἰδν

374 4392 595 4461 ἐναφεὶς
628 4390 709 4457 τῷ
740 4387 993 4458 δηχθέντι
1023 4386 1130 4438 ὑπὸ
1161 4382 1257 4437 τοῦ
1294 4381 1523 4436 ίοόόλου.

2042 549 2429 607 misericordes
2457 590 2474 616 ,
2524 553 2897 609 condonantes
2944 552 3223 618 vicissim,
3275 553 3622 623 quemadmoo

2040 641 2172 696 dum
2193 640 2445 698 Christus
2475 642 2631 699 vobis
2671 642 3032 701 cendonavit.

2107 731 2297 788 Estote
2335 732 2504 804 igitur
2552 733 2865 790 imitatores
2912 734 3006 789 Dei
3041 743 3295 803 tanquam
3351 734 3448 792 filii
3499 737 3623 792 cha-

2042 821 2273 891 rissimi,
2306 838 2373 879 ac
2407 823 2464 879 in
2497 823 2791 880 dilectione
2812 824 3112 891 ambulate,
3158 826 3626 894 quemadmodum

2042 912 2162 984 ipse
2183 912 2441 972 Christus
2469 929 2568 971 vos
2588 914 2801 980 dilexit,
2836 923 2891 970 et
2913 913 3154 984 seipsum
3179 931 3278 986 pro
3308 917 3464 973 vobis
3498 917 3624 973 olle

2043 1004 2272 1060 rendam
2327 1012 2384 1062 et
2425 1006 2779 1063 mactandum
2831 1004 2947 1061 Deo
2984 1004 3214 1061 tradidit
3275 1007 3333 1063 in
3404 1009 3626 1068 odorem

2043 1095 2471 1151 suaveolentem.

2111 1182 2407 1238 lnduimini
2438 1193 2497 1239 ut
2529 1184 2689 1241 electi
2734 1185 2850 1255 Dei,
2900 1187 3101 1256 sancti,
3148 1188 3216 1243 ab
3264 1189 3386 1261 ipso
3421 1187 3629 1255 dilecti,

2049 1274 2261 1331 viscera
2297 1275 2670 1333 miserationis
2693 1317 2709 1342 ,
2769 1278 3094 1334 suavitatem
3123 1278 3316 1347 animi,
3343 1279 3629 1335 demissio-

2042 1378 2195 1430 nem,
2227 1363 2950 1432 clementiamflenitalem,
2987 1365 3228 1423 ferentes
3253 1383 3351 1426 vos
3392 1368 3627 1425 invicem

2043 1465 2098 1513 et
2137 1467 2327 1513 mutuo
2376 1457 2773 1523 contionantes,
2804 1458 2850 1513 si
2885 1460 3009 1528 quis
3058 1474 3183 1514 cum
3238 1461 3423 1531 aliquo
3464 1461 3631 1516 habet

2044 1550 2541 1618 expostulationem
2573 1566 2589 1605 :
2627 1559 2688 1604 ut
2717 1549 2971 1605 Christus
2994 1551 3324 1607 condonavit
3351 1552 3527 1620 vobis,
3549 1551 3631 1608 sic

2044 1641 2210 1695 etiam
2241 1654 2335 1696 vos
2364 1641 2682 1696 condonare
2704 1639 2917 1697 debetis
2946 1640 3039 1696 alii
3067 1641 3215 1698 aliis.

2119 1733 2419 1790 Hortamur
2451 1747 2571 1801 vos,
2601 1733 2807 1789 fratres
2831 1771 2847 1799 ,
2896 1744 2957 1788 ut
2989 1747 3087 1789 eos
3135 1732 3230 1803 qui
3266 1734 3657 1789 immoderato.

2049 1823 2310 1893 nulloque
2362 1821 2558 1879 ordine
2611 1832 2830 1879 servato
2877 1836 2939 1879 se
2973 1832 3209 1893 gerunt,
3268 1824 3629 1891 admoneatis,

2047 1929 2146 1970 eos
2179 1912 2274 1984 qui
2309 1927 2482 1983 parvo
2509 1912 2695 1968 animo
2737 1924 2866 1969 sunt
2900 1915 3284 1978 consolemini,
3330 1924 3386 1969 et
3423 1914 3628 1971 debiles

2047 2005 2367 2060 sustentetis
2394 2045 2410 2071 .
2467 2014 2521 2060 et
2575 2005 2729 2061 lenes
2765 2018 2896 2074 erga
2945 2019 3137 2061 omnes
3179 2004 3324 2062 sitis.
3350 2003 3540 2061 Videte
3563 2023 3628 2061 ne

2047 2096 2175 2166 quis
2202 2095 2409 2151 malum
2447 2110 2547 2166 pro
2579 2095 2725 2150 malo
2751 2095 2963 2162 reddat,
2999 2110 3326 2166 semperque
3352 2096 3628 2167 qued‘bo-

2047 2203 2179 2243 num
2208 2197 2310 2255 est,
2337 2187 2764 2257 prosequimini,
2797 2196 2909 2242 tum
2946 2200 3074 2258 erga
3103 2202 3202 2243 vos
3230 2188 3487 2257 invicem,
3514 2195 3627 2244 tum

2047 2292 2176 2348 erga
2203 2277 2342 2332 alios
2367 2292 2578 2331 omnes.

2118 2362 2314 2419 Pacem
2349 2377 2474 2417 cum
2499 2362 2761 2418 omnibus
2787 2374 2841 2419 et
2863 2365 3354 2423 sanctificationem
3373 2369 3631 2439 expetite,

2047 2454 2167 2510 sine
2192 2468 2300 2524 qua
2330 2452 2619 2508 Dominum
2655 2468 2815 2508 nemo
2851 2455 3072 2511 visurus
3095 2467 3203 2511 est.

2124 2543 2269 2600 Vitia
2296 2543 2529 2616 proximi
2560 2545 2645 2603 sui
2669 2559 2829 2602 nemo
2848 2555 3091 2602 vestrum
3126 2548 3390 2606 inanimo
3412 2559 3630 2621 cogitet.

2115 2725 2410 2781 Peccantes
2447 2738 2632 2781 coram
2676 2725 2936 2782 omnibus
2962 2727 3326 2797 reprehende,
3356 2739 3418 2783 ut
3444 2728 3630 2784 eaetcri

2050 2829 2195 2874 metu
2220 2818 2274 2873 in
2308 2817 2486 2873 ollicio
2526 2817 2892 2873 retineantur.

2136 2905 2197 2963 S.
2234 2907 2452 2962 Basilii.
2487 2906 2558 2961 lit
2588 2908 2684 2977 qui
2718 2908 2781 2961 in
2814 2908 2995 2962 littore
3047 2909 3149 2964 tuti
3178 2919 3345 2979 sunt,
3384 2926 3508 2977 cum
3540 2925 3634 2967 eo-

2048 3014 2173 3056 rum
2202 2999 2299 3069 qui
2329 3000 2388 3054 in
2437 3014 2591 3055 mare
2631 2998 3024 3069 demerguntur
3054 3001 3363 3056 calamitate
3393 3003 3634 3058 alliciun-

2054 3100 2164 3159 tur,
2220 3105 2376 3146 suam
2432 3091 2787 3147 securitatem
2845 3100 2901 3146 et
2952 3100 3120 3146 tutam
3175 3094 3465 3149 stationem
3522 3110 3635 3149 non

2054 3181 2314 3237 amittunt
2367 3190 2590 3252 propter
2640 3180 3069 3237 sollicitudinem
3104 3198 3273 3252 quam
3320 3184 3385 3238 de
3415 3185 3635 3255 pericli-

2052 3273 2295 3329 tantibus
2336 3272 2643 3343 suscipiunt
2677 3289 2692 3326 :
2731 3273 2811 3327 sic
2843 3273 3006 3326 etiam
3032 3274 3124 3342 qui
3156 3274 3223 3327 de
3254 3272 3629 3342 proximorum

2051 3363 2288 3434 peccatis
2336 3374 2612 3434 moerent,
2672 3379 2829 3419 suam
2891 3379 3001 3420 non
3049 3366 3307 3420 amittunt
3358 3366 3632 3425 lzrtitiant.

2055 3457 2148 3510 sed
2182 3460 2376 3510 contra
2410 3455 2671 3524 majorem
2722 3471 2842 3512 eam
2877 3457 3131 3520 reddunt,
3169 3456 3298 3510 dum
3330 3472 3428 3526 per
3453 3457 3635 3527 lacry-

2053 3560 2172 3600 mas
2224 3560 2361 3614 quas
2417 3546 2651 3600 fratrum
2723 3561 2892 3601 causa
2972 3547 3355 3615 profuderint,
3421 3549 3632 3607 Domitii

2054 3636 2255 3708 gaudio
2299 3635 2448 3704 digiti
2494 3635 2786 3701 habentur,
2841 3647 3062 3706 propter
3091 3639 3432 3695 affectionem
3484 3643 3630 3697 illam

2051 3740 2157 3796 qna
2190 3725 2387 3780 alienis
2440 3724 2600 3779 malis
2650 3724 2960 3781 alliciuntur
2991 3744 3007 3781 :
3038 3728 3165 3797 quia
3215 3729 3340 3785 talis
3393 3732 3633 3803 lacryma

2054 3817 2210 3886 quasi
2251 3830 2440 3871 semen
2468 3825 2522 3869 et
2556 3814 2736 3871 fanus
2764 3817 2953 3870 {sterni
2982 3818 3164 3887 gaudii
3198 3830 3304 3873 est.

2125 3905 2230 3972 Qui
2259 3920 2358 3974 pro
2388 3912 2615 3974 peccato
2636 3905 2866 3975 proximi
2899 3905 3197 3961 ferventem
3230 3909 3529 3977 profuderit
3554 3912 3631 3967 la-

2054 4011 2321 4069 crytnam,
2349 3998 2439 4053 hic
2463 3996 2686 4053 fratrem
2719 3997 3056 4068 deplorando
3078 3998 3267 4070 seipse
3291 4002 3524 4057 sanavit.

2125 4179 2227 4247 Qui
2257 4178 2627 4250 conquiescit,
2663 4194 2763 4236 nec
2792 4178 2991 4236 fratris
3013 4180 3099 4235 sui
3128 4189 3411 4250 peccatum
3451 4198 3630 4254 repre-

2056 4271 2262 4336 hendit,
2295 4270 2386 4326 hic
2437 4271 2835 4328 imtnisericors
2886 4282 3010 4339 est,
3041 4280 3100 4326 ut
3129 4274 3223 4343 qui
3260 4274 3315 4328 in
3345 4274 3573 4346 plagam
3601 4290 3633 4331 a

2054 4372 2315 4436 serpente
2345 4362 2546 4420 factam
2580 4378 2854 4420 venenum
2890 4362 3225 4421 infunderet.

446 4454 608 4544 016a;
636 4454 691 4533 τί
726 4454 970 4550 ποιήσεις
1008 4477 1088 4546 τῷ
1137 4474 1364 4545 πλησίον
1400 4469 1607 4536 καλόν;
1645 4470 1712 4523 ’0
1738 4465 1952 4537 σεαυτῷ

2141 4457 2334 4514 Scisne
2388 4457 2520 4527 quid
2582 4456 2708 4512 boni
2771 4454 3021 4525 proximo
3078 4456 3426 4514 faciendum?
3472 4459 3633 4531 205

375 4576 559 4647 βούλει
585 4574 719 4645 παρ’
744 4574 936 4642 ἑτέρου
969 4569 1258 4639 γενέσθαι.

455 4667 517 4720 '0
552 4664 785 4735 ἀγαπῶν
829 4666 923 4717 τὸν
971 4661 1206 4732 πλησίον
1234 4660 1310 4724 ώς
1339 4659 1533 4713 ἑαυτὸν
1567 4657 1722 4711 οὐδὲν
1757 4673 1950 4727 περισ-

375 4759 597 4830 σότερον
626 4757 888 4825 κέκτηται
921 4753 1015 4806 τοῦ
1056 4751 1308 4822 πλησίον.

447 4850 621 4919 ’Δφες
662 4850 691 4902 ὁ
741 4845 990 4915 ἀφεθεὶς,
1045 4844 1268 4915 ἐλέησον
1296 4845 1325 4896 ὁ
1363 4842 1689 4912 ἠλεημένος·
1743 4841 1947 4909 κτῆσαι

374 4943 454 5015 τῷ
484 4940 857 5012 φιλανθρώπῳ
892 4938 955 4992 τὸ
989 4936 1401 5008 φιλάνθρωπον.

447 5127 539 5197 Μὴ
571 5124 811 5197 γελάσῃς
844 5120 1046 5192 πτῶμα
1074 5121 1170 5174 τοῦ
1205 5119 1397 5183 πέλας⁶
1419 5114 1664 5171 διάϐαινε
1691 5113 1748 5167 δὲ
1775 5113 1948 5181 ἀσφα-

375 5220 496 5290 λὴς,
529 5220 631 5286 ὅση
662 5233 745 5270 σοι
772 5214 1027 5284 δύναμις·
1060 5212 1196 5267 ἀλλά
1235 5213 1330 5265 καὶ
1367 5208 1720 5277 δίδοψχεῖρα
1774 5206 1947 5273 χαμαὶ

375 5309 641 5378 κειμένῳ.

444 5393 904 5466 Συγχωρήσωμέν
927 5410 982 5446 τι
1032 5390 1251 5460 μικρὸν,
1283 5389 1374 5445 ἵνα
1409 5386 1599 5458 μεῖζον
1645 5381 1949 5440 άντιλάὸω-

383 5503 504 5557 μεν.
549 5487 744 5556 Ὁρᾶτε
769 5484 968 5554 νόμους
995 5482 1298 5551 ἀθλήσεως,
1327 5479 1423 5533 καὶ
1456 5477 1775 5531 παλαιστῶν
1807 5477 1952 5545 ἀγω-

377 5580 633 5648 νίσματα,
663 5576 718 5629 οἳ
744 5575 822 5647 τῷ
852 5577 1004 5631 κάτω
1036 5573 1254 5628 κεῖσθαι
1283 5571 1566 5637 πολλάκις,
1594 5569 1787 5626 νικῶσι
1822 5569 1949 5632 τοὺς

380 5670 834 5743 ὺπερκειμένους.

2054 4548 2210 4614 Quod
2242 4548 2338 4604 tibi
2375 4549 2492 4618 ipse
2519 4548 2607 4602 vis
2628 4548 2696 4600 ab
2731 4547 2906 4600 altero
2941 4546 3078 4602 lieri.

2123 4641 2228 4707 Qui
2274 4641 2593 4710 proximum
2646 4638 2788 4694 sicut
2817 4628 3058 4710 seipsum
3106 4640 3317 4711 diligit,
3364 4642 3417 4697 is
3452 4641 3626 4698 nihilo

2052 4751 2163 4791 non
2191 4734 2415 4803 capiseo
2448 4733 2572 4802 plus
2603 4747 2766 4802 quam
2797 4735 3079 4802 proximus
3111 4736 3380 4805 possidet.

2127 4826 2402 4895 Theologi.
2451 4823 2711 4894 Remitte,
2748 4841 2873 4882 cum
2902 4827 3003 4883 tibi
3032 4828 3111 4883 sit.
3153 4829 3439 4884 remissum
3475 4845 3490 4882 :
3531 4829 3632 4883 mi-

2055 4931 2267 4983 serere,
2302 4916 2397 4986 qui
2445 4916 2878 4973 misericordiam
2911 4927 3240 4973 consecutus
3265 4934 3349 4985 es,
3378 4918 3631 4979 humani-

2057 5018 2276 5079 tateque
2305 5007 2401 5063 tibi
2433 5008 2837 5063 humanitatem
2868 5015 3086 5077 parato.

2131 5101 2331 5158 Casum
2366 5100 2603 5171 proximi
2645 5115 2716 5155 ne
2770 5099 2949 5155 ridete
2988 5118 3003 5157 :
3060 5109 3177 5158 tuto
3206 5111 3411 5169 autem,
3450 5103 3630 5172 quoad

2057 5213 2086 5251 a
2125 5204 2180 5252 te
2228 5194 2345 5251 fieri
2396 5193 2613 5263 poterit,
2651 5194 2921 5261 transito;
2957 5192 3090 5264 quin
3149 5193 3315 5249 etiam
3367 5193 3631 5263 porrigito

2059 5304 2278 5342 manum
2307 5285 2456 5340 humi
2482 5286 2714 5355 jacenti.
3290 5353 3297 5362 '

2129 5378 2508 5434 Concedamns
2539 5376 2742 5447 aliquid
2774 5379 3062 5449 exiguum,
3095 5387 3154 5432 ut
3178 5376 3354 5447 majus
3381 5377 3630 5446 impetre-

2059 5483 2199 5536 mus,
2237 5482 2432 5537 nempe
2485 5466 2879 5532 cuncordiam;
2919 5467 3196 5535 patiamur
3240 5469 3346 5521 fros
3377 5465 3544 5532 vinci,
3574 5477 3630 5522 ut

2055 5564 2364 5617 vincamus.
2401 5556 2598 5614 Videte
2651 5558 2983 5611 athletarum
3029 5557 3482 5613 consuetudinem
3518 5599 3532 5623 ,
3578 5566 3629 5613 ct

2058 5650 2394 5704 luctatorutn
2427 5645 2730 5701 certamina
2760 5685 2777 5710 ,
2826 5644 2917 5711 qui
2958 5660 3335 5716 saepenumero
3365 5646 3469 5701 hoc
3514 5646 3631 5717 ipso

2057 5739 2201 5808 quod
2232 5738 2502 5808 supposui
2540 5743 2688 5801 sunt,
2722 5734 3067 5792 adversarios
3105 5734 3209 5791 sibi
3249 5734 3630 5793 incumbentes

2064 5840 2281 5886 νιιιρυιιι
2296 5870 2307 5884 .
