3976 6214
485 311 623 373 1143

482 517 733 572 meliores
767 515 980 572 eﬂiccre
1003 530 1098 571 eos
1127 515 1221 585 qui
1247 515 1506 586 iniuriam
1552 516 1786 590 faciunt,
1823 518 1953 574 dum
1983 526 2063 575 to-

486 608 726 662 leramus
754 606 1040 676 patiendo.

445 703 454 716 '
551 696 956 766 Unusquisque
999 704 1246 752 nostrum
1276 697 1484 767 aliquid
1518 696 1701 765 debet,
1733 706 1787 753 et
1810 697 2063 754 Christus

487 787 660 841 multa
714 786 845 843 facit
879 785 1139 842 nomina.
1184 787 1409 843 Veniam
1433 789 1650 853 demus,
1697 798 1757 844 ut
1783 790 1940 848 nobis
1970 805 2063 848 re-

487 877 757 931 mittatur.

565 967 626 1022 Si
656 968 767 1022 Deo
801 967 937 1022 nihil
965 967 1218 1038 supplicii
1247 969 1409 1026 debes
1433 1010 1448 1036 ,

557 1058 679 1128 Ipse
709 1074 927 1129 quoque
965 1059 1102 1113 nihil
1152 1059 1408 1116 alliciaris
1448 1061 1758 1118 debentium
1802 1063 2062 1130 miseriis;

563 1233 661 1290 Sin
707 1243 889 1291 autem
925 1236 1036 1292 scis
1087 1248 1141 1293 te
1188 1236 1411 1304 debere,
1448 1245 1506 1292 tu
1539 1239 1686 1305 prior
1731 1240 1930 1296 exhibe
1959 1240 2067 1296 cle-

1681 1327 1990 1400 [mentiam.

565 1416 673 1474 Pro
702 1417 1078 1474 misericordia
1105 1416 1250 1472 enim
1283 1418 1367 1473 vel
1395 1417 1539 1487 apud
1565 1420 1732 1474 Deum
1761 1421 1935 1489 ipsum
1966 1420 2066 1473 mi-

1301 1508 1621 1578 [sericordia
1658 1511 1991 1581 rependitur.

565 1598 717 1656 Satis
749 1608 834 1655 est
860 1601 1164 1656 moderatis
1194 1601 1413 1670 quidem
1449 1603 1746 1672 injuriosos
1790 1615 1932 1659 metu
1982 1607 2066 1661 al-

488 1691 605 1757 lici,
632 1701 794 1761 atque
849 1707 914 1746 ea
953 1703 1273 1761 exspectare
1321 1693 1523 1762 quibus
1557 1705 1688 1749 sunt
1717 1695 1866 1766 digni
1897 1713 1916 1764 ;
1945 1712 2066 1766 quas

489 1783 638 1840 enim
700 1784 826 1853 quis
881 1793 1140 1852 tanquam
1193 1799 1546 1852 perpessurus
1592 1788 1824 1852 metuit,
1876 1788 2064 1844 eadem
2099 1766 2140 1824 Β

493 1874 726 1942 patitur,
756 1873 973 1927 etiamsi
999 1887 1107 1926 non
1132 1873 1392 1941 patiatur,
1415 1882 1470 1928 et
1494 1872 1636 1928 forte
1663 1875 1784 1943 plus
1819 1891 1850 1931 a
1879 1878 2064 1947 seipso

494 1963 741 2033 punitur,
781 1977 942 2032 quam
971 1967 1041 2018 ab
1068 1964 1133 2018 iis
1165 1965 1258 2033 qui
1290 1966 1588 2021 cruciaturi
1612 1975 1817 2022 essent.

567 2055 716 2110 Satis
748 2070 871 2110 esse
901 2055 1222 2109 existimare
1271 2054 1565 2119 debemus,
1600 2058 1646 2112 si
1704 2058 1933 2115 faciendi
1969 2076 2068 2127 po-

493 2149 747 2197 testatem
783 2142 1070 2196 habemus.

569 2233 716 2288 Satis
758 2233 888 2286 mihi
944 2231 1199 2302 supplicii
1233 2242 1316 2286 est
1349 2233 1612 2289 adversus
1656 2251 1750 2292 eos
1795 2239 1891 2307 qui
1922 2241 2066 2310 inju-

495 2324 636 2380 riam
671 2323 975 2389 intulerint,
999 2323 1044 2377 si
1079 2322 1377 2377 ulciscendi
1411 2334 1652 2392 potestas
1682 2327 1865 2383 fuerit.

569 2415 636 2469 Et
678 2429 1055 2484 sa‘penumero
1094 2415 1170 2484 (l)
1203 2416 1535 2469 mentionem
1569 2416 1708 2473 facio
1735 2421 1904 2476 venia:
1935 2423 2069 2477 dan-

494 2509 600 2574 dae,
635 2518 694 2564 ut
739 2524 860 2578 qua:
889 2507 957 2562 ad
1007 2507 1238 2562 salutem
1288 2507 1497 2576 pudore
1537 2509 1786 2565 allectum
1815 2528 1938 2568 eum
1970 2517 2066 2586 qui

494 2599 750 2668 injuriant
784 2598 1034 2652 intulerit
1066 2637 1082 2664 ,
1131 2597 1376 2670 reducat,
1406 2605 1459 2652 et
1491 2609 1637 2654 metu
1680 2601 1961 2656 liberatam
1998 2610 2066 2660 ad

496 2705 741 2744 amorem
780 2689 984 2744 alliciat
1018 2696 1253 2743 mentem
1290 2703 1410 2757 quae
1442 2705 1551 2744 non
1588 2705 1814 2760 prorsus
1843 2695 2064 2764 desipit.

563 2781 734 2836 Multo
765 2790 847 2837 est
879 2781 1074 2835 melius
1100 2780 1288 2835 dolore
1339 2781 1536 2852 exiguo
1572 2796 1890 2853 comparare
1919 2787 2067 2840 utili-

494 2883 633 2931 tates
660 2873 950 2938 maximas,
985 2888 1144 2942 quam
1179 2872 1486 2942 voluptates
1519 2875 1796 2944 sequendo
1835 2890 2062 2932 summa:

489 2972 660 3021 tottus
692 2967 947 3020 damnum
989 2963 1213 3019 inferre.

1683 313 2007 374 ANTONII
2045 316 2394 378 MELISSIE

551 425 762 480 Bonum
801 433 882 481 est
928 423 1343 480 mansuetudine
1389 424 1674 481 audaciam
1704 427 1944 494 vincere,
1989 438 2044 482 ct
2073 437 2120 494 Α

3554 333 3658 394 iiii

2234 433 2462 500 Ἀγαθὸν
2511 436 2844 507 χρηστότητι
2891 439 3048 508 νικᾷν
3092 438 3415 509 θρασιὲτητα,
3445 447 3526 496 xxi.
3569 447 3660 514 βε),-

2164 525 2312 587 τιους
2338 527 2514 581 ποιεῖν
2537 528 2663 590 τοὺς
2695 528 3015 592 ἀδικοῦντας
3034 570 3052 596 ,
3094 526 3175 592 οἷς
3217 533 3559 602 καρτεροῦμεν
3586 539 3662 590 πά-

2239 633 2414 679 οντες.

2239 633 2414 679 οντες.

2169 631 2508 770 σχἚκιισειος
2531 709 2688 776 ἡμῶν
2718 712 2870 765 ἐστιν
2893 713 2954 766 ὲν
2974 713 3286 783 ἐπιτιμίοις.
3315 716 3402 769 καὶ
3425 719 3548 786 axe;
3572 720 3665 793 [L6

2164 797 2426 870 Χριστὸς]
2460 801 2634 854 πολλὰ
2654 802 2812 870 φέρει
2841 805 2908 858 τὰ
2934 805 3245 875 ὀφλήματα.
3277 809 3666 882 Συγχωρήσωμεν

2162 884 2280 956 οὖν,
2310 890 2398 944 ἵνα
2426 893 2876 964 συγχωρηθῶμεν
2907 911 2922 927 ο
2966 897 3218 964 ἀφῶμεν,
3251 899 3338 952 ἵνα
3365 900 3522 973 ἀφεθῇ
3545 905 3664 974 ἡμῖν.

2273 983 2335 1035 El
2361 983 2530 1054 μηδὲν
2559 984 2742 1054 ὖφλεις
2774 987 2853 1056 τῷ
2875 986 2996 1057 Θεῷ
3029 990 3301 1058 τιμωρίας
3325 1030 3340 1056 ,

2267 1074 2407 1143 Μηδ’
2432 1076 2590 1140 αὐτὸς
2618 1076 2726 1130 ἴσθι
2745 1080 2858 1141 τοῖς
2879 1079 3156 1148 ὀφείλουσι
3189 1082 3463 1151 συμπαθής
3481 1083 3535 1155 [ι.
3557 1087 3667 1155 ὀφεί-

3141 1170 3234 1221 λου
3243 1171 3290 1220 σ’
3318 1170 3585 1243 ἑμπαθής]’

2273 1257 2332 1308 ει
2357 1256 2400 1309 δ’
2435 1252 2580 1320 οἶδας
2609 1257 2811 1325 ὖφλων,
2850 1260 2944 1311 καὶ
2969 1258 3282 1328 πρόχρησον
3307 1261 3366 1312 τὸ
3390 1263 3561 1329 πρᾶον.

2273 1436 2457 1505 Οῖκτῳ
2487 1441 2594 1504 γὰρ
2628 1432 2810 1500 οἶκτος
2840 1437 2934 1491 καὶ
2955 1436 3078 1506 Θεῷ
3106 1435 3472 1505 σταθμίζεται.

2240 1617 2518 1688 Αὓταρκες
2546 1621 2658 1680 τοῖς
2708 1635 2772 1684 γε
2807 1618 3049 1686 μετρίοις
3095 1618 3157 1670 τὸ
3204 1617 3310 1670 τῶν
3351 1618 3667 1688 λελυπηκότων

2167 1709 2307 1774 δέος,
2336 1710 2429 1761 καὶ
2487 1709 2546 1763 τὸ
2595 1709 2963 1778 προσδοκῆσαι
3007 1709 3180 1762 ταῦτα
3233 1708 3437 1771 παθεῖν,
3467 1702 3531 1761 ὧν
3561 1711 3668 1762 εἰσιν

2179 1798 2338 1862 ἄξιοι.
2377 1798 2442 1852 Ἃ
2467 1798 2575 1869 γάρ
2601 1815 2682 1861 τις
2711 1798 2786 1861 ώς
2819 1798 3146 1868 πεισόμενος
3173 1797 3397 1861 δέῖοικε,
3438 1798 3581 1851 ταῦτα
3605 1800 3672 1849 πι-

2184 1889 2370 1951 πονθε,
2402 1890 2505 1942 κᾶν
2535 1889 2610 1959 μὴ
2638 1889 2810 1961 πάθῃ,
2842 1892 2935 1942 καὶ
2973 1891 3146 1943 πλείω
3179 1889 3309 1961 παρ’
3337 1889 3509 1943 ἑαυτοῦ
3537 1890 3669 1956 τυχὸν,

2184 1982 2216 2051 ἢ
2251 1981 2356 2032 τῶν
2391 1980 2698 2050 δρασάντων
2728 1981 3038 2041 κολάζεται.

2249 2070 2530 2141 Abrupta;
2582 2071 2837 2142 ἡγεῖσθαι
2879 2072 3058 2143 χρεὼν
3089 2071 3194 2142 τὴν
3236 2070 3330 2124 τοῦ
3372 2070 3522 2121 ποιεῖν
3563 2067 3672 2134 ἐξου-

2183 2165 2325 2220 σίκν.

2260 2258 2548 2328 Αὐτάρκης
2601 2275 2691 2326 μοι
2726 2256 2964 2326 τιμωρία
3014 2259 3163 2308 κατὰ
3211 2257 3316 2309 τῶν
3349 2255 3627 2310 ἀδικούντων
3652 2253 3672 2321 ἡ

2182 2352 2273 2406 τοῦ
2309 2351 2560 2420 ἀντιδρᾷν
2593 2349 2830 2414 ἐξουσία.

2260 2446 2365 2496 Καὶ
2394 2441 2455 2494 τὸ
2487 2442 2812 2511 συγγνῶμον
2838 2440 3096 2502 πολλάκις
3122 2441 3285 2507 λέγω,
3316 2440 3440 2508 πρὸς
3463 2437 3675 2506 σωτηρίαν

2170 2535 2323 2588 ἀἰδοῖ
2370 2535 2663 2601 κατεῖργον
2714 2531 2807 2585 τὸν
2854 2531 3220 2600 ἀδικήσαντα,
3265 2533 3354 2584 καὶ
3403 2528 3673 2598 μετάγονεις

2184 2625 2407 2695 φίλτρον
2442 2626 2505 2676 ὲκ
2537 2624 2702 2692 φόϐου
2739 2625 2838 2693 τὴν
2865 2623 3286 2692 ἀσφαλεστέραν
3313 2623 3519 2675 ἔννοιαν.

2254 2717 2441 2785 Πολλῷ
2487 2716 2694 2785 βέλτιον
2747 2716 2920 2786 μικρά
2974 2715 3298 2784 λυπήσαντα
3344 2715 3549 2783 μέγιστα
3572 2710 3673 2778 ὡφε-

2185 2809 2370 2878 λῆσαι,
2403 2811 2435 2877 ἢ
2468 2807 2528 2859 τὸ
2559 2806 2693 2875 πρὸς
2722 2807 2917 2876 ἡδονὴν
2946 2806 3220 2859 διώκοντα
3249 2805 3503 2874 ζημιῶσαι
3533 2806 3591 2872 τῷ
3610 2818 3671 2854 ιιι·

2181 2900 2420 2969 φαλαῑῳ.

562 3059 732 3114 Bonis
759 3056 972 3126 praediti
1012 3056 1257 3112 moribus
1281 3055 1348 3111 ad
1374 3056 1586 3111 veniam
1618 3056 1852 3112 dandam
1889 3061 2066 3128 parati

2243 3083 2508 3150 ’Ἐτοιμον
2533 3079 2592 3132 τὸ
2622 3077 2859 3148 χρηστὸν
2887 3079 2968 3141 ei;
3001 3077 3360 3150 συγγνώμην.

492 3156 642 3203 sunt.

567 3240 931 3308 Ignoscamus
961 3237 1156 3294 alienis
1207 3238 1264 3294 in
1314 3253 1414 3293 nos
1445 3240 1721 3309 peccatis,
1756 3251 1816 3296 ut
1857 3252 1912 3298 et
1958 3242 2066 3312 ipsi

492 3331 711 3386 veniam
747 3330 1127 3399 impetremus.

562 3420 643 3478 Ne
681 3431 735 3476 te
793 3421 946 3476 fallat
988 3421 1167 3476 inanis
1213 3429 1268 3477 et
1315 3430 1481 3476 stulta
1519 3423 1781 3495 cogitatio
1832 3435 1892 3481 ut
1926 3428 2070 3496 juste

495 3515 755 3584 persequi
788 3514 1020 3569 crimine
1051 3527 1241 3568 vacare
1278 3514 1442 3584 206
1479 3515 1690 3580 credas,
1721 3526 1775 3570 et
1809 3517 2068 3587 iujurium

490 3605 708 3677 legibus
744 3607 958 3660 tradere
988 3605 1346 3675 puniendum.

568 3697 636 3753 Ut
671 3714 794 3753 cum
833 3700 1049 3753 ratione
1083 3700 1326 3763 vincere,
1358 3698 1437 3753 sic
1467 3709 1521 3752 et
1557 3698 1783 3754 honeste
1815 3701 1958 3756 vinci
1988 3703 2072 3757 di-

494 3788 751 3843 dicimus.

564 3876 627 3933 S.
657 3877 935 3947 Cltryaost.
989 3877 1206 3942 Quanto
1235 3875 1426 3932 fortior
1452 3875 1645 3944 lueris,
1672 3884 1829 3933 tanto
1859 3880 2071 3948 aequius

491 3979 576 4026 est
608 3979 659 4025 te
693 3969 1109 4026 imbecilliorem
1166 3969 1331 4024 ferre.
1393 3967 1510 4024 Non
1559 3970 1706 4024 enim
1760 3971 1863 4026 sibi
1892 3971 2068 4025 solum

494 4063 656 4118 tortis
689 4063 987 4117 essedebet
1017 4063 1106 4130 qui
1130 4062 1322 4115 robore
1351 4063 1612 4130 prmditus
1639 4071 1746 4128 est,
1783 4065 1877 4118 sed
1907 4063 2068 4118 etiam

490 4155 636 4209 aliis.
663 4153 820 4218 Quod
843 4153 890 4208 si
920 4152 1058 4206 dicis
1081 4161 1134 4207 te
1152 4154 1346 4206 fortem
1375 4167 1518 4218 esse,
1549 4162 1603 4208 et
1634 4154 1782 4209 illius
1831 4155 2072 4210 imbecil-

490 4246 696 4300 litatem
757 4245 1088 4308 contemnis,
1129 4243 1400 4313 duplicem
1433 4244 1590 4300 dabis
1626 4261 1842 4315 prunam
1882 4266 1895 4301 :
1938 4264 2064 4303 nam

495 4336 876 4407 unusquisque
918 4348 1169 4392 noStrum
1211 4337 1278 4392 de
1309 4337 1482 4392 salute
1527 4338 1759 4406 proximi
1801 4339 2070 4398 sollicitus

2245 3259 2704 3330 Συγχωρὴσωμεν
2723 3253 2792 3308 τὰ
2823 3251 2903 3315 εἰς
2935 3253 3105 3322 ἡμᾶς,
3147 3256 3234 3310 ἵνα
3268 3257 3358 3310 καὶ
3385 3257 3523 3313 αὐτοὶ
3539 3255 3669 3326 τύχωο

2177 3369 2276 3423 μεν
2307 3351 2728 3420 συγχωρήσεως.

2243 3444 2335 3512 Μή
2369 3459 2432 3496 σε
2463 3443 2729 3495 ἀπατάτω
2759 3446 2989 3512 μάταιος
3018 3443 3306 3513 λογισμδς,
3326 3441 3477 3496 ὅτιτὸ
3502 3438 3668 3496 δικαίως

2174 3533 2421 3588 ἐπελθεῖν
2466 3534 2759 3589 ἀνεύθυνόν
2813 3537 2950 3603 ἐστι,
3006 3535 3102 3588 καὶ
3160 3536 3223 3590 τὸ
3271 3532 3568 3604 παραδοῦναι
3589 3530 3668 3586 τοῖς

2175 3627 2362 3695 νόμοις
2396 3626 2486 3679 τὸν
2521 3627 2882 3696 ἀδικήσαντα.

2247 3720 2458 3788 Ὥσπερ
2489 3719 2588 3771 σὺν
2629 3718 2773 3790 λόγῳ
2799 3722 2980 3791 νικᾷν,
3012 3721 3194 3785 οὕτως
3240 3721 3332 3774 καὶ.
3361 3715 3576 3773 νικᾶσθαι
3597 3729 3668 3764 κα-

2173 3812 2280 3874 λῶς
2311 3811 2735 3882 μεμαθήκαμεν.

2248 3901 2508 3972 Ὀσιρπερ
2541 3901 2610 3954 ἂν
2651 3903 3004 3975 ἰσχυρότερος
3027 3901 3119 3976 ᾖς,
3156 3904 3387 3974 τοσούτῳ
3408 3900 3670 3967 δικαιότερος

2174 3985 2240 4040 ἂν
2274 3986 2391 4055 εῑης
2425 3987 2517 4040 τὶν
2545 3986 2934 4056 ἀσθενέστερον
2961 3991 3345 4057 διαϐαστὰξαι.
3377 3990 3442 4042 Οὐ
3469 3988 3558 4056 γὰρ
3576 3986 3668 4036 Euv-

2151 4061 2249 4144 ¹ἰῷ
2287 4077 2470 4145 μόνον,
2517 4077 2653 4131 ἀλλὰ
2702 4081 2794 4132 καὶ
2823 4080 3033 4149 ἑτέροις
3081 4082 3303 4152 ἰσχυρὸν
3334 4077 3460 4134 εἶναι
3485 4077 3568 4148 χρὴ
3595 4075 3660 4126 τὸν

2175 4168 2448 4237 ἰσχύοντα.
2497 4171 2562 4224 Ei
2593 4170 2673 4236 δὲ,
2721 4170 2896 4239 λέγων
2929 4173 3164 4241 ἰσχύειν,
3211 4173 3306 4242 τὴν
3338 4171 3579 4225 ἀσθένειαν
3597 4167 3667 4230 τὴν

2173 4260 2383 4313 ἐκείνου
2416 4263 2702 4332 περιορᾷς,
2733 4262 2930 4333 διπλῆν
2960 4263 3157 4328 δώσεις
3191 4263 3364 4334 δίκην.
3405 4260 3667 4316 ’Υπεύθυνος

2173 4352 2280 4421 γὰρ
2313 4352 2539 4416 ἕκαστος
2572 4353 2732 4424 ἡμῶν
2758 4356 2856 4424 τῆς
2894 4353 2990 4410 τοῦ
3023 4356 3253 4424 πλησίον
3281 4354 3527 4422 σωτηρίας
3552 4345 3663 4401 ἐστί’

487 4443 612 4484 esse
637 4427 764 4497 jure
783 4427 976 4482 debet:
999 4429 1183 4497 itaque
1206 4442 1314 4482 non
1342 4437 1552 4482 tantum
1572 4431 1854 4485 commoda
1881 4440 2065 4488 nostra

2171 4439 2258 4493 διὰ
2287 4440 2448 4494 τοῦτο
2472 4443 2593 4511 οὐχὶ
2635 4443 2705 4495 τὰ
2753 4444 2962 4498 ἑαυτῶν
2994 4448 3218 4498 σκοπεῖν
3265 4446 3436 4514 μόνον,
3462 4438 3575 4494 ἀλλὰ
3598 4432 3666 4485 καὶ

489 4530 742 4590 spectare
773 4528 827 4573 et
851 4533 1045 4586 parare
1075 4519 1214 4587 jussi
1240 4535 1456 4584 sumus,
1481 4521 1574 4574 sed
1605 4521 1767 4574 etiam
1801 4523 2073 4590 proximo-

488 4626 634 4666 rum.
661 4610 843 4666 Pretio
871 4612 1041 4680 empti
1073 4625 1264 4666 sumus
1287 4626 1304 4678 ;
1330 4611 1422 4680 qui
1458 4620 1639 4665 autem
1679 4627 1780 4668 nos
1817 4615 2068 4680 redemit,

487 4702 599 4758 hoc
631 4702 973 4772 praescripsit
1005 4702 1071 4756 ad
1108 4717 1452 4756 communem
1485 4703 1730 4756 omnium
1758 4705 2067 4760 utilitatem.

562 4793 679 4849 Non
708 4793 1031 4864 simpliciter
1061 4793 1128 4847 ad
1151 4792 1472 4849 delictorum
1506 4796 1730 4851 modum
1755 4797 2066 4854 adhibenda

489 4897 574 4941 est
604 4886 941 4955 obiurgatio,
992 4884 1076 4940 vel
1120 4884 1446 4953 castigatio:
1485 4888 1578 4941 sed
1629 4888 2064 4958 delinquentium

487 4975 774 5030 consilium
821 4977 984 5029 etiam
1025 4977 1481 5032 considerandum
1508 4987 1622 5034 est:
1650 4995 1717 5034 nc
1747 4981 1874 5035 dum
1892 4982 2072 5037 dissu-

489 5076 604 5121 tum
629 5080 898 5122 censuere
931 5068 1036 5136 vis,
1067 5067 1394 5125 deteriorem
1432 5069 1639 5126 cilicias
1671 5080 1978 5142 rupturam.

558 5247 786 5303 Dillicile
817 5262 935 5303 esse
970 5247 1210 5302 arbitror
1247 5257 1300 5302 ut
1329 5249 1423 5319 qui
1460 5247 1684 5307 futurus
1725 5259 1807 5308 est
1839 5252 2068 5308 aliorum

486 5341 850 5409 reprehensor
874 5350 928 5395 et
957 5341 1278 5410 castigator,
1317 5342 1558 5395 animum
1602 5338 1760 5399 suum
1796 5344 1865 5399 ab
1889 5344 2062 5398 auda-

483 5434 569 5486 cia
599 5443 655 5488 et
691 5435 947 5502 superbia
991 5435 1310 5502 longissime
1341 5436 1612 5502 abducat,
1650 5443 1703 5490 et
1739 5437 1918 5491 verbis
1945 5447 2064 5490 tan-

487 5535 622 5590 tum,
656 5543 762 5581 non
796 5529 1112 5582 verberibus
1145 5541 1286 5598 agat.

556 5725 632 5793 (ι)
675 5727 941 5784 Videntur
969 5731 1085 5786 lucc
1114 5731 1387 5799 iungenda
1421 5733 1747 5803 pracccdcnti
1782 5737 1990 5793 versui.

2168 4531 2236 4583 τὰ
2266 4532 2378 4582 τῶν
2408 4532 2576 4592 πέλας
2611 4532 3034 4603 ὲκελεύσθημεν.
3068 4536 3248 4604 ἰἰμῆς
3275 4524 3666 4604 ὴϊοράσθημεψό

2166 4620 2222 4674 δὲ
2257 4623 2536 4690 ἀγοράσας
2587 4624 2736 4693 ἡμᾶς
2782 4623 2941 4678 τοῦτο
2975 4625 3307 4696 προσέταξεν
3337 4619 3424 4676 ἰπὶ
3452 4622 3508 4689 τῇ
3552 4615 3662 4678 κοινῇ

2167 4711 2386 4764 πάντων
2416 4714 2751 4783 λυσιτελείᾳ.

2241 4802 2354 4871 Οὐχ
2394 4803 2579 4868 ἁπλῶς
2609 4805 2746 4874 πρὸς
2787 4805 2848 4857 τὸ
2888 4803 2994 4858 τῶν
3030 4803 3480 4875 παραπτωμάτων
3519 4799 3664 4868 μέτρον

2169 4891 2248 4945 δεῖ
2272 4893 2372 4963 τὴν
2404 4895 2726 4966 ἐπιτίμησιν
2746 4897 2993 4966 ἐπάγειν,
3017 4898 3152 4951 ἀλλὰ
3185 4900 3279 4950 καὶ
3308 4899 3400 4965 τῆς
3418 4891 3512 4944 τῶν
3534 4890 3663 4956 ἀμαΫ

2170 4984 2442 5038 τανόντων
2499 4989 2854 5056 στοχάζεσθαι
2915 4992 3305 5062 προαιρέσεως,
3342 4987 3412 5058 μή
3463 4995 3584 5041 ποτε,
3621 4972 3663 5024 τδ

2169 5075 2470 5146 διερῥωγὸς
2529 5079 2700 5148 ῥάψαι
2769 5081 3127 5150 βουλόμενος,
3190 5084 3369 5151 χεῖρον
3415 5076 3469 5129 si.
3511 5069 3661 5140 σχίσμα

2172 5168 2430 5238 ποιήσῃς.

2243 5261 2426 5312 Δεινδν
2455 5258 2608 5333 οἶμαι
2651 5265 2743 5318 τὸν
2771 5265 3033 5334 μέλλοντα
3063 5265 3370 5335 ἐλεγκτικὸν
3397 5257 3540 5322 εἶναι,
3567 5252 3660 5321 θρι·

2168 5351 2393 5418 σύτητος
2424 5355 2656 5423 μάλιστα
2688 5359 2782 5412 καῖ
2805 5359 3068 5424 ἀπονοίας
3100 5358 3424 5428 πορρωτάτω
3453 5354 3533 5418 τὴν
3562 5346 3658 5397 tav-

2165 5443 2259 5497 τοῦ
2291 5445 2468 5517 ψυχὴν
2501 5448 2758 5518 ἀπάγειν,
2795 5454 2891 5504 καὶ
2933 5451 2994 5504 τὸ
3027 5451 3350 5523 δραστήριον
3383 5447 3435 5498 ἐν
3459 5444 3512 5509 τῇ
3540 5434 3655 5502 φύπει

2165 5534 2274 5586 τῶν
2305 5538 2586 5608 ῥημάτων,
2619 5542 2712 5595 καὶ
2755 5543 2830 5613 μὴ
2877 5544 2987 5600 τῶν
3040 5541 3372 5612 πραγμάτων
3418 5532 3653 5586 ἐπιδ-ΞΜ·

2167 5628 2284 5680 σθαι
2321 5630 2502 5698 μόνον.
