3976 6214
288 387 429 449 ιλιι»

1130 384 1300 444 LOCl
1338 382 1782 447 COMMUNES.
1818 405 1880 421 κ’
1922 382 2119 443 PARS
2155 380 2241 443 II.
2276 382 2536 444 SERMO
2562 386 2714 447 LVI.

3398 384 3539 450 1146

355 498 553 560 Πιστὸς
588 495 653 550 εὖ
700 496 846 567 μάλα
874 498 905 549 ὁ
946 497 1065 567 μετ’
1108 498 1424 569 ἐπιστήμης
1468 497 1687 566 ἔλεγχος
1710 515 1725 531 ο
1760 497 1851 551 ὅτε
1877 509 1902 563 Α

2026 496 2287 552 ϐιριιιεηι.
2330 497 2533 554 Fidelis
2566 501 2827 564 maxime,
2860 514 2979 570 qum
3019 497 3245 555 sc'ientla
3274 501 3537 567 adhibita,

196 590 203 595 ’
283 593 382 646 καὶ
410 587 724 657 τελειοτάτη
751 585 1027 650 ἀπόδειξις
1060 585 1380 655 εὑρίσκεται
1429 589 1466 659 ἡ
1512 587 1718 655 γνῶσις
1744 587 1857 641 τῶν

283 695 574 747 κατεγνωσ
585 678 784 748 μένων.

359 769 563 836 Μεῖζον
591 770 796 837 ἀγαθὸν
822 767 883 822 τὸ
906 767 1230 838 ἐλεγχθῆναι
1250 766 1347 821 τοῦ
1374 766 1595 837 ἐλέγξαι
1626 768 1858 839 νομίζω,

285 865 420 933 ὅσῳ.
458 864 645 932 μεῖζόν
688 866 805 916 ἐστι
848 863 910 915 τὸ
956 862 1121 916 αὐτὸν
1150 859 1533 930 ἀπαλλαγῆναι
1564 859 1740 915 κακοῦ
1765 859 1860 915 τοῦ

287 958 446 1013 ἄλλον
475 955 811 1018 ἀπαλλάξαι.

363 1047 474 1103 Καὶ
507 1047 634 1110 τοὺς
666 1048 758 1099 ἐπὶ
798 1046 1008 1117 ψεκτῆς
1045 1047 1223 1110 αξτίας
1266 1046 1693 1116 περιπεσόντας,
1732 1028 1864 1099 uno:

1960 586 2021 641 ﬁt
2051 586 2444 654 reprehensio,
2499 590 2717 657 quando
2764 589 3165 659 perfectissima
3195 590 3540 646 demonstra-

1958 676 2039 734 tio
2067 686 2172 743 est,
2206 679 2696 733 condemnataium
2727 695 2909 735 rerum
2936 683 3193 751 cegnitio.

2034 768 2309 824 Methodii.
2347 766 2523 838 Majus
2560 769 2762 824 bonum
2795 785 2913 826 esse
2937 772 3129 842 judico
3158 773 3542 843 reprehensio-

1961 874 2088 916 nem
2124 859 2268 915 ferre
2293 874 2454 927 quam
2483 862 2902 929 reprehendere,
2937 871 3142 931 quanto
3176 865 3352 934 majus
3376 866 3540 921 etiam

1963 959 2051 1005 est
2083 950 2315 1020 teipsum
2348 949 2569 1004 liberari
2601 949 2744 1004 malo
2774 966 2938 1019 quam
2974 952 3211 1007 liberare
3239 954 3432 1011 alium.

2036 1038 2145 1093 Nec
2179 1039 2470 1109 quisquam
2504 1037 2693 1094 tetrice
2747 1053 2999 1104 monens,
3034 1054 3127 1096 eos
3154 1043 3247 1111 qui
3283 1044 3336 1097 in
3394 1046 3544 1100 vitu-

289 1140 528 1211 θρωπῶς
558 1137 825 1192 νουθετῶν
855 1155 960 1203 τις,
1007 1141 1107 1193 οὐκ
1144 1138 1210 1194 ἂν
1257 1137 1466 1209 ὲλέγξοι
1517 1139 1662 1194 κατὰ
1701 1139 1866 1207 λόγον

1998 1130 2249 1185 eratione
2330 1131 2546 1200 dignam
2622 1144 2737 1184 rem
2819 1129 3136 1195 inciderint,
3198 1137 3543 1204 coarguendo

290 1230 633 1299 κινούμενος.
664 1228 739 1283 Τὸ
770 1229 878 1299 γὰρ
913 1228 1117 1297 λέγειν,
1149 1230 1299 1283 Διατί
1329 1229 1685 1300 ἠμάρτανες;
1722 1228 1863 1300 βαρὺ

293 1321 496 1391 μᾶλλον
527 1322 694 1383 ἐστιν,
723 1320 757 1389 ἢ
793 1320 973 1373 πόνων
1003 1319 1287 1385 κουφίσαιο
1324 1321 1469 1391 μέγα
1503 1320 1727 1374 δύναται
1759 1338 1863 1375 κυ-

293 1414 424 1483 ρίως
458 1411 553 1465 καὶ
580 1412 653 1475 ὡς
684 1410 765 1465 δεῖ
796 1411 1211 1483 προσαγόμενος
1249 1412 1494 1484 ἐλεγχος.

356 1579 665 1652 Συγγνώμη
698 1580 997 1648 μετάνοιαν
1026 1580 1238 1649 πέφυκε
1273 1582 1492 1654 γεννᾷν.

364 1670 523 1724 Γίνου
555 1671 667 1734 τοῖς
701 1672 889 1736 πᾶσιν,
920 1672 997 1735 ὡς
1028 1672 1094 1726 σὺ
1133 1671 1200 1743 [ι’.
1236 1673 1346 1747 σοὶ]
1370 1675 1544 1740 θέλεις
1577 1677 1702 1742 τοὺς
1733 1676 1869 1732 πάν-

289 1780 409 1826 τας.

1964 1222 2215 1278 oratione
2234 1229 2505 1277 commota
2533 1229 2750 1277 utatur:
2771 1237 2896 1276 nam
2918 1222 3118 1289 dicere,
3136 1221 3249 1277 Cur
3273 1230 3506 1294 peccasti
3521 1227 3557 1279 ?.

1966 1313 2201 1385 gravius:
2237 1324 2323 1369 est
2375 1322 2426 1368 et
2470 1313 2738 1378 severius,
2795 1298 2959 1384 quam
3010 1314 3290 1370 laberilius
3344 1315 3541 1370 levare.

1969 1402 2196 1458 Multum
2242 1412 2425 1459 autem
2457 1403 2602 1461 valet
2654 1407 2878 1474 proprie
2909 1414 2963 1461 et
2991 1416 3049 1462 ut
3098 1408 3256 1461 decet
3302 1407 3544 1463 adhibita

1969 1496 2347 1565 reprehensio.

2037 1587 2300 1642 Philtmt's.
2347 1578 2513 1643 Venia
2537 1588 2916 1658 paenitentiam
2944 1599 3188 1656 generat.

2038 1675 2277 1747 Evagrii.
2307 1678 2495 1733 Talem
2532 1686 2585 1733 te
2616 1686 2813 1747 praesta
2843 1678 3098 1734 omnibus
3124 1719 3139 1744 ,
3207 1681 3396 1750 quales
3451 1682 3545 1736 tibi

1968 1777 2157 1820 omnes
2181 1780 2307 1821 esse
2341 1767 2445 1823 vis.

360 1854 474 1923 Τὴν
509 1854 870 1925 ,συγχώρησιν
909 1857 1018 1909 τῶν
1061 1857 1481 1928 ἁμαρτημάτων
1516 1858 1672 1926 ἡμῶν
1705 1860 1763 1912 ιν
1795 1863 1866 1932 τῇ
1900 1862 1902 1913 ἶ

2038 1856 2289 1912 Maximi.
2324 1858 2547 1914 Veniam
2584 1870 2638 1915 et
2689 1863 3144 1918 eondonationem
3198 1878 3544 1931 peccatorum

292 1945 638 2011 συγχωρήσει
679 1942 777 1994 τοῦ
825 1943 1056 2014 πλησίον
1089 1947 1437 2016 εὑρίσκομεν·
1478 1949 1575 2000 καὶ
1617 1949 1681 2001 τὸ
1713 1949 1865 2011 ἔλεος

292 2031 385 2083 τοῦ
437 2033 641 2101 Κυρίου
691 2034 749 2086 ὲν
778 2037 842 2104 τῇ
897 2036 1233 2107 ἐλεημοσύνη
1276 2037 1372 2091 τοῦ
1431 2037 1663 2107 πλησίον
1704 2040 1869 2107 ἀγκέ-

291 2139 558 2192 κρυπται.
595 2125 695 2178 Διὰ
722 2125 882 2178 τοῦτο
917 2130 944 2180 ὁ
977 2127 1177 2198 Κύριος
1211 2129 1419 2196 ἔλεγεν·
1452 2149 1472 2183 ι
1515 2131 1742 2197 Ἅφετε,
1770 2134 1868 2186 καὶ

293 2213 627 2285 ἀφεθήσεται
654 2216 837 2285 ὑμῖν,ι
866 2216 925 2269 ἑν
946 2216 1023 2288 τῷ
1052 2218 1316 2289 θελήματι
1344 2220 1497 2290 ὑμῶν
1515 2220 1700 2276 λοιπόν
1718 2224 1868 2277 ἐστιν

291 2306 325 2373 ὴ
359 2307 603 2377 σωτηρία
630 2307 806 2378 ὑμῶν.

878 2444 1100 2499 norm:
1149 2442 1295 2513 nq'.

294 2555 437 2624 napi
470 2554 588 2611 τῶν
619 2558 706 2629 μὴ
738 2559 1058 2631 ἀφιέντων,
1096 2561 1257 2616 ἀλλὰ
1297 2565 1862 2632 μνησικακοῦντων.

378 2672 519 2726 Ὀδοὶ
555 2676 912 2744 μνησικάκων
938 2676 1018 2738 εἰς
1049 2675 1300 2732 θανάτον.

371 2848 650 2917 Κρύπτων
682 2849 905 2922 ἔχθραν,
932 2852 1218 2923 συνίστησι
1247 2852 1422 2908 δόλον.

378 2942 473 3005 Ὃς
504 2945 654 3010 μισεῖ
684 2943 948 3013 κρύπτειν
976 2944 1242 3015 ἀδίκημα,
1281 2945 1522 3016 διίστησι
1553 2945 1744 3016 φίλους
1772 2949 1868 3003 καὶ

300 3033 560 3095 οἰκείους.

298 3111 305 3115 ’
382 3128 863 3199 Ἐμνησικάκησαν
894 3131 985 3183 καὶ
1027 3130 1345 3200 ἐξεδῖκησαν
1375 3132 1547 3202 δίκην.
1586 3135 1685 3186 Διὰ
1709 3133 1868 3187 τοῦτο

1967 1957 2282 2003 nostrorum
2329 1951 2387 2005 in
2445 1952 2847 2007 condonatione
2919 1954 3156 2022 proximi
3212 1955 3547 2011 invenimus.

1968 2037 2030 2091 Et
2087 2038 2464 2096 misericordia
2501 2041 2717 2098 Domini
2760 2045 2815 2100 in
2872 2046 3248 2102 misericordia
3294 2064 3412 2117 qua:
3447 2053 3548 2104 im-

1967 2130 2194 2195 pertitur
2220 2131 2470 2198 proximo
2498 2133 2821 2189 abscondita
2886 2144 2991 2189 est.
3051 2135 3413 2202 Quamobrem
3446 2139 3548 2192 Do-

1968 2220 2153 2275 minus
2178 2220 2431 2279 dicebat:
2473 2238 2496 2275 ι
2528 2222 2836 2292 Remittite,
2867 2234 2924 2282 et
2964 2230 3272 2283 remittetur
3310 2229 3483 2297 vobis,
3521 2250 3541 2283 ι

1968 2307 2023 2361 in
2059 2308 2339 2365 voluntate
2376 2319 2557 2367 vestra
2588 2313 2920 2384 relinquitur
2951 2317 3103 2374 salus
3145 2327 3346 2374 vestra.

2388 2443 2623 2500 SERMO
2653 2444 2766 2499 LVl
2801 2441 2897 2518 [αι.
2924 2446 3164 2520 LXXV].

2000 2553 2078 2613 De
2109 2555 2174 2608 iis
2205 2556 2296 2625 qui
2334 2571 2438 2610 non
2469 2557 2764 2625 remittunt,
2793 2569 2847 2613 at
2882 2559 3112 2629 injurias
3149 2562 3516 2619 meminerant.

2038 2666 2201 2724 Prov.
2252 2684 2400 2724 XXVI.
2438 2669 2550 2725 Viae
2596 2684 2785 2726 eorum
2835 2673 2927 2743 qui
2978 2672 3234 2743 iniuriam
3290 2677 3555 2733 memine-

1972 2768 2098 2813 runt
2126 2760 2194 2814 ad
2234 2769 2463 2814 mortem
2498 2759 2701 2817 ferunt.

2041 2850 2392 2905 inimicitiam
2423 2852 2635 2919 celans,
2665 2850 2850 2909 dolum
2880 2856 3250 2911 machinatur.

2041 2942 2143 3007 Qui
2173 2942 2287 2996 odit
2317 2943 2596 2999 occultare
2647 2945 2904 3014 iniuriam
2945 2946 3298 3021 [acceptant],
3345 2949 3552 3006 amicos

1971 3031 2131 3101 207
2160 3042 2215 3086 et
2247 3031 2548 3091 familiares
2576 3035 2855 3094 dissociat.

2047 3124 2243 3178 Ezech.
2278 3140 2439 3181 xxxv.
2473 3127 2708 3195 injurias
2741 3132 3110 3186 meminerunt
3157 3142 3211 3187 et.
3245 3134 3345 3188 ulti
3392 3145 3543 3201 sunt,

299 3193 629 3285 τάδε-λέγει
688 3193 932 3287 Κίῖριος·
987 3193 1240 3274 Ἐκτενοῗί
1271 3224 1369 3293 τὴν
1413 3193 1568 3293 χείρά
1625 3242 1727 3295 μου
1783 3218 1902 3279 ἐπῑᾘ

1998 3217 2337 3285 luamobrem
2372 3217 2489 3273 haec
2510 3218 2641 3274 dicit
2674 3220 2962 3288 Dominus;
2994 3221 3295 3279 Extendam
3325 3240 3548 3281 manum

298 3311 401 3381 τὴν
443 3311 770 3379 Ἰδουμαίαν,
823 3312 917 3365 καὶ
945 3311 1317 3382 ὲξολοθρεύσω
1348 3313 1409 3379 ἐξ
1449 3315 1621 3384 αὐτῆς
1666 3317 1876 3389 ἄνθρω-

301 3419 425 3466 πον,
454 3403 553 3455 καὶ
575 3401 817 3469 θήσομαι
854 3401 1025 3472 αὐτὴν
1051 3402 1281 3472 ἔρημον.

384 3496 448 3546 ’0
480 3492 710 3547 ἐκδικῶν
738 3493 888 3561 παρὰ
921 3493 1126 3562 Κυρίου
1165 3494 1392 3565 εὑρήσει
1440 3495 1747 3569 ἐκδίκησιν,
1780 3497 1876 3550 καὶ

302 3585 408 3649 τὰς
438 3585 719 3656 ἁμαρτίας
747 3585 913 3638 αὐτοῦ
943 3586 1215 3655 διατηρῶν
1242 3587 1590 3659 διατηρήσει.

385 3678 707 3745 Ἀνθρωπος
735 3674 1008 3746 ἀνθρώπῳ
1050 3677 1296 3746 διατηρεῖ
1339 3678 1535 3748 ὀργὴν,
1582 3679 1681 3731 καὶ
1726 3681 1880 3748 παρὰ

306 3769 512 3837 Κυρίου
544 3766 699 3836 ζητεῖ
726 3768 889 3819 ἴασιν·
919 3765 1008 3820 ἐπ’
1031 3766 1318 3836 ἄνθρωπον
1345 3769 1534 3840 δμοιον
1578 3768 1746 3822 αὑτοῦ
1774 3771 1877 3823 οὐκ

307 3861 425 3929 ἔχει
457 3858 624 3921 ἔλεος,
659 3860 754 3911 καὶ
787 3859 914 3926 περὶ
942 3858 1230 3930 ἁμαρτιῶν
1262 3859 1428 3912 αὐτοῦ
1477 3860 1673 3916 δεῖται.
1707 3862 1881 3926 Αὐτὸς

309 3952 450 4024 σὰρξ
495 3952 570 4005 ὣν
601 3951 851 4021 διατηρεῖ
903 3953 1105 4021 μῆνιν,
1154 3952 1251 4005 καὶ
1303 3952 1387 4013 τίς
1434 3952 1746 4017 ὲξιλάσεται
1782 3953 1878 4015 τὰς

306 4047 586 4116 ἁμαρτίας
637 4046 847 4111 αὐτοῦς
878 4045 1165 4114 Μνήσθητι
1218 4044 1286 4097 τὰ
1337 4044 1544 4114 ἔσχατα
1595 4060 1726 4108 σου,
1787 4046 1882 4097 καὶ

309 4140 518 4194 π>.ὗσαι
551 4138 871 4208 ἔχθραίνων.
903 4135 1194 4206 Μνήσθητι
1228 4133 1480 4198 ἐντολῶν,
1514 4135 1608 4186 καὶ
1652 4134 1727 4204 μὴ
1772 4148 1879 4204 μη-

308 4232 466 4304 νίσῃς
489 4230 568 4296 τῷ
598 4229 824 4299 πλησίον
848 4242 965 4280 σου·
995 4226 1261 4297 διαθήκην
1299 4223 1580 4295 Ὑψίστου,
1608 4226 1701 4278 καὶ
1727 4239 1874 4293 παρ-

315 4325 431 4395 ίδῃς
463 4322 704 4391 ἄγνοιαν.

395 4416 521 4468 Ἐὰν
555 4416 628 4484 μὴ
659 4414 831 4482 ἀφῆτε
860 4414 972 4475 τοῖς
1001 4408 1310 4481 ἀνθρώποις
1354 4411 1424 4464 τὰ
1452 4407 1883 4480 παραπτώματα

312 4507 516 4571 αὐτῶν,
553 4507 674 4559 οὐδὲ
702 4508 730 4558 ὁ
758 4505 947 4575 Πατὴρ
989 4503 1144 4573 ὑμῶν
1186 4503 1216 4555 ὁ
1259 4503 1513 4573 οὐράνιος
1558 4503 1762 4572 ἀφήσει
1812 4504 1881 4556 τὰ
1904 4539 1960 4599 D

309 4598 740 4672 παραπτώματα
776 4598 952 4667 ὑμῶν.

383 4694 447 4746 Ei
485 4690 753 4759 ἀλλήλους
774 4688 999 4742 δάκνετε
1035 4686 1132 4740 καὶ
1160 4685 1499 4751 κατεσθίετε,
1550 4684 1777 4756 βλέπετε
1805 4684 1881 4755 μὴ

313 4783 408 4838 ὑπ’
443 4783 683 4851 ἀλλήλων
710 4779 1051 4849 ἀναλωθῆτε.

387 4870 650 4931 Πολλάκις
694 4869 742 4921 οί
781 4868 858 4937 τῷ
889 4866 1052 4920 πάθει
1098 4865 1196 4932 τῆς
1240 4862 1610 4934 μνησικακίας
1642 4863 1877 4934 κρατού-

317 4981 471 5035 μενοι
510 4964 590 5025 ei;
622 4957 899 5030 προῦπτον
946 4957 1115 5010 κακδν
1168 4955 1395 5016 ἑαυτοὺς
1432 4954 1767 5022 ἐμϐάλλουσι
1811 4956 1878 5024 τῇ

312 5057 451 5127 πρὸς
476 5058 576 5122 τὴν
605 5052 817 5121 ἄμυναν
843 5048 1043 5117 σπουδῇ
1077 5046 1168 5100 τοῦ
1200 5044 1323 5099 καθ’
1351 5046 1588 5107 ὲαυτοῦς
1618 5042 1883 5113 ἀμελοῦν-

312 5166 430 5210 τες.
457 5146 637 5202 οἱονεὶ
675 5143 784 5212 γὰρ
810 5141 1008 5210 οἴστρῳ
1035 5142 1101 5210 τῇ
1135 5141 1325 5208 μνήμῃ
1354 5137 1465 5192 τῶν
1493 5136 1882 5208 λελυπηκδτων

312 5238 633 5307 τηκόμενοι,
667 5232 963 5302 σφύζοντος
992 5231 1171 5284 αὐτῶν
1201 5246 1295 5283 του
1328 5229 1505 5298 θυμοῦ
1545 5229 1642 5282 καὶ
1670 5228 1884 5298 πηδῶν-

312 5350 428 5397 τος,
456 5330 516 5384 οὐ
550 5329 818 5396 πρότερον
847 5325 1210 5392 ἀπολήγουσι,
1244 5320 1378 5390 πρὶν
1407 5320 1441 5388 ἦ
1476 5336 1529 5372 τι
1556 5320 1728 5373 κακδν
1758 5318 1881 5372 δοῦ-

314 5443 403 5479 ναι
452 5422 531 5492 τῷ
568 5418 956 5489 παροξύναντι,
1014 5417 1066 5469 εί
1114 5431 1218 5467 που
1265 5416 1360 5466 καὶ
1406 5411 1736 5481 προσλαϐεῖν
1783 5413 1883 5467 ἐὰν

316 5517 483 5587 τύχῃ.

393 5609 630 5677 Οἴδαμεν
659 5608 740 5659 ὅτι
762 5602 997 5675 χαλεπόν
1026 5600 1164 5663 ἐστ’,
1200 5595 1514 5666 προσφάτου
1540 5594 1636 5664 τῆς
1666 5593 1884 5656 ἀδικίας

317 5698 506 5770 οὔσης,
561 5680 785 5751 κα)..τοῦ
829 5692 1001 5761 θυμοῦ
1048 5688 1263 5751 ζέοντος
1314 5688 1416 5752 ἔτι,
1471 5686 1883 5756 παραδεχθῆναι

316 5794 444 5855 τοὺς
475 5788 787 5859 λογισμούς.
819 5782 1031 5853 Togale
1081 5779 1185 5848 γὰρ
1228 5779 1256 5830 ὁ
1304 5777 1474 5848 θυμὸς
1506 5783 1600 5833 καὶ
1646 5780 1680 5849 ἡ
1708 5776 1878 5846 λύπη,

1978 3322 2154 3362 meam
2184 3308 2444 3366 adversus
2467 3310 2778 3378 idumaeam,
2803 3320 2858 3367 et
2884 3315 3254 3372 exterminabo
3277 3331 3344 3371 ex
3366 3332 3430 3372 ea
3455 3318 3552 3372 lio-

1980 3388 2179 3456 ininem
2215 3418 2446 3474 eamque
2480 3406 2728 3462 vastabo.

2049 3490 2244 3546 Sirae]:
2293 3506 2485 3548 xxvm.
2524 3496 2628 3562 Qui
2662 3512 2723 3552 se
2775 3497 3081 3566 ulciscitur,
3131 3516 3257 3556 eum
3288 3503 3550 3560 Dominus

1978 3580 2299 3648 ulciscetur,
2331 3584 2557 3655 ejusque
2580 3598 2796 3655 peccata
2824 3591 3017 3644 sedulo
3047 3595 3375 3649 oliservabit.

2052 3671 2189 3729 Ibid.
2220 3674 2395 3730 Homo
2423 3677 2628 3731 homini
2658 3679 2930 3749 irascitur,
2964 3692 3020 3736 et
3047 3699 3077 3737 a
3108 3683 3338 3741 Domino
3368 3690 3550 3744 sanari

1979 3765 2215 3832 quaerit:
2245 3766 2453 3822 homini
2491 3770 2577 3824 sui
2633 3770 2794 3824 simili
2829 3772 3267 3830 misericordiam
3294 3793 3404 3832 non
3441 3780 3545 3833 lm-

1979 3857 2164 3923 pertit,
2194 3866 2249 3911 et
2267 3871 2368 3926 pro
2396 3860 2637 3935 peccatis
2670 3860 2785 3916 suis
2804 3871 3091 3929 precatur;
3126 3863 3242 3932 ipse
3269 3879 3397 3920 caro
3423 3880 3549 3921 cum

1981 3949 2071 4011 sit,
2104 3948 2447 4003 iracundiam
2476 3950 2693 4017 retinet,
2733 3961 2789 4007 et
2821 3952 2944 4021 quis
2992 3968 3091 4024 pro
3137 3955 3376 4023 peccatis
3405 3956 3552 4011 illius

1981 4040 2229 4096 exorabit
2248 4041 2273 4096 ἳ
2293 4041 2399 4097 Fac
2421 4054 2610 4098 eorum
2635 4059 2753 4114 qua?
2777 4047 3146 4100 adextremum
3174 4046 3268 4101 tibi
3293 4056 3552 4104 eventura

1982 4139 2136 4195 sunt,
2190 4133 2551 4201 memineris;
2616 4146 2670 4191 et
2730 4137 2915 4190 desine
2973 4136 3287 4193 inimicitias
3341 4152 3548 4206 gerere.

1983 4221 2290 4278 Recordare
2313 4235 2605 4295 praecepta,
2632 4226 2876 4295 proximo
2907 4234 3088 4280 autem
3117 4240 3181 4280 ne
3205 4240 3550 4283 succenseas.

1983 4313 2259 4382 Perpende
2293 4328 2507 4384 pactum
2559 4317 2848 4380 Altissimi,
2902 4327 2955 4370 et
2985 4332 3147 4385 parce
3181 4317 3429 4373 inscitiae.

2053 4402 2242 4457 Matth.
2276 4420 2351 4460 vi.
2388 4406 2446 4459 Si
2475 4421 2580 4459 non
2634 4404 2954 4460 remiseritis
3005 4406 3317 4461 hominibus
3348 4408 3551 4465 delicta

1987 4491 2252 4561 ipsorum,
2307 4509 2407 4550 nec
2453 4493 2615 4550 Pater
2666 4494 2908 4549 ctelestis
2948 4497 3187 4552 remittet
3232 4496 3385 4554 vobis
3423 4512 3554 4568 pec-

1982 4592 2105 4638 cata
2137 4597 2337 4640 νοειι-ο.

2053 4674 2083 4730 1
2110 4674 2237 4729 Cor.
2274 4691 2359 4730 tu.
2410 4676 2465 4732 Si
2520 4676 2615 4731 alii
2673 4675 2809 4731 alios
2860 4676 3121 4734 mordetis
3149 4686 3204 4734 et
3255 4678 3551 4743 devoratis,

1981 4767 2164 4822 videte
2191 4782 2262 4823 ne
2295 4767 2389 4822 alii
2416 4768 2486 4822 ab
2506 4767 2630 4822 aliis
2656 4768 3043 4823 coniiciamini.

2052 4856 2272 4915 Basilii.
2305 4859 2463 4928 Sape
2498 4862 2590 4928 qui
2625 4859 2730 4914 hoc
2759 4860 2950 4914 morbo
2979 4867 3251 4926 tenentur,
3318 4868 3377 4913 ut
3406 4860 3554 4929 inju-

1983 4952 2095 5007 rias
2123 4952 2501 5015 recordentur,
2536 4953 2589 5006 in
2623 4949 2970 5006 manifestum
3002 4958 3059 5006 et
3091 4958 3300 5006 certum
3347 4951 3552 5009 malum

1983 5059 2043 5100 se
2076 5044 2400 5114 conjiciunt,
2429 5043 2731 5100 ulciscendi
2774 5043 3070 5112 cupiditate
3104 5042 3347 5113 impulsi,
3378 5058 3442 5099 ac
3469 5044 3553 5098 sui

1982 5135 2207 5189 omnino
2235 5135 2433 5204 obliti;
2478 5137 2695 5191 Etenim
2733 5134 2893 5206 quasi
2914 5143 3107 5196 (nstro,
3144 5136 3411 5190 memoria
3460 5150 3555 5190 eo-

1989 5239 2112 5281 rum
2139 5226 2233 5296 qui
2266 5226 2514 5281 molestia
2543 5226 2844 5294 ail‘ecerint,
2876 5226 3183 5291 tabescunt,
3218 5235 3273 5282 et
3298 5226 3557 5281 bulliente

1982 5331 2047 5370 ac
2069 5316 2297 5372 saliente
2319 5330 2509 5372 eorum
2569 5321 2672 5384 ira,
2711 5333 2822 5374 non
2872 5318 3024 5389 prius
3066 5318 3338 5373 desistunt
3385 5332 3549 5387 quam

1984 5407 2113 5461 mali
2137 5408 2343 5478 aliquid
2372 5408 2423 5462 ei
2453 5408 2547 5479 qui
2581 5409 2733 5478 ipsos
2771 5410 3024 5476 irritarit,
3074 5409 3351 5472 dederint,
3401 5409 3553 5465 sicu-

1984 5499 2037 5553 bi
2065 5498 2201 5554 forte
2224 5500 2279 5554 in
2303 5514 2429 5556 eum
2462 5500 2775 5555 inciderint.

2051 5590 2316 5660 Theologi.
2339 5591 2554 5648 Scimus
2571 5591 2784 5647 dillicile
2800 5605 2920 5647 esse
2940 5591 3140 5646 recenti
3158 5591 3337 5647 adhuc
3354 5590 3555 5662 injuria

1984 5683 2133 5736 etira
2157 5682 2399 5737 fervente
2426 5685 2663 5751 recipere
2687 5682 2920 5736 rationis
2951 5682 3199 5739 consilia.
3232 5682 3386 5737 Casca
3407 5684 3554 5740 enim

1986 5776 2066 5829 ira
2097 5786 2180 5831 cst
2217 5784 2272 5831 et
2308 5772 2483 5841 dolor,
2516 5785 2568 5831 ct
2600 5774 2835 5831 maxime
2861 5773 2907 5833 si
2932 5773 3081 5846 justa
3111 5775 3273 5831 fuerit
3304 5775 3554 5843 indigna-
