3976 6214
439 332 569 390 ΠΗ

1725 321 2039 384 ANTONII
2085 319 2429 382 MELISSA!

3550 318 3706 385 lli8

435 440 603 494 tionis
627 453 815 494 causa.
848 435 952 493 Sed
987 452 1095 492 non
1124 435 1330 492 idcirco
1359 435 1524 490 etiam
1555 434 1767 505 nosipsi
1800 433 2001 505 injuria

2156 432 2203 485 ιὶ
2254 429 2493 501 μάλιστα
2549 429 2679 483 ὅταν
2724 427 2788 482 τὸ
2839 427 3063 491 δικαίως
3109 427 3445 493 ἀγανακτεῖν
3487 436 3657 502 παρῇ
3687 436 3705 448 ⁸

437 529 763 592 efficiemus,
799 544 900 583 nec
926 542 1049 581 eum
1078 527 1171 595 qui
1197 525 1455 595 injuriam
1483 524 1616 601 fecit
1641 533 1851 579 tantum
1875 524 2009 578 ode-

440 621 638 683 rimus,
708 627 972 682 quantum
1005 619 1164 673 nobis
1194 634 1302 672 non
1326 618 1588 687 expedit:
1626 632 1726 672 nec
1766 628 2005 670 nostrain

438 727 569 781 erga
592 711 759 763 Deum
795 711 1100 763 libertatein
1138 710 1478 769 amittamus.
1512 707 1715 762 inimici
1742 707 2011 762 exsisten-

442 814 524 857 tes
554 817 743 856 eorum
771 801 865 871 qui
904 801 1160 870 injuriam
1195 799 1444 866 iecerint,
1477 808 1530 854 et
1568 814 1741 869 supra
1778 797 2001 853 modum

440 893 809 961 indignantes.

512 985 735 1037 Peccata
772 964 1148 1046 observamus,
1208 994 1315 1034 non
1351 989 1408 1033 ut
1462 979 1764 1049 lugeamus,
1801 981 1896 1036 sed
1954 992 2011 1033 ut

444 1071 877 1140 exprobremus:
913 1085 1011 1124 nec
1042 1078 1101 1123 ut
1131 1084 1413 1132 sanemus,
1471 1071 1566 1124 sed
1635 1078 1695 1125 ut
1757 1079 2013 1139 praaterea

444 1164 839 1217 vulnercmus:
872 1170 927 1216 et
981 1162 1352 1230 proximorum
1392 1162 1616 1217 vulnera
1657 1178 1755 1233 pro
1793 1173 2015 1218 nostro.

448 1270 567 1308 rum
606 1254 872 1308 malorum
903 1253 1257 1307 excusatione
1287 1253 1576 1309 habemus.

517 1344 700 1414 Eque
734 1345 988 1398 vitiosum
1016 1352 1102 1399 est
1130 1342 1453 1414 obsequium
1493 1344 1940 1411 immoderatum,
1965 1354 2019 1401 et

447 1432 832 1490 condemnatio
850 1434 998 1488 omni
1036 1435 1197 1489 venia
1232 1444 1485 1490 semota:
1525 1435 1658 1490 illud
1689 1437 1836 1493 enim
1877 1446 2021 1494 totas

447 1529 597 1585 laxat
630 1528 896 1590 habenas,
937 1528 1057 1583 haec
1087 1527 1385 1583 acerbitate
1418 1527 1700 1598 praeferat.

522 1620 582 1675 S.
608 1620 881 1690 Chrysa“.
909 1618 1047 1686 Quid
1084 1630 1261 1690 potest
1282 1635 1404 1677 esse
1433 1620 1752 1690 injuriarum
1776 1626 2022 1679 recorda-

450 1710 601 1765 tione
660 1711 923 1775 deterius,
964 1726 1087 1780 quae
1138 1710 1533 1766 humanitatem
1588 1711 1796 1768 Domini
1844 1728 2023 1783 prom-

451 1811 593 1872 ptam
631 1808 852 1857 revocat
884 1810 939 1856 et
967 1801 1223 1856 amolitur
1246 1803 1272 1856 ?

524 1892 659 1946 Cum
696 1892 958 1947 memoria
995 1893 1295 1960 repetimus
1332 1909 1455 1962 quze
1491 1908 1522 1946 a
1555 1897 1845 1951 conservis
1878 1896 2022 1965 passi

454 1997 663 2048 sumus,
690 1991 745 2036 et
773 1997 895 2050 qua:
925 1981 1180 2047 deinceps
1210 1982 1377 2052 208
1416 1994 1720 2052 sequuntur
1748 1984 1848 2055 (l).

525 2071 676 2127 Multi
707 2080 836 2127 sunt
867 2072 1166 2140 pecudibus
1205 2073 1339 2143 ipsis
1360 2075 1679 2141 deteriores,
1730 2077 1823 2145 qui
1853 2092 1922 2131 ne
1944 2092 2030 2131 sa-

456 2168 630 2221 lutare
676 2165 894 2235 quidem
942 2165 1237 2234 dignantur
1289 2166 1515 2234 priores.
1576 2168 1881 2237 proximum
1909 2169 2027 2223 exi-

457 2259 741 2310 stimantes
789 2270 848 2309 se
884 2254 1211 2309 cantumelia
1243 2254 1381 2310 allici
1414 2265 1470 2310 et
1517 2260 1814 2324 contemni,
1847 2259 1893 2313 si
1943 2260 2024 2312 vel

458 2357 672 2402 tenuem
732 2345 1022 2414 quamdam
1078 2345 1393 2414 impertiant
1459 2347 1860 2400 salutationem.
1919 2347 2024 2403 Sed

457 2439 586 2515 quid
603 2453 724 2494 esse
754 2446 927 2507 potest
949 2437 1049 2490 ista
1069 2438 1299 2491 stultitia
1330 2436 1616 2491 ridiculum
1646 2440 1858 2508 magis?
1890 2440 2027 2494 Tum

456 2531 602 2587 enim
635 2529 962 2583 contumelia
1010 2527 1265 2592 atiiceris,
1312 2538 1424 2583 tum
1462 2530 1760 2599 ignominia
1800 2532 2026 2599 notaris,

457 2638 493 2677 ο
523 2622 707 2684 homo,
732 2620 1038 2689 cum'prior
1068 2630 1121 2677 te
1151 2630 1276 2676 tuus
1305 2622 1583 2691 proximus
1611 2623 1919 2692 alloquitur.

524 2714 640 2768 Non
702 2713 1040 2767 reconciliari
1088 2713 1140 2767 ei
1185 2714 1278 2782 qui
1311 2713 1611 2768 molestiam
1664 2715 1980 2771 exhibuerit
2009 2754 2025 2780 ,

459 2823 567 2861 non
603 2815 710 2860 tam
739 2815 824 2862 est
868 2807 1016 2860 illum
1050 2805 1264 2870 ulcisci,
1297 2820 1460 2876 quam
1490 2792 1824 2863 contumelia
1856 2808 2023 2862 Deum

459 2899 667 2957 allicere
713 2899 804 2971 qui
841 2899 981 2953 hanc
1010 2898 1179 2968 legem
1204 2898 1556 2968 praescripsit.

852 3032 1084 3090 SEBMO
1120 3033 1253 3089 Lvn
1296 3033 1389 3107 [aL
1428 3034 1639 3107 XLIII].

714 3147 787 3201 De
815 3148 979 3217 gratis
1005 3154 1052 3199 et
1082 3145 1332 3206 beneﬁcia
1358 3146 1784 3215 agnoscentibus.

534 3263 685 3318 Psat.
724 3278 848 3318 cxv.
882 3261 1019 3328 Quid
1058 3260 1353 3315 retribuam
1383 3261 1610 3317 Domino
1635 3275 1735 3330 pro
1763 3262 2022 3319 omnibus

458 3369 580 3425 qua:
601 3354 733 3408 milii
759 3352 987 3422 largitus
1018 3349 1136 3405 est?

530 3444 681 3501 Psat.
700 3458 916 3498 cxxxvr.
938 3441 995 3497 Si
1021 3443 1311 3498 obliviscar
1340 3440 1438 3508 tui,
1464 3439 1790 3509 Jerusalem,
1816 3443 1869 3498 in
1892 3444 2032 3499 obli-

460 3538 679 3593 vionem
704 3537 882 3590 veniat
901 3534 1090 3588 dextra
1116 3550 1254 3599 mea,
1285 3535 1657 3604 agglutinetur
1695 3535 1878 3607 lingua
1915 3551 2032 3590 mea

461 3627 668 3699 gutturi
698 3642 838 3682 tneo.

530 3717 803 3775 Salomon.
836 3717 1142 3773 Prudentia:
1194 3722 1279 3772 est
1334 3730 1600 3787 agnocere
1631 3716 1722 3770 cui
1773 3715 2035 3771 debeatur

458 3811 651 3882 gratia.
785 3805 791 3812 ’

498 3892 696 3957 ἘοιΙὶ.
725 3918 874 3957 utx.
911 3902 1013 3968 Qui
1057 3901 1286 3972 gratiam
1344 3899 1515 3956 refert
1539 3902 1589 3953 in
1626 3898 1868 3953 futurum
1897 3911 2032 3966 pro-

459 3995 645 4064 spicit,
672 4007 735 4047 ac
758 3993 811 4046 in
842 3999 1083 4061 tempore
1107 3990 1340 4045 miseriae
1373 4005 1485 4045 sua:
1511 3989 1747 4044 inveniet
1787 4000 1894 4055 quo
1921 3992 2037 4040 sta-

461 4085 706 4140 biliatur.
1213 4117 1217 4120 ν

531 4171 716 4228 Gratia
774 4168 1009 4223 hominis
1064 4178 1321 4236 tanquam
1379 4164 1583 4234 pupilla
1634 4162 1781 4219 oculi
1846 4165 2033 4219 obser-

459 4267 657 4319 vanda.

534 4354 665 4408 Luc.
706 4369 836 4409 xvn.
871 4351 1024 4407 linus
1056 4360 1238 4405 autem
1291 4351 1360 4406 de
1390 4348 1619 4419 leprosis
1667 4362 1793 4401 cunt
1814 4347 2035 4402 vidisset

2108 524 2251 578 ἀλλὰ
2281 522 2359 595 μὴ
2404 522 2494 576 διά
2526 519 2686 574 τοῦτο
2723 521 2820 574 καὶ
2852 520 3002 589 ἡμᾶς
3049 520 3249 582 αὐτοὺς
3299 520 3700 591 ἀδικήσωμεν,

2111 616 2249 687 μηδὲ
2273 613 2528 668 τοσοῦτον
2555 612 2648 665 τδν
2681 611 2992 682 ἠδικηκότα
3024 613 3365 681 μισήσωμεν,
3397 614 3529 667 ὅσον
3557 615 3708 683 ἡμῖν

2109 707 2171 759 οὐ
2203 705 2502 775 συμφέρειν
2534 702 2672 774 μηδὲ
2719 702 2819 772 τὴν
2869 703 3186 774 παρρηοίαν
3229 704 3331 774 τὴν
3380 706 3524 777 πρὸς
3559 706 3713 759 Θεὸν

2111 798 2506 866 ἀποϐάλωμεν,
2544 794 2733 866 ἐχθροὶ
2783 795 2897 857 τοῖς
2944 794 3232 862 ἠδικηκόσι
3268 798 3578 871 φανέντες,
3610 798 3715 850 καὶ

2113 889 2255 959 ὑπὲρ
2288 888 2350 942 τὸ
2378 887 2578 957 μέτρον
2603 884 3073 953 ἀγανακτοῦντες.

2178 977 2468 1047 Τηροῦμεν
2501 975 2600 1038 τὰς
2654 973 2959 1044 ἁμαρτίας,
3011 973 3110 1043 οὐχ
3170 973 3256 1027 ἵνα
3299 974 3711 1045 πενθήσωμεν,

2115 1067 2233 1121 ἀλλ’
2263 1067 2351 1119 ἵνα
2382 1054 2759 1132 ὀνειδίσωμενθ
2790 1061 2900 1115 οὐδ’
2949 1061 3037 1114 ἵνα
3078 1059 3543 1130 θεραπεύσωμιν,
3590 1061 3715 1113 ἀλλ’

2117 1160 2204 1213 ἴνα
2233 1156 2673 1229 προσπλήξωμεν
2696 1171 2710 1186 θ
2739 1153 2836 1208 καὶ
2866 1151 3160 1220 ἀπολογίαν
3187 1152 3386 1221 ἔχομεν
3413 1151 3535 1204 τῶν
3566 1153 3719 1223 «tum-

2116 1250 2290 1321 τέρων
2316 1248 2504 1303 κακῶν
2539 1246 2607 1301 τά
2634 1244 2747 1298 τῶν
2779 1242 3011 1313 πλησίον
3038 1241 3352 1312 τραύματα.

2196 1340 2434 1411 ὐμοίως
2476 1339 2588 1408 γάρ
2621 1339 2739 1391 ἐστι
2792 1335 2963 1411 κακὸν
3014 1334 3111 1385 καὶ
3152 1333 3345 1402 άρεσις
3385 1331 3720 1400 άσωφρὸνι-

2122 1409 2278 1499 στος,
2320 1435 2414 1489 καὶ
2461 1432 2808 1500 κατάγνωσις
2858 1409 3261 1498 δισυγχὼρητος
3288 1442 3305 1458 ’
3338 1427 3374 1496 ἡ
3430 1427 3541 1493 μὲν
3580 1424 3723 1493 ὃλην

2122 1530 2340 1597 ὲφιεῖσα
2375 1525 2477 1595 τὴν
2533 1524 2714 1594 ἡνίαν,
2747 1522 2783 1593 ἡ
2812 1520 2875 1574 δὶ
2901 1519 2981 1588 τῷ
3004 1518 3220 1589 σφοδρῷ
3248 1516 3651 1587 κατάγχουσα.

2196 1622 2263 1674 Τί
2294 1620 2360 1673 ἂν
2406 1619 2619 1686 γένοιτο
2661 1612 3030 1684 μνησικακίας
3072 1613 3275 1680 χεῖρον,
3332 1610 3469 1662 ὅταν
3520 1608 3729 1677 φιλαν-

2129 1712 2376 1783 θρωπίαν
2400 1708 2773 1778 ὲξενεχθεῖσαν
2797 1703 3137 1773 άνακαλῆται
3167 1703 3444 1755 Δεσπότου
3470 1718 3490 1769 ;

2198 1896 2369 1949 ὀταν
2395 1893 2737 1961 ίννοήσωμεν
2768 1890 2917 1959 άπερ
2943 1885 3221 1957 ἐπάθομεν
3253 1886 3408 1956 παρὰ
3431 1885 3554 1938 τῶν
3592 1902 3734 1939 σνν-

2128 1985 2356 2048 δούλων,
2386 1986 2483 2038 καὶ
2512 1985 2582 2036 τά
2613 1982 2763 2052 ἑξῆς.

2197 2077 2390 2132 Πολλοὶ
2466 2074 2833 2144 βοσκημάτων
2893 2070 3232 2141 διακείμενοι
3288 2070 3520 2139 χείρους
3594 2068 3737 2122 οἱδὶ

2131 2171 2450 2237 προσειπεῖν
2486 2167 2773 2236 ἀνέχονται
2816 2164 2895 2233 τῷ
2932 2163 3163 2232 πλησίον
3213 2165 3525 2232 πρότερον,
3559 2164 3735 2230 νομί-

2129 2260 2314 2324 ζοντες
2339 2257 2656 2328 ὑϐρίζεσθαι
2705 2257 2798 2309 καὶ
2830 2253 3208 2317 ἐλαττοῦσθαι,
3255 2256 3305 2305 εἰ
3339 2255 3513 2321 ψιλῆς
3561 2270 3726 2315 τινος

2134 2352 2415 2423 μεταδοῖεν
2441 2350 2820 2420 προσρήσεως.
2850 2346 2963 2400 Καὶ
2991 2344 3046 2397 τί
3073 2345 3278 2415 ταύτης
3299 2344 3731 2414 καταγελαστό-

2129 2461 2287 2514 τερον
2315 2442 2527 2511 γένοιτο
2555 2443 2653 2510 τῆς
2683 2440 2909 2504 άνοίαςς
2941 2439 3077 2493 Τότε
3111 2439 3219 2508 γὰρ
3266 2438 3559 2509 ὕδρίσθης.
3588 2442 3729 2493 τότε

2131 2536 2462 2605 ἡτιμάσθης,
2503 2532 2781 2604 ἄνθρωπε,
2821 2532 2952 2585 ὅταν
2978 2533 3008 2585 ό
3052 2530 3282 2599 πλησίον
3319 2548 3406 2583 σοι
3428 2533 3727 2603 πρότερον

2132 2630 2432 2702 προσείτῃ.

2201 2722 2273 2773 Τὸ
2312 2721 2388 2789 μὴ
2415 2716 2887 2773 καταλλάττεσθαι
2940 2715 3020 2780 τῷ
3051 2715 3388 2784 λελυπηκότι
3419 2718 3528 2770 οὐκ
3570 2717 3727 2770 ἐκεῖ-

2131 2811 2219 2863 νόν
2268 2812 2417 2861 ἐστιν
2447 2808 2798 2877 ἀμυνομένου
2830 2807 3105 2871 τοσοῦτον,
3130 2808 3254 2860 ὅσον
3276 2807 3370 2860 τὸν
3391 2806 3534 2860 Θεὸν
3562 2807 3730 2878 δερί-
3792 2809 3797 2817 ’

2132 2902 2317 2967 ζοντος
2348 2902 2441 2954 τδν
2476 2899 2654 2955 ταῦτα
2680 2900 3150 2970 νομοθετήσαντα.

2724 3039 2946 3093 ΛΟΓΟΣ
2983 3040 3110 3093 ΝΖ’.

2202 3160 2341 3227 Περὶ
2366 3155 2890 3226 εὐχαριστούντων
2925 3156 3022 3206 καὶ
3062 3152 3651 3221 εὐγνωμονΟὐν-τυν.

2203 3272 2270 3325 Τί
2299 3269 2663 3325 ἀνταποδώσω
2685 3268 2763 3336 τῷ
2793 3266 2982 3338 Κυρίῳ
3026 3267 3157 3335 περὶ
3207 3266 3428 3319 πάντων
3461 3257 3545 3320 ὧν
3588 3266 3721 3319 ἀντ-

2132 3362 2380 3418 απέδωκέ
2416 3379 2506 3430 μοι
2532 3377 2547 3426 ;

2215 3455 2340 3506 Ἐὰν
2366 3450 2710 3522 ἐπιλάθωμαι
2745 3469 2839 3504 σου
2864 3489 2882 3516 ,
2949 3450 3330 3522 Ἰερουσαλὴμ,
3382 3453 3720 3523 ὲπιλησθεέη

2133 3548 2167 3617 ἡ
2200 3545 2348 3611 δεξιά
2385 3561 2510 3615 μου,
2551 3545 2841 3616 κολληθείη
2875 3548 2909 3615 ἡ
2947 3543 3171 3615 γλῶσσά
3206 3562 3309 3613 μου
3340 3545 3420 3615 τῷ
3477 3546 3723 3616 λάρυγγὶ

2179 3653 2264 3693 ου.

2208 3655 2264 3693 ν.

2138 3655 2520 3796 μο(Ιιρονὴσεως
2545 3723 2640 3791 καὶ
2659 3724 2720 3777 τὸ
2751 3723 2950 3777 εἰδέναι
2983 3723 3129 3787 τίνος
3157 3724 3192 3793 ἠ
3222 3723 3430 3794 χάρις,ἶ

2218 3905 2277 3958 ’0
2325 3898 2710 3962 ἀνταποδιδοὺς
2756 3898 2986 3969 χάριτας
3028 3900 3306 3969 μέμνηται
3348 3904 3435 3964 εἰς
3468 3907 3542 3956 τά
3579 3907 3721 3976 μετά

2136 3992 2330 4057 ταῦτα,
2378 3993 2473 4045 καὶ
2514 3992 2574 4043 ὲν
2608 3990 2784 4059 καιρῷ
2811 3988 3076 4052 πτώσεως
3127 3989 3294 4042 αὐτοῦ
3322 3991 3557 4063 εὑρήσει
3588 3998 3725 4066 στή-

2140 4100 2340 4155 ριγμαο

2208 4175 2383 4245 Χάριν
2417 4173 2704 4244 ἀνθρώπου
2743 4171 2821 4237 ὡς
2876 4172 3047 4244 κόρην
3098 4173 3387 4245 ὀφθαλμοῦ
3445 4180 3723 4247 συντήρη-

2140 4282 2259 4320 σον.

2210 4350 2305 4420 Εἷς
2332 4357 2391 4410 δὲ
2442 4358 2507 4410 ἐκ
2544 4355 2653 4410 τῶν
2679 4357 2897 4428 λεπρῶν
2931 4354 3059 4412 ίδών
3099 4359 3183 4413 ὅτι
3216 4358 3367 4428 ίάθη,
3404 4360 3718 4432 ὑπέστρεψε

462 4461 523 4501 se
543 4461 662 4501 esse
704 4454 977 4510 sanatum,
1019 4458 1143 4498 cum
1208 4456 1401 4512 magna
1452 4455 1586 4495 voce
1632 4446 1882 4493 reversus
1926 4448 2025 4503 est,

2156 4447 2284 4511 asta
2313 4448 2497 4516 φωνῆς
2529 4446 2770 4516 μεγάλης
2798 4445 3042 4511 δοξάζων
3073 4447 3166 4502 τὸν
3197 4448 3355 4512 Θεὸν,
3395 4450 3497 4502 καὶ
3524 4451 3719 4503 ἔπεσεν

464 4535 634 4591 Deum
666 4535 824 4589 laude
860 4535 1165 4600 celebrans,
1218 4544 1273 4588 ct
1310 4531 1509 4588 cecidit
1553 4532 1605 4584 in
1641 4531 1831 4584 faciem
1881 4546 2036 4586 suam

467 4628 535 4679 ad
585 4624 749 4695 pedes
793 4621 946 4686 Jesu.
999 4624 1206 4691 gratias
1238 4624 1318 4678 illi
1364 4636 1530 4693 agens
1563 4641 1578 4675 :
1608 4620 1654 4675 is
1707 4628 1887 4673 autem
1922 4629 2040 4672 erat

448 4698 864 4769 Samaritanus.

529 4803 592 4860 II
628 4805 807 4858 Thess.
845 4818 898 4858 v.
924 4802 981 4857 In
1019 4803 1168 4857 omni
1198 4819 1256 4858 re
1280 4803 1482 4871 gratias
1521 4803 1664 4873 agite
1702 4820 1716 4857 :
1753 4803 1855 4857 hoc
1887 4800 2033 4856 enim

466 4895 608 4963 Dens
632 4893 1116 4963 rcquiritavobis,
1163 4894 1259 4963 qui
1307 4892 1583 4950 Chrismm
1637 4892 1825 4949 Jesum
1870 4908 2038 4961 agno-

463 4988 640 5042 scitis.
712 5005 721 5015 ε

450 5142 453 5145 Α
532 5075 598 5147 ll
634 5075 766 5131 Tim.
805 5092 867 5132 ιι.
904 5076 1252 5146 lmpertiatur
1294 5074 1549 5132 Dominus
1603 5074 2034 5133 misericordiam

460 5168 791 5240 Onesiphori
842 5168 1082 5233 familiae,
1148 5169 1274 5238 quia
1310 5184 1453 5239 stepe
1511 5185 1599 5224 me
1657 5167 1923 5225 recreavit
1981 5175 2036 5222 et

463 5261 677 5327 refecit,
735 5276 837 5316 nec
902 5270 1115 5315 catena:
1173 5275 1307 5315 mete
1355 5276 1480 5315 eum
1527 5260 1884 5330 puduit:sed
1910 5274 2035 5313 cum

460 5354 688 5409 Romam
727 5352 987 5415 venisset,
1024 5367 1239 5407 summa
1299 5351 1581 5423 diligentia
1620 5366 1707 5406 me
1756 5349 2030 5419 quaesivit,

460 5453 516 5498 ct
548 5446 750 5499 Invenit
784 5460 801 5498 :
834 5444 969 5498 l’axit
1027 5442 1313 5511 Dominus,
1344 5453 1404 5497 ut
1434 5443 1529 5497 illo
1579 5441 1669 5497 die
1720 5441 2035 5495 misericor-

460 5534 602 5588 diam
632 5544 1017 5605 consequatur.

2138 4537 2228 4591 ἐπὶ
2255 4537 2547 4607 πρόσωπον
2575 4538 2726 4607 παρὰ
2766 4538 2894 4601 τοὺς
2922 4538 3089 4601 πόδας
3122 4539 3217 4592 τοῦ
3260 4538 3464 4608 Ἰησοῦ,
3494 4542 3718 4613 εὐχαριο

2138 4627 2281 4680 στῶν
2315 4627 2491 4697 αὐτῷ.
2520 4626 2633 4681 Καὶ
2666 4626 2825 4690 αὐτὸς
2853 4622 2921 4698 ἦν
2948 4628 3315 4700 Σαμαρείτης.

2223 4809 2309 4862 Ἐν
2337 4808 2499 4861 παντὶ
2531 4807 2908 4891 εὐχαριστεῖτε
2927 4823 2942 4839 ⁸
2989 4806 3152 4861 τοῦτο
3181 4808 3292 4878 γάρ
3329 4808 3552 4880 θέλημα
3582 4809 3709 4863 Θεοῦ

2139 4900 2200 4952 ὲν
2228 4899 2450 4970 Χριστῷ
2481 4898 2657 4965 Ἰησοῦ
2685 4900 2767 4962 είς
2796 4898 2961 4968 ὑμᾶς.
3558 4934 3563 4938 -

2212 5078 2335 5148 Δῴη
2362 5079 2391 5129 ό
2443 5078 2647 5146 Κύριος
2689 5076 2836 5139 ἔλεος
2888 5076 2965 5147 τῷ
3027 5075 3389 5147 Ὀνησιφόρου
3434 5081 3592 5148 οἴκῳ,
3636 5079 3709 5130 ὅέι

2142 5171 2400 5234 πολλάκις
2434 5186 2503 5240 με
2551 5169 2811 5239 ἀνέψυξε,
2842 5169 2939 5223 καὶ
2975 5168 3075 5238 τὴν
3101 5169 3291 5223 ἅλυσίν
3322 5186 3426 5239 μου
3456 5172 3556 5223 οὐκ
3579 5173 3707 5240 ἔτην

2145 5262 2350 5333 σχύνθη
2373 5278 2387 5292 ·
2422 5261 2560 5316 ἀλλά
2588 5261 2879 5331 γενόμενος
2912 5261 2971 5314 ἐν
3026 5257 3240 5332 Ῥώμῃ,
3281 5262 3709 5332 σπουδαιοτέρως

2143 5353 2445 5423 ἀνεζήτησέ
2489 5369 2581 5423 με,
2626 5353 2720 5406 καὶ
2749 5347 2877 5425 εὗρε
2896 5371 2912 5386 ο
2940 5351 3054 5423 δῴη
3079 5353 3227 5423 αὐτῷ
3252 5356 3280 5407 ό
3303 5354 3513 5425 Κύριος
3542 5356 3709 5426 εὑρεῖν

2144 5445 2288 5510 ἔλεος
2319 5445 2468 5516 παρὰ
2500 5444 2704 5515 Κυρίου
2740 5447 2797 5500 ἐν
2824 5445 3006 5517 ἐκείνῃ
3029 5449 3097 5517 τῇ
3122 5446 3334 5517 ἡμέρᾳ.

536 5707 609 5775 (l)
644 5708 779 5767 Vide
808 5726 971 5782 supra
992 5674 1064 5767 .in
1098 5724 1349 5768 sermone
1376 5710 1466 5776 54,
1504 5723 1630 5766 mox
1665 5718 1787 5780 post
1815 5709 2042 5765 citatum
2077 5707 2358 5765 Basiliurn.
