3976 6214
343 359 482 427 1149

1152 351 1324 413 LOCI
1366 347 1806 412 COMMUNES.
1841 370 1907 381 -
1952 343 2141 406 PARS
2174 343 2258 407 II.
2300 341 2559 402 SERMO
2603 339 2812 403 LVIII.

3449 325 3589 392 1150

410 472 704 540 Πρέπουσα
749 465 1055 535 δοξολογίας
1109 463 1366 526 ὑπόθεσις
1394 463 1428 532 ἡ
1459 463 1567 516 τῶν
1616 462 1908 532 εὐεργετη-

2087 454 2147 511 S.
2173 454 2385 510 Basilii.
2426 455 2818 511 Beneficiorum
2852 456 3203 519 acceptorum
3259 454 3569 496 commemo

339 563 524 635 μάτων
551 561 826 629 διήγησις.

401 658 529 716 Τοῖς
556 651 878 724 εὐεργέταις
903 648 1168 712 ἑκουσίως
1195 648 1377 701 πᾶσαν
1403 645 1615 700 εὐνοιαν
1661 641 1901 711 ἀποπληο

336 749 542 820 ρῶμεν.

419 833 800 902 Ἀποδώσομεν
845 832 1027 885 τοίνυν
1061 831 1158 882 σὺν
1185 829 1328 898 τόκῳ
1362 827 1423 880 τὸ
1468 825 1647 896 χρέος,
1701 825 1768 880 ἂν
1799 825 1910 896 ἄρα

333 925 586 978 τοσοῦτον
617 922 972 994 εὐποροῦντες
995 925 1272 991 φανῶμεν.

419 1017 637 1085 Ἐπειδὴ
666 1016 790 1068 ὅσον
811 1014 1096 1083 ὀφείλομεν
1128 1017 1208 1076 εἰς
1250 1011 1604 1084 εὐχαριστίαν
1645 1009 1800 1078 ὐμῶν
1832 1006 1909 1059 εί-

335 1112 458 1162 πεῖν
487 1109 588 1161 οὐκ
629 1107 908 1176 ίσχύομεν,
945 1105 1176 1175 λέγομεν
1205 1106 1328 1158 ὅσον
1355 1101 1654 1171 δυνάμεθα.

419 1285 584 1339 Οὐδὲν
614 1285 786 1348 οὕτως
815 1285 1094 1354 εὐάγωγον
1124 1286 1201 1349 τίς
1231 1283 1467 1350 εὐνοιαν,
1491 1282 1566 1344 ὡς
1584 1280 1746 1352 ἡτῶν
1758 1279 1933 1360 εὐεροθ

336 1377 664 1448 γετημάτων
692 1375 956 1446 εὐφημία.

925 1642 1155 1698 ΛΟΓΟΣ
1181 1641 1319 1699 NH'.

443 1782 582 1851 Περί
609 1781 1120 1852 ἀγνωμονούντων
1156 1777 1255 1833 καὶ
1289 1776 1803 1846 ἁχαριστούντων.

423 1915 869 1971 Ἀνταπεδίδοσάν
901 1932 993 1986 μοι
1029 1916 1241 1986 πονηρὰ
1263 1916 1380 1968 ἀντὶ
1403 1913 1647 1981 ἀγαθῶν.

422 2099 569 2152 ’Λντὶ
615 2097 708 2150 τοῦ
769 2097 992 2167 ἀγαπᾷν
1039 2114 1107 2167 με
1161 2095 1502 2151 ὲνδιέόαλ).όν
1557 2111 1625 2164 με
1649 2109 1664 2125 ο
1717 2091 1830 2161 ἐγὼ
1857 2093 1912 2145 δὲ

340 2190 760 2260 προσηυχόμην,
793 2191 884 2242 καὶ
921 2189 1103 2242 ἔθεντο
1145 2187 1265 2241 κατ’
1288 2186 1422 2256 ἐμοῦ
1453 2186 1597 2240 κακὰ
1629 2184 1748 2236 ἀντὶ
1781 2185 1915 2250 ἀγα-

341 2282 473 2346 Θῶν,
503 2281 594 2334 καὶ
627 2285 776 2348 μῖσος
802 2281 922 2333 ἀντὶ
949 2281 1049 2348 τῆς
1074 2275 1405 2348 ἀγαπήσεώς
1442 2293 1563 2343 μου.

419 2375 513 2437 ’ος
535 2373 828 2426 ἀποδίδωσι
863 2372 1009 2424 κακὰ
1035 2370 1156 2423 ἀντὶ
1198 2367 1437 2436 ἀγαθῶν,
1473 2368 1533 2420 οὐ
1562 2364 1916 2436 κινηθήσεται

339 2465 489 2519 κακά
519 2465 583 2517 ἐκ
616 2463 710 2517 τοῦ
744 2463 895 2516 οἴκου
929 2462 1118 2516 αὐτοῦ.

415 2557 549 2609 Οὐαὶ
582 2556 785 2619 αὐτοῖς,
836 2556 918 2608 ὅτι
952 2554 1314 2623 ἀπεπήδησαν
1363 2552 1458 2605 ἀπ’
1487 2550 1659 2618 ἐμοῦο
1693 2548 1916 2602 δείλαιοι

341 2648 497 2712 εἰσιν,
528 2647 608 2699 ὅτι
651 2646 930 2716 ἠσέϐησαν
982 2647 1060 2706 εἰς
1107 2643 1227 2711 ἐμέ.
1282 2641 1424 2708 Ἐγὼ
1464 2642 1573 2709 γὰρ
1603 2640 1916 2708 ἐλυτρωσάο

346 2757 455 2809 μην
484 2739 704 2801 αὐτοὺς,
729 2739 879 2790 αὐτοὶ
907 2737 962 2790 δὲ
994 2736 1369 2804 κατελά).ησαν
1400 2733 1520 2787 κατ’
1556 2732 1688 2802 ἐμοῦ
1719 2731 1913 2801 ψευδῆ.

418 2832 639 2896 Ἀκουε,
685 2829 906 2900 οὐρανέ,
943 2828 1036 2882 καὶ
1088 2827 1386 2890 ὲνωτίζου,
1433 2825 1526 2893 γῆ,
1581 2825 1664 2877 ὃτι
1712 2823 1914 2892 Κύριος

341 2923 602 2992 ἐλάλησεν
628 2940 642 2953 ι
693 2941 711 2973 ‹
752 2922 910 2984 Υἱούς
963 2921 1226 2987 ἐγέννησα
1272 2919 1362 2969 καὶ
1403 2916 1616 2984 ῦψωσα,
1671 2915 1826 2968 αὐτοὶ
1860 2914 1916 2966 δὲ

1941 1804 1992 1864 Β

2016 548 2155 602 ratio
2193 548 2422 602 honesta
2453 557 2538 602 est
2568 544 2823 601 laudandi
2869 540 3104 598 occasio.

2087 639 2232 692 Bene
2273 637 2480 693 meritis
2516 636 2657 692 ultro
2702 635 2962 690 debemus
3005 643 3219 686 omnem
3266 623 3596 681 benevolen-

2017 731 2145 783 tiam
2173 738 2451 798 praestare.

2087 817 2353 887 Theologi.
2389 816 2695 872 Reddamus
2735 815 2899 887 igitur
2929 829 3050 869 cum
3094 813 3278 866 fenore
3334 807 3598 867 debitum,

2017 909 2062 964 si
2087 911 2246 964 modo
2280 918 2427 964 tanta
2469 907 2622 977 copia
2659 905 2937 961 abundare
2965 905 3276 958 videamur.

2089 1001 2148 1056 S.
2184 1001 2452 1070 Cltrysost.
2489 999 2716 1065 Quando
2749 1005 3010 1067 quantum
3063 995 3326 1048 debemus
3362 989 3440 1044 ad
3471 1003 3597 1059 gra-

2019 1093 2146 1146 tiam
2170 1092 2324 1147 vobis
2345 1091 2687 1145 referendam
2714 1089 2897 1143 dicere
2929 1101 3036 1140 non
3069 1085 3333 1148 valemus,
3363 1081 3597 1135 dicimus

2019 1197 2278 1258 quantum
2307 1202 2616 1256 possumus.

2099 1281 2355 1336 Philonis.
2390 1279 2532 1334 Nihil
2555 1289 2662 1333 tam
2694 1278 2839 1332 valet
2884 1275 2952 1331 ad
2996 1271 3434 1330 benevolentiam
3464 1284 3597 1324 con-

2021 1377 2306 1431 ciliandam
2369 1387 2530 1442 quam
2591 1369 2984 1426 beneficiorum
3059 1363 3450 1437 depraedicatio
3507 1375 3601 1416 ac-

2021 1479 2324 1539 copiarum.

2411 1647 2644 1704 SERMO
2679 1641 2955 1718 LVIll[al.
3001 1641 3210 1714 XLIV].

2166 1785 2239 1840 De
2268 1786 2489 1856 ingratis
2523 1795 2570 1839 et
2607 1783 2854 1852 beneﬁcia
2897 1796 3004 1834 non
3035 1779 3456 1849 agnoscentibus.

2090 1920 2241 1975 Psal.
2281 1936 2464 1974 mm.
2518 1917 2684 1988 209
2735 1915 2869 1970 Mala
2901 1927 3004 1985 pro
3043 1911 3205 1966 bonis
3238 1909 3367 1963 mibi
3419 1907 3603 1964 reddi-

2016 2011 2236 2066 derunt.

2088 2101 2571 2156 Calumniabantur
2601 2112 2710 2161 me,
2734 2111 2857 2150 cum
2893 2093 3174 2163 diligerem
3219 2104 3333 2144 eos.
3363 2086 3476 2158 Ego
3503 2101 3608 2140 au-

2019 2203 2124 2248 tem
2154 2193 2414 2260 precabar
2441 2199 2490 2244 et
2526 2189 2662 2243 mala
2690 2203 2789 2257 pro
2820 2186 2981 2242 bonis
3032 2182 3167 2237 mihi
3199 2186 3522 2252 posuerunt,
3551 2184 3606 2230 et

2017 2282 2200 2336 odium
2235 2297 2330 2350 pro
2356 2281 2644 2334 dileCIinne
2674 2293 2815 2332 mea.

2092 2372 2256 2427 Prov.
2304 2389 2437 2428 xm.
2486 2372 2586 2438 Qui
2619 2371 2756 2424 mala
2793 2386 2892 2439 pro
2927 2369 3084 2423 bonis
3134 2365 3332 2430 reddit,
3369 2378 3436 2418 ex
3486 2361 3607 2432 eius

2019 2463 2218 2516 familia
2247 2463 2386 2515 mala
2409 2476 2515 2514 non
2542 2461 2926 2514 movebuntur.
3436 2463 3438 2470 '

2087 2553 2232 2609 Osca:
2277 2570 2366 2608 vn.
2394 2551 2486 2607 Vae
2519 2553 2646 2613 illis,
2672 2552 2796 2621 quia
2827 2551 3137 2605 resilierunt
3158 2563 3188 2602 a
3215 2563 3334 2613 me;
3359 2548 3608 2604 infelices

2018 2659 2167 2711 sunt,
2193 2648 2320 2716 quia
2360 2645 2508 2714 impii
2535 2644 2589 2696 in
2618 2658 2704 2696 me
2739 2641 2980 2696 fuerunt.
3021 2639 3131 2711 Ego
3154 2639 3300 2694 enim
3352 2639 3603 2693 redeme-

2017 2755 2128 2793 ram
2161 2753 2278 2802 eos,
2307 2737 2406 2804 ipsi
2434 2751 2564 2789 vero
2598 2733 2836 2788 oblocuti
2873 2741 3001 2787 sunt
3033 2732 3159 2785 mihi
3195 2730 3352 2786 falso.

2087 2829 2198 2884 Isa.
2228 2845 2266 2883 I.
2295 2828 2457 2892 Audi,
2478 2827 2710 2891 cmlum;
2745 2826 2967 2879 auribus
3005 2825 3245 2894 percipe,
3277 2831 3446 2884 terra,
3477 2835 3605 2891 qu.a

2021 2922 2279 2974 Dominus
2310 2918 2554 2988 loquitur
2589 2933 2602 2972 :
2646 2917 2810 2971 Filios
2861 2918 3138 2986 procreavi
3203 2925 3258 2969 et
3292 2913 3469 2976 cvexi,
3500 2913 3603 2981 ipsi

346 3015 413 3085 μὲ
443 3015 734 3084 ἠθέτησαν.
768 3013 949 3080 Ἔγνω
993 3011 1116 3080 βοῦς
1146 3011 1236 3062 τὸν
1260 3010 1625 3078 κτησάμενον,
1663 3006 1756 3059 καὶ
1795 3004 1915 3067 ὄνος

2062 3014 2251 3082 crolme
2282 3011 2610 3081 reiecerunt.
2631 3011 2888 3081 Agnoscit
2909 3010 3004 3063 bos
3023 3023 3394 3078 possessorem
3420 3022 3603 3070 suum,

341 3108 441 3176 τὴν
477 3107 684 3176 φάτνην
729 3104 823 3157 τοῦ
881 3105 1072 3172 κυρίου
1121 3102 1288 3157 αὐτοῦ
1324 3117 1336 3130 ·
1381 3101 1592 3171 Ἰσραὴλ
1625 3100 1681 3153 δὲ
1719 3098 1786 3168 μὲ
1815 3098 1912 3150 οὐκ

2062 3105 2294 3160 tasinus
2347 3119 2587 3174 prmscpe
2641 3103 2846 3157 domini
2911 3099 3036 3167 Sui;
3109 3101 3270 3155 Israel
3303 3109 3482 3154 autem
3517 3116 3602 3156 me

343 3198 507 3263 ἔγνω,
539 3199 632 3249 καὶ
661 3199 686 3249 ἑ
719 3195 850 3256 λαός
882 3211 984 3264 μου
1015 3196 1074 3246 οὐ
1109 3193 1361 3262 συνῆκεν.

427 3287 754 3356 ’Δχαρίστου
785 3285 937 3346 ἐλπὶς
962 3286 1035 3346 ὡς
1067 3285 1348 3353 χειμέριος
1384 3282 1560 3352 πάχνη
1590 3283 1915 3352 τακησεται,

345 3379 441 3432 καὶ
466 3379 730 3449 ρυήσεται
753 3375 826 3438 ὡς
851 3376 992 3446 ὕδωρ
1025 3377 1318 3446 ἄχρηστον.

427 3468 746 3538 Ἀχάριστος
775 3469 833 3519 ὲν
863 3468 1073 3537 δια·.οίᾳ
1101 3464 1485 3535 ἐγκαταλείψει
1519 3465 1846 3536 ῥυσάμενον.

411 3654 619 3717 Ξενιεῖς
649 3653 742 3706 καὶ
776 3655 982 3715 ποτιεῖς
1010 3653 1330 3721 ἀχάριστον,
1363 3653 1456 3704 καὶ
1486 3651 1625 3721 πρὸς
1676 3651 1767 3702 ἐπὶ
1795 3649 1920 3704 τού-

349 3765 465 3812 τοις
517 3749 690 3816 μικρᾶ
743 3746 986 3816 ἀκούσῃο
1024 3745 1283 3798 διπλάσια
1345 3745 1452 3813 γὰρ
1487 3745 1636 3796 κακά
1695 3744 1920 3814 εὑρήσει

350 3859 435 3895 σοι
468 3843 524 3894 ὲν
555 3841 725 3894 πᾶσιν
751 3841 998 3908 ἀγαθοῖς,
1028 3831 1110 3900 οἷς
1142 3839 1236 3891 ἐὰν
1274 3840 1434 3905 ποιῇς
1464 3835 1635 3905 αὐτῷ.

421 4047 603 4100 Δεινδν
657 4046 750 4100 τὸν
804 4043 1260 4112 εὐεργετηθέντα,
1307 4045 1402 4098 καὶ
1451 4046 1573 4106 ταῖς
1631 4044 1920 4112 μεγίσταις

351 4140 634 4210 ὑπόχρεων
699 4139 1094 4210 χάρισι,πρὸς
1155 4137 1233 4206 τῷ
1303 4135 1607 4206 ἀχαρίστῳ,
1675 4137 1758 4189 ἑτι
1827 4139 1921 4190 καὶ

351 4225 561 4296 ὖὸρεως
593 4227 688 4279 καὶ
715 4227 938 4296 ἀτιμίας
968 4226 1238 4294 κατάρξαι
1259 4240 1273 4255 °
1301 4225 1472 4279 δεινὸν
1496 4225 1595 4294 μὲν
1616 4267 1631 4291 ,
1677 4227 1812 4282 ἀλλὰ
1846 4227 1924 4299 τῷ

351 4316 592 4371 ποιοῦντι
626 4319 810 4388 μεῖζόν
836 4319 954 4372 ἐστι
979 4319 1166 4383 κακὸν,
1192 4317 1226 4389 ἢ
1249 4318 1328 4389 τῷ
1359 4317 1644 4388 πάσχοντι.

423 4613 488 4666 Δί
521 4611 806 4682 ἀχάριστοι
833 4609 1003 4680 ψυχαὶ
1033 4610 1088 4662 ἐν
1118 4611 1186 4678 τῇ
1229 4609 1581 4680 ἀλλοτριώσει
1617 4614 1726 4664 τῶν
1785 4612 1926 4678 ἀγα-

353 4705 462 4758 θῶν
527 4704 628 4773 τῆς
678 4703 1058 4773 παρελθούσης
1107 4705 1327 4773 χάριτος
1367 4705 1792 4757 έπαισθάνεσθαι
1826 4723 1922 4757 πε-

352 4795 606 4863 φύκασιν.
641 4795 769 4847 Ὅτε
794 4796 902 4864 γὰρ
929 4795 1203 4848 ἀπέλαυον
1235 4794 1344 4847 τῶν
1391 4798 1796 4866 χρηστοτέρων,
1833 4801 1922 4851 οὐ-

351 4887 542 4956 δεμίαν
575 4888 735 4957 χάριν
788 4887 866 4957 τῷ
913 4888 1167 4940 δεδωκότι
1212 4887 1592 4954 γινώσκοντες,
1649 4892 1788 4958 μετά
1823 4892 1923 4962 τὴν

355 4978 609 5049 στέρησιν
642 4977 700 5030 τὸ
732 4978 998 5047 παρελθὸν
1032 4978 1447 5048 μακαρίζουσιν.

436 5087 743 5159 ’Υπερὸολὴ
769 5088 925 5142 τοῦτό
953 5107 1014 5158 γε
1042 5092 1456 5161 ἀγνωμοσύνης,
1487 5091 1588 5162 τὴν
1620 5092 1927 5160 φιλανθρω·

356 5179 488 5234 πίαν
523 5181 617 5236 τοῦ
647 5183 938 5252 εὐεργέτου
969 5184 1222 5255 ἀφορμὴν
1249 5185 1571 5254 ἀχαριστίας
1601 5183 1896 5236 ποιεῖσθαι.

424 5383 499 5436 Τὸ
522 5383 630 5436 τῶν
657 5383 1174 5455 δυσαρεστουμένων
1209 5387 1510 5454 πάσχουσιν
1540 5389 1588 5440 oi
1635 5387 1840 5450 πολλοὶ,
1868 5391 1929 5443 τὸ

355 5475 459 5545 μὲν
485 5477 661 5546 παρὸν
696 5478 1073 5544 ἀτιμάζοντες,
1106 5478 1212 5529 τῶν
1236 5479 1291 5530 δὲ
1316 5478 1566 5531 ἁπάντων
1597 5482 1756 5532 ἐπιθυ
1766 5481 1930 5551 μοῦν-

354 5584 467 5632 τας.
499 5570 574 5622 Οὐ
607 5570 715 5641 γὰρ
763 5574 889 5632 τοὺς
920 5570 1341 5640 ὑποδεεστέρους
1370 5572 1552 5624 αὐτῶν
1575 5575 1926 5645 ἀπαριθμοῦ-

355 5679 509 5731 μενοι
535 5662 632 5731 τὴν
665 5663 805 5731 ὑπὲρ
824 5657 897 5716 ὧν
920 5663 1133 5733 ἔχουσιν
1162 5663 1516 5734 εὐχαριστίαν
1543 5667 1925 5736 ἀποπληροῦσι

354 5753 430 5822 τῷ
459 5755 726 5829 Δεσπότςη,
764 5755 896 5809 ἀλλά
942 5759 1006 5826 τῇ
1043 5756 1176 5824 πρὸς
1221 5757 1281 5808 τὸ
1336 5756 1600 5829 ὑπερέχον
1634 5760 1924 5828 συγκρίσει

2025 3215 2135 3254 non
2168 3197 2434 3270 agnoscit,
2489 3203 2542 3249 et
2581 3197 2814 3264 populus
2842 3209 2998 3248 meus
3037 3210 3145 3247 non
3179 3193 3467 3248 intellexit.

2101 3289 2232 3360 Sap.
2263 3306 2374 3344 xvi.
2418 3288 2616 3358 Ingrati
2669 3303 2794 3357 spes
2825 3297 2882 3342 ut
2912 3287 3139 3341 hiberna
3191 3287 3380 3356 pruina
3434 3287 3608 3356 lique-

2027 3391 2162 3447 scet,
2197 3391 2249 3435 ct
2269 3383 2468 3437 detinet
2502 3393 2560 3435 ut
2591 3380 2794 3434 inutilis
2815 3395 2975 3449 aqua.

2099 3473 2286 3527 Sirach
2320 3489 2432 3526 xix.
2499 3473 2710 3541 Ingrata
2741 3487 2895 3528 mens
2925 3472 3139 3528 deseret
3168 3490 3289 3528 eum
3323 3489 3351 3527 a
3375 3490 3483 3544 quo
3503 3475 3606 3530 ali-

2028 3565 2245 3635 quando
2270 3563 2433 3617 fuerit
2455 3563 2704 3618 liberata.
3277 3581 3280 3584 ’

2101 3653 2240 3707 Ibid.
2284 3649 2531 3722 IIospitio
2564 3662 2618 3706 et
2646 3665 2774 3721 potu
2825 3655 3069 3723 cxcipies
3103 3654 3396 3722 ingratum,
3425 3663 3481 3709 et
3515 3656 3601 3709 in—

2030 3761 2192 3815 Supcr
2247 3745 2443 3799 acerba
2500 3744 2710 3797 audies.
2769 3743 3012 3812 DupIicia
3064 3746 3206 3800 enim
3271 3747 3409 3799 mala
3453 3761 3605 3800 com-

2031 3838 2248 3908 parabis
2279 3837 2370 3890 tibi
2400 3853 2495 3906 pro
2522 3834 2776 3890 omnibus
2811 3836 2968 3890 bonis
3017 3852 3138 3906 qua:
3168 3837 3221 3890 in
3258 3853 3380 3891 eum
3407 3847 3608 3893 contu-

2032 3932 2180 3986 leris.

2101 4043 2161 4102 S.
2204 4045 2414 4102 Basilii.
2484 4047 2709 4113 Indigna
2743 4061 2832 4101 res
2857 4088 2872 4110 ,
2938 4060 3062 4100 cum
3105 4044 3197 4113 qui
3231 4044 3304 4098 sit
3341 4045 3609 4101 beneficio

2031 4140 2276 4205 aﬂectus,
2319 4141 2400 4196 vel
2435 4139 2687 4196 maximis
2732 4141 3209 4210 oppigneratorum
3266 4139 3609 4194 remissioni-

2031 4234 2132 4288 bus
2161 4242 2216 4288 ct
2244 4233 2754 4293 condonationibus,
2787 4241 3145 4302 praeterquam
3185 4233 3327 4300 quod
3361 4231 3610 4300 ingratus

2031 4326 2122 4391 sit,
2153 4325 2314 4380 etiam
2343 4325 2542 4392 injuria
2574 4337 2626 4378 et
2657 4323 2952 4392 ignominia
2981 4323 3283 4390 lacessere;
3316 4321 3600 4392 indignum

2035 4414 2246 4483 quidem
2281 4416 2331 4470 id
2356 4427 2458 4482 est,
2492 4417 2584 4471 sed
2616 4415 2836 4470 facienti
2870 4415 3060 4484 majori
3081 4423 3164 4470 est
3187 4415 3408 4483 damno,
3441 4430 3606 4486 quam

1963 4488 2006 4542 θ
2035 4509 2281 4578 patienti.

2108 4619 2312 4689 Ingrati
2337 4619 2503 4673 animi
2533 4619 2589 4672 in
2623 4618 2955 4674 alienatione
2988 4620 3254 4676 bonorum
3281 4619 3611 4689 prmteritam

2037 4712 2266 4782 gratiam
2301 4711 2506 4766 sentire
2549 4720 2973 4765 consueverunt.
3022 4712 3156 4765 Cum
3186 4713 3331 4764 enim
3382 4725 3613 4780 accepe-

2040 4803 2149 4856 rint
2177 4818 2205 4856 a
2236 4802 2665 4868 Iiberalioribus,
2711 4803 2913 4856 nullam
2946 4803 3191 4874 largienti
3240 4802 3444 4857 habent
3489 4816 3614 4872 gra-

2038 4893 2188 4957 tiam,
2222 4893 2415 4962 privati
2447 4901 2630 4947 autem
2657 4893 2929 4963 praeterita
2961 4893 3114 4947 beata
3145 4892 3467 4962 praedicant.

2111 5094 2443 5150 Admiranda
2471 5095 2560 5148 illa
2585 5094 2803 5165 quidem
2837 5095 3175 5164 ingratitudo
3201 5105 3303 5160 est,
3336 5112 3457 5165 quae
3479 5097 3618 5150 bene

2043 5188 2305 5244 merentis
2332 5186 2766 5241 benevolentiam
2824 5186 3236 5256 ingratitudinis
3263 5189 3610 5241 occasionem

2043 5281 2194 5335 facit.

2119 5394 2377 5450 Permulti
2427 5403 2556 5451 sunt
2605 5395 2840 5451 morosis
2911 5390 3223 5448 hominibus
3272 5389 3518 5453 similes,
3567 5386 3624 5445 id

2045 5489 2187 5558 quod
2215 5489 2369 5543 adest
2407 5496 2840 5549 centemnentes,
2866 5494 2920 5539 et
2952 5499 3073 5554 quze
3112 5484 3309 5539 absunt
3343 5483 3626 5551 requiren-

2046 5591 2149 5636 tes.
2180 5579 2318 5636 Non
2354 5581 2500 5636 enim
2533 5579 2920 5651 indigentiores
2946 5577 3080 5646 ipsis
3106 5576 3498 5640 enumerando,
3528 5587 3626 5641 pro

2046 5671 2112 5725 iis
2143 5686 2265 5740 quae
2299 5671 2577 5741 possident
2608 5669 2813 5739 gratias
2845 5676 3011 5735 agunt
3040 5666 3271 5721 Domino
3300 5680 3316 5733 ;
3346 5664 3440 5719 sed
3474 5679 3628 5719 com-

2049 5772 2301 5828 parantes
2360 5777 2460 5817 sua
2525 5775 2650 5816 eum
2711 5759 3210 5825 excellentissimis,
3251 5769 3306 5814 ct
3361 5766 3624 5828 quantum
