4062 6222
325 268 463 333 1157

1144 285 1311 345 LOCI
1351 288 1796 356 COMMUNES.
1825 321 1891 331 -
1920 297 2113 360 PARS
2155 295 2541 363 IICSERMO
2566 305 2733 367 LXV.

3447 314 3472 376 1
3493 308 3585 373 ’.53

387 389 607 461 Τρόπου
682 396 1090 467 καλοκαγαθίαν
1160 404 1328 473 ὅρκου
1403 406 1485 460 δεῖ
1568 410 1901 481 πιστοτέραν
1932 419 1974 474 Α

2077 412 2289 468 Murum
2318 417 2642 485 probitatem
2667 418 3027 489 jurejurando
3056 422 3351 477 ﬁrmiorem
3384 423 3585 478 habere

320 482 489 554 ἔχειν.

932 607 1150 664 ΛΟΓΟΣ
1182 608 1278 664 ΞΔ⁹

322 713 461 781 Περὶ
482 717 861 788 πολυόρκων,
893 723 991 777 καί
1014 723 1133 778 τῶν
1159 725 1301 793 τοὺς
1320 726 1538 796 ὅρκους
1572 730 1899 788 ἀπαιτούν-

1044 811 1185 852 των.

400 899 525 985 Ἐἐιν
575 901 721 972 ψυχὴ
749 905 972 981 ἁμάρτῃ
1000 911 1094 963 καὶ
1123 911 1331 983 ἀκούσῃ
1367 912 1552 983 φωνὴν
1599 916 1893 985 ὀρκισμοῦ,

1997 516 2238 576 οροιιοι.

2318 617 2553 676 δειιιιο
2585 621 2746 677 LXIV
2787 622 2888 695 [αί.
2918 623 3257 698 Lxxxvu].

2007 730 2079 783 De
2116 730 2343 786 multum
2380 732 2690 802 jurautibus
2724 747 2772 791 et
2804 738 3186 808 jusjurandum
3217 738 3570 809 exigentibus.

2074 905 2240 963 Lavit.
2265 924 2318 962 v.
2352 910 2409 964 Si
2441 912 2620 971 anima
2656 916 2893 981 peccarit
2925 925 2978 969 et
3004 930 3192 969 vocem
3215 914 3579 982 iurisiurandi

322 990 418 1039 καὶ
448 982 602 1053 οὗτος
637 994 846 1061 μάρτυς
888 995 919 1065 ἢ
973 998 1240 1066 ἑώρακεν,
1366 982 1643 1069 σύνοιδεν,⁷
1670 982 1778 1058 ἐὰν
1821 1006 1899 1077 μὴ

2011 1000 2254 1065 audierit,
2283 1011 2336 1056 et
2388 1002 2476 1057 hic
2530 1006 2687 1059 testis
2726 1006 2809 1059 vel
2842 1005 2996 1066 vidit,
3035 1007 3120 1058 vel
3172 1007 3430 1059 conscius
3473 1013 3580 1065 est,

323 1082 651 1153 ἀναγγείλῃ,
685 1084 915 1153 λήψεται
942 1088 1039 1157 τὴν
1070 1091 1344 1162 ἁμαρτίαν
1371 1094 1560 1150 αὑτοῦ.

408 1171 535 1224 Ἐὰν
560 1173 725 1242 ὅρκου
758 1179 1109 1247 προτεθέντος
1146 1184 1479 1249 ἀκούσαντες
1527 1188 1603 1257 μὴ
1633 1190 1898 1257 ἀναγγεί-

324 1259 482 1324 λωσι,
512 1263 863 1333 φοϐηθέντες,
900 1267 932 1339 ἢ
964 1271 1348 1343 αἰσχυνθέντες
1382 1277 1734 1347 ἀνθρώπους,
1769 1282 1900 1335 ὑπι-

327 1353 714 1425 σκελίσοησαν.

398 1448 538 1503 Τάδε
565 1449 714 1518 λέγει
753 1452 974 1523 Κύριος
1021 1458 1109 1511 Ζῶ
1143 1460 1273 1527 ἐγὼ,
1328 1462 1423 1515 ἐὰν
1472 1464 1546 1535 μὴ
1571 1465 1668 1536 τὴν
1715 1468 1903 1538 διαθήι

2000 1091 2104 1147 nisi
2140 1094 2456 1159 enuntiarit,
2493 1090 2725 1151 asciscet
2752 1097 2854 1151 sibi
2886 1108 3168 1165 peccatum
3206 1098 3375 1151 illius.

2083 1184 2356 1242 Salomon.
2394 1187 2449 1241 Si
2479 1189 2571 1257 qui
2597 1187 2979 1257 jusjurandum
3008 1189 3249 1243 additum
3288 1187 3583 1249 audierint,

2000 1293 2101 1332 nec
2145 1280 2566 1345 enuntiaverint,
2619 1280 2762 1348 quod
2800 1280 3051 1333 homines
3102 1289 3196 1333 aut
3251 1286 3583 1337 metuerent,

2001 1377 2095 1423 aut
2128 1380 2523 1435 revererentur,
2567 1370 2813 1425 fraudem
2856 1371 3222 1426 admiserunt.

2073 1457 2308 1514 lac/car.
2331 1477 2469 1516 xvtt.
2501 1461 2625 1516 Haec
2655 1461 2789 1516 dicit
2838 1462 3103 1516 Dominus
3139 1478 3151 1514 :
3190 1461 3324 1515 Vivo
3349 1474 3449 1526 ego
3482 1459 3588 1513 nisi

327 1555 434 1610 κην
467 1557 568 1610 μου
594 1542 660 1612 ῆν
682 1546 924 1618 παρέϐη,
948 1550 1043 1602 καὶ
1065 1551 1163 1621 τὴν
1187 1555 1537 1624 ὀρκωμοσίαν
1564 1575 1664 1627 μου
1693 1561 1759 1629 ἢν
1788 1562 1903 1629 ἠτί-

2011 1560 2389 1607 testamentum
2422 1569 2600 1608 meum
2648 1556 2791 1623 quod
2838 1554 3081 1620 violavit,
3120 1563 3172 1607 et
3201 1552 3584 1623 jusjurandum

331 1652 506 1703 μωσε,
535 1637 692 1692 δώσω
726 1642 868 1694 αὐτὰ
889 1644 969 1705 είς
994 1646 1239 1716 κεφαλὴν
1270 1650 1456 1702 αὐτοῦ·
1493 1653 1590 1705 καὶ
1608 1654 1901 1709 ἐκπετάσει)

2011 1658 2187 1697 meum
2219 1642 2365 1713 quod
2398 1643 2664 1699 dedecore
2703 1644 2901 1711 atfecit,
2936 1644 3140 1699 dedero
3168 1643 3220 1698 in
3249 1652 3414 1712 caput.
3440 1643 3583 1711 ejus,

329 1726 421 1828 ἐπ’
444 1728 606 1828 α-ὐτδν
629 1731 689 1783 τὸ
708 1732 925 1788 δίκτυόν
954 1740 1181 1805 μου,καὶ
1213 1741 1484 1797 ἁλώσεται
1505 1746 1561 1798 ἐν
1576 1749 1642 1817 τῇ
1668 1753 1899 1820 περιοχῇ
1935 1776 1975 1828 ιι

2011 1740 2057 1786 et
2095 1733 2381 1786 extendam
2426 1742 2542 1788 rete
2588 1750 2767 1788 meum
2820 1736 2874 1789 iu
2925 1749 3071 1799 eum,
3108 1736 3463 1804 capieturque
3530 1735 3584 1788 in

327 1819 518 1875 αὐτοῦ.
1804 1862 1809 1867 ρ
1876 1819 1880 1820 ν
1935 1819 1973 1828 ’⁷

2011 1822 2312 1878 munitione
2342 1839 2462 1878 sua.

409 1912 636 1977 Ἀδίκως
665 1915 884 1985 ὤμοσαν
922 1922 981 1974 ἐν
1017 1922 1156 1993 δόλῳ
1199 1928 1721 1999 καταφρονήσαντες
1746 1930 1904 1984 ,ὀσιό-

2078 1915 2208 1986 Sap.
2258 1917 2449 1987 Inique
2505 1918 2801 1986 doloseqne
2870 1918 3218 1987 juraveruut,
3301 1919 3588 1973 sanctitate

325 2022 509 2073 τητος.
545 2008 618 2060 οὐ
645 2011 752 2082 γὰρ
781 2012 939 2081 ἡμῶν
965 2014 1293 2085 ὀμνυμένων
1315 2017 1567 2087 δύναμις,
1589 2021 1708 2074 ἀλλ’
1736 2023 1767 2091 ἡ
1795 2024 1902 2075 τῶν

2011 2015 2348 2075 contempta;
2390 2022 2499 2062 non
2529 2011 2673 2061 enim
2712 2008 3013 2076 jurantium
3046 2016 3310 2077 potestas,
3337 2009 3433 2063 sed
3459 2023 3589 2077 pec—

328 2098 756 2169 ἁμαρτανόντων
784 2104 908 2176 δίκη
948 2108 1302 2180 ἐπεξέρχεται
1332 2111 1418 2170 ἀεὶ
1439 2112 1538 2182 τὴν
1561 2114 1673 2168 τῶν
1699 2115 1903 2170 ἀδίκων

2011 2094 2244 2149 cautium
2280 2094 2604 2165 supplicium
2639 2093 2986 2164 persequitur
3028 2108 3242 2164 semper
3273 2093 3586 2157 iniquorum

328 2190 665 2259 παράϐασιν.

400 2285 614 2355 Ὥσπερ
647 2287 865 2356 οἰκέτης
903 2292 1297 2364 ἐξεταζόμενος
1337 2296 1579 2366 συνεχῶς
1637 2299 1746 2352 ἀπὸ
1798 2302 1899 2367 μά-

2006 2186 2533 2254 praevaricationem.

2077 2275 2251 2329 Eccli.
2268 2292 2298 2329 χ
2310 2292 2424 2330 χιιι.
2447 2275 2517 2330 Ut
2539 2291 2729 2330 servus
2746 2288 2961 2344 semper
2976 2277 3239 2347 vapulans
3254 2277 3463 2349 ﬂagello
3479 2293 3586 2331 non

328 2393 518 2450 στιγος
571 2381 673 2433 οὐκ
722 2382 1176 2455 ἐλαττωθήσεται,
1232 2386 1410 2450 οὕτως
1454 2391 1481 2440 6
1533 2389 1757 2459 ὀμνύων
1810 2392 1904 2445 καὶ

2011 2367 2351 2429 emendatur,
2384 2369 2455 2420 sit
2479 2367 2671 2435 jurans
2699 2376 2751 2421 et
2803 2368 3080 2437 appellans
3110 2384 3329 2439 semper
3393 2384 3424 2424 a
3465 2385 3590 2439 pec-

326 2470 617 2540 ὀνομάζων
650 2473 945 2537 διαπαντὸς
976 2477 1084 2530 ἀπὸ
1142 2479 1427 2549 ἁμαρτίας
1458 2480 1521 2533 οὐ
1562 2482 1640 2549 μὴ
1675 2482 1905 2554 καθαρι-

2011 2467 2126 2513 cato
2158 2472 2264 2511 non
2295 2473 2427 2527 repu
2438 2474 2525 2527 rga
2536 2468 2645 2517 tur.

328 2560 457 2617 σθῆ.

397 2563 578 2724 i3Avijp
609 2657 907 2730 πολύορκος
945 2659 1323 2733 πλησθήσεται
1354 2662 1606 2731 ἀνομίας,
1657 2667 1751 2718 καὶ
1803 2666 1909 2719 οὐκ

328 2745 702 2817 ἀποστήσεται
729 2750 794 2804 ἐκ
826 2753 919 2805 τοῦ
956 2751 1105 2806 οἴκου
1160 2752 1330 2807 αὐτοῦ
1372 2752 1588 2822 μάστιξ.

404 2839 772 2909 Πιστούμενος
801 2842 862 2895 τὸ
900 2843 1095 2912 ψεῦδος
1121 2845 1211 2899 διὰ
1241 2847 1334 2899 τὶν
1372 2847 1556 2916 ὃρκον,
1577 2848 1747 2901 κακὸν
1764 2864 1904 2918 παρ-

370 2930 697 3002 εμπόρευμα
723 2933 824 3004 τῆς
854 2935 1252 3007 ἀπανθρωπίας
1281 2938 1381 3007 τὴν
1414 2939 1702 3008 ἐπιορκίαν
1737 2958 1905 3012 προσο

330 3036 548 3076 κταταα

2079 2638 2179 2703 Qui
2215 2638 2443 2692 multum
2490 2638 2644 2708 jurat
2695 2640 2982 2708 iniquitate
3023 2641 3216 2709 plenus
3251 2655 3371 2695 esse
3422 2639 3582 2705 solet,

2007 2744 2108 2783 nec
2135 2730 2203 2783 ab
2232 2730 2375 2782 illius
2404 2730 2564 2783 domo
2593 2730 2832 2787 discedet
2865 2731 3154 2802 flagellum.

2077 2819 2417 2874 Cuniirmans
2469 2821 2814 2875 mendacium
2898 2821 3254 2892 jurejurando
3301 2821 3584 2877 exitiosa'tt

2009 2909 2422 2964 inlmmauitatis
2464 2925 2726 2977 mercem,
2750 2912 3005 2969 videlicet
3062 2914 3389 2984 perjurium,
3425 2930 3581 2971 com-

2004 3013 2180 3073 parat.

403 3113 516 3184 Οὐχ
549 3113 721 3180 οὕτως
753 3116 948 3184 σφάζει
984 3117 1159 3188 ξίφος,
1193 3119 1268 3184 ὡς
1288 3120 1452 3187 ὅρκου
1476 3122 1660 3191 φύσις·
1688 3122 1785 3193 οὐχ
1817 3121 1909 3175 οὔ·
1937 3109 1977 3165 C

2083 3094 2140 3149 S.
2181 3095 2448 3164 Chrysosl.
2482 3095 2603 3149 Non
2640 3106 2746 3150 tam
2792 3096 3054 3152 interficit
3089 3098 3255 3162 ensis,
3286 3114 3447 3167 quam
3487 3097 3576 3162 jn-

327 3223 441 3269 τως
471 3209 693 3278 ἀναιρεῖ
721 3210 991 3278 μάχαιρα,
1032 3210 1108 3273 ὡς
1137 3210 1303 3278 ὅρκου
1343 3211 1551 3282 πληγή.
1598 3214 1656 3267 '0
1682 3214 1907 3283 ὀμόσαι,

332 3297 444 3349 κᾶν
473 3296 601 3367 δόξῃ
632 3296 871 3368 ζῇν,ἧδη
897 3297 1154 3367 τέθνηκε,
1185 3302 1280 3354 καὶ
1298 3304 1397 3371 τὴν
1420 3302 1636 3372 πληγὴν
1667 3304 1907 3365 ἐδέξατο*

327 3390 428 3442 καὶ
463 3389 656 3455 ἅσπερ
707 3390 735 3440 6
761 3389 822 3441 τὸ
873 3388 1138 3459 σπαρτίον
1173 3390 1376 3455 λαϐὼν,
1413 3393 1508 3447 καὶ
1555 3393 1685 3463 πρὶν
1734 3394 1767 3465 ἢ
1811 3394 1910 3462 τὴν

329 3479 491 3531 πόλιν
529 3478 783 3542 ἐξελθεῖν,
810 3480 909 3533 καὶ
938 3479 1134 3548 δήμιον
1158 3480 1285 3532 ίδεῖν
1315 3481 1698 3550 ἐφιστάμενον,
1722 3484 1912 3554 τέθνη-

332 3586 430 3622 κεν
473 3570 594 3637 ἄμα
639 3569 718 3638 τῷ
751 3569 848 3632 τὰς
897 3569 1066 3639 θύρας
1100 3570 1340 3635 ἐξελθεῖν
1394 3572 1486 3626 τοῦ
1531 3573 1909 3645 δικαστηρίου,

331 3659 478 3712 οὕτω
508 3658 606 3713 καὶ
642 3660 672 3713 6
695 3660 902 3731 ὀμόσας
930 3661 1021 3715 ἐπὶ
1050 3660 1258 3732 ψεύδει,
1288 3661 1392 3716 κᾶν
1417 3665 1508 3735 ζῇ,
1532 3664 1817 3734 τέθνηκεν.

426 3917 523 3970 Ἐκ
554 3919 885 3989 πολυορκίας
913 3918 1209 3990 ψευδορκία
1234 3922 1453 3990 φύεται.

410 4102 547 4155 Φασί
574 4118 720 4166 τινες
752 4101 815 4155 τὸ
844 4102 1090 4172 εὐορκεῖν
1118 4103 1219 4156 οὐκ
1247 4103 1556 4175 ἀπόϐλητον
1589 4117 1605 4134 '
1661 4103 1780 4158 ἀλλ’
1812 4104 1914 4174 ἤδη

338 4195 369 4248 ὃ
398 4210 463 4264 γε
492 4194 662 4264 ὀμνὺς
708 4195 789 4258 εἰς
825 4195 1084 4248 ἀπιστίαν
1117 4195 1455 4251 ὑπονοεῖται.

412 4373 704 4443 Μαρτυρία
728 4371 863 4426 Θεοῦ
904 4374 1020 4426 ἐστι
1075 4374 1206 4440 περὶ
1258 4372 1601 4443 πραγμάτων
1633 4375 1913 4444 ἀμφισϐη-

2014 3183 2308 3253 risjurandi
2344 3196 2577 3251 natura;
2625 3202 2730 3241 non
2777 3195 2882 3241 tam
2924 3187 3123 3242 occidit
3161 3189 3392 3258 gladius,
3422 3205 3583 3258 quam

2009 3274 2367 3345 jurisjurandi
2416 3278 2595 3346 plaga.
2619 3276 2719 3342 Qui
2768 3277 3066 3346 jurat,et.si
3117 3279 3329 3333 videtur
3381 3282 3586 3345 vivere,

2013 3373 2195 3420 tamen
2245 3366 2357 3435 jam
2421 3375 2670 3422 mortuus
2725 3376 2824 3433 est,
2876 3376 2930 3421 et
2980 3367 3188 3436 plagam
3245 3369 3589 3436 aceepit;ae

2012 3455 2470 3524 quemadmodum
2496 3456 2585 3511 cui
2615 3455 2847 3523 injectus
2878 3466 2960 3510 est
2987 3456 3239 3525 laqueus,
3266 3457 3582 3525 priusquam

2012 3561 2080 3599 ex
2114 3547 2247 3600 urbe
2272 3547 2583 3615 egrediatur
2610 3556 2665 3600 et
2700 3556 2969 3601 astantem
3029 3547 3211 3602 videat
3248 3548 3587 3611 carniﬁcem,

2013 3645 2264 3691 mortuus
2286 3645 2372 3691 est
2402 3636 2735 3703 simulatque
2761 3636 2983 3705 ianuam
3008 3650 3263 3705 egressus
3329 3648 3408 3691 est
3445 3652 3587 3706 pra:-

2014 3727 2300 3784 toriizsic
2372 3736 2427 3782 et
2497 3727 2591 3796 qui
2651 3725 2787 3780 falso
2850 3727 3295 3795 mendaciterque
3362 3728 3588 3795 juravit,

2014 3818 2228 3873 etiamsi
2264 3818 2431 3880 vivat,
2465 3825 2715 3870 mortuus
2746 3823 2852 3870 est.

2084 3905 2346 3960 Philonis.
2388 3903 2466 3959 Ex
2517 3904 2790 3973 frequenti
2859 3903 3220 3974 jurejurando
3285 3906 3585 3977 periurium

2015 3998 2287 4052 nascitur.

2084 4086 2254 4140 Aiunt
2307 4085 2528 4156 quidam
2583 4085 2970 4158 jusjurandum
3040 4104 3230 4143 verum
3297 4104 3589 4155 nonesse

2016 4176 2369 4246 rejiciendum
2409 4195 2424 4233 :
2461 4178 2557 4233 sed
2603 4177 2716 4248 jam
2751 4176 2915 4249 214
2940 4177 3031 4249 qui
3060 4178 3279 4249 jurarit,
3309 4180 3428 4251 ejus
3458 4180 3590 4236 fides

2016 4268 2072 4323 iu
2097 4270 2463 4339 suspicionem
2500 4271 2670 4325 venit.

2088 4358 2423 4417 Testilieatio
2451 4360 2542 4417 Dei
2576 4373 2661 4418 est
2686 4364 2753 4417 de
2800 4366 2963 4419 rebus
2990 4361 3263 4434 ambiguis
3305 4361 3590 4432 jusjuran-

336 4441 622 4535 τουμένων
640 4466 669 4517 6
689 4465 871 4533 ὅρκος,
904 4463 1159 4535 μάρτυρα
1188 4465 1245 4518 δὲ
1272 4441 1461 4518 καλεῖν
1486 4466 1578 4518 ἐπὶ
1600 4441 1786 4535 ψευδει
1819 4441 1910 4519 τόν
1943 4441 1977 4495 θ

2014 4451 2139 4505 dum
2169 4459 2402 4506 :testem
2454 4463 2634 4507 autem
2688 4456 2945 4509 adhibere
2995 4456 3047 4507 in
3084 4453 3365 4508 mendacio
3395 4450 3584 4518 Deum,

337 4556 500 4622 Θεὸν,
523 4556 904 4609 ἀνοσιώτατον.

410 4648 516 4701 Τὸν
542 4646 782 4715 ὀμνύντα
821 4647 1000 4716 μάτην
1031 4647 1117 4700 ἐπ’
1163 4646 1332 4717 ἀδίκῳ
1358 4648 1490 4712 Θεὸς
1519 4650 1545 4701 6
1599 4648 1699 4717 τὴν
1750 4647 1912 4717 φύσιν

339 4738 499 4802 ἵλεως
533 4736 729 4790 οὔποτε
783 4737 883 4807 τῆς
946 4736 1126 4800 αίτίας
1168 4737 1493 4803 ἀπαλλάξει,
1541 4736 1913 4806 δυσκάθαρτον

338 4830 435 4883 καὶ
465 4829 659 4898 μιαρὸν
704 4827 856 4891 ὄντα,
901 4826 1007 4881 κᾶν
1047 4826 1288 4898 διαφύγῃ
1320 4827 1418 4895 τῆς
1471 4827 1566 4879 ἀπ’
1612 4826 1914 4897 ἀνθρώπων

336 4918 632 4990 τιμωρίας.

936 5004 1158 5060 ΛΟΓΟΣ
1194 5000 1316 5056 EE’.

411 5121 550 5190 Περὶ
582 5121 763 5188 ζήλου
792 5118 1043 5191 ἀγαθοῦ,
1077 5117 1177 5171 καί
1203 5114 1515 5187 μιμήσεως
1549 5114 1840 5185 χρηστῆς.

406 5228 630 5289 Εἶπενό
679 5232 903 5302 Κύριος,
964 5230 1305 5298 ’Υπόδειγμα
1353 5227 1563 5281 δέδωκα
1609 5228 1761 5295 ὑμῖν,
1826 5227 1916 5280 ἵνα

341 5325 529 5389 καθὼς
565 5326 673 5394 ἐγὼ
716 5324 948 5394 ἐποίησα
974 5322 1126 5388 ὑμῖν,
1151 5320 1248 5374 καὶ⁵
1279 5321 1436 5389 ὑμεῖς
1457 5319 1721 5388 ποιήσητε
1757 5319 1917 5387 ἀλλή-

342 5417 480 5479 λοις.

420 5506 656 5578 Ζηλοῦτε
692 5508 756 5561 τὰ
789 5507 1106 5579 χαρίσματα
1130 5506 1200 5560 τὰ
1221 5504 1529 5577 κρείττονα.
1686 5568 1693 5573 _

421 5597 671 5671 Μιμηταί
707 5616 808 5670 μου
837 5597 1076 5668 γίνεσθε,
1098 5595 1280 5661 καθὼς
1311 5594 1466 5665 κάγὼ
1497 5593 1752 5665 Χριστοῦ.

2013 4557 2227 4598 summe
2256 4543 2483 4612 impium
2518 4555 2621 4598 est.

2082 4632 2304 4689 Frustra
2340 4635 2613 4702 jurautem
2653 4635 2724 4689 ob
2763 4651 2871 4688 rem
2935 4634 3178 4705 iniquam
3211 4635 3352 4690 Deus
3394 4644 3586 4688 natura

2013 4724 2264 4794 placidus
2304 4741 2579 4794 nunquam
2612 4726 2767 4790 culpa
2798 4725 3067 4792 liberabit,
3094 4735 3278 4795 utpote
3311 4726 3582 4793 impurum

2015 4824 2071 4870 et
2150 4816 2468 4877 scelestum,
2526 4816 2737 4871 etiamsi
2801 4817 3079 4871 hominum
3136 4814 3398 4885 supplicia
3456 4828 3587 4869 eva-

2015 4908 2164 4961 serit.

2455 4997 2683 5052 suum
2717 4997 2852 5051 va
2886 4998 2984 5070 ιαι.
3013 4996 3149 5070 vn].

2332 5109 2402 5163 De
2426 5109 2539 5163 zelo
2568 5112 2696 5164 bona
2719 5118 2768 5164 et
2789 5109 3084 5165 imitatione
3112 5110 3271 5163 bona.

2084 5221 2246 5276 Joan.
2275 5238 2392 5277 xm.
2424 5223 2567 5277 Dixit
2620 5222 2878 5279 Dominus
2917 5239 2934 5277 :
2968 5221 3289 5290 Exemplum
3319 5218 3442 5274 dedi
3479 5230 3578 5270 vo-

2018 5313 2125 5377 bis,
2163 5321 2225 5367 ut
2272 5315 2727 5382 quemadmodum
2759 5328 2885 5382 ,ego
2932 5313 3035 5369 ieci
3080 5312 3254 5377 vobis,
3285 5311 3373 5385 sic
3407 5317 3460 5363 et
3490 5323 3586 5362 vos

2020 5404 2107 5457 alii
2139 5403 2265 5459 aliis
2305 5405 2538 5461 faciatis.

2090 5492 2119 5545 I
2154 5492 2280 5549 Cor.
2318 5508 2432 5548 xw.
2460 5491 2818 5547 Emulamini
2849 5492 2989 5566 dona
3019 5489 3369 5560 perfectiora.
3431 5548 3434 5550 γ

2091 5580 2397 5640 lmitatores
2455 5583 2558 5638 mei
2608 5591 2806 5648 estote,
2856 5580 3318 5650 quemadmodum
3371 5593 3426 5638 et
3489 5597 3587 5655 ego

2021 5671 2241 5731 Christi.
2268 5680 2279 5699 ‘
