4062 6222
423 329 555 397 1161

1087 329 1262 399 LOCI
1303 333 1737 398 COMMUNES.
1779 357 1844 368 -
1883 329 2078 391 PARS
2118 329 2200 390 II.
2240 327 2499 388 SERMO
2546 326 2812 389 LXVIII.

3519 255 3704 385 1162ἑ

1731 445 1964 505 sanun
1995 442 2182 500 exvn
2211 443 2309 516 (ι).

1372 546 1449 600 De
1477 545 1761 606 charitale,
1795 556 1943 611 pace,
1973 537 2252 593 concordia
2281 542 2330 592 et
2356 535 2612 604 paciﬁcis.

978 667 1200 721 ΛΟΓΟΣ
1237 667 1362 723 EH'.

386 753 527 824 Περὶ
557 759 782 827 μίσους
811 763 908 816 xui
964 761 1186 850 ἔχθρας
1234 763 1336 816 καὶ
1383 761 1502 815 τῶν
1531 762 1731 831 μάχας
1779 776 1965 815 συνα-

1027 849 1326 888 πῖον-των.

465 921 810 978 ’Δπὲστειλεν
842 925 1054 994 Ἰεφθάε
1088 927 1354 996 ἀγγέλους
1404 927 1541 996 πρὸς
1575 924 1801 996 βασιλια
1832 923 1966 978 υἱῶν

398 1013 644 1083 Ἀμμὼν,
705 1015 896 1084 λέγων,
943 1018 1010 1072 Τί
1058 1017 1180 1088 ἐμοὶ
1224 1020 1318 1072 καὶ
1385 1018 1487 1082 σοὶ,
1545 1018 1628 1071 ὅτι
1672 1017 1830 1087 ἥκεις
1875 1016 1987 1070 ἐπ’·

385 1104 508 1172 ἐμὲ,
540 1105 851 1176 πολεμῆσαὶ
891 1127 958 1178 με
991 1111 1050 1163 ἐν
1093 1112 1161 1180 τῇ
1195 1113 1266 1180 γῇ
1301 1128 1402 1179 μου
1431 1127 1446 1176 ;
1505 1109 1615 1177 ἐγὼ
1641 1109 1739 1178 οὐχ
1778 1109 1962 1178 ἦμαρσο

384 1196 476 1248 τόν
501 1214 606 1261 σοι,
641 1202 736 1251 καὶ
768 1200 832 1252 σὺ
862 1202 1036 1264 ποιεῖς
1060 1201 1176 1270 μετ’
1209 1201 1342 1271 ἐμοῦ
1381 1201 1650 1272 πονηρίαν
1677 1199 1769 1252 τοῦ
1803 1198 1964 1254 πολε-

388 1289 560 1358 μῆσαι
590 1292 646 1343 ἐν
677 1292 817 1359 ἐμοι.
857 1293 1056 1362 Κρ-ίναι
1087 1294 1294 1365 Κύριος
1331 1297 1360 1347 ό
1409 1295 1630 1363 κρίνων,
1668 1293 1772 1347 ἀνά
1804 1292 1966 1362 μέσον

387 1381 520 1434 υἱῶν
569 1383 810 1454 Ἰσραὴλ,
864 1387 961 1438 καὶ
1004 1387 1108 1440 ἀνά
1160 1388 1323 1454 μέσον
1369 1386 1499 1439 υἱῶν
1546 1385 1796 1455 Ἀμμών.
1856 1386 1968 1438 Καὶ

385 1473 484 1526 οὐκ
542 1477 831 1546 εἱσήκουσε
892 1479 1144 1548 βασιλεὺς
1173 1481 1306 1535 υἱῶν
1341 1481 1574 1552 Ἀμμὼν
1622 1481 1733 1536 τῶν
1787 1478 1966 1546 λόγων

398 1558 631 1628 Ἰεφθάε,
657 1556 732 1617 ὧν
755 1567 1045 1621 ἀπέστειλε
1080 1569 1217 1640 πρὸς
1247 1570 1428 1636 αὐτὸν,
1465 1571 1558 1623 καὶ¹
1584 1569 1850 1642 ἐγεννήθη
1872 1570 1966 1623 ἐπὶ

399 1645 607 1717 Ἰεφθάε
637 1653 860 1724 Πνεῦμα
889 1657 1121 1726 Κυρίου,
1169 1659 1264 1712 καὶ
1292 1659 1442 1730 διέϐη
1475 1661 1612 1729 πρὸς
1639 1658 1767 1723 τοὺς
1812 1659 1965 1720 υἱοὺς

399 1741 647 1811 Ἀμμὼν,
675 1744 770 1798 τοῦ
794 1748 1104 1823 πολεμῆσαι
1131 1750 1350 1814 αὐτούς.
1383 1751 1493 1804 Καὶ
1523 1751 1840 1821 παρέδωκεν
1863 1751 1965 1806 αὑ·-

386 1834 510 1896 τοὺς
547 1835 752 1907 Κύριος
782 1841 842 1892 ἐν
870 1842 1016 1913 χειρὶ
1063 1843 1231 1898 αὐτοῦ
1251 1887 1266 1910 ,
1303 1847 1395 1898 καὶ
1447 1847 1718 1912 ἐπάταξεν
1747 1848 1830 1909 εἱς
1863 1846 1964 1900 αὖ·

385 1925 514 1986 τοὺς
543 1927 716 1981 εἴκοσι
741 1929 946 1998 πόλεις,
982 1933 1074 1985 καὶ
1096 1933 1476 2005 ἐνετράπησαν
1506 1937 1554 1987 οἱ
1581 1936 1688 1988 υἱοὶ
1731 1935 1965 2006 ’Δμμὼν

387 2015 496 2068 ἀπὸ
523 2017 814 2087 προσώπου
843 2021 974 2074 υἱῶν
1003 2024 1246 2093 Ἰσραήλ.

393 2119 395 2121 ’
463 2109 677 2164 Παῦσαι
720 2111 830 2166 ἀπὸ
879 2112 1072 2183 ὀργῆς,
1104 2115 1202 2168 καὶ
1233 2116 1570 2183 ἐγκατάλιπε
1626 2115 1844 2187 θυμόν·
1890 2117 1968 2187 μιὴ

389 2200 708 2269 παραζήλου
741 2202 882 2256 ὥστε
910 2206 1312 2277 πονηρεύεσθαι
1335 2224 1349 2238 ·
1381 2209 1464 2262 ὅτι
1493 2209 1544 2261 οἱ
1585 2209 1986 2281 πονηρευόμεο·

390 2306 470 2344 νοι
505 2292 1071 2367 ἐξολοθρευθήσονται.

457 2387 861 2459 Διασκόρπισον
895 2391 1024 2462 ἔθνη
1064 2394 1133 2446 τὰ
1165 2393 1294 2457 τοὺς
1324 2375 1607 2464 ’πολέμους
1645 2394 1895 2449 θέλοντα.

457 2478 632 2542 Mica;
664 2481 872 2550 ἐγείρει
900 2485 1102 2544 νεῖκος.

456 2564 532 2625 Οὗ
554 2572 648 2626 ἐάν
681 2573 897 2645 εἰσέλθῃ
933 2573 1114 2647 ὕϐρις,
1137 2577 1255 2630 ἐκεῖ
1278 2578 1371 2631 καὶ
1401 2578 1614 2648 άτιμὶα.

458 2751 622 2824 Ἀνὴρ
658 2753 1364 2828 θυμώδηςπαρασκευάζει
1393 2757 1598 2828 μάχας.

456 2841 791 2914 Ἀεκειλογίας
822 2847 1026 2917 ἐγείρει
1054 2849 1165 2912 πᾶς
1186 2849 1361 2912 κακός
1381 2866 1398 2884 ·
1429 2849 1460 2902 ὁ
1487 2847 1545 2902 δὲ
1578 2848 1784 2920 Κύριος
1802 2847 1970 2920 ἄγγε-

385 2932 477 2987 λον
508 2935 697 3008 άνελεή
707 2953 846 3008 μονα
876 2941 1155 3010 ἐκπέμπει
1183 2941 1354 3010 αὐτῷ.

461 3029 912 3101 Φιλαμαρτήμων
932 3033 1116 3103 χαίρει
1147 3033 1375 3103 μάχαις.

454 3119 628 3188 Λόγος
653 3122 902 3194 λυπηρὸς
926 3124 1132 3194 ἐγείρει
1158 3125 1352 3195 ὀργάς.

455 3213 548 3276 Μὴ
577 3213 832 3284 ἐπίχαιρε
878 3216 976 3270 καὶ
1011 3216 1328 3286 πρόσπιπτε
1381 3219 1462 3283 εἱς
1493 3218 1674 3292 μάχην
1723 3219 1968 3290 ταχέως,

389 3307 478 3360 ἵνα
506 3308 583 3378 μὴ
609 3307 995 3378 μεταμεληθῇς
1022 3307 1114 3363 ἐπῖ
1137 3309 1386 3381 ἐσχάτων
1410 3327 1530 3365 σου.

2209 655 2567 727 216-218
2601 652 2834 710 SERMO
2863 651 3067 710 LXVIII
3107 652 3203 725 [αι.
3231 649 3486 722 LXXVI].

2178 750 2256 806 De
2282 749 2403 805 odio
2433 757 2482 803 et
2529 749 2846 813 inimicitiis,
2879 757 2926 802 et
2981 763 3186 818 pugnas
3231 746 3547 801 urentibus.

2139 929 2323 984 ludio.
2353 942 2413 982 ιι.
2440 925 2674 996 Jephtha
2699 926 2944 987 nuntios
2995 925 3146 980 misit
3182 925 3248 979 ad
3306 938 3482 993 regem
3515 923 3653 976 Am-

2068 1020 2422 1083 monitarum,
2455 1032 2583 1073 cum
2638 1017 2953 1087 hujusmodi
3007 1017 3279 1071 mandatis
3314 1033 3331 1070 :
3365 1014 3505 1079 Quid
3554 1014 3651 1068 tibi

2068 1128 2281 1168 mecum
2325 1113 2402 1166 rei
2451 1119 2557 1175 est,
2602 1111 2748 1181 quod
2801 1110 2957 1166 venis
3007 1111 3064 1163 in
3119 1111 3254 1163 lines
3307 1108 3426 1176 agri
3471 1106 3651 1161 nostri

2068 1205 2367 1261 bellatum?
2395 1204 2532 1259 nihil
2566 1205 2619 1258 in
2646 1211 2704 1257 te
2739 1203 2979 1272 peccavi,
3016 1225 3021 1231 ν
3059 1213 3112 1256 et
3147 1210 3203 1255 tu
3231 1214 3448 1254 mecum
3493 1197 3655 1251 mali-

2066 1297 2204 1353 tiose
2227 1297 2368 1364 agis,
2435 1297 2528 1365 qui
2571 1295 2707 1349 mihi
2740 1294 2939 1349 bellum
2985 1291 3176 1346 infers.
3220 1287 3439 1344 Judicet
3469 1285 3652 1340 Domi-

2067 1404 2174 1444 nus
2211 1389 2278 1444 de
2313 1402 2478 1443 caus
2523 1386 2898 1442 lsraelitarum
2949 1391 3006 1439 et
3032 1381 3496 1437 Ammonitarum.
3536 1377 3653 1432 Rex

2071 1488 2250 1533 autem
2335 1477 2774 1532 Ammonitarum
2863 1488 2974 1529 non
3059 1471 3336 1540 acquievit
3415 1467 3684 1524 orationi.

2065 1566 2336 1638 Jephthze,
2361 1584 2468 1638 qua
2521 1583 2620 1637 per
2645 1566 2868 1622 nuntios
2896 1564 3039 1634 apud
3077 1564 3226 1617 illum
3261 1575 3392 1616 usus
3419 1568 3536 1615 erat
3557 1575 3572 1611 :
3597 1566 3656 1612 et

2067 1661 2338 1730 corripuit
2379 1658 2674 1731 .lcphtham
2711 1659 2953 1730 Spiritus
2989 1657 3296 1721 Domini,et
3327 1666 3652 1724 progressus

2067 1761 2151 1807 est
2189 1751 2256 1806 ad
2283 1751 2488 1806 bellum
2536 1752 2879 1806 inferendum
2913 1751 3039 1806 filiis
3063 1748 3365 1812 Ammonis,
3402 1743 3654 1800 tradidit-

2068 1860 2174 1914 que
2201 1859 2298 1900 eos
2328 1844 2592 1899 Dominus
2627 1844 2682 1897 in
2730 1858 2930 1898 manus
2967 1842 3039 1906 ei,
3074 1840 3421 1908 vastavitque
3459 1834 3654 1906 viginti

2068 1937 2231 1993 urbes
2261 1955 2276 1993 :
2313 1947 2370 1992 et
2395 1935 2725 1991 Ammonitte
2757 1935 3063 1991 timuerunt
3097 1932 3399 1988 Israelitas.

2140 2116 2338 2172 David.
2363 2115 2501 2170 Seda
2533 2113 2896 2180 iracundiam,
2923 2120 2978 2168 et
3007 2110 3146 2166 iram
3184 2109 3403 2174 omitte;
3440 2104 3547 2160 noli
3579 2104 3655 2158 ita

2071 2209 2315 2265 emulari
2360 2207 2703 2277 utimprobe
2740 2219 2916 2275 agas:
2947 2202 3076 2274 quia
3129 2199 3364 2271 improbi
3411 2196 3655 2252 funditus

2071 2301 2350 2370 peribunt.

2144 2391 2404 2460 Disperge
2435 2397 2622 2460 gentes
2651 2403 2772 2458 quae
2797 2388 2946 2445 bella
2978 2388 3192 2444 volunt.

2145 2481 2342 2538 Odium
2369 2478 3021 2535 excitat-contentionem.

2143 2574 2485 2646 Quocunque
2514 2571 2760 2640 ingressa
2801 2571 2972 2626 fuerit
3001 2569 3362 2634 contumelia,
3394 2580 3462 2622 eo
3490 2563 3654 2620 etiam

2073 2667 2394 2739 ignominia.

2153 2757 2240 2814 Vir
2270 2759 2574 2815 iracundus
2608 2763 2881 2830 praeparat
2917 2770 3148 2828 pugnas.
3267 2792 3271 2798 ς
3571 2817 3574 2819 λ

2139 2853 2620 2910 Contradictiones
2650 2850 2858 2908 excitat
2896 2848 3079 2904 omnis
3131 2845 3352 2903 malus:
3387 2842 3656 2900 Dominus

2073 2954 2254 3002 autem
2286 2944 2365 2999 illi
2396 2945 2576 2998 mittet
2607 2943 2858 3013 angelum
2882 2937 3404 2996 immisericordem.

2142 3037 2409 3093 Peccandi
2442 3036 2676 3105 cupidus
2703 3033 2904 3104 pugnis
2933 3031 3155 3102 gaudet.

2144 3129 2372 3186 Molesta
2401 3128 2580 3183 oratio
2603 3128 2812 3183 excitat
2837 3140 2979 3182 me.

2142 3221 2222 3278 Ne
2276 3221 2506 3277 insultes
2537 3229 2633 3276 aut
2672 3221 2851 3278 irruas
2899 3219 2953 3274 in
2996 3218 3247 3290 praelium
3293 3219 3428 3284 cito,
3475 3233 3546 3274 ne
3589 3217 3658 3272 ad

2073 3323 2380 3374 extremum
2423 3325 2475 3370 te
2506 3314 2630 3384 ejus
2660 3315 2945 3383 poeniteat.

457 3401 687 3470 Σίδηρος
723 3400 944 3473 σίδηρον
972 3401 1187 3467 όξὺνει·
1219 3380 1362 3474 ἀνὴρ
1382 3405 1440 3459 δὲ
1473 3404 1768 3472 παροξύνει
1794 3404 1968 3476 πρόσ-

2148 3409 2215 3464 Ut
2249 3408 2456 3464 ferrum
2493 3407 2644 3463 acuit
2686 3406 2917 3476 ferrum,
2955 3405 3036 3462 sic
3070 3406 3239 3461 homo
3273 3389 3553 3460 hominem
3585 3404 3662 3459 ir-

388 3508 540 3545 ωπον
565 3493 652 3544 ἑτὲ
661 3509 776 3562 ρου.
827 3499 834 3505 ’

457 3581 548 3651 Μὴ
577 3581 968 3654 φιλεχθρήσεις
997 3583 1136 3654 πρὸς
1179 3581 1468 3653 ἄνθρωπον
1513 3575 1716 3656 μάτην.
1746 3587 1856 3641 ⁷ἱνα
1893 3586 1970 3657 μή

384 3691 437 3727 τι
471 3673 551 3735 εἱς
583 3673 642 3726 σὲ
682 3673 987 3744 ἐργάσηται
1030 3675 1221 3730 κακόν.

458 3764 786 3835 Σύντριμμα
829 3767 928 3819 καὶ
972 3766 1319 3835 ταλαιπωρία
1354 3769 1414 3821 ἐν
1442 3771 1566 3832 ταῖς
1597 3768 1739 3832 ὁδοῖς
1766 3767 1968 3834 αὐτῶν,

385 3860 480 3913 καὶ
503 3860 621 3913 όδδν
650 3859 877 3930 εἰρήνης
905 3860 1008 3914 οὐκ
1042 3859 1309 3929 ἔγνωσαν,
1362 3862 1458 3914 καὶ
1475 3863 1582 3914 οὐκ
1627 3861 1745 3914 ἐστι
1790 3860 1972 3930 κρίσις

385 3952 443 4004 ἐν
466 3954 584 4015 ταῖς
604 3952 744 4016 ὁδοῖς
766 3951 970 4008 αὐτῶν.
1003 3955 1070 4006 Αἱ
1095 3955 1206 4025 γὰρ
1235 3954 1414 4025 τρίϐοι
1439 3953 1623 4008 αὐτῶν
1643 4002 1650 4006 .
1674 3953 1972 4024 διεστραμ-

389 4045 548 4115 μέναι
574 4045 640 4107 ἃς
671 4045 939 4112 ὁδεύουσι,
969 4047 1066 4100 καὶ
1097 4049 1199 4101 οὐκ
1231 4049 1438 4102 οἴδασιν
1484 4049 1760 4120 εἰρήνην.’
1789 4073 1792 4076 ·

458 4137 574 4196 Πᾶς
600 4137 628 4192 ὁ
673 4131 823 4200 nixo;
855 4137 1078 4210 Ἰσραὴλ
1121 4138 1421 4209 φιλόνεικοι
1480 4140 1576 4194 καὶ
1628 4140 1974 4214 σκληροκάρο

389 4227 510 4282 διοι.

457 4319 626 4391 Ἀνὴρ
657 4322 983 4391 ἁμαρτωλὸς
1012 4323 1308 4393 παροξύνει
1344 4324 1553 4390 φίλους,
1586 4327 1683 4379 καὶ
1728 4326 1832 4379 ἀνά
1874 4325 1974 4396 μὲ-

392 4427 482 4464 σον
515 4413 910 4483 εἰρηνευόντων
943 4413 1126 4484 βάλλει
1148 4414 1426 4486 διαϐολήν.

465 4501 623 4569 Ἔρις
671 4503 1167 4574 κατασπευδομένη
1218 4507 1431 4559 ἐκκαίει
1497 4505 1630 4577 πῦρ,
1681 4507 1777 4560 καὶ
1825 4508 1972 4578 μάχη

390 4595 881 4666 κατασπευδομένη
917 4596 1095 4664 ἐκχέει
1137 4593 1296 4665 αἷμα.

466 4689 620 4742 Πᾶσα
649 4689 922 4759 βασιλεία,
963 4691 1284 4761 μερισθεῖσα
1309 4692 1432 4745 καθ’
1483 4692 1706 4762 ἑαυτὴν,
1731 4693 1972 4764 ἐρημοῦ-

390 4793 513 4833 ται·
541 4782 635 4833 καὶ
670 4782 818 4833 πᾶσι
855 4782 1010 4846 πόλις
1042 4784 1133 4835 καὶ
1156 4783 1324 4848 οἰκία,
1355 4783 1680 4854 μερισθεῖσα
1703 4785 1828 4840 καθ’
1856 4786 1976 4838 ἐαυο

391 4875 514 4946 τὴν.
541 4874 601 4927 οὐ
618 4874 763 4931 ,καοί
772 4892 944 4928 σεται.

463 4967 564 5019 Διά
597 4965 671 5042 ,τὸ
728 4966 1107 5038 πληθυνθῆναι
1153 4969 1254 5040 τὴν
1293 4968 1536 5039 ἀνομίαν
1584 4969 1896 5040 ψυγήσεται
1943 4970 1977 5040 ἡ

392 5059 580 5129 ἀγάπη
607 5059 716 5111 τῶν
758 5060 995 5114 πολλῶν.

463 5153 530 5205 Εἰ
556 5171 640 5217 τις
662 5154 812 5208 δοκεῖ
834 5155 1138 5224 φιλόνεικος
1166 5151 1328 5220 εἶναι,
1350 5157 1509 5226 ἡμεῖς
1526 5155 1788 5224 τοιαύτην
1816 5156 1978 5228 συνή-

392 5249 546 5303 θειαν
576 5247 676 5300 οὐκ
699 5249 914 5317 ἔχομεν,
945 5248 1065 5301 οὐδὲ
1099 5249 1388 5318 ἐκκλησίαι
1423 5247 1517 5300 τοῦ
1545 5248 1704 5301 Θεοῦ.

477 5439 536 5493 Ὀ
571 5441 862 5510 ταράσσων
925 5438 1070 5508 ὑμᾶς
1128 5435 1288 5498 αὐτὸς
1349 5433 1610 5503 βαστάσει
1668 5431 1730 5485 τὸ
1778 5431 1977 5501 κρίμα,

391 5537 539 5599 ὅστις
569 5534 634 5588 ἄν
817 5553 822 5560 ν

465 5681 540 5751 (l)
573 5681 766 5751 Sermo
814 5671 914 5728 iste
946 5672 1080 5751 nihil
1117 5669 1227 5751 fere
1277 5669 1691 5751 continebquod
1747 5684 1853 5721 non
1892 5669 1967 5724 le-

393 5739 549 5819 gatur
582 5750 636 5802 in
669 5759 919 5819 sermone
943 5743 1013 5819 26
1053 5741 1456 5819 partisprimm,
1497 5739 1732 5819 ejusdem
1758 5748 1842 5794 est
1881 5753 1968 5793 ar-

385 5809 662 5893 gumenti,
694 5816 769 5869 De
806 5815 1067 5867 charitale
1120 5811 1328 5866 scilicet
1357 5826 1450 5864 seu
1481 5809 1778 5876 dilectione,
1807 5826 1960 5881 pace,

711 5914 982 5974 PATROL.
1035 5910 1131 5971 GR
1207 5907 1307 5970 CX
1323 5907 1551 5970 XXVI.

2072 3501 2226 3555 ritat.

2142 3589 2262 3647 Noli
2302 3594 2424 3647 sine
2449 3605 2614 3648 causa
2651 3590 2972 3646 inimicitias
3002 3603 3126 3644 cum
3156 3603 3435 3659 quoquam
3482 3588 3663 3645 susci-

2071 3698 2224 3754 pere,
2261 3698 2331 3738 ne
2360 3683 2490 3752 quid
2524 3682 2578 3736 in
2609 3691 2663 3736 te
2691 3681 2814 3735 mali
2842 3680 3136 3749 excogitet.

2143 3774 2259 3830 Ira.
2307 3790 2420 3829 ιιι.
2453 3771 2726 3828 Contritio
2786 3781 2842 3826 et
2888 3771 3112 3826 miseria
3164 3771 3220 3824 in
3278 3771 3655 3834 viis-eorum,

2073 3881 2179 3923 nec
2209 3867 2352 3920 viam
2391 3865 2542 3935 pacis
2573 3871 2801 3929 norunt,
2831 3877 2933 3917 nec
2961 3871 3046 3917 est
3097 3861 3152 3916 in
3191 3862 3298 3920 viis
3353 3876 3548 3917 eorum
3576 3862 3665 3930 iu-

2076 3959 2320 4023 dicium;
2356 3959 2462 4014 via:
2488 3957 2634 4012 enim
2668 3970 2808 4025 quas
2837 3954 3247 4025 ingrediuntur,
3287 3968 3470 4024 prava:
3507 3963 3659 4018 sunt,

2075 4068 2178 4109 nec
2206 4066 2392 4122 pacem
2425 4065 2564 4105 nove
2574 4057 2722 4104 runt.

2053 4180 2068 4193 ο
2145 4144 2342 4202 Ezech.
2376 4143 2510 4200 Tota
2580 4141 2788 4198 familia
2834 4141 3134 4199 Israelitica
3181 4155 3247 4196 ex
3303 4136 3664 4194 contentiosis

2075 4237 2240 4308 219
2270 4250 2324 4293 et
2349 4236 2734 4308 pervicacibus
2766 4244 3002 4290 constat.

2143 4330 2434 4400 improbus
2463 4329 2760 4384 exacerbat
2788 4327 3019 4392 amicos,
3055 4333 3112 4382 et
3140 4328 3285 4379 inter
3309 4319 3660 4378 concorditer

2076 4423 2322 4477 viventes
2353 4423 2527 4493 injicit
2555 4420 2908 4484 calumniam.

2155 4512 2322 4566 Ercli.
2360 4528 2548 4566 x-xvui.
2577 4510 2869 4564 (Innitentio
2916 4506 3170 4562 festinata
3217 4507 3418 4564 emittit
3454 4507 3656 4576 ignem,

2079 4613 2133 4659 et
2163 4619 2342 4673 pugna
2371 4604 2672 4667 accelerate
2705 4599 2936 4662 eﬁ‘undit
2969 4599 3312 4668 sanguinem.

2153 4692 2350 4747 Matth.
2381 4709 2478 4746 xu.
2525 4689 2700 4746 Omne
2753 4705 2982 4760 regnum
3020 4703 3210 4744 secum
3257 4686 3535 4742 dissidens
3565 4686 3664 4739 dc-

2080 4784 2313 4847 solatur,
2368 4767 2610 4850 itemque
2647 4779 2842 4835 civitas
2899 4780 3079 4834 omnis
3121 4793 3186 4833 ac
3227 4775 3436 4830 faunilia
3489 4776 3664 4830 divisa

2078 4876 2342 4931 adversus
2379 4875 2639 4943 seipsam,
2671 4889 2778 4929 non
2814 4872 3006 4936 stabit.

2149 4969 2288 5034 Quia
2317 4967 2765 5046 multiplicahitur
2793 4965 3080 5035 iniquitas,
3113 4962 3370 5033 frigescat
3402 4960 3646 5018 Charitas

2083 5062 2407 5116 multorum.

2155 5157 2330 5214 ICor.
2362 5171 2439 5211 si.
2471 5155 2526 5210 Si
2553 5155 2678 5224 quis
2718 5153 2936 5208 videt-ur
2969 5152 3348 5208 contentiosus
3385 5166 3530 5212 esse,
3559 5161 3662 5201 nos

2089 5252 2252 5305 talem
2288 5247 2902 5316 consuetudinemgnon
2955 5245 3240 5310 habemus,
3274 5259 3373 5297 nec
3419 5241 3663 5296 ccclesiiu

2083 5344 2202 5398 Dei.
3219 5363 3222 5365 ·
3601 5380 3604 5382 ν

2152 5437 2253 5502 Qui
2288 5436 2578 5492 conturbat
2634 5450 2754 5502 vos,
2785 5431 3196 5488 damnationem
3256 5425 3514 5495 portabit,
3542 5425 3662 5494 qui-

2079 5545 2292 5604 cuuque
2322 5533 2413 5588 sit.

2073 5649 2350 5726 concordia
2376 5681 2424 5725 et
2453 5670 2707 5742 paciﬁcis.
2745 5667 2913 5739 Igitur
2939 5681 3001 5720 ex
3036 5663 3251 5719 duobus
3294 5675 3466 5716 unum
3527 5649 3660 5716 feci.-

2072 5758 2214 5800 lllllS.

3230 5893 3306 5953 37
