4032 6214
417 315 561 379 1165

1237 320 1413 383 LOCI
1450 319 1991 385 COMMUNES.—
2028 321 2225 385 PARS
2264 321 2352 387 ΙΙ.
2385 323 2649 387 SERMO
2684 324 2892 389 LXIX.

3560 322 3698 389 1166

492 430 553 484 '0
582 431 888 492 διαϐάλλων
915 435 1009 492 τδν
1054 436 1284 508 πλησίον
1332 437 1500 493 αὐτοῦ
1553 439 1817 510 eaeeae
1862 455 2001 511 κρεα
2033 452 2062 511 Α

2182 441 2243 499 S.
2270 441 2546 513 Chrysost.
2579 442 2682 511 Qui
2722 444 2944 500 fratrem
2987 457 3150 500 suum
3195 442 3542 511 criminatur,
3585 442 3701 499 ira-

416 523 645 593 ἕφαγεν,
699 527 971 597 ὑπόληψιν
1004 530 1245 601 τρώσας,
1290 530 1384 585 καὶ
1417 532 1591 602 μυρία
1646 532 1811 606 ἔτερα
1843 535 2010 604 ἔργα-

417 616 653 686 σάμενος
674 616 764 671 διὰ
802 619 894 674 τοῦ
923 620 1084 688 λόγου
1124 622 1288 676 κακά.

492 709 708 782 Ὠσπερ
772 710 834 766 τὸ
888 713 1075 777 καλῶς
1098 713 1283 784 λέγειν
1308 718 1402 771 καὶ
1434 718 1809 787 ἐγκωμιάζειν
1854 719 2035 790 ἀρχὴ

418 792 601 871 φιλίας
632 803 809 870 ἐστὶν,
867 803 1011 858 οὕτω
1038 806 1100 860 τὸ
1128 808 1317 873 κακῶς
1347 806 1526 876 λέγειν
1550 807 1645 861 καὶ
1700 809 2010 864 διαϐάλλειν

420 894 625 965 ἔχθρας
649 895 748 949 καὶ
776 896 1082 967 ἀπεχθείας
1105 901 1202 953 καὶ
1238 900 1454 973 μυρίων
1484 900 1674 955 κακῶν
1724 901 1866 973 ἀρχὴ
1912 901 2011 955 καὶ

421 986 683 1051 ὑπόθεσις
733 987 981 1055 γέγονεν.

494 1080 596 1133 ’Ἂν
627 1080 726 1150 μὲν
757 1082 999 1157 ὁνειδίσῄ
1037 1102 1098 1140 σε
1135 1088 1166 1141 ὀ
1192 1085 1390 1159 ἐχθρὸς
1415 1088 1746 1161 ἁμάρτημα,
1775 1089 1804 1143 ὃ
1850 1106 2012 1143 σεαυ-

423 1171 502 1242 τῷ
531 1171 802 1240 σύνοιδας,
866 1175 932 1231 σὺ
962 1177 1022 1232 δὲ
1052 1178 1321 1244 ἀκούσας,
1361 1181 1573 1236 ἐκεῖνον
1608 1182 1709 1245 μὲν
1746 1180 1824 1251 μὴ
1857 1178 2014 1250 ὑϐρι-

426 1281 549 1335 σῃς,
583 1266 848 1338 στενάξῃς
872 1269 930 1323 δὲ
962 1272 1187 1342 πικρὰν,
1227 1276 1324 1328 καὶ
1367 1273 1460 1327 τὸν
1519 1274 1655 1329 Θεὸν
1696 1272 2013 1345 παρακαλό-

431 1372 556 1430 σῃς,
587 1358 794 1423 εὐθέως
828 1360 1038 1417 ἀπέθου
1071 1363 1172 1436 τὴν
1200 1365 1481 1437 ἁμαρτίαν
1514 1365 1759 1421 ἃπασαν.

497 1448 787 1519 Μηδέποτε
833 1452 1092 1524 αἰδεσθῇς
1144 1455 1239 1509 τὸν
1272 1456 1413 1527 πρὸς
1464 1456 1526 1511 σὲ
1576 1456 2011 1525 καταλαλοῦντα,

433 1539 531 1609 μᾶ)
544 1538 634 1592 λον
662 1539 720 1594 δὲ
745 1539 891 1609 λέγε,
925 1543 1166 1611 Παῦσαι,
1216 1547 1440 1617 ἀδελφὲ,
1496 1546 1610 1616 ἐγὼ
1642 1548 1768 1604 καθ’
1797 1548 2015 1620 ἡμέραν

431 1628 789 1702 χαλεπώτερα
849 1634 1053 1689 πταίω.
1114 1638 1225 1692 Καὶ
1259 1639 1377 1703 πῶς
1423 1640 1635 1693 ἐκεῖνον
1686 1642 2012 1711 κατακρῖναι

431 1718 668 1791 δύναμαι
684 1736 703 1790 ;
732 1720 841 1776 Δύο
866 1727 977 1797 γάρ
1007 1729 1311 1799 κερδανεῖς,
1341 1731 1401 1785 ἐν
1431 1733 1531 1802 μιᾷ
1551 1731 1890 1804 ἐμπλάστρῳ
1919 1731 2012 1787 καὶ

434 1814 661 1871 σεαυτὸν
693 1817 788 1871 καὶ
822 1817 912 1873 τὸν
942 1820 1173 1892 πλησίον
1205 1824 1518 1893 ἰασάμενος.

518 1996 772 2051 Πλάτωνι
798 2014 942 2063 τινος
978 1998 1253 2070 λέγοντος,
1295 2002 1378 2056 ὅτι
1408 2001 1570 2066 Τινὲς
1606 2003 1910 2075 λοιδοροῦσι
1939 2020 2020 2069 σε,

437 2089 543 2160 εφη
573 2103 589 2121 ⁶
626 2089 771 2145 Ἀλλ’
798 2088 911 2160 ἐγὼ
934 2091 1107 2158 οὕτως
1137 2094 1325 2163 διάξω,
1361 2092 1505 2151 ὥστε
1540 2096 1897 2152 ἀπιστεῖσθαι
1925 2097 2024 2152 αῦ-

436 2180 589 2237 τούς.

512 2218 681 2330 ’ὃταν
731 2275 1074 2350 λοιδορηθῇς,
1130 2278 1329 2336 σκόπει
1381 2280 1457 2351 μή
1510 2281 1565 2335 τί
1597 2298 1682 2339 σοι
1711 2282 2025 2353 πέπρακται

438 2366 538 2437 τῆς
562 2366 827 2439 λοιδορίας
861 2368 1012 2435 ἀξιον
1034 2385 1048 2401 ο
1076 2370 1123 2423 εἰ
1155 2370 1213 2425 δὲ
1253 2370 1315 2424 οὐ
1342 2370 1682 2442 πέπρακται,
1711 2371 1919 2428 καπνὸν
1949 2366 2027 2426 el-

438 2475 528 2513 ναι
551 2462 650 2529 τὴν
678 2458 946 2531 λοιδορίαν
980 2462 1199 2532 νόμιζε.

513 2549 764 2624 Χαϐρίας
793 2552 899 2617 ὑπὸ
952 2554 1198 2627 πονηροῦ
1258 2555 1434 2612 πολλά
1466 2554 1823 2628 λοιδορηθεὶς,
1881 2554 2022 2626 ἔφη·

440 2643 724 2699 Κάλλιστα
749 2645 1042 2717 ἂποίησας,
1087 2647 1261 2720 μηδεν
1300 2648 1410 2703 τῶν
1444 2648 1759 2720 προσόντων
1797 2647 2026 2703 καταλι-

449 2736 595 2791 πῶν.

521 2831 586 2886 Ἦ
615 2831 717 2904 μιν
747 2833 996 2908 μάχαιρα
1023 2835 1236 2907 τέμνει,
1271 2836 1307 2908 ἡ
1334 2835 1391 2890 δὲ
1420 2834 1644 2908 διαϐολὴ
1674 2835 1901 2907 γωριζει
1940 2835 2027 2906 φί-

444 2926 589 2981 λους.
1564 2927 1568 2931 ”

518 2962 656 3075 δῦτε
702 3020 993 3094 ἀρρώστου
1049 3021 1288 3095 πληγὴν,
1342 3023 1467 3078 οὔτε
1516 3020 1759 3094 ἀνοήτου
1795 3022 2029 3094 ἀπειλὴν

446 3115 530 3168 δεῖ
554 3115 927 3173 εὐλαϐεῖσθαι.

2110 538 2298 589 ternas
2328 547 2525 589 carnes
2549 534 2684 601 edit,
2708 535 3120 592 existimatione
3142 538 3262 607 ejus
3292 536 3439 602 laesa,
3465 544 3521 592 et
3552 536 3702 592 mille

2112 624 2237 680 aliis
2272 623 2432 679 malis
2465 624 2648 695 lingua
2685 626 2933 695 patratis.

2111 725 2135 769 κ
2182 714 2256 773 Ut
2291 716 2629 783 benedicere,
2663 726 2720 773 et
2767 718 2991 777 laudare
3034 720 3250 777 initium
3283 719 3541 777 amicitia:
3566 731 3651 776 est
3682 762 3700 789 ,

2112 808 2194 865 sic
2236 808 2560 865 maledicere
2604 815 2659 864 et
2708 809 2993 866 criminari
3051 811 3356 868 inimicitiae
3404 822 3460 869 et
3499 812 3612 867 odii
3645 819 3705 865 et

2116 910 2504 959 sexcentarum
2540 902 2810 959 malorum
2866 903 3197 976 principium
3246 915 3301 961 et
3344 907 3560 963 occasio
3593 911 3699 959 est.

2191 1082 2249 1138 Si
2295 1083 2391 1139 tibi
2426 1091 2487 1139 ut
2532 1084 2795 1153 probrum
2847 1084 3038 1155 objicit
3088 1084 3349 1140 inimicus
3392 1097 3703 1153 peccatum,

2116 1174 2276 1245 cujus
2336 1183 2394 1231 tu
2454 1175 2549 1232 tibi
2602 1177 2860 1233 conscius
2900 1191 3111 1241 es,nee
3168 1186 3224 1232 tu
3278 1176 3506 1232 audiens
3552 1178 3703 1230 illum

2116 1266 2513 1325 contumeliose
2545 1269 2775 1340 excipis,
2815 1270 2911 1324 sed
2955 1268 3153 1324 acerbe
3192 1268 3388 1339 gemis,
3428 1267 3709 1338 Deumque

2114 1362 2590 1432 precaris,'statim
2624 1378 2789 1420 omne
2815 1370 3103 1435 peceatum
3137 1379 3169 1419 a
3198 1371 3253 1417 te
3286 1362 3598 1417 removisti.

2187 1452 2439 1510 Clement.
2473 1454 2582 1512 Fac
2614 1472 2894 1525 nunquam
2945 1456 3252 1511 reverearis
3281 1470 3405 1510 eum
3436 1454 3529 1524 qui
3558 1452 3709 1523 apud

2114 1555 2169 1602 te
2188 1547 2417 1607 alterum
2440 1548 2776 1617 proscindit,
2803 1550 2898 1605 sed
2946 1549 3134 1618 potius
3165 1549 3317 1603 illum
3352 1549 3432 1602 sic
3459 1561 3707 1612 moneas,

2115 1638 2359 1696 dicens‘:
2405 1640 2628 1707 Desine,
2654 1643 2845 1697 frater.
2895 1642 3009 1711 Ego
3056 1640 3303 1711 quotidie
3352 1640 3575 1710 gravius
3624 1639 3710 1693 ia-

2116 1732 2220 1787 bor
2248 1742 2304 1789 et
2340 1748 2506 1801 pecco
2546 1752 2561 1789 :
2600 1742 2657 1790 et
2686 1734 2778 1803 qui
2824 1748 3052 1803 possum
3084 1733 3238 1787 illum
3291 1732 3662 1787 condemnare
3684 1728 3711 1784 ἲ

2037 1810 2088 1872 Β
2125 1823 2273 1880 Duos
2294 1824 2439 1880 enim
2471 1826 2796 1891 iucraberis,
2837 1840 2949 1880 uno
2969 1824 3273 1895 emplastro
3309 1832 3364 1879 et
3402 1823 3633 1893 teipsum
3656 1829 3713 1877 et

2126 1916 2437 1987 proximum
2472 1931 2695 1972 sanans.

2197 2005 2383 2064 Plato.
2409 2006 2566 2062 Plato
2596 2022 2718 2063 cum
2753 2008 2976 2078 quidam
3011 2007 3064 2064 ei
3116 2018 3373 2064 narraret
3418 2023 3545 2065 esse
3577 2023 3715 2064 non-

2125 2096 2309 2152 nullos
2358 2096 2451 2167 qui
2502 2096 2682 2166 ipsum
2753 2097 3061 2155 maledictis
3120 2100 3527 2157 insectarentur
3578 2118 3593 2155 :
3645 2097 3717 2155 At

2124 2202 2248 2258 ego,
2286 2189 2486 2259 inquit,
2525 2190 2606 2246 sic
2632 2190 2839 2257 vivam,
2870 2200 2927 2246 ut
2959 2191 3067 2246 illis
3115 2207 3226 2248 non
3255 2192 3527 2247 habeatur
3554 2190 3710 2245 ﬁdes.

2197 2280 2334 2335 Cum
2376 2282 2796 2351 reprehenderis
2846 2285 3192 2347 conviciose.
3221 2286 3344 2340 vide
3366 2301 3495 2339 num
3528 2286 3657 2352 quid
3684 2301 3715 2340 τι

2126 2379 2182 2428 te
2214 2372 2468 2428 convicio
2518 2374 2743 2445 dignum
2795 2375 3138 2446 designatum
3177 2379 3290 2443 sit;
3326 2379 3369 2434 si
3424 2379 3562 2434 nihil
3608 2380 3717 2435 talo

2126 2474 2308 2521 aetum
2337 2474 2441 2531 est,
2475 2465 2684 2521 fumum
2715 2482 2836 2524 esse
2857 2469 3170 2525 convicium
3203 2470 3333 2525 illud
3368 2469 3712 2526 existimato.

2199 2556 2483 2615 Chabrias.
2510 2559 2778 2617 Chabrias
2822 2565 2893 2617 ab
2939 2562 3190 2633 improbo
3239 2562 3477 2634 quodam
3527 2562 3719 2618 multis

2127 2653 2397 2710 conviciis
2432 2653 2697 2710 allectus:
2727 2654 2895 2722 Bene,
2936 2655 3135 2726 inquit,
3171 2657 3377 2722 fecisti,
3401 2656 3549 2727 quod
3583 2654 3720 2710 nihil

2127 2760 2318 2802 eorum
2350 2761 2474 2817 quae
2500 2746 2690 2802 insunt
2720 2747 3146 2817 prmtermisisﬁ.

2196 2834 2422 2892 Gladius
2452 2844 2627 2902 secat,
2655 2837 2930 2893 calumnia
2962 2845 3148 2895 autem
3184 2837 3455 2910 disiungit
3485 2837 3715 2893 amicos.

2196 3010 2387 3083 Neque
2418 3012 2618 3068 inﬁrmi
2650 3014 2817 3082 ictus,
2841 3030 3022 3085 neque
3067 3015 3221 3073 stulti
3252 3017 3433 3074 minas
3469 3027 3713 3075 metuere

2131 3103 2417 3163 debemus.

507 3208 779 3263 Φίλιππον
812 3208 905 3263 τὸν
957 3208 1312 3280 Ἀλεξάνδρου
1375 3209 1591 3280 πατέρα
1650 3208 1913 3279 ἐλοιδόρει
1950 3203 2062 3272 τις

2210 3197 2515 3271 ΡΙιὶἱὶρριιε.
2545 3200 2854 3273 Philippum
2886 3204 3187 3261 Alexandri
3222 3214 3432 3276 patrem
3467 3206 3726 3263 convicio

445 3300 556 3354 τῶν
578 3300 978 3369 κακογλὼττων
1002 3300 1311 3372 ἀνθρώπιον
1338 3316 1354 3334 ο
1396 3301 1495 3355 καὶ
1538 3299 1820 3372 παρῄνουν
1872 3300 1922 3355 οἱ
1948 3299 2039 3371 φῖ-

447 3392 530 3446 λοι
556 3391 776 3446 διώκειν
803 3391 895 3445 τὸν
921 3391 1289 3462 λοῖδορονυὈ
1321 3392 1379 3448 δὲ
1434 3393 1538 3463 εφη
1570 3406 1586 3422 ο
1630 3394 1746 3447 Οὐκ
1794 3392 1911 3448 ἐστι
1934 3409 2038 3447 κα-

450 3483 548 3537 λὸν
575 3482 735 3538 τοῦτο
765 3484 1010 3556 ποιῆσαι,
1036 3486 1125 3542 ῖνα
1168 3484 1247 3557 μὴ
1288 3488 1349 3541 ἐν
1382 3485 1596 3541 πλείοσι
1647 3486 2040 3559 περιεχόμενος

453 3577 643 3642 κακῶς
670 3578 805 3650 λέγῃ
832 3579 1000 3651 ἡμᾶς.

538 3760 598 3815 Ὀ
628 3759 789 3823 αὐτὸς
817 3759 1024 3829 ελεγεν,
1051 3760 1135 3816 ὅτι
1167 3761 1344 3831 Χάριν
1399 3760 1511 3830 ἔχω
1556 3762 1675 3825 τοῖς
1737 3758 2041 3832 λοιδοροῦσι

460 3868 554 3922 με,
608 3851 692 3907 ὅτι
748 3849 996 3921 βελτίονα
1053 3848 1320 3908 ποιοῦσιν.
1368 3850 1513 3921 Ἐγὼ
1562 3851 1675 3923 γὰρ
1725 3852 2042 3916 σπουδάζων

459 3943 674 4012 ψευδεῖς
695 3943 897 4009 αὐτοὺς
927 3941 1276 4014 ἀπελέγχειν,
1303 3943 1361 3997 ετ
1381 3961 1437 3997 τι
1461 3942 1665 4013 φαῦλον
1694 3944 1857 4010 ποιῶ,
1879 3958 2045 4012 μετα-

461 4036 755 4107 ϐἀλλομαι.

537 4182 787 4274 Εὐλαϐοῦ
814 4216 911 4281 τὰς
942 4216 1219 4282 διαϐολὰς,
1247 4214 1351 4270 κᾶν
1373 4213 1594 4284 ψευδεῖς
1623 4206 1780 4269 ὦσιν.
1818 4211 1882 4266 οι
1936 4209 2047 4281 γὰρ

2139 3287 2411 3346 alliciebat
2438 3291 2659 3362 quidam
2688 3293 2884 3350 eil‘reni
2916 3295 3103 3368 lingua
3144 3297 3444 3367 praeditus;
3488 3313 3727 3369 cumque

2140 3385 2302 3441 amici
2332 3384 2685 3443 hortarentur
2711 3397 2770 3444 ut
2808 3389 3237 3447 conviciatorem
3269 3403 3726 3462 persequeretur:

2141 3477 2300 3546 22],
2328 3476 2445 3533 Non
2467 3489 2550 3535 est
2587 3480 2714 3543 hoc,
2755 3481 2937 3552 inquit
2984 3482 3099 3549 ille,
3138 3482 3475 3548 faciendum,
3512 3498 3581 3538 ne
3610 3499 3731 3537 ant-

2141 3568 2286 3640 piius
2309 3568 2538 3627 aﬂectus
2557 3579 2616 3627 et.
2641 3571 2953 3641 implicatus
2979 3573 3137 3643 plura
3165 3574 3219 3631 in
3245 3591 3348 3633 nos
3370 3575 3539 3647 jaciat
3558 3575 3731 3632 male-

2141 3659 2309 3717 dicta.

2213 3753 2358 3810 idem
2376 3753 2593 3811 dicebat
2614 3768 2674 3813 se
2695 3754 2812 3811 suis
2830 3756 3297 3813 conviciatoribus
3315 3757 3544 3828 gratiam
3562 3757 3734 3814 habe-

2144 3858 2226 3911 re,
2257 3844 2400 3915 quod
2433 3860 2495 3902 se
2534 3844 2814 3901 meliorem
2847 3846 3160 3904 redderent.
3194 3849 3308 3918 Ego
3327 3850 3501 3916 enim,
3532 3849 3731 3919 inquit,

2145 3938 2375 3994 studens
2406 3938 2528 3995 illos
2566 3938 2836 3994 mendacii
2870 3939 3222 4006 convincere,
3250 3942 3293 3995 si
3326 3941 3458 4009 quid
3489 3941 3736 4011 improbe

2147 4030 2394 4096 fecerim,
2430 4042 2581 4089 muto
2628 4030 2950 4099 consilium,
3015 4041 3070 4087 et
3124 4032 3447 4102 poenitentia
3505 4033 3737 4089 emendo

2150 4121 2377 4178 factum.

2220 4211 2509 4269 Democrit.
2554 4214 2736 4271 Vitato
2766 4213 3075 4270 calumnias
3103 4214 3268 4270 etiam
3290 4214 3456 4272 falsas
3502 4232 3519 4271 :
3573 4215 3733 4273 multi

465 4311 652 4366 πολλοὶ
678 4312 777 4381 τὴν
800 4311 901 4381 μιν
934 4309 1192 4382 ἀλήθειαν
1213 4307 1499 4377 ἀγνοοῦσι,
1519 4309 1656 4378 πρὸς
1684 4306 1744 4360 δὲ
1767 4307 1867 4377 τὴν
1890 4304 2049 4371 δόξαν

2150 4304 2294 4359 enim
2327 4307 2609 4363 veritatem
2634 4307 2950 4377 ignorantes
2994 4306 3418 4364 existimationis
3444 4316 3502 4363 et
3530 4308 3739 4378 opinio-

466 4404 863 4460 ἀποϐλέπουσι.

2153 4396 2242 4452 uis
2273 4399 2542 4454 rationem
2580 4407 2794 4454 tantum
2830 4399 3056 4455 habent.

537 4498 657 4551 Τινὶ
683 4495 835 4567 σοφῷ
884 4494 991 4565 ἔφη
1022 4510 1127 4557 τις,
1176 4492 1262 4550 ὅτι
1300 4492 1358 4547 '0
1396 4492 1548 4547 δεῖνα
1590 4490 1780 4555 κακῶς
1821 4508 1881 4545 σε
1914 4490 2051 4545 tto.-

2226 4488 2366 4546 Cum
2390 4492 2620 4562 sapienti
2661 4491 2875 4547 cuidam
2898 4492 3099 4562 aliquis
3128 4492 3357 4562 diceret,
3381 4509 3440 4549 se
3473 4502 3741 4564 pt-arscnte

467 4588 616 4661 δόρει
643 4589 735 4641 ἐπὶ
762 4586 918 4659 ἐμοῦ.
950 4587 1019 4641 ’0
1049 4586 1105 4640 δὲ
1140 4585 1244 4657 ἔφη
1278 4601 1292 4616 ·
1324 4586 1389 4639 El
1416 4585 1495 4655 μὴ
1532 4585 1599 4639 σὺ
1619 4583 1789 4657 ἡδέως
1824 4582 2051 4653 ἤκουες,

470 4680 573 4734 οὐκ
595 4678 661 4735 ἂν
684 4679 888 4743 ἐκεῖνός
929 4696 997 4750 με
1036 4678 1320 4749 ἐλοιδόρει.

540 4860 967 4934 Λοιδοροΰμενός
996 4879 1077 4924 τις
1098 4859 1202 4913 ὑπό
1248 4875 1393 4917 two:
1425 4858 1708 4931 φαλακροῦ
1752 4854 1908 4913 εἶπεν
1930 4872 1945 4890 ⁸
1986 4856 2056 4911 Σὲ

475 4960 575 5032 μὲν
617 4958 716 5028 οὐχ
770 4955 1001 5026 ῦϐρίσω,
1047 4954 1145 5016 τὰς
1178 4952 1236 5005 δὲ
1284 4950 1479 5022 τρίχας
1520 4967 1616 5005 σου
1659 4951 1952 5018 ἐπαινέσω,
1975 4951 2057 5005 ὅτι

471 5053 643 5108 κακὸν
663 5051 925 5119 ἐξέφυγον
953 5046 1198 5119 κρανίον.

546 5140 973 5212 Λοιδορούμενός
1028 5156 1113 5202 τις
1167 5138 1274 5192 ὑπό
1335 5153 1482 5201 τινος
1536 5136 1827 5207 ἀνεχώρει·
1879 5134 2058 5190 τοῦδέ

472 5237 859 5298 ἐπιδιώκοντος
906 5233 1011 5288 »καὶ
1065 5232 1338 5300 λέγοντος.
1395 5229 1626 5300 Φεύγεις
1664 5245 1682 5299 3
1732 5229 1867 5295 Ναὶο
1899 5228 2006 5301 ἔφη
2038 5246 2057 5265 ’

475 5329 571 5382 τοῦ
609 5330 710 5400 μὲν
734 5327 840 5398 γὰρ
874 5325 1064 5390 κακῶς
1111 5324 1294 5394 λέγειν
1345 5325 1408 5379 σὺ
1455 5324 1556 5394 τὴν
1599 5321 1851 5386 ἐξουσίαν
1887 5322 2057 5393 ἔχεις,

475 5420 570 5473 τοῦ
601 5419 657 5473 δὲ
684 5420 904 5475 ἀκούειν
932 5417 1064 5487 ἐγώ.

550 5511 840 5582 Πολ).αχῶς
888 5528 972 5575 τις
998 5509 1393 5579 ὀνειδιζόμενος
1449 5510 1556 5566 ὑπό
1596 5526 1766 5576 τινος,
1830 5511 1926 5567 ἐπὶ
1980 5510 2061 5583 τῷ

476 5605 681 5673 γονέων
709 5605 953 5672 ἀγεννῶν
979 5598 1136 5665 εἶναι,
1175 5597 1333 5657 εἶπεν
1360 5615 1375 5633 ⁸
1414 5602 1572 5674 Ἐμοὶ
1601 5603 1704 5675 μὲν
1749 5602 1957 5670 ὄνειδος
2008 5604 2058 5659 οἱ

477 5699 677 5768 γονεῖς,
712 5698 776 5753 σὺ
811 5697 869 5755 δὲ
909 5699 1023 5762 τοῖς
1051 5693 1325 5765 γονεῦσιν.

2157 4583 2260 4654 ipsi
2288 4599 2317 4640 a
2349 4594 2497 4641 certo
2524 4585 2759 4655 quodam
2791 4585 3095 4641 convicium
3168 4587 3395 4655 laetum,
3450 4596 3561 4641 tum
3610 4587 3736 4641 ille:

2155 4674 2273 4731 Nisi
2301 4684 2382 4742 tu,
2409 4676 2606 4746 inquit,
2642 4676 2879 4731 libenter
2915 4677 3250 4746 audivisses,
3312 4690 3594 4747 nunquam
3652 4675 3741 4729 ille

2157 4764 2291 4820 mihi
2310 4765 2651 4823 conviciatus
2680 4776 2843 4823 esset.

2227 4857 2363 4914 Cum
2389 4858 2612 4930 quidam
2642 4858 2953 4918 adiceretur
2990 4863 3245 4919 convicio
3271 4877 3301 4919 a
3322 4863 3477 4919 calvo
3509 4864 3689 4934 aliquo
3718 4880 3737 4917 :

2158 4950 2301 5017 Tibi,
2327 4950 2524 5021 inquit,
2565 4954 2952 5008 contumeliam
2985 4970 3093 5009 non
3127 4956 3327 5021 dicam,
3372 4954 3469 5011 sed
3514 4957 3740 5026 capillos

2160 5052 2284 5100 tuos
2303 5042 2562 5108 laudabo,
2585 5045 2725 5114 quod
2761 5046 2962 5101 malum
2987 5056 3151 5116 caput
3182 5048 3504 5118 reingerint.

2230 5136 2491 5193 Convicio
2515 5137 2801 5195 lacessitus
2826 5139 3047 5209 quidam
3079 5140 3149 5196 ab
3180 5142 3356 5197 altero
3392 5138 3677 5195 discedeba
3722 5151 3739 5197 '.

2159 5243 2284 5285 cum
2312 5239 2492 5285 autem
2522 5230 2858 5286 conviciator
2888 5242 3331 5303 persequeretur,
3385 5246 3449 5285 ac
3495 5228 3740 5287 diceret:

2161 5321 2364 5392 Fugis?
2387 5322 2589 5387 Etiam,
2617 5323 2794 5394 inquit
2823 5341 2838 5392 ;
2868 5341 2990 5380 nam
3035 5334 3090 5380 tu
3136 5325 3353 5393 quidem
3388 5319 3743 5377 maledicendi

2162 5426 2482 5487 potestatem
2508 5416 2701 5482 habes,
2743 5432 2847 5487 ego
2877 5427 3056 5472 autem
3081 5413 3361 5470 audiendi.

2234 5510 2373 5565 Cum
2411 5510 2630 5567 cuidam
2663 5510 2851 5565 multis
2884 5508 3061 5564 modis
3115 5505 3316 5577 aliquis
3366 5515 3427 5560 ut
3478 5502 3741 5575 probrum

2163 5600 2452 5672 objiceret,
2490 5601 2638 5671 quod
2674 5617 2703 5656 e
2728 5598 3045 5670 parentibus
3077 5604 3371 5669 prognatus
3408 5604 3555 5651 esset
3588 5596 3736 5665 igne.

2164 5692 2404 5748 biiibus:
2446 5692 2605 5759 Mihi,
2641 5691 2840 5762 inquit,
2871 5688 3123 5747 dedecori
3168 5694 3299 5746 sunt
3346 5694 3624 5759 parentes,
3681 5692 3743 5743 tu

2164 5801 2293 5844 vero
2326 5785 2665 5856 parentibus.
