4032 6214
363 325 394 390 Ὶ
409 325 505 390 ῖῦῖ

1631 319 1941 393 ΑΝΤΟΝΠ
1987 335 2326 395 MELtsstc

3505 313 3698 401 καθ’

441 440 721 511 Diogenes.
759 439 1021 510 Diogenes
1048 443 1379 496 convicianti
1407 443 1530 510 sibi,
1581 447 1645 498 At
1670 462 1768 499 nec
1793 445 1947 506 mihi,

2130 448 2422 521 Διογέννης
2447 455 2579 522 πρδς
2609 453 2701 505 τὸν
2732 453 3147 523 λοιδορούμενον
3171 453 3343 526 αὐτῷ,
3377 454 3518 508 Ἀλλ’
3553 457 3649 508 οὗ-

367 533 565 601 inquit,
602 534 775 589 credit
804 534 1096 603 quisquam
1129 542 1181 589 te
1236 535 1496 602 laudanti,
1549 552 1648 592 nec
1705 539 1805 592 tibi
1865 553 1952 593 me
1991 565 1993 570 ·

372 626 729 681 vituperanti.

436 642 487 681 ιιι
537 642 729 678 ιινειιιῑι.
1323 659 1326 662 ~

436 642 572 772 (him
621 716 855 786 sapienti
907 717 1128 786 quidam
1180 719 1410 786 diceret,
1459 736 1584 779 eum
1625 737 1654 776 a
1692 723 1948 792 quopiam

369 811 616 866 convicio
644 809 951 880 impetitum
985 809 1143 866 :Non
1175 823 1522 883 praesentem,
1555 814 1753 884 inquit,
1787 816 1950 869 etiam
1991 845 1996 850 -

369 905 626 959 verberet
656 918 764 959 me.

769 994 1002 1051 SERMO
1047 994 1193 1050 Lxx
1226 993 1326 1067 [αι.
1357 994 1543 1066 XCV].

549 1085 623 1139 De
670 1086 998 1155 loquacitate
1017 1095 1066 1140 et
1119 1089 1409 1142 temeritate
1450 1087 1504 1140 in
1533 1087 1772 1142 dicendo.

443 1178 632 1232 Matth.
671 1194 768 1234 xu.
807 1177 941 1234 Illud
976 1188 1155 1234 antem
1220 1179 1374 1235 vobis
1417 1181 1682 1237 conﬁrmo
1739 1182 1854 1238 fore
1897 1193 1991 1238 ut'

371 1271 439 1323 de
478 1271 626 1324 muni
661 1271 832 1326 verbo
855 1271 1033 1326 otioso
1059 1271 1203 1341 quod
1225 1271 1397 1328 locuti
1449 1273 1651 1330 fuerint
1681 1275 1952 1342 homines,

372 1364 426 1416 in
464 1363 550 1417 die
601 1361 794 1432 iudicii
849 1363 1118 1418 rationem
1171 1363 1402 1419 reddant
1438 1381 1452 1430 ;
1498 1380 1622 1419 nam
1661 1381 1726 1422 ex
1770 1369 1954 1424 verbis

373 1454 482 1508 tuis
512 1453 929 1524 justitieaberis,
958 1464 1012 1509 et
1043 1469 1109 1510 ex
1141 1456 1321 1511 verbis
1351 1457 1457 1512 luis
1477 1458 1953 1518 condemnaberis.

431 1543 565 1598 Jac.
587 1560 624 1597 ι.
663 1545 745 1599 Sit
775 1546 955 1601 omnis
985 1547 1149 1600 homo
1181 1545 1333 1601 velox
1373 1547 1441 1601 ad
1494 1549 1841 1616 audiendum,
1898 1559 1955 1604 ct
1989 1552 1992 1558 '

374 1635 564 1688 tardus
596 1635 661 1689 ad
687 1634 1046 1703 loquendum.

448 1727 637 1782 Nullus
666 1743 850 1782 sermo
889 1742 1119 1796 spurcus
1150 1727 1217 1782 de
1256 1743 1350 1782 ore
1383 1739 1564 1784 vestro
1584 1740 1760 1798 exeat,
1783 1732 1875 1786 sed
1902 1732 1954 1786 is

374 1823 465 1894 qui
525 1833 684 1895 aptus
710 1832 796 1880 est
823 1823 890 1878 ad
921 1823 1344 1879 aediﬁcationem
1381 1826 1527 1881 lidei.

453 2007 622 2064 Eccli.
659 2026 776 2065 vnt.
815 2009 946 2064 Cum
983 2010 1223 2082 linguaci
1268 2011 1374 2066 noli
1441 2026 1706 2081 pugnare,
1762 2025 1863 2067 nec
1902 2013 1956 2066 in

380 2104 558 2169 ignem
584 2101 704 2172 ejus
734 2102 877 2172 ligna
904 2116 1222 2171 congerere.

453 2193 530 2248 Ne
553 2195 748 2248 festina
781 2194 1138 2263 pronuntiare
1166 2195 1388 2250 verbum
1414 2195 1466 2250 in
1501 2205 1790 2267 conspectu
1843 2199 1958 2262 Dei,

379 2285 684 2356 quia-Deus
713 2286 767 2340 in
797 2285 938 2342 celo
971 2301 1214 2354 sursum,
1251 2298 1300 2343 et
1334 2297 1386 2342 tu
1425 2289 1476 2342 in
1509 2299 1654 2344 terra
1677 2290 1957 2348 deorsum.

453 2471 758 2527 S.'Basilii.
783 2471 998 2543 Lingua
1033 2487 1101 2527 ne
1125 2473 1207 2528 sis
1258 2473 1311 2527 in
1345 2476 1611 2532 omnibus
1643 2477 1986 2544 conﬁdenti,“

381 2565 596 2634 nequid
630 2566 725 2621 tibi
753 2565 1190 2636 intempestivum
1216 2569 1448 2635 accidat,
1501 2570 1958 2639 quemadmodum

384 2658 579 2713 urulus
615 2665 787 2712 totum
820 2658 1010 2713 volens
1039 2659 1241 2715 intueri
1265 2659 1461 2728 solem,
1514 2661 1567 2716 id
1593 2662 1756 2717 etiam
1815 2664 1986 2734 quod‘

385 2751 539 2804 habet
566 2751 750 2804 lumen
781 2749 980 2818 perdit.

445 2839 726 2910 οΤΙιεοΙορὶ.
755 2839 1064 2898 Perniciosa
1092 2851 1176 2898 est
1199 2841 1409 2914 lingua,
1441 2858 1561 2912 quae
1599 2860 1705 2900 nou
1752 2845 1962 2900 ratione

387 2934 613 2999 regitur.

443 3025 613 3094 222
651 3025 922 3097 Chrysost.
969 3026 1128 3082 ‘Multi
1156 3042 1298 3099 smpe
1349 3030 1511 3084 etiam
1572 3039 1958 3099 temperantes,

383 3132 480 3184 per
511 3118 744 3173 obscena
790 3120 953 3174 verba
989 3120 1055 3175 ad
1089 3121 1318 3175 vitiosas
1363 3123 1606 3178 actiones
1671 3123 1965 3178 descende-

384 3219 512 3262 runt
548 3225 561 3262 :
599 3209 779 3264 anima
821 3212 964 3265 enim
993 3220 1178 3266 nostra
1211 3227 1310 3266 nec
1342 3212 1483 3266 bona
1514 3222 1595 3267 est
1625 3220 1838 3273 natura,
1865 3227 1964 3268 nec
1992 3179 2034 3236 ϐ

385 3302 550 3361 mala.
576 3302 668 3356 sed
705 3317 770 3357 ex
814 3303 1068 3358 instituto
1100 3303 1205 3358 hoc
1241 3313 1291 3357 et
1320 3305 1454 3358 illud
1492 3303 1742 3359 etlieltur.

460 3392 654 3448 Nullus
685 3394 755 3449 sit
787 3409 972 3450 sermo
1005 3397 1258 3452 otiosus:
1295 3397 1364 3450 ab
1394 3397 1570 3452 otioso
1596 3396 1741 3450 enim
1780 3397 1833 3450 in
1867 3397 1964 3454 ab-

385 3485 584 3539 surdos
603 3485 925 3540 delabimur.
953 3484 1074 3542 Non
1105 3487 1313 3542 esthoc
1346 3495 1560 3558 tempus
1597 3486 1831 3552 ridendi,
1870 3489 1964 3544 sed

386 3576 628 3645 lugendi,
677 3577 1030 3633 atllictionum
1075 3591 1127 3634 et
1192 3580 1664 3636 Iamentationum.
1714 3578 1797 3636 τυ
1835 3595 1968 3637 vero

386 3683 633 3721 scurram
668 3668 804 3738 agis.
855 3669 992 3736 Quis
1029 3672 1233 3726 athleta
1276 3671 1332 3726 in
1380 3671 1613 3728 stadium
1659 3673 1964 3742 ingressus.

386 3759 591 3814 emisso
641 3761 940 3818 certamine
995 3777 1119 3818 cum
1154 3763 1495 3829 adversario,
1543 3765 1752 3820 urbana
1797 3763 1969 3833 jactat

386 3848 530 3904 dicta
557 3849 580 3902 ?
613 3852 772 3905 Astat
807 3849 1081 3916 diabolus,
1107 3852 1360 3908 circumit
1394 3853 1617 3924 rugiens
1649 3854 1714 3908 ad
1747 3853 1968 3923 rapiens

387 3939 542 4005 dum,
573 3942 754 3996 omnia
783 3952 986 4010 movet,
1043 3945 1228 3999 omnia
1282 3946 1454 4001 volvit
1488 3946 1542 4000 in
1593 3955 1759 4016 caput
1789 3956 1967 4011 tuum,

388 4055 442 4098 el.
461 4048 839 4114 machinatur,
873 4055 933 4101 ut
960 4046 1169 4101 edomu
1198 4045 1252 4100 te
1279 4039 1575 4109 extrudat;
1603 4036 1812 4094 frendit
1840 4039 1969 4093 den-

391 4137 556 4194 tibus.
606 4135 808 4198 tremit,
843 4134 1020 4204 ignem
1055 4133 1235 4188 suﬂlat
1283 4142 1470 4188 contra
1518 4131 1747 4185 salutem
1774 4136 1967 4184 tuam:

391 4242 439 4282 et
469 4239 524 4282 tu
580 4229 760 4294 sedes,
802 4225 1026 4281 urbanis
1067 4225 1229 4280 dictis
1261 4233 1313 4280 te
1347 4223 1657 4288 obiectans,
1699 4230 1754 4276 et
1804 4221 1970 4276 stulta

387 4322 644 4391 iuquens,
674 4333 739 4372 ac
771 4333 835 4373 ea
865 4332 985 4388 quae
1010 4331 1116 4372 non
1156 4318 1310 4372 decet
1335 4330 1432 4372 ore
1459 4315 1764 4386 proferens.

2057 555 2117 591 τε
2144 540 2286 606 ἐμοὶ,
2313 541 2438 610 εφη,
2476 543 2715 596 πιστεύει
2747 561 2833 606 τις
2860 541 3202 616 εὖφημοῦντῖ
3234 563 3316 613 σε,
3375 547 3497 601 οὗτε
3557 552 3648 602 σοὶ

2060 631 2160 700 ἐμὲ
2197 630 2634 701 βλασφημοῦντι.

2126 720 2279 790 Ἔφη
2313 722 2463 792 σοφῷ
2489 731 2607 789 uc,‘
2634 724 2694 777 Ὀ
2728 725 2876 780 δεῖνά
2905 743 2967 780 σε
2995 727 3256 800 ἐλοιδόρει
3290 744 3305 760 '
3356 731 3384 782 6
3409 727 3464 784 δὲ
3513 730 3648 800 ἔφη,

2054 811 2145 880 Μὴ
2172 811 2410 884 παρόντα
2441 816 2534 868 καὶ
2566 815 2815 870 τυπτέτω
2857 836 2950 888 με.

2688 993 2900 1048 ΛΟΓΟΣ
2939 995 3012 1050 0’.

2454 1086 2586 1139 Ἔτι
2625 1086 2758 1154 περὶ
2795 1091 3218 1158 γλωσσαλγίας

2129 1175 2381 1244 Δέγωμδὲ
2415 1179 2580 1246 ὑμῖν,
2616 1178 2700 1231 ὅτι
2739 1179 2848 1231 πᾶν
2885 1179 3036 1250 ῥῆμα
3069 1183 3240 1251 ἀργὸν
3276 1181 3303 1234 6
3343 1183 3439 1236 ἐὰν
3473 1184 3651 1254 λαλῇ-

2058 1284 2224 1321 σωσιν
2251 1269 2302 1321 oi
2329 1267 2632 1335 ἄνθρωποι,
2663 1269 3007 1323 ἀποδώσουσι
3038 1273 3167 1341 περὶ
3197 1272 3364 1325 αὑτοῦ
3391 1274 3558 1341 λόγον
3577 1277 3653 1327 -ὲν

2057 1361 2242 1432 ἡμέρα
2272 1362 2530 1431 κρίσεως.
2566 1361 2658 1414 Ἐκ
2683 1363 2792 1432 γὰρ
2814 1363 2926 1416 τών
2950 1363 3129 1431 λόγων
3155 1381 3250 1418 σου
3281 1366 3651 1440 δικαιωθήσῃ,

2059 1453 2155 1506 καὶ
2185 1453 2250 1504 ὲκ
2277 1451 2388 1505 τῶν
2414 1452 2594 1520 λόγων
2626 1469 2724 1505 σου
2754 1454 3159 1526 κατακριθήσῃ.

2136 1545 2321 1600 Ἔστω
2363 1545 2473 1608 πᾶς
2513 1545 2801 1612 ἄνθρωπος
2832 1544 3006 1616 ταχὺς
3044 1547 3125 1610 ei;
3155 1548 3218 1601 τὸ
3256 1548 3514 1613 ἀκοῦσαι,
3553 1549 3656 1604 καὶ

2061 1637 2260 1708 βραδὺς
2291 1637 2374 1699 εῖς
2400 1638 2464 1690 τὸ
2491 1637 2752 1706 λαλῆσαι.
2853 1650 2856 1656 ‘

2133 1730 2249 1791 ne;
2279 1728 2438 1797 λόγος
2471 1730 2682 1798 σαπρὸς
2715 1730 2780 1783 ὲκ
2811 1729 2904 1784 τοῦ
2942 1731 3213 1802 στόματος
3249 1733 3406 1802 ὑμῶν
3441 1733 3516 1806 μὴ
3551 1736 3653 1787 ὲκ-

1988 1817 2032 1872 Β
2063 1821 2420 1892 πορευέσθω,
2456 1821 2573 1877 ἀλλ’
2597 1820 2652 1874 ετ
2683 1838 2768 1886 τις
2807 1823 3016 1892 ἀγαθὸς
3053 1825 3195 1896 πρδς
3231 1825 3522 1898 οἰκοδομὴν
3561 1828 3661 1881 πῖ-

2068 1932 2238 1970 στεωε
2246 1958 2258 1970 .

2135 1933 2208 1968 εω
2246 1958 2258 1970 .

2135 1933 2452 2060 Γλιῗισσώδει
2481 2007 2754 2081 ἀνθρώπῳ
2787 2013 2864 2082 μὴ
2892 2002 3202 2083 διαμάχου,
3237 2011 3372 2084 μηδὲ
3404 2016 3657 2070 Eme-rot-

1979 2113 1982 2118 ·
2067 2094 2198 2160 ϐοιζε
2227 2096 2323 2150 ἐπὶ
2353 2097 2414 2151 τὺ
2447 2097 2559 2172 πῦρ
2591 2100 2756 2156 αὐτοῦ
2790 2100 2945 2167 ξύλα.

2137 2189 2230 2260 Μὴ
2267 2192 2516 2264 σπεύσῃς
2550 2193 2859 2264 ἐξενεγκεῖν
2894 2196 3046 2266 ῥῆμα
3080 2199 3190 2269 πρὸ
3224 2199 3520 2272 προσώπου
3559 2199 3659 2253 τοῦ

2064 2279 2234 2347 Θεοῦ,
2265 2284 2348 2338 ὅτι
2374 2286 2403 2338 6
2431 2285 2564 2350 Θεὸς
2593 2288 2653 2342 ἐν
2680 2286 2758 2359 τῷ
2787 2288 3001 2361 οὐρανῷ
3031 2291 3164 2357 ἄνω,
3199 2294 3290 2346 καὶ
3327 2295 3389 2348 σὺ
3421 2294 3516 2346 ἐπὶ
3551 2293 3657 2360 τῆς

2064 2374 2167 2443 γῆς
2201 2375 2380 2430 κάτω.
2761 2385 2764 2388 ’

2134 2466 2227 2538 Μὴ
2255 2467 2437 2521 πάντα
2463 2468 2659 2541 θάρρει
2684 2473 2749 2542 τῇ
2783 2472 3002 2544 γλώσσῃ
3022 2513 3036 2537 ,
3069 2473 3155 2527 ῖνα
3187 2473 3262 2545 μὴ
3289 2475 3468 2548 πάθῃς
3498 2478 3668 2530 ἀκαί-

2067 2575 2206 2630 ρως,
2244 2559 2500 2628 καθάπερ
2531 2561 2817 2632 ὀφθαλμὸς
2852 2565 2976 2618 ὅλον
3008 2567 3100 2620 τὸν
3131 2565 3286 2637 ἥλιον
3319 2568 3488 2622 θέλων
3521 2571 3666 2622 ἀπο-

2064 2653 2278 2725 ϐλέψαι,
2307 2653 2568 2709 ἀπόλλυσι
2601 2655 2699 2709 καὶ
2724 2655 2752 2709 6
2776 2655 2898 2726 ¹εχει
2932 2657 3069 2726 φῶς.

2140 2833 2393 2898 Ὀλισθος
2427 2833 2748 2908 ..ἀνθρώποις
2792 2837 3016 2907 γλῶσσα
3062 2839 3140 2912 μὴ
3181 2841 3326 2914 λόγῳ
3369 2843 3659 2916 κυϐερνω-

2067 2927 2225 2997 μένη.

2140 3018 2335 3073 ῐιολλοὶ
2369 3020 2631 3085 πολλάκις
2663 3021 2762 3075 καὶ
2797 3020 3204 3092 σωφρονοῦντες
3239 3024 3348 3076 ἀπὸ
3381 3025 3659 3095 ῥημάτων

2063 3110 2309 3181 αἰσχρῶν
2341 3107 2506 3185 ἦλθον
2542 3117 2635 3168 ἐπὶ
2671 3114 2902 3185 πράξεις
2939 3116 3207 3186 πονηρὰς.
3244 3116 3320 3168 Οὐ
3357 3118 3465 3185 γάρ
3499 3120 3660 3172 ἐστιν

2064 3201 2098 3269 ἡ
2133 3201 2284 3274 ψυχὴ
2317 3205 2476 3274 ἡμῶν
2509 3205 2636 3258 οὕτε
2672 3207 2851 3274 ἀγαθὴ
2889 3205 3086 3273 φύσει,
3120 3206 3246 3260 οὔτε
3291 3207 3438 3268 κακὴ
3463 3250 3477 3274 ,
3513 3209 3658 3263 ἀλλὰ

2069 3294 2392 3364 προαιρέσει
2421 3294 2584 3350 τοῦτο
2617 3300 2842 3352 κάκεῖνο
2874 3297 3112 3362 γίνεται.
3661 3315 3668 3319 ’

2139 3385 2348 3456 Μηδεὶς
2374 3386 2514 3440 ἔστω
2538 3386 2696 3457 λόγος
2723 3388 2895 3459 ἀργός
2921 3405 2934 3418 ·
2967 3388 3077 3443 ἀπὸ
3102 3389 3210 3459 γὰρ
3235 3391 3328 3443 τοῦ
3351 3391 3532 3462 ἀργοῦ
3561 3394 3659 3446 καὶ

2068 3479 2150 3541 εῖς
2189 3478 2433 3544 ἀτόπους
2471 3481 2914 3550 καταπῖπτομεν.
2950 3483 3027 3536 06
3068 3481 3369 3552 διαχύσεως
3401 3488 3430 3536 6
3465 3488 3658 3551 παρὼν

2070 3571 2288 3643 καιρὸς,
2324 3573 2461 3627 ἀλλὰ
2494 3573 2750 3639 πένθους,
2787 3575 3020 3644 θλίψεων
3055 3576 3149 3629 καὶ
3181 3576 3453 3646 ὀδυρμῶν.
3491 3579 3564 3629 Σὺ
3597 3579 3656 3630 δὲ

2072 3664 2476 3736 εὐτραπελεύῃ.
2507 3666 2603 3730 Τίς
2630 3666 2872 3738 ἀθλητὴς
2900 3669 2982 3732 εῖς
3011 3667 3072 3720 τὸ
3103 3668 3318 3722 στάδιον
3351 3669 3647 3735 εἰσελθὼν,

2083 3755 2182 3808 καῖ⁸
2225 3755 2327 3826 τὴν
2374 3758 2618 3826 ἀγωνίαν
2664 3759 2827 3828 ἀφεὶς
2869 3758 2966 3830 τὴν
3015 3760 3152 3829 πρὸς
3197 3761 3292 3812 τὸν
3345 3755 3648 3825 ἀντιδικον,

2069 3846 2264 3900 ἀστεῖα
2293 3847 2620 3918 φθέγγεταις
2654 3849 2989 3920 Ἐφέστηκεν
3014 3851 3042 3903 6
3066 3850 3335 3915 διάϐολος,
3365 3853 3653 3923 περιέρχε-

2071 3954 2162 3992 ται
2205 3938 2520 4010 ώρυόμενος
2561 3941 2819 4011 ἁρπάσαι
2847 3982 2864 4008 ,
2913 3943 3092 3996 πάντα
3140 3945 3285 3996 κινεῖ
3332 3946 3426 3996 καὶ
3473 3947 3651 3997 πάντα

2075 4029 2299 4097 στρέφει
2332 4029 2474 4082 κατὰ
2503 4031 2602 4100 τῆς
2635 4032 2736 4102 σῆς
2769 4033 3045 4102 κεφαλῆς,
3079 4035 3172 4087 καὶ
3209 4037 3519 4105 μηχανᾶται
3552 4037 3654 4106 τῆς

2072 4118 2267 4182 καλιᾶς
2299 4136 2360 4172 σε
2391 4121 2663 4176 ἐκϐαλεῖν.
2700 4122 2894 4192 Τρῖζει
2923 4125 3051 4188 τοὺς
3081 4125 3318 4192 ὀδόντας,
3359 4127 3646 4196 βρυχᾶται,

2072 4209 2184 4282 πῦρ
2213 4213 2334 4265 πνεῖ
2359 4213 2502 4268 κατὰ
2527 4212 2632 4284 τῆς
2659 4216 2934 4286 σωτηρίας
2959 4216 3059 4286 τῆς
3088 4218 3188 4287 σῆς
3213 4233 3227 4250 ο
3254 4213 3356 4272 ’καὶ
3389 4220 3455 4272 σὺ
3479 4219 3651 4289 κάθη-

1965 4327 1968 4330 η
2074 4321 2166 4358 σαι
2197 4305 2388 4366 ἀστεῖα
2419 4305 2598 4375 λέγων
2617 4344 2634 4372 ,
2663 4308 2758 4361 καὶ
2791 4309 3122 4379 μωρολογῶν
3140 4350 3156 4378 ,
3189 4311 3284 4364 καὶ
3311 4311 3380 4364 τὰ
3413 4312 3490 4382 μὴ
3520 4313 3652 4382 ανῆ-ι

2074 4415 2239 4452 κοντα
2269 4399 2664 4470 φθεγγόμενος.

470 4500 598 4554 Nili.
631 4499 688 4553 Si
727 4506 970 4554 ventrem
1023 4499 1298 4561 contines,
1325 4499 1547 4554 contine
1586 4505 1640 4553 et
1676 4498 1915 4568 linguam
1949 4519 1962 4554 :

2147 4491 2210 4544 Ei
2243 4494 2466 4560 κρατεῖς
2499 4493 2757 4562 γαστρὸς,
2790 4495 2986 4566 κράτει
3019 4495 3111 4549 καὶ
3143 4495 3422 4565 γλώσσης,
3454 4496 3544 4551 ἵνα
3577 4497 3650 4567 μὴ

392 4606 455 4650 ut
482 4611 548 4648 ne
579 4595 652 4648 sis
675 4591 900 4647 alterius
925 4605 1136 4656 servus,
1172 4592 1400 4647 alterius
1429 4600 1611 4647 autem
1628 4592 1794 4647 stulte
1811 4591 1966 4647 liber.

469 4777 700 4846 Evagrii.
747 4776 995 4846 Loquere
1041 4788 1161 4844 quae
1189 4775 1364 4839 decet,
1414 4785 1469 4831 et
1489 4776 1707 4845 quando
1735 4777 1891 4832 decet
1919 4787 1972 4832 ct

397 4871 466 4924 de
485 4871 646 4924 rebus
676 4867 940 4934 honestis,
995 4877 1051 4921 et
1073 4879 1182 4920 non
1199 4864 1390 4920 audies
1413 4865 1721 4933 inhonesta,
1742 4882 1973 4937 quaeque

393 4963 624 5018 minime
656 4963 832 5014 decet.

474 5051 821 5123 Amygdalas,
845 5051 969 5120 quia
991 5051 1235 5106 omnium
1265 5050 1517 5120 stirpium
1550 5052 1736 5122 prima:
1754 5051 1970 5116 ﬂorent,

402 5146 600 5216 pruina
640 5158 995 5212 corrumpere
1017 5145 1202 5198 solet:
1235 5143 1321 5198 sic
1346 5143 1597 5201 homines
1618 5144 1730 5200 fere
1778 5145 1973 5215 lingute

404 5237 684 5295 temeritas
715 5244 768 5290 et
799 5251 1043 5307 praeceps
1083 5236 1410 5304 loquacitas.

479 5419 750 5473 Isocratis.
789 5414 1064 5486 Quidquid
1099 5413 1346 5470 dicturus
1371 5428 1449 5477 es,
1481 5414 1534 5468 id
1558 5412 1714 5482 prius
1747 5414 1800 5466 in
1859 5413 1976 5467 ani-

405 5525 497 5566 mo
524 5507 1244 5566 consideratozmultorum
1304 5505 1447 5560 enim
1502 5505 1686 5573 lingua
1742 5512 1973 5558 mentem

407 5604 710 5665 praeut-rit.

482 5692 748 5745 Isocrates
777 5703 982 5759 orator,
1017 5707 1140 5747 cum
1159 5691 1386 5746 Camn
1421 5691 1620 5759 loquax
1659 5689 1785 5758 ejus
1821 5687 1979 5742 vellet

419 5764 762 5847 frequentare
793 5781 1071 5852 scholam,
1105 5781 1376 5852 duplicem
1412 5781 1626 5852 petebat
1657 5780 1976 5848 mercedem,

2073 4583 2177 4654 τῆς
2217 4585 2316 4652 μὲν
2347 4584 2602 4658 ὑπάρχῃς
2642 4585 2850 4652 δοῦλος,
2885 4589 2984 4656 τῆς
3020 4585 3078 4641 δὲ
3112 4589 3387 4659 τυγχάνῃς
3422 4591 3653 4658 ἀνόητος

2076 4675 2383 4745 ἐλεύθερος.

2146 4768 2312 4822 Λάλει
2340 4770 2375 4824 ἃ
2403 4770 2504 4836 δεῖ,
2532 4772 2626 4825 καὶ
2655 4773 2743 4826 ὅτε
2768 4773 2866 4838 δεῖ,
2895 4774 2990 4827 καὶ
3019 4773 3160 4845 ὑπὲρ
3192 4769 3269 4829 ὧν
3298 4774 3398 4838 δεῖ,
3425 4775 3524 4828 καὶ
3553 4775 3655 4828 οὐκ

2075 4858 2328 4922 ἁκούσεις
2358 4860 2395 4914 δ.
2425 4861 2502 4933 μὴ
2532 4862 2634 4916 δεῖ.

2151 5039 2264 5102 Τὰς
2297 5039 2399 5108 μὲν
2427 5039 2770 5110 ἀμυγδάλας,
2799 5040 2887 5094 διὰ
2911 5040 2970 5093 τὸ
2999 5039 3106 5109 πρὸ
3137 5041 3355 5095 πάντων
3383 5045 3571 5110 φυτῶν
3594 5045 3654 5098 τὸ

2077 5131 2240 5194 ἄνθος
2267 5132 2540 5202 ἐκφέρειν,
2565 5133 2599 5201 ἡ
2631 5131 2838 5202 πάχνη,
2865 5131 2992 5194 τοὺς
3019 5132 3076 5185 δὲ
3104 5131 3426 5204 ἀνθρώπους
3458 5139 3494 5205 ἢ
3525 5155 3655 5206 atpo-

2078 5223 2271 5276 πέτεια
2297 5222 2396 5292 τῆς
2427 5221 2684 5292 γλώσσης
2710 5221 2786 5286 ὡς
2815 5222 2912 5275 ἐπὶ
2941 5222 3004 5276 τὸ
3035 5222 3287 5276 πλεῖστον
3314 5223 3655 5296 διαφθείρειν

2080 5317 2343 5382 πέφυκεν.

2155 5408 2271 5461 Πᾶν
2297 5409 2324 5461 ὅ
2354 5425 2405 5461 τι
2440 5407 2506 5460 ἂν
2543 5407 2742 5481 μέλλῃς
2777 5411 2940 5480 ἐρεῖν,
2973 5410 3233 5480 πρότερον
3264 5410 3558 5464 ἐπισκόπει
3589 5413 3651 5481 τῇ

2080 5499 2294 5569 γνώμῃ.
2337 5498 2554 5564 Πολλοῖς
2590 5483 2698 5572 γὰρ
2741 5503 2774 5572 ἡ
2813 5501 3038 5569 γλῶσσα
3075 5501 3369 5573 προτρέχει
3403 5501 3506 5572 τῆς
3539 5501 3654 5554 δια-

2081 5590 2250 5654 νοῖας.

2170 5683 2484 5755 Ἰσοκράτης
2516 5687 2542 5738 6
2577 5686 2778 5756 ῥήτωρ,
2813 5685 3131 5756 Καραῖωνος
3161 5686 3312 5749 δντος
3345 5684 3533 5747 λάλου,
3559 5682 3652 5738 καὶ

2087 5775 2370 5846 σχολάζειν
2403 5777 2531 5849 παρ’
2555 5778 2702 5850 αὐτῷ
2737 5777 3086 5849 βουλομένου,
3117 5777 3325 5841 διττοὺς
3359 5776 3530 5844 ﬁmo:
3566 5793 3653 5846 με·
