4032 6214
476 285 610 352 nos
1213 297 1381 358 LOCI
1427 298 1865 362 communes.
1895 324 1965 334 —
2001 299 2196 364 PARS
2236 301 2320 365 II.
2360 265 2621 361 ειεξιΜο
2670 301 2878 364 LXXI.
3591 300 3740 365 me

475 401 635 464 σθούς
655 418 668 433 ⁸
697 403 792 456 τοῦ
820 405 876 459 δὲ
904 405 1002 478 τὴν
1031 409 1212 468 αἰτίαν
1245 412 1578 483 πυθομένου,
1603 413 1744 470 Ἕνα
1774 415 1872 486 μὲν
1898 413 2048 485 (ἔφη)

2172 430 2392 487 tumque
2427 416 2530 471 'ille
2581 418 2802 472 causam
2858 407 3348 486 percunctaretur:
3386 413 3584 481 Unam,
3642 418 3731 470 ivn-

447 495 557 548 ιῖνα
593 493 777 548 λαλεῖν
809 499 1009 570 μάθῃς.
1040 502 1130 556 τὸν
1157 502 1213 555 δὲ
1239 502 1447 574 ἕτερον,
1479 506 1566 561 ἵνα
1599 509 1780 577 σιγᾷν.

2172 507 2299 577 [.uit,
2322 516 2390 562 ut
2411 507 2560 576 loqui
2596 506 2800 572 discas,
2830 507 3054 561 alteram
3084 515 3346 560 autem-ut
3383 513 3582 559 tacere.

551 587 617 638 "O
661 587 739 659 μὴ
778 587 952 654 θέλεις
992 593 1230 658 ἀκούειν,
1275 596 1412 666 μηδὲ
1453 587 1661 668 είπῃςί
1688 599 1717 652 ὅ
1760 599 1835 670 μὴ
1876 597 2049 661 θέλεις

2236 597 2514 654 Clitarchi.
2542 598 2674 665 Quae
2722 601 2865 654 nolis
2898 599 3104 660 audire.
3153 613 3218 652 ea
3242 613 3312 651 ne
3345 598 3512 651 dicito
3544 614 3558 652 ι
3609 613 3729 668 qum

478 679 676 746 λέγειν,
706 681 840 749 μηδέ
867 681 1052 738 ἄκουε.
1079 686 1252 739 Ὠτων
1277 686 1370 742 καὶ
1396 686 1649 760 γλώσσης
1678 690 1848 759 μέγας
1878 691 1906 743 ὁ
1936 688 2048 742 κίν-

2172 692 2297 746 nolis
2325 691 2534 757 dicere,
2558 706 2622 745 ea
2658 706 2728 746 ne
2762 691 2949 758 audito
2979 691 3219 762 quidem.
3251 691 3483 745 Aurium
3506 691 3647 745 enim
3678 701 3731 745 ct

470 771 644 834 δυνος.
932 795 934 797 ’

2173 783 2351 852 iugum
2381 797 2644 852 magnum
2685 791 2770 837 est
2795 782 3124 851 periculum.

541 871 805 940 Κρείττὸν
836 873 951 925 ἐστι
983 871 1064 942 τῷ
1101 871 1225 926 ποδὶ
1262 873 1589 929 ὀλισθαίνειν
1623 874 1656 944 ἢ
1689 875 1756 945 τῇ
1799 873 2044 946 γλώσσῃ.

2227 875 2458 929 l’razstat
2475 875 2610 945 pede
2631 889 2795 945 quam
2824 874 3012 945 lingua
3033 877 3162 932 labi.

543 962 834 1031 Πλεονεξία
859 964 920 1018 τὸ
950 967 1130 1021 πάντα
1155 965 1373 1035 λέγειν,
1409 968 1544 1039 μηδέ
1572 967 1790 1024 ἀκούειν
1817 969 2044 1024 ἐθέλειν.

2221 965 2484 1021 Socratis.
2515 965 2835 1036 Arrogantia
2857 977 2860 982 '
2883 977 2969 1021 est
3021 968 3436 1034 omniadicere,
3467 968 3732 1022 nihil'au-

2105 1107 2108 1110 .
2151 1073 2260 1120 rem
2289 1058 2479 1112 audire
2501 1057 2665 1114 velle.

544 1134 849 1203 Πολυλογία
898 1136 1069 1204 πολλᾲ
1120 1139 1416 1211 σφάλματα
1467 1141 1617 1211 ἔχει,
1667 1141 1728 1195 τὸ
1774 1141 1833 1194 δὲ
1879 1140 2046 1228 ’σιγᾷν

474 1225 734 1295 ἀσφαλές.

551 1319 615 1372 *Α
649 1319 829 1389 λόγοις
862 1321 1234 1396 ἁμάρτωμεν,
1267 1323 1449 1397 ἔργοις
1478 1325 1578 1396 τὴν
1608 1325 1880 1398 τιμωρίαν
1916 1323 2049 1396 ὑφέ-

475 1412 658 1480 ξομεν.

1057 1652 1282 1708 ΛΟΓΟΣ
1333 1650 1456 1706 OA’.

2222 1149 2616 1219 Tlteopliylacti.
2648 1149 3054 1220 Multiloquium
3085 1152 3315 1205 multum
3333 1154 3522 1206 damni
3553 1153 3730 1220 allen,

2148 1241 2244 1298 sed
2279 1251 2459 1297 tacere
2493 1250 2664 1298 tutum
2693 1253 2797 1297 est.

2221 1333 2525 1388 Simocataz.
2554 1335 2685 1400 Qum
2708 1334 2888 1390 verbis
2914 1337 3280 1404 peccarimus,
3297 1351 3486 1394 eorum
3522 1337 3736 1408 suppli-

2150 1425 2294 1482 cium
2323 1425 2482 1481 factis
2518 1425 2784 1482 feremus.

2506 1647 2738 1706 saeuo
2765 1645 2936 1706 LXXI
2966 1647 3065 1721 [αι.
3114 1645 3378 1722 LXXIX].

526 1764 664 1834 Περὶ
699 1766 1063 1836 ἀντιλογίας,
1093 1767 1190 1822 καὶ
1218 1767 1612 1836 θρασύτητος,
1644 1767 1743 1821 καὶ
1774 1767 1988 1836 ἔριδος.

2235 1745 2312 1816 οὶ
2357 1761 2787 1831 contradictione,
2842 1770 2892 1816 et
2926 1761 3178 1828 audacia,
3234 1769 3283 1816 et
3314 1763 3657 1818 contentione.

545 1881 618 1934 Σὺ
640 1879 725 1943 τίς
751 1874 820 1945 εἷ,
851 1883 879 1934 ὁ
906 1880 1436 1952 ἀνταποκρινόμενος
1455 1881 1530 1953 τῷ
1548 1881 1665 1951 Θεῷ
1687 1899 1704 1948 ;
1740 1881 1816 1951 μὴ
1840 1882 1958 1950 ἐρεῖ
1984 1881 2046 1934 τδ

478 1974 701 2044 πλάσμα
728 1973 807 2044 τῷ
856 1973 1146 2041 πλάσαντι,
1183 1971 1250 2027 Τί
1301 1992 1371 2044 με
1411 1973 1677 2041 ἐποίησας
1735 1972 1945 2038 οὓτωςς
2011 1971 2044 2041 ἢ

474 2064 574 2117 οὐκ
599 2062 711 2134 ἔχει
735 2063 984 2128 ἐξουσίαν
1015 2064 1042 2116 ὁ
1082 2067 1360 2134 κεραμεὺς
1379 2063 1475 2117 τού
1524 2063 1722 2133 πηλοῦ,
1747 2064 1811 2115 ἐκ
1833 2061 1927 2115 τοῦ
1953 2061 2049 2116 αύ-

477 2157 569 2210 τοῦ
619 2157 942 2227 φυράματος
973 2157 1219 2229 ποιῆσαι,
1247 2155 1276 2210 δ
1327 2159 1430 2227 μὲν
1461 2158 1540 2220 είς
1571 2157 1739 2226 τιμὴν
1774 2156 1988 2220 σκεῦος,
2019 2153 2048 2207 ὃ

475 2249 531 2302 δὲ
562 2251 640 2313 είς
669 2249 893 2319 ἀτιμίαν
914 2267 929 2316 ;

553 2341 779 2411 Σίδηρος
807 2339 1231 2414 σίδηρονζόξύνει
1253 2353 1270 2371 σ
1296 2337 1433 2409 ἀνὴρ
1463 2337 1520 2391 δέ
1555 2336 1846 2409 παροξύνει
1874 2337 2047 2408 πρόσ-

477 2449 625 2486 ωπον
656 2431 870 2504 ἐτέρου.

556 2526 668 2595 Πρὸ
697 2525 873 2595 πυρὸς
895 2524 1056 2593 ἀτμὶς
1091 2523 1322 2594 καμίνου
1358 2521 1453 2576 καὶ
1480 2522 1722 2585 καπνόςο
1760 2519 1902 2576 οὕτω
1924 2520 2051 2593 ,πρδ

483 2618 728 2688 αἱμάτων
757 2615 1039 2684 λοιδορίαι.
1169 2683 1171 2686 ς

540 2713 708 2781 ,Ἔρις
763 2705 1250 2777 κατασπευδομένη
1285 2707 1497 2761 ἐκκαίει
1551 2706 1697 2777 πῦρ,
1747 2707 1843 2762 καὶ
1897 2704 2047 2776 μάχη

482 2801 930 2858 κατασπεύδουσα
953 2802 1133 2873 ἐκχέει
1165 2795 1327 2871 αἷμα.

554 2898 880 2965 Ἀντιλογίαν
908 2895 1139 2965 πραΰνει
1172 2897 1279 2960 πᾶς
1308 2896 1553 2967 σιγηρός.

556 2989 888 3058 Ἀντιλογίας
918 2989 1120 3058 ἐγείρει
1151 2990 1256 3051 πᾶς
1291 2989 1459 3049 κακός
1478 3002 1493 3017 °
1523 2988 1550 3040 ὁ
1575 2985 1630 3039 δὲ
1657 2986 1859 3057 Κύριος
1886 2986 2053 3055 ἄγγε-

480 3083 569 3135 λον
601 3083 939 3153 ἀνελεήμονα
971 3081 1252 3148 ἐκπέμπει
1285 3079 1456 3148 αύτῷ.

571 3174 886 3245 Ἀνθρωπος
931 3172 1346 3241 συνεθιζόμενος
1396 3170 1578 3238 λόγοις
1628 3169 1959 3240 ὀνειδισμοῦ,
1995 3171 2054 3225 ἐν

481 3269 684 3330 πάσαις
727 3269 845 3328 ταῖς
871 3266 1109 3336 ἡμέραις
1140 3265 1305 3318 αὐτοῦ
1339 3264 1399 3317 ού
1436 3263 1510 3335 μὴ
1541 3263 1834 3333 παιδευθῇ.

559 3357 729 3411 Ὅπου
756 3355 968 3426 ἔχθραι,
1001 3357 1168 3427 ἕρεις,
1200 3356 1382 3427 θυμοὶ,
1415 3359 1766 3426 φιλονεικίαι,
1789 3356 2055 3429 θορύϐους

479 3450 774 3517 ἀσιγήτους
804 3450 926 3512 ταῖς
954 3448 1152 3518 ψυχαῖς
1201 3449 1550 3518 ἐμποιοῦσαι,
1579 3451 1694 3503 ἐκεῖ
1740 3449 1802 3503 τὸ
1834 3450 2055 3520 πνεῦμα

478 3542 577 3609 τῆς
607 3541 912 3610 πραότητος
940 3539 1040 3593 ούκ
1070 3539 1434 3597 ἀναπαύεται.

564 3633 628 3685 Ἦ
657 3630 938 3700 ἀντιλογία
967 3632 1028 3685 τὸ
1053 3630 1514 3704 αύτοκρατορικὸν
1553 3634 1648 3686 καὶ
1673 3633 2054 3686 ἀνυπότακτον

442 3743 446 3747 ι
477 3723 734 3786 δείκνυσι,
770 3721 874 3776 κᾶν
893 3723 952 3776 ἐν
977 3723 1214 3793 σχήματι
1248 3723 1474 3794 γένηται
1503 3725 1907 3788 ταπεινώσεως.

550 3895 700 3948 Φιλετ
743 3895 852 3964 γὰρ
901 3896 973 3949 τὰ
1032 3897 1254 3964 γενναῖα
1311 3898 1632 3968 φρονήματα
1690 3897 1827 3968 πρὸς
1855 3898 1916 3952 τὸ
1964 3898 2056 3970 βίᾳ

484 3990 716 4059 κρατοῦν
751 3988 1133 4054 αύθαδίζεσθαι
1159 4030 1175 4056 ,
1209 3990 1304 4044 καὶ
1343 3989 1595 4062 καθάπερ
1625 3992 1758 4060 φλὸξ
1790 3992 1881 4044 ὑπ’
1926 3976 2054 4045 ἀνέ-

487 4099 584 4149 μου
617 4083 938 4154 ῥιπιζομινη
963 4123 977 4148 ,
1025 4084 1267 4154 τοσούτῳ
1291 4082 1499 4153 ’μᾶλλον
1531 4083 1889 4149 ἀνάπτεσθαι,
1917 4084 2056 4154 ὅσῳ-

482 4191 585 4244 περ
611 4173 677 4228 ἀν
698 4175 1054 4246 σφοδρότερον
1083 4177 1481 4248 καταπνέηται.

556 4268 617 4320 El
646 4267 800 4331 τέλος
828 4268 1154 4332 παιδείας-τὸ
1190 4269 1380 4322 ἑαυτὸν
1409 4269 1784 4339 αἰσχύνεσθαι,
1819 4270 2054 4341 ἐσχάτης
2132 4341 2136 4344 .

485 4359 834 4423 ἀπαιδευσίας
864 4359 924 4412 τὸ
950 4360 1084 4430 μηδὲ
1116 4361 1242 4423 τοὺς
1271 4361 1462 4424 ἄλλους
1491 4362 1868 4432 αἰσχύνεσθαι.

2224 1875 2377 1932 Rom.
2404 1892 2484 1932 ιι.
2524 1877 2604 1932 Tu
2632 1877 2869 1947 quises,
2926 1877 3022 1946 qui
3057 1891 3122 1931 ex
3179 1876 3408 1930 adverso
3438 1878 3734 1944 respondes

2154 1966 2302 2022 Deo?
2345 1967 2486 2022 Num
2550 1967 2695 2022 dicet
2752 1967 3066 2036 figmentum
3103 1966 3276 2022 lictori
3306 1981 3410 2022 suo
3459 1982 3473 2018 :
3510 1967 3620 2022 Cur
3645 1981 3732 2020 me

2154 2057 2236 2115 sic
2291 2057 2516 2114 fecisti?
2555 2073 2737 2115 annon
2771 2058 2934 2112 habet
2982 2068 3305 2128 potestatem
3382 2059 3579 2128 figulus
3611 2059 3733 2120 luti,

2155 2168 2222 2208 ex
2250 2153 2440 2209 eadem
2495 2168 2679 2209 massa
2745 2151 2980 2209 faciendi
3036 2151 3186 2208 aliud
3215 2167 3310 2208 vas
3344 2152 3734 2217 honorificum,

2123 2288 2128 2296 .
2156 2243 2298 2298 aliud
2333 2245 2762 2300 dedecorosum?

2161 2347 2165 2352 '
2228 2336 2390 2391 Prov.
2414 2351 2579 2391 xxvii.
2607 2335 2832 2394 Ferrum
2850 2337 2994 2392 acuit
3010 2336 3239 2404 ferrum,
3265 2337 3430 2393 homo
3449 2337 3726 2393 hominem

2157 2438 2464 2500 exasperat.
2887 2498 2893 2503 ι

2228 2523 2300 2579 Ut
2329 2530 2454 2577 ante
2483 2522 2662 2591 ignem
2694 2533 2868 2590 vapor
2897 2519 3096 2574 camini
3148 2529 3202 2575 et
3235 2518 3418 2576 fumus
3448 2521 3620 2590 prmit,
3653 2520 3733 2575 sic

2159 2623 2284 2668 ante
2301 2613 2526 2668 vulnera
2554 2613 2876 2686 sanguinem
2901 2616 3169 2671 convicia.

2235 2707 2402 2764 Eccli.
2437 2723 2632 2764 uvm.
2701 2707 2991 2765 Contentio
3017 2710 3320 2766 accelerate
3343 2709 3520 2779 ignem
3545 2724 3736 2763 accen-

2159 2798 2256 2864 dit,
2284 2799 2444 2869 223
2469 2808 2524 2854 et
2548 2815 2727 2870 pugna
2755 2801 3022 2858 festinans
3057 2801 3384 2870 sanguinem
3417 2801 3661 2856 ellundit.

2135 2959 2139 2966 ι
2233 2892 2632 2947 Dissensionem
2666 2893 2819 2948 sedat
2846 2895 3025 2948 omnis
3051 2894 3381 2948 taciturnus.

2241 2981 2621 3039 Dissensiones
2650 2985 2854 3040 excitat
2875 2985 3052 3040 omnis
3078 2985 3257 3040 malus
3295 3003 3308 3039 :
3347 2985 3607 3040 Dominus
3632 2999 3734 3038 au-

2055 3100 2127 3159 .c
2163 3082 2269 3128 tem
2306 3075 2382 3129 illi
2418 3076 2670 3146 angelum
2706 3075 3192 3131 immisericordem
3225 3076 3410 3131 mittit.

2236 3166 2591 3223 Assuel‘actus
2619 3167 2802 3223 verbis
2832 3167 3112 3236 probrosis
3146 3167 3202 3221 in
3234 3166 3490 3222 omnibus
3545 3165 3736 3224 diebus

2159 3259 2276 3317 suis
2299 3275 2404 3314 non
2437 3259 2819 3330 castigabitur.

2231 3351 2289 3408 S.
2326 3351 2541 3407 Basilii.
2577 3351 2677 3408 Ubi
2711 3351 2858 3418 odia,
2887 3350 3029 3416 lites,
3062 3349 3179 3413 irze,
3201 3351 3602 3414 contentiones,
3627 3364 3742 3402 ma-

2158 3459 2296 3513 gnos
2329 3443 2596 3498 tumultus
2627 3442 2681 3498 in
2716 3443 2916 3499 animis
2940 3441 3202 3510 excitant,
3233 3442 3305 3497 ibi
3339 3441 3552 3512 Spirius
3583 3455 3739 3494 man-
3777 3460 3798 3476 ο

2158 3534 2466 3590 suetudinis
2501 3549 2608 3587 non
2639 3535 2956 3604 requiescit.

2229 3624 2348 3695 ipsa
2378 3625 2743 3680 contradictio
2774 3625 3192 3694 imperatorium
3247 3629 3504 3698 quiddam
3558 3632 3612 3682 cl
3650 3641 3744 3682 v0-

2157 3717 2425 3772 luntatem
2458 3716 2593 3771 nulli
2626 3732 2685 3772 se
2717 3717 3047 3788 subjiciendi
3121 3718 3348 3788 indicat,
3413 3722 3625 3778 etiamsi
3685 3724 3739 3782 in

2158 3807 2350 3861 humili
2381 3807 2544 3862 fuerit
2575 3807 2786 3866 habitu.

2228 3898 2492 3970 Tlieologi.
2544 3898 2730 3954 Solent
2813 3903 2958 3957 enim
3035 3918 3234 3973 magno
3259 3903 3453 3974 spiritu
3532 3906 3740 3974 prmditi

2159 3990 2410 4046 violentis
2472 3994 2872 4068 contumaciter
2922 3993 3626 4065 prmfractequeresistcre.
3686 4007 3742 4054 et

2157 4082 2612 4152 quemadmodum
2645 4083 2859 4139 ﬂamma
2899 4101 2928 4140 a
2960 4096 3118 4141 vento
3158 4087 3592 4153 excitata,.tanto
3626 4104 3743 4147 ma-

2157 4177 2239 4248 gis
2266 4175 2512 4242 accendi,
2547 4185 2754 4242 quanto
2778 4177 3157 4234 vehementius
3183 4180 3452 4237 sulllatur.

2231 4266 2287 4324 S.
2324 4268 2514 4339 Chrys.
2547 4269 2604 4325 Si
2643 4271 2764 4326 linis
2798 4271 3061 4326 doctrinae
3094 4280 3178 4325 est.
3200 4272 3436 4339 seipsum
3469 4273 3736 4336 revereri,

2156 4371 2416 4415 extrema:
2436 4371 2518 4414 est
2543 4361 2846 4430 imperitiae,
2882 4378 2947 4415 ue
2989 4360 3122 4414 alios
3167 4361 3384 4430 quidem
3415 4362 3665 4415 revereri.

564 4451 943 4520 ’Δναισχυντία
995 4451 1097 4519 μὲν
1151 4452 1286 4506 [διον
1330 4454 1559 4523 φαύλου,
1596 4454 1760 4518 αίδὼς
1800 4454 1857 4507 δὲ
1888 4471 2057 4507 σπου-

2243 4450 2509 4506 Philonis.
2539 4450 2880 4521 lmpudcntia
2913 4461 2997 4507 est
3051 4452 3268 4520 propria
3317 4453 3736 4522 sceleratorum,

485 4542 634 4597 δαίου
657 4559 672 4574 ο
696 4543 756 4596 τὺ
783 4543 836 4596 δὲ
871 4546 1010 4614 μήτε
1042 4544 1418 4613 αἰσχύνεσθαι,
1481 4547 1623 4615 μήτε
1659 4547 2059 4616 ἀναισχυντεῖν,

485 4634 580 4689 τοῦ
606 4635 1007 4707 ἀκαταλήπτως
1042 4635 1262 4706 ἔχοντος
1289 4639 1384 4691 καὶ
1411 4638 1888 4706 ἀσυγκαταθέτως.

558 4813 934 4884 Ἀριστοτέλης
947 4871 950 4874 ,
963 4813 1456 4886 βλασφημούμενος
1477 4815 1571 4868 ἀπ’
1599 4815 1887 4886 ἀνθρώπου
1905 4815 2064 4870 ἀσελ-

486 4907 636 4975 γοῦς,
669 4908 772 4978 ἔφη
793 4923 808 4937 ο
843 4908 915 4959 Σὺ
948 4907 1046 4978 μὲν
1067 4906 1286 4967 ἀκούεις
1325 4906 1392 4960 τὰ
1421 4908 1566 4961 κακὰ
1607 4908 1828 4977 ῥᾳδίως,
1860 4911 1951 4960 καὶ
1979 4909 2062 4959 λέ-

485 5020 603 5070 γεις
621 5003 864 5074 εὐχερῶς
884 5017 899 5032 ⁸
931 5004 1052 5075 ἐμοὶ
1080 5005 1134 5058 δὲ
1161 5003 1256 5056 καὶ
1287 5003 1466 5072 λέγειν
1488 5002 1676 5075 ἄηθες,
1709 5003 1802 5056 καὶ
1835 5003 2058 5057 ἀκούειν

483 5096 665 5152 ἀηδές.

556 5114 612 5150 οε
647 5134 665 5152 .

522 5114 643 5242 ηΤὲ
663 5188 738 5261 μὴ
764 5188 1116 5260 αἰσχύνεσθαι
1142 5188 1314 5244 κακὸν
1338 5183 1468 5244 ὄντα
1497 5186 1695 5249 κακίας
1723 5185 2021 5258 ὑπερϐολή.

556 5368 782 5444 Γλὼσὰῃ
813 5371 1041 5446 θρασείᾳ
1076 5372 1150 5443 μὴ
1209 5372 1482 5446 χρῆσθαι·
1534 5373 1793 5436 πολλάκις
1843 5375 1950 5444 γάρ
2000 5377 2061 5428 τὸ

488 5460 688 5531 θράσος
736 5464 829 5518 καὶ
855 5465 1024 5535 αὐτὴν
1053 5463 1278 5518 διώλεσε
1311 5465 1408 5532 τὴν
1439 5465 1702 5534 κεφαλήν.

559 5553 762 5624 Θράσει
819 5557 916 5627 μὲν
957 5556 1129 5620 οὐδεὶς
1162 5555 1394 5623 οὐδέπω,
1433 5559 1581 5628 πόνῳ
1609 5559 1663 5613 δὲ
1697 5559 1787 5613 καὶ
1813 5561 2058 5627 γενναιό-

454 5661 608 5700 -τητι
640 5646 734 5700 καὶ
755 5648 1023 5720 ἐπιεικείᾳ
1053 5647 1254 5720 ἀρετὴν
1282 5651 1643 5720 ἐπεκτήσατο.

2168 4547 2346 4613 pudor
2378 4556 2559 4600 autem
2598 4545 2887 4598 bonorum.
2919 4542 3126 4598 Neulro
3157 4554 3336 4600 autem
3379 4546 3572 4597 horum
3607 4544 3743 4598 alle-

2167 4647 2351 4691 ctuum
2383 4639 2608 4705 moveri,
2651 4653 2838 4692 eorum
2866 4646 2949 4692 est
2993 4641 3088 4709 qui
3144 4639 3281 4694 nihil
3324 4637 3590 4693 animant
3648 4648 3744 4692 aut

2167 4727 2569 4782 assentiuntur.

2240 4826 2562 4879 Aristotelis.
2598 4823 2919 4884 Aristoteles
2937 4841 3061 4880 cum
3086 4825 3481 4895 ahimpudente
3508 4828 3741 4894 quodam

2165 4916 2427 4972 conviciis
2463 4916 2811 4972 lacesseretur
2844 4934 2858 4972 :
2887 4916 2988 4983 Tu,
3026 4917 3219 4986 inquit,
3255 4933 3309 4969 et
3335 4918 3582 4970 convicia
3612 4917 3742 4972 faei-

2157 5007 2215 5061 'le
2248 5007 2402 5060 audis
2435 5017 2486 5059 ct
2509 5005 2740 5060 libenter
2762 5008 2899 5062 dicis
2929 5024 2942 5060 :
2988 5008 3119 5061 mihi
3154 5023 3282 5062 vero
3315 5015 3370 5062 ct
3401 5007 3582 5062 dicere
3634 5024 3738 5060 non

2165 5109 2507 5163 consuetum,
2531 5109 2583 5154 ct
2614 5099 2804 5154 audire
2828 5099 3210 5170 iniucundum.

2235 5189 2298 5244 Si
2329 5191 2451 5254 quis
2482 5178 2658 5246 malus
2688 5205 2814 5246 cum
2863 5192 2938 5248 sit
2985 5207 3094 5248 non
3128 5191 3424 5255 erubescit,
3457 5190 3743 5260 insigniter

2168 5284 2453 5352 improbus
2479 5293 2583 5339 cst.

2241 5375 2497 5430 Soeratis.
2539 5375 2745 5448 Lingua
2793 5377 3052 5448 petulanti
3091 5391 3198 5430 non
3264 5373 3549 5428 utendum.
3587 5371 3741 5446 Smpe

2166 5468 2306 5523 enim
2338 5468 2561 5522 audacia
2585 5468 2762 5538 ipsum
2784 5468 3016 5539 perdidit
3038 5476 3220 5536 caput.

2234 5558 2530 5627 Euripidis.
2587 5559 2824 5614 Audacia
2877 5557 3096 5627 quidem
3151 5572 3311 5611 nemo
3358 5556 3535 5611 adhuc
3567 5557 3736 5611 virtu-

2165 5659 2270 5704 lem
2305 5653 2662 5721 comparavit,
2699 5650 2792 5707 scd
2819 5649 3108 5715 industria,
3135 5650 3494 5719 generositate
3531 5654 3582 5704 et
3627 5648 3738 5706 (διο.

2107 5792 2112 5794 _
2163 5743 2386 5796 mentiti.
