4062 6222
449 284 596 351 H75

1738 270 2066 336 ANTONII
2106 271 2457 336 MELISSJ'J

3565 273 3574 284 ⁸
3637 269 3776 332 ιέἵδ

449 409 506 454 te
531 397 668 456 vidit
701 413 715 451 :
745 404 799 453 et
824 395 1029 466 meipse
1059 391 1215 450 nihili
1269 387 1398 456 ieci,
1427 401 1517 446 me
1549 396 1754 446 terram
1783 392 1836 440 et
1892 376 2046 440 cine-

2195 386 2429 458 ρθαλμός
2485 403 2594 456 μου
2627 379 2738 440 εἶδέ
2784 402 2883 450 σε,
2934 381 3030 436 καὶ
3075 381 3416 452 ἐξουθένητα
3479 381 3768 450 ἐμαυτόν·

449 507 565 546 rem
601 489 811 562 putavi.

523 582 724 646 Semel,
752 581 1002 644 Domine,
1037 577 1254 632 loculus
1286 590 1432 641 sum,
1460 575 1553 632 sed
1598 574 1796 632 iterum
1831 586 1938 627 non
1965 569 2051 624 lo-

451 692 610 746 quar.
661 675 798 741 Quis
826 675 970 728 enim
1005 687 1125 726 sum
1160 679 1222 724 ut
1264 684 1487 726 causam
1539 681 1716 723 meam
1783 678 1938 736 agam
1989 660 2047 714 in

353 813 359 819 .
453 777 748 837 conspectu
784 765 929 820 tuo?

523 860 686 931 226
702 858 848 914 Psal.
880 873 991 912 χει.
1010 857 1118 926 Ego
1147 871 1267 910 sum
1286 855 1486 908 vermis
1509 863 1691 910 etnon
1719 853 1905 922 homo,
1933 869 2056 925 proo

451 951 503 1006 bi
523 969 610 1006 um
678 951 983 1013 hominum,
1013 959 1063 1003 et
1085 947 1542 1022 rejectarncutuni
1564 944 1768 1016 populi.

522 1041 697 1113 Prope
726 1042 882 1096 adest
911 1041 1176 1095 Dominus
1203 1038 1452 1093 contritis
1497 1039 1680 1105 corde,
1714 1048 1769 1095 et
1826 1041 2058 1097 humiles

453 1136 647 1206 spiritu
670 1135 854 1189 salvos
883 1133 1039 1188 facit.

528 1225 868 1280 Sacriﬁcium
899 1223 1008 1279 Deo
1053 1225 1278 1295 spiritus
1325 1223 1729 1289 contritus,cor
1763 1227 2056 1279 contritum

457 1325 512 1372 et
539 1317 886 1372 humiliatum
942 1315 1085 1371 Deus
1117 1331 1225 1372 non
1255 1315 1489 1387 rejiciet.

526 1502 588 1555 lu
623 1500 931 1555 humilitate
960 1509 1145 1555 nostra
1174 1515 1383 1556 memor
1411 1500 1513 1555 fuit
1541 1499 1712 1555 nostri
1759 1497 2055 1564 Dominus,

456 1603 508 1650 et
533 1593 760 1648 redemit
787 1609 882 1648 nos
904 1593 971 1646 de.
1003 1593 1244 1650 inimicis
1275 1594 1499 1648 nostris.

528 1684 689 1742 Ριου,
714 1702 862 1740 xxrx.
886 1685 1160 1742 Modestus
1186 1687 1250 1741 a:|
1277 1686 1506 1756 gloriam
1531 1686 1726 1742 evehet
1769 1686 2053 1743 Dominus.

529 1777 796 1850 Superbis
831 1780 1095 1835 Dominus
1136 1780 1369 1846 resistit,
1405 1780 1713 1837 humilibus
1746 1790 1927 1836 autem
1963 1781 2062 1836 dat

462 1875 722 1944 gratiam.

534 1961 563 2015 l
597 1961 738 2016 Petr.
776 1978 825 2017 v.
864 1961 938 2018 Os
962 1960 1251 2015 humilium
1292 1961 1611 2030 sapientiam
1648 1964 1960 2020 meditatur.

535 2052 793 2110 Sanctum
814 2053 1125 2108 existimate
1144 2068 1288 2115 eum,
1306 2054 1398 2122 qui
1420 2054 1660 2109 animum
1680 2058 2064 2129 suum,dejicil.

537 2145 649 2201 Isa.
685 2163 826 2203 ιιι-ι.
859 2147 1029 2213 Quem
1067 2145 1379 2213 respiciam,
1412 2145 1512 2200 nisi
1545 2146 1806 2203 humilem
1836 2159 1889 2205 et
1912 2150 2070 2220 quie-

467 2248 605 2300 tum,
639 2253 1031 2308 sermonesque
1063 2252 1213 2292 meos
1241 2252 1367 2291 cum
1421 2246 1659 2292 tremore
1711 2239 2069 2296 servantem?

541 2331 734 2384 Ezech.
774 2345 900 2384 xvii.
932 2329 1042 2399 Ego
1077 2327 1342 2382 Dominus
1383 2344 1502 2382 sum
1558 2331 1648 2400 qui
1712 2330 1914 2400 lignum
1971 2347 2069 2388 ex-

470 2424 676 2480 eclsutn
707 2423 910 2477 humile
941 2421 1131 2485 reddo,
1161 2432 1213 2474 et
1241 2421 1446 2490 lignum
1483 2421 1685 2474 humile
1730 2423 1910 2477 eatulto
1941 2439 1956 2481 :
1988 2423 2068 2476 vi-

471 2518 588 2572 ride
618 2530 799 2571 autem
857 2514 1114 2578 arefacio,
1158 2524 1211 2568 et
1271 2513 1483 2568 aridum
1522 2511 1716 2569 ﬂorere
1757 2515 1916 2570 iacio.
1957 2515 2069 2587 Ego

480 2609 741 2666 Dominus
772 2610 906 2674 dixi,
953 2617 1005 2662 et
1039 2607 1257 2662 iaciam.

545 2703 715 2758 Eccli.
746 2719 873 2758 xvu.
905 2703 1028 2775 Igne
1057 2703 1319 2772 probatur
1354 2714 1574 2768 aurum,
1603 2709 1655 2755 et
1687 2700 1938 2756 homines
1977 2717 2070 2757 ac-

474 2796 614 2866 cepti
642 2796 963 2850 humilitatis
988 2795 1225 2851 camino.
1537 2848 1544 2854 ,

544 2886 761 2954 Quanto
808 2888 1062 2958 majores,
1113 2898 1262 2942 tanto
1291 2886 1622 2944 submissius
1676 2896 1727 2941 te
1778 2902 1940 2955 geras
2005 2889 2059 2942 in

475 2988 772 3050 conspectu
806 2979 1040 3046 Domini,
1069 2979 1371 3050 ctgratiam
1404 2979 1680 3033 nanciscei
1696 2979 1778 3034 is:
1805 2981 1930 3050 quia
1954 2995 2070 3034 ma-

2154 482 2371 551 ἧγημαι
2401 479 2641 549 ἐμαυτὸν
2675 479 2780 549 γῆν
2806 480 2904 530 καὶ
2939 475 3158 530 σποδόν.

2225 573 2424 643 Κύριε,
2486 570 2638 636 ἅπαξ
2694 569 2957 640 ἐλάλησα,
3010 569 3105 621 ἐπὶ
3156 566 3214 620 δὲ
3260 565 3340 634 τῷ
3397 565 3659 635 δευτέρῳ
3700 566 3764 616 οὐ

2158 667 2478 738 προσθήσω.
2515 663 2615 729 Τίς
2653 664 2764 735 γάρ
2805 664 2945 735 είμι,
2973 662 3301 734 κρινόμενος
3353 660 3612 714 ἐναντίον
3661 660 3772 710 Κυ-

2108 819 2118 829 ρ
2160 761 2279 832 ρίου
2301 777 2318 826 ;

2242 855 2391 925 Ἐγὼ·
2413 854 2471 908 δέ
2495 854 2613 926 είμι
2646 851 2886 922 σκώληξ,
2919 850 3017 906 καὶ
3055 848 3158 903 οὐκ
3203 847 3524 918 ἄνθρωπος,
3557 846 3768 908 ovatio;

2115 997 2122 1004 .
2158 947 2489 1020 ἀνθρώπων,
2522 947 2616 1001 καὶ
2646 944 2990 1014 ὲξουθὲνημα
3024 939 3179 996 λαοῦ.

2243 1043 2447 1112 Ἐγγύς
2477 1039 2684 1111 Κύριος
2731 1040 2846 1101 τοῖς
2887 1033 3382 1107 συντετριμμένοις
3415 1033 3487 1102 τῇ
3536 1029 3767 1099 καρδίᾳ,

2162 1136 2260 1190 καὶ
2290 1135 2419 1198 τοὺς
2449 1132 2741 1194 ταπεινοὺς
2773 1129 2854 1199 τῷ
2884 1127 3163 1198 πνεύματι
3195 1124 3385 1179 σώσει.

2234 1226 2409 1281 Θυσία
2441 1225 2521 1296 τῷ
2563 1223 2684 1294 Θεῷ
2715 1221 2935 1292 πνεῦμα
2970 1215 3451 1289 συντετριμμένον
3473 1229 3492 1245 ο
3527 1211 3768 1282 καρδίαν

2165 1319 2638 1392 συντετριμμένην
2693 1317 2788 1390 καὶ.
2843 1310 3330 1380 τεταπεινωμένην
3385 1309 3413 1361 ὁ
3467 1305 3612 1368 Θεὸς
3668 1307 3767 1358 οὐκ

2165 1413 2422 1480 ἐξουδενὼ
2431 1429 2510 1464 σει
2521 1452 2534 1466 .
3577 1433 3582 1437 ·

2251 1507 2340 1559 Ἐν
2365 1507 2429 1576 τῇ
2457 1503 2790 1558 ταπεινώσει
2817 1503 2850 1572 ή
2861 1499 2978 1571 μῶν
3005 1495 3255 1569 ἐμνήσθη
3282 1493 3444 1564 ήμῶν
3469 1493 3504 1546 ὀ
3530 1493 3768 1562 Κύριος,

2168 1603 2262 1657 καὶ
2289 1600 2635 1672 ὲλυτρὼσατο
2659 1597 2808 1667 ἡμᾶς
2842 1597 2907 1649 ἐκ
2932 1594 3044 1647 τῶν
3075 1590 3292 1662 ἐχθρῶν
3315 1587 3505 1659 ήμῶν.

2235 1696 2375 1758 Τοὺς
2413 1690 2977 1760 ταπεινοφρονοῦντας
3007 1686 3193 1756 ἐγερεῖ
3215 1682 3421 1754 Κύριος
3450 1683 3536 1744 εἰς
3569 1679 3756 1743 δοξαν.

2246 1786 2452 1856 Κύριος
2500 1781 2872 1856 ὑπερηφάνοις
2925 1778 3335 1843 ἀντιτάσσεται,
3377 1777 3670 1838 ταπεινοῖς
3704 1772 3763 1826 δὲ

2084 1960 2088 1964 γ
2171 1882 2354 1936 δίδωσι
2387 1879 2567 1950 χάριν.

2247 1973 2431 2044 Στόμα
2461 1969 2732 2025 ταπεινῶν
2766 1968 2968 2040 μελετᾷ
3009 1967 3226 2038 σοφίαν.

2261 2062 2554 2131 ’Λγιάσατε
2584 2060 2676 2114 τὸν
2702 2057 3040 2127 φαυλίζοντα
3065 2057 3167 2128 τήν
3198 2053 3380 2125 ψυχὴν
3423 2051 3621 2105 αὐτοῦ.

2260 2156 2386 2212 Ἐπὶ
2411 2155 2531 2208 τίνα
2560 2152 2841 2222 ὲπιδλέψω
2875 2150 2994 2206 ἀλλ’
3025 2131 3198 2220 {sui
3231 2147 3324 2200 τὸν
3353 2145 3638 2204 ταπεινὸν,
3672 2145 3767 2196 καὶ

2177 2250 2421 2320 ἡσύχιον,
2456 2250 2552 2301 καὶ
2579 2245 2861 2318 τρέμοντά
2891 2260 2994 2314 μου
3027 2243 3152 2306 τούς
3183 2241 3416 2306 λόγουςξ

2268 2338 2410 2409 Ἐγὼ
2467 2339 2676 2410 Κύριος
2733 2340 2762 2393 ὁ
2810 2336 3086 2392 ταπεινῶν
3139 2334 3296 2398 ξύλον
3364 2330 3612 2401 ὑψηλὸν,
3675 2328 3768 2379 καὶ

2178 2434 2328 2505 ὑψῶν
2364 2433 2518 2498 ξύλον
2548 2433 2806 2486 ταπεινόν
2827 2449 2844 2464 ο
2874 2431 2971 2484 καὶ
3011 2428 3286 2500 ξηραίνων
3331 2424 3492 2489 ξύλον
3527 2423 3762 2493 χὶωρδν,

2177 2529 2274 2582 καὶ
2300 2525 2621 2582 ἁναθάλλων
2651 2523 2810 2590 ξύλον
2843 2523 3031 2596 ξηρόν.
3079 2519 3221 2590 Ἐγὼ
3256 2518 3464 2589 Κύριος
3497 2516 3764 2584 ἐλάλησα,

2179 2621 2276 2674 καὶ
2299 2618 2512 2692 ποιήσω
2530 2663 2536 2671 .
2630 2606 2639 2615 ’

2262 2715 2352 2768 Ἐν
2384 2712 2521 2783 πυρὶ
2555 2710 2913 2782 δοκιμάζεται
2939 2707 3144 2779 χρυσὸς
3165 2745 3180 2773 ,
3237 2705 3337 2762 καὶ
3374 2703 3655 2774 ἄνθρωπςι
3677 2699 3769 2755 δε-

2179 2805 2299 2860 κτοὶ
2335 2805 2392 2857 ὲν
2424 2801 2643 2874 καμίνῳ
2670 2798 3082 2862 ταπεινώσεως.

2248 2899 2402 2968 Ὀσῳ
2434 2897 2601 2968 μέγας
2637 2891 2710 2959 εί,
2758 2891 3002 2963 τοσούτῳ
3030 2889 3296 2944 ταπείνου
3330 2901 3532 2941 σαυτον
3585 2887 3770 2939 ἔναντι

2179 2992 2414 3063 Κυρίου,
2442 2989 2539 3044 καὶ
2579 2987 2838 3060 εὑρήσεις
2869 2985 3066 3057 χάριν
3117 2985 3202 3037 ὅτι
3252 2981 3470 3052 μεγάλη
3527 2981 3560 3049 ή
3608 2980 3772 3031 8w:-

427 3100 435 3104 -
475 3086 577 3142 gna
616 3071 826 3125 Domini
855 3080 1096 3142 potestas
1127 3079 1232 3135 est,
1262 3081 1316 3126 et
1340 3072 1407 3126 ab
1427 3069 1727 3126 bumilihus
1750 3072 2069 3142 magniﬁca-

2195 3083 2330 3138 ιτεία
2369 3080 2596 3152 Κυρίου,
2631 3079 2725 3134 καὶ
2760 3077 2866 3133 ὑπὸ
2895 3077 3005 3132 τῶν
3039 3075 3314 3129 ταπεινῶν
3344 3072 3766 3143 δοξασθήσεται.

475 3165 640 3218 bitur.

545 3247 862 3318 Principum
905 3247 1131 3301 thronos
1163 3243 1401 3302 detraxit
1432 3246 1719 3314 Dominus,
1756 3256 1810 3304 et
1839 3264 1937 3320 pro
1964 3249 2070 3305 illis

477 3341 743 3411 plantavit
782 3341 1048 3408 abiectos.

550 3431 749 3484 Matth.
783 3448 832 3486 ν.
871 3431 1021 3487 Beati
1075 3449 1346 3504 pauperes
1401 3435 1622 3506 spiritu,
1665 3436 1794 3506 quia
1823 3436 2066 3507 ipsorum

476 3532 561 3579 est
592 3539 816 3591 regnum
851 3525 1140 3583 caelorum.

554 3618 747 3683 Amen,
781 3633 940 3672 amen
966 3617 1089 3674 dico
1125 3618 1298 3685 vobis,
1324 3619 1426 3676 nisi
1467 3619 1720 3677 conversi
1755 3619 1990 3687 fueritis,
2022 3629 2076 3678 et

480 3705 609 3764 facti
657 3709 872 3766 fueritis
901 3718 960 3763 ut
987 3709 1135 3778 parvi
1164 3711 1339 3780 pueri,
1371 3726 1480 3766 non
1513 3712 1890 3782 ingrediemini
1916 3712 1969 3767 in
1994 3727 2078 3770 re-

479 3819 642 3874 gnum
674 3804 962 3860 caelorum.
990 3804 1094 3871 Qui
1119 3805 1287 3874 igitur
1314 3821 1374 3862 se
1438 3807 1701 3879 abiecerit
1764 3817 1824 3864 ut
1877 3823 2076 3879 parvus

482 3911 616 3966 puer
650 3897 831 3965 hic,in
859 3911 1024 3968 regno
1059 3897 1324 3953 cmlorum
1352 3899 1398 3954 is
1456 3900 1561 3954 erit
1609 3904 1902 3955 maximus.

551 4078 876 4148 Quicunque
906 4078 1021 4132 vult
1047 4079 1103 4132 in
1130 4079 1285 4134 vobis
1310 4094 1537 4148 magnus
1567 4093 1708 4144 esse,
1733 4078 1805 4134 sit
1829 4078 2077 4136 minister

484 4181 664 4227 vester
697 4189 712 4227 :
744 4185 796 4226 et
826 4171 1146 4246 quicunque
1173 4171 1228 4224 in
1260 4171 1414 4225 vobis
1447 4173 1562 4225 vult
1588 4172 1795 4239 primus
1833 4188 1978 4241 esse,
2005 4173 2079 4228 sit

485 4266 731 4318 omnium
766 4277 962 4320 servus
995 4273 1050 4318 et
1077 4262 1324 4317 omnium
1375 4273 1710 4333 postremus.
1743 4262 1956 4318 Etenim
1993 4264 2082 4318 Fi-

489 4357 593 4411 lius
625 4356 863 4411 hominis
895 4371 1004 4412 non
1036 4357 1186 4414 venit
1216 4355 1396 4426 utipsi
1433 4355 1858 4420 ministraretur,
1893 4355 1990 4411 sed
2020 4364 2080 4411 ut

489 4450 606 4522 ipse
644 4451 767 4508 aliis
799 4453 1154 4508 ministraret.

560 4542 667 4611 Qui
691 4558 751 4599 se
783 4543 900 4615 ipse
929 4544 1069 4600 elate
1099 4545 1358 4613 gesserit,
1401 4543 1626 4599 humilis
1655 4542 1911 4598 reddetur
1944 4559 1961 4610 ;
1986 4545 2082 4613 qui

491 4649 622 4692 vero
656 4634 951 4700 submisse,
984 4636 1038 4689 in
1071 4635 1236 4689 altum
1261 4636 1486 4707 gradum
1527 4635 1808 4690 evehetur.

563 4726 694 4782 Luc.
725 4743 778 4785 ν.
811 4727 956 4782 Dixit
994 4725 1188 4783 Petrus
1217 4726 1348 4784 Jesu
1385 4743 1400 4781 :
1434 4727 1529 4781 Esi
1565 4742 1592 4780 a
1627 4742 1736 4794 me,
1766 4726 1892 4796 quia
1931 4727 2092 4783 homo

496 4830 753 4892 peccator
780 4837 926 4884 sum,
964 4820 1214 4875 Domine.

571 4913 761 4968 Matth.
800 4913 946 4968 Dixit
974 4910 1226 4969 centurio
1253 4927 1266 4964 :
1300 4908 1417 4966 Non
1449 4925 1567 4964 sum
1599 4909 1822 4981 dignus,
1849 4909 2090 4976 Domine,

501 5019 558 5062 ut
589 5015 790 5062 tectum
819 5023 999 5060 meum
1023 5007 1242 5061 subeas.

571 5098 709 5154 Cum
735 5098 803 5152 ab
830 5097 1014 5166 aliquo
1041 5107 1269 5153 vocatus
1294 5097 1467 5151 fueris
1499 5095 1565 5150 ad
1598 5095 1837 5167 nuptias,
1871 5109 1941 5151 ne
2001 5108 2093 5150 ac-

503 5193 733 5249 cumbas
766 5191 819 5246 in
847 5192 1022 5261 primo
1047 5192 1192 5260 loco,
1246 5202 1299 5246 et
1316 5206 1439 5262 qua:
1463 5191 1739 5261 deinceps.

574 5289 712 5345 Cum
747 5287 986 5344 feceritis
1015 5287 1198 5342 omnia
1233 5304 1353 5357 quae
1377 5287 1692 5358 praescripta
1751 5293 1888 5341 sunt
1917 5281 2092 5349 vobis,

509 5381 678 5438 dicite
713 5399 729 5437 :
767 5381 924 5436 Servi
955 5381 1178 5437 inutiles
1208 5395 1421 5448 sumus,
1459 5380 1592 5447 quia
1627 5379 1772 5450 quod
1801 5376 2095 5433 debuimus

513 5472 692 5527 facere
716 5471 969 5528 fecimus.

585 5564 746 5634 227
782 5563 938 5618 Rom.
975 5579 1033 5618 ιι.
1072 5563 1202 5618 Dico
1237 5570 1416 5618 autem
1452 5575 1550 5631 per
1583 5559 1812 5632 gratiam
1843 5557 1978 5614 mihi
2003 5558 2097 5612 da-

515 5664 623 5709 tam
651 5657 828 5712 cuivis
864 5656 1104 5711 versanti
1138 5656 1282 5711 inter
1313 5671 1409 5712 vos
1433 5695 1449 5724 ,
1481 5669 1548 5710 ne
1582 5653 1786 5711 sentiat
1823 5652 1888 5708 de
1918 5666 1976 5707 se
2008 5665 2097 5706 su-

517 5763 614 5819 pra
677 5748 732 5802 id
787 5751 932 5820 quod
969 5750 1172 5806 sentire
1203 5749 1363 5806 debet
1407 5769 1422 5805 :
1473 5747 1571 5805 sed
1622 5747 1695 5804 ita
1763 5744 2005 5813 sentiat,
2040 5753 2098 5801 ut

478 5879 492 5890 .
522 5839 804 5896 moderate
828 5851 879 5896 et
905 5849 1273 5913 temperanter
1303 5842 1522 5900 sentiat.

2251 3258 2487 3331 Θρόνους
2521 3257 2805 3330 ἀρχόντων
2859 3253 3112 3311 καθεῖλεν
3141 3254 3171 3307 ὁ
3206 3249 3434 3323 Κύριος,
3490 3248 3588 3302 καὶ
3635 3242 3770 3315 ἒφθ

2179 3369 2344 3409 τευσε
2374 3352 2666 3414 ταπεινοὺς
2703 3349 2821 3405 ἀντ’
2848 3347 3055 3405 αὐτῶν.

2253 3443 2534 3512 Μακάριοι
2562 3444 2612 3496 οἱ
2644 3443 2851 3512 πτωχοὶ
2877 3441 2953 3512 τῷ
2982 3439 3286 3510 πνεύματι,
3310 3437 3393 3491 ὅτι
3415 3433 3770 3490 αὐτῶν-ἐστιν

2182 3539 2216 3609 ή
2247 3535 2495 3607 βασιλεία
2533 3536 2641 3588 τῶν
2673 3535 2943 3604 οὐρανῶν.

2269 3628 2464 3700 Ἀμὴν,
2504 3628 2676 3698 ἀμὴν,
2729 3628 2872 3694 λέγω
2906 3627 3054 3695 ὑμῖν,
3102 3625 3200 3678 ἐὰν
3224 3624 3301 3694 μὴ
3345 3619 3617 3691 στραφῆτε
3666 3619 3771 3670 καὶ

2183 3722 2421 3792 γένησθε
2459 3721 2533 3783 ὡς
2563 3719 2632 3773 τὰ
2663 3718 2877 3782 παιδία,
2899 3717 2960 3771 οὐ
2992 3717 3069 3787 μὴ
3101 3717 3387 3786 είσὲλθητε
3418 3715 3493 3778 είς
3525 3714 3627 3784 τὴν
3660 3712 3771 3781 βα-

2185 3813 2393 3868 σιλείαν
2425 3813 2536 3866 τῶν
2584 3812 2856 3882 οὐρανῶν.
2893 3811 3084 3872 Ὅστις
3117 3806 3215 3864 οὗν
3256 3807 3586 3862 ταπεινώσει
3634 3808 3774 3860 ὲαν-

2077 3925 2087 3936 ’
2184 3905 2276 3957 τὸν
2309 3904 2385 3968 ὡς
2417 3905 2478 3958 τὸ
2513 3904 2729 3958 παιδίον
2771 3901 2947 3968 τοῦτο,
2999 3897 3155 3964 οὗτός
3198 3901 3317 3952 ἐστι
3367 3899 3572 3969 μείζων
3613 3899 3675 3952 ὲν
3701 3901 3773 3968 τῇ

2188 3995 2440 4067 βασιλείᾳ
2470 3995 2580 4050 τῶν
2611 3995 2882 4066 οὐρανῶν.

2262 4090 2357 4152 Ὃς
2383 4088 2478 4142 ἐὰν
2504 4089 2561 4142 ἐν
2590 4087 2719 4155 ὑμῖν
2751 4085 2882 4158 θέλῃ
2913 4087 3089 4156 μέγας
3125 4087 3413 4154 γενέσθαι,
3444 4086 3589 4138 ἔστω
3617 4083 3778 4152 ὐμῶν

2188 4181 2467 4245 διάκονος·
2519 4181 2616 4235 κοιλ⁵
2658 4179 2718 4244 δς
2756 4179 2850 4234 ἐὰν
2889 4180 2950 4231 ἐν
3001 4181 3132 4249 ὑμῖν
3183 4180 3315 4252 θέλῃ
3355 4179 3575 4250 πρῶτος
3607 4173 3774 4240 εἶναι,

2187 4273 2330 4328 ἔστω
2369 4274 2588 4329 πάντων
2616 4273 2825 4336 δοῦλος,
2857 4273 2952 4326 καὶ
2975 4271 3196 4326 πάντων
3229 4271 3482 4342 ἔσχατος.
3518 4271 3632 4323 Καὶ
3666 4271 3776 4338 γάρ

2188 4369 2217 4421 ὁ
2252 4366 2366 4429 υίὸς
2396 4365 2488 4419 τοῦ
2531 4365 2824 4435 ἀνθρώπου
2867 4366 2968 4419 οὐκ
2997 4360 3129 4435 ἦλθε
3165 4363 3581 4434 διακονηθῆναι,
3636 4361 3776 4416 ἀλλὰ

2112 4484 2160 4541 ι)
2188 4461 2528 4532 διακονῆσαι.

2272 4557 2460 4620 Ὅστις
2491 4554 2698 4624 ὑψώσει
2724 4553 2943 4618 ἑαυτὸν,
2968 4552 3441 4622 ταπεινωθήσεται
3461 4567 3478 4582 ·
3507 4552 3605 4605 καὶ
3626 4551 3776 4614 ὅστις

2195 4647 2528 4702 ταπεινώσει
2561 4647 2786 4724 ἑαυτὸν,
2803 4645 3178 4717 ὑψωθήσεται.

2267 4735 2435 4793 Εἶπεν
2469 4741 2497 4792 ὁ
2531 4740 2738 4811 Πέτρος
2801 4741 2939 4812 πρὸς
2978 4741 3070 4795 τὸν
3133 4738 3378 4811 Ἰησοῦν·
3412 4737 3642 4803 Ἔξελθε
3680 4736 3773 4794 ἀπ’

2196 4832 2355 4902 ἐμοῦ,
2390 4833 2472 4886 ὅτι
2501 4833 2642 4902 ἀνὴρ
2671 4833 3000 4904 ἁμαρτωλός
3025 4834 3164 4904 είμι,
3197 4831 3396 4900 Κύριε.

2271 4918 2439 4978 Εἶπεν
2469 4926 2496 4978 ὁ
2521 4925 2939 4997 ἑκατόνταρχοςο
2972 4926 3171 4996 Κύριε,
3189 4925 3290 4979 οὐκ
3316 4925 3433 4994 είμί
3465 4923 3672 4987 ἱκανὸς,
3693 4924 3773 4975 ἵνα

2199 5030 2302 5085 μου
2335 5014 2440 5067 ὐπὸ
2461 5013 2559 5084 τήν
2593 5015 2793 5086 στέγην
2823 5013 3096 5086 εἰσέλθῃς.

2269 5103 2447 5158 Ὅταν
2479 5102 2693 5175 κληθῇς
2721 5105 2826 5158 ὐπό
2851 5121 2996 5167 τινος
3032 5105 3112 5167 είς
3143 5103 3379 5174 γάμους,
3413 5102 3491 5174 μὴ
3521 5101 3774 5157 κατακλιο

2207 5197 2308 5268 θῇς
2338 5197 2419 5262 είς
2446 5197 2548 5267 τὴν
2579 5197 3007 5268 πρωτοκλισίαν,
3038 5197 3134 5251 καὶ
3156 5198 3224 5251 τά
3248 5197 3396 5267 ἑξῆς.

2278 5289 2455 5344 Ὅταν
2504 5291 2770 5361 ποιήσητε
2813 5289 3004 5343 πάντα
3055 5290 3123 5344 τὰ
3171 5288 3583 5358 διατεταγμένα
3628 5286 3770 5355 ὑμῖν,

2198 5380 2387 5451 λέγετε
2411 5397 2426 5412 ο
2452 5380 2642 5434 Δοῦλοι
2675 5381 2889 5452 ἀχρεῖοί
2921 5382 3091 5450 ἐσμεν
3119 5422 3134 5448 ,
3166 5381 3249 5434 ὅτι
3278 5381 3306 5433 δ
3334 5379 3627 5450 ὀφειλομεν
3665 5393 3774 5428 ποι-

2118 5470 2128 5479 ’
2198 5474 2333 5546 ἧσαι
2366 5475 2646 5546 πεποιήκα
2655 5491 2778 5544 μεν.

2271 5563 2435 5633 Λέγω
2457 5563 2538 5632 δὲ,
2575 5563 2664 5616 διὰ
2692 5563 2789 5634 τῆς
2815 5563 3042 5636 χάριτος
3063 5565 3158 5634 τῆς
3189 5563 3440 5635 δοθείσης
3471 5579 3585 5634 μοι,
3619 5561 3773 5615 παντὶ

2199 5657 2278 5728 τῷ
2305 5657 2420 5711 ὄντι
2455 5657 2513 5711 ἐν
2545 5656 2694 5727 ὑμῖν,
2733 5656 2811 5726 μή
2860 5656 3226 5727 ὑπερφρονεῖν
3275 5655 3408 5725 παρ’
3437 5655 3468 5709 δ
3507 5655 3588 5710 δεῖ
3643 5666 3770 5723 φρο-

2203 5754 2334 5819 νεῖν,
2369 5750 2504 5806 ἀλλά
2543 5751 2768 5822 φρονεῖν
2789 5751 2870 5814 είς
2900 5752 2962 5805 τὸ
2993 5752 3315 5820 σωφρονεῖν.
