4062 6222
355 294 485 358 1177

1111 303 1280 363 LOCI
1323 287 1763 366 COMMUNES.
1810 329 1879 343 -
1910 307 2105 370 PARS
2139 309 2213 372 t1.
2251 311 2510 372 SERMO
2549 311 2829 370 Lxx-ut.

3477 309 3619 372 1178

423 415 512 486 Μὴ
541 414 608 469 τὰ
647 416 827 490 ὑψηλὰ
857 418 1117 489 φρονῆτε,
1147 419 1283 475 ἀλλὰ
1309 421 1420 484 τοῖς
1465 421 1745 484 ταπεινοῖς
1792 437 1919 474 συνι

2107 421 2301 480 Videte
2333 441 2400 481 ne
2435 440 2533 481 vos
2560 425 2710 480 elate
2730 421 2958 495 geratis,
2992 419 3083 477 sed
3110 418 3337 490 ahjcctis
3364 427 3415 475 et
3439 420 3620 474 humi-

349 510 653 576 απάγεσθε.

421 603 502 672 Τῇ
530 605 1000 676 ταπεινοφροσύνῃ
1044 606 1307 676 ἀλλήλους
1357 609 1579 678 ἡγεῖσθε
1629 608 1928 681 ὑπερέχον-

349 711 448 756 τας
474 696 703 761 ἑαυτῶν,
742 697 817 767 μὴ
848 699 914 750 τὰ
943 699 1154 753 ἑαυτῶν
1181 698 1537 767 σκοποῦντες,
1571 700 1710 756 ἀλλὰ
1735 702 1829 755 καὶ
1859 701 1926 755 τὰ

349 785 572 854 ἑτέρων,
1153 798 1159 804 ’
1782 845 1786 850 .

385 870 496 930 ’Ὃ
528 878 658 942 Θεὸς
686 879 833 949 ἡμᾶς
862 881 988 945 τοὺς
1019 882 1354 946 ἀποστόλους
1397 884 1662 955 ἐσχάτους
1711 885 1927 939 ἀπέδει-

351 973 459 1035 ξεν,
500 971 577 1035 ὡς
600 971 1024 1038 ἐπιθανατίους·
1065 976 1146 1037 ὅτι
1195 977 1422 1046 θέατρον
1467 977 1813 1049 ἐγενήθημεν
1845 978 1924 1049 τῷ

350 1065 561 1135 κόσμῳ,
602 1070 698 1119 καὶ
727 1067 1007 1136 ἀγγέλοις,
1038 1070 1133 1122 καὶ
1164 1067 1499 1138 ἀνθρώποις.

438 1155 527 1220 Ὠς
588 1154 1051 1228 περικαθάρματα
1106 1161 1449 1232 ἐγενήθημεν
1500 1163 1594 1215 τοῦ
1669 1149 1940 1233 κόσμου,

347 1247 566 1300 πάντων
584 1247 884 1319 ,περίψημα
911 1250 1020 1320 ἕως
1039 1250 1183 1322 ἄρτι.
1798 1310 1800 1313 ,

319 1333 321 1336 ⁴
419 1333 802 1410 Ταπεινὼθητε
837 1338 1070 1395 ἐνώπιον
1107 1341 1336 1412 Κυρίου,
1370 1343 1464 1397 καὶ
1516 1343 1722 1413 ὑψώσει
1755 1345 1919 1414 ὑμᾶς.

375 1439 378 1442 ’
432 1428 492 1482 ’0
521 1429 651 1492 Θεὸς
699 1431 1069 1502 ὑπερηφάνοις
1112 1431 1519 1499 ἀντιτάσσεται,
1554 1435 1832 1495 ταπεινοῖς
1863 1433 1922 1487 δέ

347 1520 532 1575 δίδωσι
579 1521 762 1592 χάριν.
793 1522 1179 1592 Ταπεινώθητε
1214 1521 1310 1578 οὖν
1362 1525 1467 1578 ὑπὸ
1513 1524 1616 1595 τὴν
1651 1525 1922 1594 κραταιὰν

347 1615 505 1685 χεῖρα
543 1613 638 1667 τοῦ
672 1613 828 1680 Θεοῦ,
859 1613 948 1668 ἵνα
979 1616 1126 1685 ὑμᾶς
1155 1613 1350 1687 ὑψώσῃ
1392 1617 1450 1669 ἐν
1485 1614 1662 1687 καιρῷ
1701 1616 1936 1688 ἐπισκοσῇ

349 1723 478 1775 πης.

2029 515 2172 570 libus
2191 531 2288 572 vos
2318 518 2761 571 accommodate.

2059 606 2072 611 ”
2103 603 2341 672 Philipp.
2374 621 2435 658 ll.
2463 602 2569 659 Per
2593 604 2958 680 humilitatem
2991 605 3158 658 animi
3188 605 3353 658 alium
3386 603 3618 672 quisque

2030 693 2137 750 sibi
2169 694 2499 749 antccellere
2550 695 2866 748 existimato
2893 733 2908 758 ,
2949 709 3056 750 non
3110 708 3286 749 vestra
3331 694 3614 750 commoda

2029 797 2292 858 spectate,
2321 787 2414 843 sed
2445 787 2612 841 etiam
2647 788 2902 842 aliorum.

2103 877 2131 932 I
2169 878 2296 933 Cor.
2327 893 2402 932 tv.
2441 876 2583 932 Deus
2634 893 2732 933 nos
2778 879 3051 947 apostolos
3099 888 3404 946 postremos
3447 878 3570 932 fecit
3599 922 3613 943 ,

2032 970 2193 1039 quasi
2239 970 2400 1023 morti
2455 969 2730 1034 addictos,
2790 969 2918 1038 quia
2959 971 3330 1037 Spectaculum
3367 971 3490 1024 facti
3528 987 3616 1022 su-

2028 1076 2150 1115 mus
2188 1060 2393 1114 mundo
2425 1070 2478 1114 et
2516 1061 2728 1130 angelis
2755 1071 2806 1114 ct
2844 1061 3176 1115 hominibus.

2103 1153 2275 1219 Quasi
2313 1153 2501 1207 mundi
2552 1162 2907 1222 purgamenta
2944 1153 3067 1206 iacti
3099 1168 3288 1207 sumus
3315 1192 3329 1217 ,
3368 1154 3610 1206 omnium

2028 1243 2328 1310 peri‘pscma
2363 1255 2536 1310 usque
2567 1241 2767 1294 adhuc.

2095 1329 2215 1386 Jac.
2251 1330 2627 1386 l-Iumiliamiui
2658 1347 2842 1386 coram
2880 1333 3138 1398 Domino,
3171 1342 3224 1386 et
3251 1335 3609 1388 extolletvos.

2099 1429 2133 1480 1
2159 1425 2304 1481 Petr.
2340 1442 2394 1480 v.
2430 1424 2694 1496 Superbis
2733 1426 2877 1482 Deus
2903 1427 3131 1490 resistit,
3172 1427 3468 1481 humilibus
3510 1443 3609 1479 au-

2027 1526 2134 1572 tem
2185 1518 2278 1572 dat
2325 1518 2589 1588 gratiam.
2624 1499 2998 1595 ilumiliamini
3040 1519 3204 1588 igitur
3248 1519 3348 1572 sub
3403 1518 3607 1586 potenti

2026 1619 2210 1666 manu
2237 1608 2356 1676 Dei,
2387 1617 2447 1665 ut
2485 1625 2584 1666 vos
2608 1611 2812 1667 exaltet
2837 1611 2892 1664 in
2929 1617 3173 1680 tempore
3198 1611 3552 1664 visitationis.

431 1764 740 1865 ;‘\ttﬂXGVO‘I
766 1796 875 1866 ἶτδν
906 1799 980 1867 μὴ
1027 1796 1457 1868 καταδεξάμενον
1502 1797 1562 1851 τὸ
1613 1797 1748 1869 πρδς
1784 1798 1919 1852 πᾶν·

2105 1789 2164 1845 S.
2197 1789 2413 1845 Basilii.
2449 1791 2591 1845 Fieri
2640 1807 2746 1846 non
2783 1800 3005 1861 potest,
3036 1800 3095 1845 ut
3130 1793 3176 1846 is
3209 1792 3299 1860 qui
3337 1806 3446 1845 non
3481 1791 3608 1845 inti-

311 1852 443 1964 ῗτας
475 1852 700 1948 ὑποδεές
749 1852 843 1971 κα)
868 1852 1137 1964 ³ἐσχιιτον,
1185 1852 1479 1958 δυνηθῆναί
1524 1852 1925 1959 ποτειῆσλοιδο-

322 1969 630 2046 ίρούμενον,
681 1969 852 2047 θυμοῦ
897 1980 1189 2048 κρατῆσαι,
1237 1980 1270 2050 ἢ
1321 1979 1657 2048 θλιϐόμενον,
1693 1980 1780 2033 διὰ
1818 1975 1944 2052 pa?

346 2071 650 2141 κροθυμίας
691 2069 1079 2142 περιγενέσθαι
1109 2071 1219 2125 τῶν
1253 2071 1600 2142 πειρασμῶν.

415 2252 717 2323 Γυμνάσιον
758 2249 1278 2320 ταπεινοφροσύνης,
1310 2251 1343 2322 ἡ
1370 2253 1427 2304 ἐν
1467 2254 1580 2315 τοῖς
1610 2253 1922 2306 εὐτελεστέ-

347 2360 459 2414 ροις
513 2342 803 2411 πράγμασι
851 2341 1125 2411 διατριϐὴ,
1153 2340 1231 2408 ,τὸ
1265 2341 1437 2405 πάθος
1469 2345 1568 2412 τῆς
1616 2343 1921 2412 φιλοδοξίας

345 2434 744 2503 θεραπεύουσα.

413 2525 696 2578 Δείκνυσιν
748 2524 880 2595 ἡμῖν
908 2524 936 2576 ὀ
969 2522 1178 2594 Κύριος
1219 2523 1466 2595 ἀρίστην,
1499 2524 1618 2577 ὁδὸν
1662 2523 1923 2594 ὑψώσεως

382 2618 440 2668 ’·ν
476 2618 828 2672 ταπείνωσιν.

419 2709 794 2764 Τδνπαπεινὸν
859 2709 1000 2782 μετὰ
1052 2710 1157 2782 τῆς
1223 2707 1462 2774 εὐδοξίας
1513 2708 1626 2780 ἔχει
1679 2709 1774 2763 καὶ
1821 2708 1920 2782 τὴν

344 2803 663 2869 ἀσφάλειαν.
866 2781 871 2782 ί
1108 2781 1112 2782 ⁷
1369 2808 1372 2810 τ
1901 2781 1908 2792 ’

415 2897 686 2964 Κρεῖσσον
718 2893 848 2948 ὄντα
902 2893 1070 2965 σοφὸν
1113 2892 1370 2964 ὑφίεσθαι
1416 2892 1485 2946 δι’
1526 2893 1849 2958 ἐπιείκειαν,
1881 2893 1918 2963 ἦ

340 2987 570 3058 ἀμαθῶς
601 2986 796 3057 ἔχοντα
819 2986 907 3038 διὰ
925 2986 1126 3058 θράσος
1156 2985 1662 3055 ὑπερεκτείνεσθαι.

412 3167 504 3236 Μὴ
536 3169 594 3220 ἐν
620 3163 813 3234 ἐσθῆτι
833 3164 893 3216 τδ
913 3161 1168 3217 ταπεινὸν
1197 3161 1415 3234 ἔχωμεν
1448 3162 1633 3233 μόνον,
1661 3161 1798 3216 ἀλλά
1823 3162 1920 3216 καλ⁴

343 3259 405 3312 ἐν
450 3257 632 3328 ψυχῆς
686 3256 1099 3326 καταστήματι·
1149 3255 1283 3326 μηδέ
1331 3254 1528 3326 θρύψις
1583 3255 1834 3325 αὐχένος,
1882 3254 1916 3325 ἦ

343 3350 529 3417 φωνῆς
557 3344 830 3415 ὑφεσις,ῆ
863 3344 1156 3417 προσώπου
1187 3345 1393 3412 νεῦσις,
1418 3345 1450 3416 ἢ
1484 3345 1648 3416 βάθος
1676 3347 1915 3417 ὑπήνης,

341 3440 376 3509 ἢ
437 3437 769 3507 βαδίσματος
821 3432 953 3508 ἦθος
999 3437 1059 3490 τὸ
1121 3438 1376 3492 ταπεινὸν
1431 3439 1799 3511 ὑποκρίνοιτο,
1851 3441 1920 3495 τὰ

343 3529 482 3599 πρὸς
524 3527 705 3595 ὀλίγον
753 3528 1100 3598 τυπούμενα,
1149 3529 1244 3585 καὶ
1286 3531 1512 3602 τάχιστα
1565 3533 1916 3602 ἐλεγχόμενα.

345 3624 460 3676 Πᾶν
488 3621 598 3691 γὰρ
631 3621 659 3675 ὃ
698 3623 1069 3693 προσποιητὺν
1117 3622 1239 3676 οὐδὲ
1284 3625 1539 3692 μόνιμον.
1588 3624 1729 3676 Ἀλλ’
1766 3617 1918 3693 ὦμεν

344 3713 536 3784 ὑψηλοὶ
572 3713 672 3782 μὲν
699 3713 778 3784 τῷ
824 3713 948 3783 βίῳ,
977 3713 1221 3765 ταπεινοὶ
1248 3713 1406 3782 δὲτῷ
1440 3715 1746 3782 φρονήματι
1766 3725 1783 3742 ⁹
1822 3713 1918 3766 καὶ

342 3807 442 3876 τὴν
475 3805 575 3876 μὲν
615 3805 817 3876 ἀρετὴν
873 3803 1180 3874 ἀπρόσιτοι,
1229 3803 1330 3874 τὴν
1381 3806 1670 3858 συνουσίαν
1715 3804 1773 3857 δὲ
1821 3806 1918 3859 καὶ

341 3899 463 3950 λίαν
502 3897 840 3966 εὑπρόσοδοι.
902 3893 1188 3948 Πολιτικοῦ
1239 3893 1340 3964 μὲν
1385 3895 1495 3965 γὰρ
1557 3895 1718 3965 ἔργον
1773 3890 1917 3950 εἶναι

346 3990 411 4063 [Ῑ.
437 3986 613 4060 οἶμαι]
645 3989 824 4043 πάντα
865 3988 1038 4041 ποιεῖν
1068 3987 1164 4041 καὶ
1192 3985 1396 4054 λέγειν,
1426 3987 1485 4052 ἐξ
1515 3981 1590 4042 ὧν
1627 3987 1918 4060 εὐδοκιμή-

347 4098 431 4134 σει
462 4080 615 4150 παρὰ
646 4078 738 4133 τοῦ
790 4079 854 4151 [Γ.
887 4076 1019 4152 τῶν]
1051 4077 1283 4144 ἐξωθενο
1320 4077 1692 4148 πνευματικοῦ
1735 4078 1791 4131 δέ
1822 4078 1918 4132 καὶ

345 4171 441 4225 τοῦ
467 4170 592 4224 καθ’
614 4171 766 4240 ἡμᾶς
788 4170 922 4241 πρὸς
950 4169 1009 4222 ἓν
1041 4170 1202 4240 μόνον
1223 4168 1470 4240 βλέπειν,
1499 4157 1599 4240 τὴν
1618 4171 1913 4240 σωτηρίαν,

344 4265 380 4335 ἦ
408 4281 467 4318 τε
503 4262 764 4334 ἁπλότης,
794 4263 890 4318 καὶ
912 4263 971 4317 τὸ
995 4261 1091 4318 τοῦ
1116 4263 1284 4335 ἤθους
1313 4261 1499 4319 ἄδολον
1529 4278 1590 4318 τε
1617 4263 1712 4316 καὶ
1737 4265 1924 4336 dum;

349 4357 596 4413 σίκακον.

422 4644 586 4699 Οὐδὲν
620 4643 794 4708 οὕτως
815 4641 894 4714 τῷ
917 4641 1035 4712 Θεῷ
1062 4640 1236 4710 φίλον,
1258 4639 1335 4706 ὡς
1363 4639 1424 4694 τδ
1450 4639 1588 4712 μετὰ
1615 4640 1724 4695 τῶν
1753 4638 1918 4709 ἐσχά-

346 4757 456 4794 των
478 4740 670 4792 ἐαυτδν
692 4735 1017 4805 ἀριθμῆσαι.

419 4855 531 4924 Οὐχ
560 4853 728 4915 οὕτως
764 4852 854 4904 τὸν
884 4850 1286 4921 ἁμαρτάνοντα,
1315 4847 1391 4909 ὡς
1425 4848 1515 4901 τὸν
1543 4845 1915 4919 κατορθοῦντα

356 4946 454 5016 χρὴ
481 4945 814 5017 μετριάζειν.

422 5057 900 5130 Ταπεινοφροσὺνη
935 5061 1052 5112 ἐστὶ
1084 5057 1145 5112 τὸ
1176 5056 1378 5128 ὑψηλὸν
1402 5055 1554 5110 ὄντα.
1580 5053 1692 5110 ἀπὸ
1715 5070 1916 5124 κατορ-

349 5152 615 5222 θωμάτων
644 5152 930 5206 ταπεινοῦν
957 5151 1129 5206 αὑτὸν·
1153 5150 1261 5204 ἀπὸ
1296 5149 1559 5210 διανοίας.

422 5267 628 5338 Μηδεὶς
656 5268 853 5320 ἄπονον
885 5265 1080 5319 οἰέσθω
1115 5267 1209 5318 καὶ
1252 5265 1393 5334 μετὰ
1435 5263 1720 5334 ῥᾳστώνης
1751 5263 1917 5316 ἐκποι-

349 5361 632 5431 ριζόμενον
657 5359 719 5410 τὸ
739 5359 835 5428 τῆς
862 5357 1362 5428 ταπεινοφροσύνης
1385 5354 1739 5425 κατόρθωμα.
1784 5353 1915 5422 Ἐμ-

347 5451 558 5518 πέφυκε
589 5449 696 5516 γὰρ
728 5449 789 5501 τὸ
828 5447 968 5502 κατὰ
998 5450 1093 5517 τὴν
1127 5449 1356 5518 ἔπαρσιν
1379 5447 1552 5508 πάθος
1580 5446 1744 5500 παντὶ
1776 5461 1901 5514 σχε-

345 5532 435 5595 δὸν
462 5539 538 5609 τῷ
563 5537 832 5593 κοινοῦντι
863 5539 962 5606 τῆς
1006 5539 1349 5610 ἀνθρωπίνης
1377 5537 1615 5607 φύσεως.
1650 5539 1744 5590 Διδ
1776 5538 1911 5590 πάν-

346 5651 454 5686 των
486 5632 595 5684 τῶν
643 5630 765 5685 κατ’
793 5631 992 5704 ἀρετὴν
1035 5619 1506 5703 ἐπιτηδευομένων
1557 5630 1716 5685 τοῦτό
1758 5633 1910 5687 ἐστιν

353 5721 771 5792 ἐπιπονώτερον,

2031 1898 2175 1937 mam
2209 1895 2261 1938 et
2289 1891 2625 1953 postremam
2675 1895 2876 1939 sortem
2905 1887 3004 1939 sibi
3029 1901 3184 1954 mquo
3216 1885 3396 1939 animo
3423 1886 3608 1940 feren-

2033 1976 2157 2028 dam
2215 1990 2514 2044 persuasus
2560 1977 2629 2031 sit
2659 1980 2697 2039 ,'
2733 1987 2827 2030 aut
2881 1978 2922 2031 si
2977 1978 3282 2032 conviciqu
3340 1978 3440 2046 ipsi
3493 1978 3602 2040 iiut,

2028 2066 2161 2120 iram
2197 2067 2548 2136 comprimat,
2607 2076 2700 2121 aut
2743 2068 2789 2122 si
2820 2051 3120 2138 prematur,
3149 2068 3407 2137 patientia
3432 2069 3606 2123 victor

2026 2153 2240 2212 evadat.

2099 2246 2436 2304 Exercitatio
2489 2251 2822 2307 humilitatis
2850 2260 2973 2319 est,
3014 2254 3068 2308 in
3105 2253 3388 2309 vilioribus
3437 2253 3604 2308 rebus

2033 2339 2280 2407 versari;
2320 2341 2401 2398 sic
2429 2342 2575 2396 enim
2614 2344 2797 2412 gloriae
2831 2344 3101 2412 cupiditas
3122 2353 3434 2401 coercetur.
3505 2330 3516 2338 ’

2095 2519 2367 2590 Optimam
2401 2519 2685 2590 dignitatis
2722 2521 2862 2574 viam
2918 2521 3149 2576 ostendit
3185 2521 3466 2589 Dominus,
3502 2523 3604 2577 hu-

2023 2612 2313 2667 militatem
2347 2612 2492 2666 dico.

2097 2703 2391 2760 llumilitas
2431 2719 2554 2760 cum
2599 2705 2830 2761 honeSta
2863 2705 3005 2760 fama
3053 2705 3218 2760 habet
3249 2715 3302 2762 et
3333 2707 3601 2762 securita-

2023 2807 2155 2852 tem.

2090 2888 2321 2942 Praestat
2361 2887 2580 2944 doctum
2615 2891 2684 2946 de
2731 2906 2828 2946 suo
2856 2891 2980 2961 jure
3017 2893 3213 2949 cedere
3257 2893 3546 2948 clementia
3577 2936 3593 2959 ,

2020 2995 2183 3049 quam
2211 2981 2524 3050 imperitum
2553 2997 2652 3052 per
2681 2983 2967 3040 audaciam
3001 2985 3230 3039 nimium
3265 2986 3380 3040 alas
3406 2994 3599 3041 exten-

1942 3101 1986 3160 ο
2009 3074 2165 3158 ναοῖο,

2097 3165 2214 3221 Νοη
2249 3167 2301 3221 iu
2333 3175 2482 3223 veste
2528 3169 2703 3223 solum
2731 3178 2956 3224 utamur
2994 3172 3278 3236 modestia,
3310 3171 3401 3226 sed
3434 3173 3596 3227 etiam

2025 3259 2077 3314 in
2114 3261 2280 3315 animi
2340 3263 2768 3330 constitutione;
2830 3279 3013 3333 neque
3050 3264 3190 3318 cnim
3241 3265 3472 3320 cervicis
3502 3266 3597 3319 dc—

2019 3350 2208 3421 jectio,
2242 3361 2337 3408 aut
2388 3355 2540 3430 vocis
2593 3355 2867 3422 remissio,
2902 3364 2997 3409 aut
3045 3356 3240 3424 capitis
3272 3366 3452 3423 nutus,
3505 3366 3599 3411 aut

2024 3445 2192 3499 barba
2244 3446 2540 3513 promissa,
2572 3457 2663 3501 aut
2719 3449 2967 3502 incessus
3016 3450 3352 3517 compositus
3413 3450 3602 3503 mode-

2023 3535 2181 3588 stiam
2212 3544 2358 3589 recte
2395 3539 2732 3606 exprimunt,
2762 3547 2948 3607 utpote
2977 3555 3097 3606 qum
3141 3541 3206 3592 ad
3238 3551 3453 3610 tempus
3498 3543 3604 3594 tiu-

2023 3632 2248 3693 guntur,
2286 3626 2381 3680 sed
2416 3626 2704 3680 celerrime
2745 3626 2877 3681 falsa
2910 3629 3416 3696 deprehenduntur;
3441 3631 3602 3699 quid-
3663 3662 3670 3669 -

2021 3715 2152 3785 quid
2206 3724 2388 3770 autem
2429 3725 2514 3772 est
2541 3717 2752 3796 ﬁctum,
2793 3717 2938 3772 idem
2975 3734 3082 3771 non
3121 3720 3442 3772 diuturnum
3470 3721 3600 3774 erit.

2023 3807 2210 3862 Simus
2264 3808 2432 3878 igitur
2458 3809 2568 3862 vita
2600 3809 2818 3876 quidem
2842 3809 2968 3862 elati
2993 3847 3008 3871 ,
3056 3813 3150 3862 sed
3193 3811 3385 3878 spiritu
3414 3811 3600 3864 humi-

2022 3901 2124 3964 ies,
2158 3912 2211 3955 et
2242 3902 2446 3956 virtute
2476 3901 2692 3971 quidem
2725 3901 3153 3964 inaccessibiles,
3180 3903 3599 3958 conversatione

2020 4001 2202 4046 autem
2230 3991 2527 4047 facillimus
2561 3992 2635 4046 sit
2670 3992 2742 4046 ad
2769 4007 2866 4047 nos
2893 3992 3092 4046 aditus.
3127 3993 3217 4047 Est
3247 3995 3390 4048 enim
3423 3994 3610 4047 homi~

2019 4084 2105 4140 nis
2137 4084 2316 4140 civilis
2363 4084 2625 4151 oﬂicium,
2660 4095 2720 4138 ut
2777 4085 2961 4140 omnia
3007 4084 3172 4138 faciat
3219 4095 3272 4139 et
3317 4085 3464 4140 dicat
3531 4100 3604 4139 ere

2018 4178 2221 4247 quibus
2285 4178 2352 4232 ab
2431 4177 2555 4232 aliis
2613 4176 2840 4247 gloriam
2889 4178 3599 4246 consequaturzspiritalis-

2017 4280 2200 4324 autem
2232 4279 2288 4325 et
2319 4269 2438 4340 ejus
2474 4270 2567 4340 qui
2594 4270 2888 4325 nobiscum
2929 4269 3118 4335 sentit,
3145 4269 3196 4323 iu
3233 4269 3448 4323 unicam
3475 4285 3606 4325 rem

2018 4369 2268 4430 spectare
2288 4401 2305 4426 ,
2344 4360 2606 4416 nimirum
2636 4361 2868 4416 salutem
2893 4401 2910 4426 ,
2941 4362 3062 4428 quae
3089 4369 3173 4415 est
3218 4361 3270 4414 in
3321 4362 3592 4431 simplici-

1947 4443 2160 4519 Dtate,
2197 4461 2252 4507 et
2303 4452 2553 4508 moribus
2601 4452 2830 4508 minime
2882 4450 3111 4517 dolosis,
3146 4465 3212 4508 ac
3267 4452 3601 4522 iniuriarum-

2021 4543 2318 4600 oblivione.

2046 4671 2048 4674 '
2091 4654 2153 4712 S.
2203 4656 2476 4727 Chrysost.
2515 4655 2660 4710 Nihil
2708 4663 2794 4712 est
2837 4665 2945 4711 tam
2982 4659 3092 4715 Deo
3138 4669 3352 4730 gratum
3381 4703 3394 4728 ,
3425 4677 3602 4731 quam-

2021 4746 2262 4817 seipsum
2293 4762 2419 4802 cum
2454 4747 2748 4817 postremis
2781 4763 3091 4805 numerare.

2088 4859 2208 4915 Non
2245 4869 2354 4914 tam
2390 4869 2726 4931 peccantem,
2761 4877 2925 4931 quam
2963 4873 3108 4918 recte
3137 4862 3448 4932 facientem,
3492 4868 3592 4922 dc-

2019 4961 2104 5008 cet
2134 4952 2354 5008 modum
2378 4967 2604 5008 servare
2636 4963 2689 5008 et
2711 4954 3163 5010 mediocritatem.

2088 5065 2356 5121 Modestia
2391 5073 2496 5135 est,
2548 5065 2762 5122 fortiter
2809 5065 2970 5122 factis
3018 5076 3073 5122 et
3102 5068 3270 5142 228
3296 5071 3594 5130 virtutibus

2017 5157 2291 5215 excelsum
2329 5158 2514 5214 animo
2545 5157 2788 5228 seipsum
2812 5158 3067 5229 dejicere.

2087 5270 2258 5326 Nemo
2289 5271 2476 5327 credat
2518 5271 2708 5326 labore
2737 5286 2963 5338 carere,
3005 5285 3100 5328 aut
3133 5274 3291 5330 facile
3335 5280 3587 5344 praestari

2014 5379 2178 5434 posse
2205 5364 2487 5420 modestiae
2509 5372 2566 5418 et-
2591 5363 2917 5421 hu-militatis
2937 5366 3197 5420 oﬂicium.
3227 5367 3474 5422 lunatum
3501 5377 3588 5425 est

2015 5456 2160 5512 enim
2195 5456 2467 5527 superbia:
2496 5456 2688 5512 vitium
2713 5457 2970 5512 omnibus
2989 5457 3102 5511 tere
3125 5465 3315 5512 natura
3346 5459 3586 5519 humana

2015 5547 2349 5603 constitutis.
2387 5548 2570 5614 Quare
2614 5549 2717 5604 hoc
2757 5563 2822 5604 ex
2855 5547 3114 5604 omnibus
3148 5549 3371 5607 virtutis
3402 5553 3586 5622 operi-

2014 5637 2118 5694 bus
2151 5637 2528 5694 ditlicillimum
2550 5646 2633 5694 est
