  <div class='ocr_page' id='page_1' title='image "/cluster/home/n/w/nwhite01/storage/ocr_20150623/136/hvd.32044054100201/598.png"; bbox 0 0 4062 6222; ppageno 0'>
   <div class='ocr_carea' id='block_1_1' title="bbox 322 330 457 409">
    <p class='ocr_par' dir='ltr' id='par_1_1' title="bbox 322 330 457 409">
     <span class='ocr_line' id='line_1_1' title="bbox 322 330 457 409; baseline -0.044 -9"><span class='ocrx_word' id='word_1_1' title='bbox 322 330 457 409; x_wconf 74' lang='lat'><strong>1181</strong></span> 
     </span>
    </p>
   </div>
   <div class='ocr_carea' id='block_1_2' title="bbox 1129 332 2827 403">
    <p class='ocr_par' dir='ltr' id='par_1_2' title="bbox 1129 332 2827 403">
     <span class='ocr_line' id='line_1_2' title="bbox 1129 332 2827 403; baseline 0.001 -5"><span class='ocrx_word' id='word_1_2' title='bbox 1129 338 1301 400; x_wconf 83' lang='lat' dir='ltr'><strong>LOCI</strong></span> <span class='ocrx_word' id='word_1_3' title='bbox 1341 334 1776 403; x_wconf 65' lang='lat' dir='ltr'><strong>L’UMMUNES.</strong></span> <span class='ocrx_word' id='word_1_4' title='bbox 1818 363 1887 375; x_wconf 88' lang='grc'><strong><em>-</em></strong></span> <span class='ocrx_word' id='word_1_5' title='bbox 1916 334 2111 398; x_wconf 81' lang='lat' dir='ltr'><strong>PARS</strong></span> <span class='ocrx_word' id='word_1_6' title='bbox 2136 334 2223 402; x_wconf 88' lang='lat' dir='ltr'><strong>Il.</strong></span> <span class='ocrx_word' id='word_1_7' title='bbox 2263 332 2519 399; x_wconf 78' lang='lat' dir='ltr'><strong>SERMO</strong></span> <span class='ocrx_word' id='word_1_8' title='bbox 2562 336 2827 399; x_wconf 80' lang='lat' dir='ltr'><strong>LXXIV.</strong></span> 
     </span>
    </p>
   </div>
   <div class='ocr_carea' id='block_1_3' title="bbox 3440 325 3576 392">
    <p class='ocr_par' dir='ltr' id='par_1_3' title="bbox 3440 325 3576 392">
     <span class='ocr_line' id='line_1_3' title="bbox 3440 325 3576 392; baseline 0 -1"><span class='ocrx_word' id='word_1_9' title='bbox 3440 325 3576 392; x_wconf 68' lang='lat'><strong>1182</strong></span> 
     </span>
    </p>
   </div>
   <div class='ocr_carea' id='block_1_4' title="bbox 319 444 1922 524">
    <p class='ocr_par' dir='ltr' id='par_1_4' title="bbox 319 448 1922 524">
     <span class='ocr_line' id='line_1_4' title="bbox 319 448 1922 524; baseline 0.002 -19"><span class='ocrx_word' id='word_1_10' title='bbox 319 450 427 507; x_wconf 86' lang='grc' dir='ltr'><strong>τῶν</strong></span> <span class='ocrx_word' id='word_1_11' title='bbox 456 448 676 524; x_wconf 77' lang='grc' dir='ltr'>ἄστρων</span> <span class='ocrx_word' id='word_1_12' title='bbox 705 450 801 524; x_wconf 78' lang='grc' dir='ltr'><strong>θῇς</strong></span> <span class='ocrx_word' id='word_1_13' title='bbox 826 450 1047 510; x_wconf 79' lang='grc' dir='ltr'>νοσσιάν</span> <span class='ocrx_word' id='word_1_14' title='bbox 1076 469 1196 521; x_wconf 91' lang='grc' dir='ltr'>σου,</span> <span class='ocrx_word' id='word_1_15' title='bbox 1220 451 1431 508; x_wconf 74' lang='grc' dir='ltr'>ἐκεῖθεν</span> <span class='ocrx_word' id='word_1_16' title='bbox 1448 450 1671 521; x_wconf 78' lang='grc' dir='ltr'><strong>κατάξω</strong></span> <span class='ocrx_word' id='word_1_17' title='bbox 1690 469 1773 520; x_wconf 81' lang='grc' dir='ltr'><strong>σε,</strong></span> <span class='ocrx_word' id='word_1_18' title='bbox 1802 451 1891 508; x_wconf 84' lang='grc' dir='ltr'>λέ-</span> <span class='ocrx_word' id='word_1_19' title='bbox 1919 506 1922 516; x_wconf 79' lang='grc'><strong>,</strong></span> 
     </span>
    </p>
   </div>
   <div class='ocr_carea' id='block_1_5' title="bbox 2054 444 3574 524">
    <p class='ocr_par' dir='ltr' id='par_1_5' title="bbox 2061 444 3574 521">
     <span class='ocr_line' id='line_1_5' title="bbox 2061 444 3574 521; baseline -0.005 -15"><span class='ocrx_word' id='word_1_20' title='bbox 2061 459 2142 507; x_wconf 85' lang='lat' dir='ltr'><strong>ter</strong></span> <span class='ocrx_word' id='word_1_21' title='bbox 2168 457 2315 506; x_wconf 89' lang='lat' dir='ltr'><strong>astra</strong></span> <span class='ocrx_word' id='word_1_22' title='bbox 2361 450 2549 506; x_wconf 90' lang='lat' dir='ltr'><strong>nidum</strong></span> <span class='ocrx_word' id='word_1_23' title='bbox 2577 451 2833 521; x_wconf 81' lang='lat' dir='ltr'><strong>posueris</strong></span> <span class='ocrx_word' id='word_1_24' title='bbox 2863 456 3041 516; x_wconf 89' lang='lat' dir='ltr'><strong>tuum,</strong></span> <span class='ocrx_word' id='word_1_25' title='bbox 3092 444 3249 503; x_wconf 89' lang='lat' dir='ltr'><strong>illinc</strong></span> <span class='ocrx_word' id='word_1_26' title='bbox 3293 444 3574 501; x_wconf 74' lang='lat' dir='ltr'><strong>detraham</strong></span> 
     </span>
    </p>
   </div>
   <div class='ocr_carea' id='block_1_6' title="bbox 320 543 663 615">
    <p class='ocr_par' dir='ltr' id='par_1_6' title="bbox 320 543 663 615">
     <span class='ocr_line' id='line_1_6' title="bbox 320 543 663 615; baseline 0.012 -18"><span class='ocrx_word' id='word_1_27' title='bbox 320 561 406 614; x_wconf 82' lang='grc' dir='ltr'>γει</span> <span class='ocrx_word' id='word_1_28' title='bbox 436 543 663 615; x_wconf 79' lang='grc' dir='ltr'>Κῦριος.</span> 
     </span>
    </p>
   </div>
   <div class='ocr_carea' id='block_1_7' title="bbox 403 629 1898 707">
    <p class='ocr_par' dir='ltr' id='par_1_7' title="bbox 403 629 1898 707">
     <span class='ocr_line' id='line_1_7' title="bbox 403 629 1898 707; baseline 0.001 -17"><span class='ocrx_word' id='word_1_29' title='bbox 403 637 811 705; x_wconf 81' lang='grc' dir='ltr'>Ἧφανίσθησαν</span> <span class='ocrx_word' id='word_1_30' title='bbox 844 637 939 691; x_wconf 81' lang='grc' dir='ltr'>καὶ</span> <span class='ocrx_word' id='word_1_31' title='bbox 963 636 1210 703; x_wconf 80' lang='grc' dir='ltr'>πετεινὰ,</span> <span class='ocrx_word' id='word_1_32' title='bbox 1238 636 1321 690; x_wconf 85' lang='grc' dir='ltr'>ὅτι</span> <span class='ocrx_word' id='word_1_33' title='bbox 1350 629 1534 705; x_wconf 71' lang='grc' dir='ltr'>εἶπαν,</span> <span class='ocrx_word' id='word_1_34' title='bbox 1566 634 1681 692; x_wconf 76' lang='grc' dir='ltr'><strong>Οὐκ</strong></span> <span class='ocrx_word' id='word_1_35' title='bbox 1703 635 1898 707; x_wconf 78' lang='grc' dir='ltr'>δψεται</span> 
     </span>
    </p>
   </div>
   <div class='ocr_carea' id='block_1_8' title="bbox 322 728 913 799">
    <p class='ocr_par' dir='ltr' id='par_1_8' title="bbox 322 728 913 799">
     <span class='ocr_line' id='line_1_8' title="bbox 322 728 913 799; baseline -0.002 -16"><span class='ocrx_word' id='word_1_36' title='bbox 322 728 532 797; x_wconf 77' lang='grc' dir='ltr'>Κύριος</span> <span class='ocrx_word' id='word_1_37' title='bbox 559 728 711 793; x_wconf 80' lang='grc' dir='ltr'>ὀδοὺς</span> <span class='ocrx_word' id='word_1_38' title='bbox 735 728 913 799; x_wconf 82' lang='grc' dir='ltr'>ήμῶν.</span> 
     </span>
    </p>
   </div>
   <div class='ocr_carea' id='block_1_9' title="bbox 397 818 1900 894">
    <p class='ocr_par' dir='ltr' id='par_1_9' title="bbox 397 818 1900 894">
     <span class='ocr_line' id='line_1_9' title="bbox 397 818 1900 894; baseline 0.001 -21"><span class='ocrx_word' id='word_1_39' title='bbox 397 821 613 883; x_wconf 80' lang='grc' dir='ltr'>Πάντας</span> <span class='ocrx_word' id='word_1_40' title='bbox 638 822 763 885; x_wconf 83' lang='grc' dir='ltr'>τοὺς</span> <span class='ocrx_word' id='word_1_41' title='bbox 794 820 1197 893; x_wconf 76' lang='grc' dir='ltr'><strong>πορευομένους</strong></span> <span class='ocrx_word' id='word_1_42' title='bbox 1224 820 1287 877; x_wconf 74' lang='grc' dir='ltr'>ιν</span> <span class='ocrx_word' id='word_1_43' title='bbox 1306 818 1655 894; x_wconf 72' lang='grc' dir='ltr'>ὑπερηφανίᾳ</span> <span class='ocrx_word' id='word_1_44' title='bbox 1706 836 1900 875; x_wconf 81' lang='grc' dir='ltr'>ταπει-</span> 
     </span>
    </p>
   </div>
   <div class='ocr_carea' id='block_1_10' title="bbox 325 915 748 985">
    <p class='ocr_par' dir='ltr' id='par_1_10' title="bbox 325 915 748 985">
     <span class='ocr_line' id='line_1_10' title="bbox 325 915 748 985; baseline -0.007 -14"><span class='ocrx_word' id='word_1_45' title='bbox 325 916 491 971; x_wconf 79' lang='grc' dir='ltr'>νώσει</span> <span class='ocrx_word' id='word_1_46' title='bbox 522 915 748 985; x_wconf 82' lang='grc' dir='ltr'>Κύριος.</span> 
     </span>
    </p>
   </div>
   <div class='ocr_carea' id='block_1_11' title="bbox 398 1004 1901 1079">
    <p class='ocr_par' dir='ltr' id='par_1_11' title="bbox 398 1004 1901 1079">
     <span class='ocr_line' id='line_1_11' title="bbox 398 1004 1901 1079; baseline -0.003 -17"><span class='ocrx_word' id='word_1_47' title='bbox 398 1009 533 1062; x_wconf 89' lang='grc' dir='ltr'>Τότε</span> <span class='ocrx_word' id='word_1_48' title='bbox 584 1007 770 1079; x_wconf 75' lang='grc' dir='ltr'>ἐροῦσι</span> <span class='ocrx_word' id='word_1_49' title='bbox 808 1007 946 1078; x_wconf 74' lang='grc' dir='ltr'>πρὸς</span> <span class='ocrx_word' id='word_1_50' title='bbox 980 1007 1209 1069; x_wconf 72' lang='grc' dir='ltr'>ἰαυτούς</span> <span class='ocrx_word' id='word_1_51' title='bbox 1229 1020 1246 1040; x_wconf 76' lang='grc' dir='ltr'><strong>ο</strong></span> <span class='ocrx_word' id='word_1_52' title='bbox 1278 1006 1347 1062; x_wconf 89' lang='grc' dir='ltr'>Τί</span> <span class='ocrx_word' id='word_1_53' title='bbox 1386 1005 1672 1078; x_wconf 80' lang='grc' dir='ltr'>ὠφέλησεν</span> <span class='ocrx_word' id='word_1_54' title='bbox 1704 1005 1838 1075; x_wconf 74' lang='grc' dir='ltr'>ἡμῖν</span> <span class='ocrx_word' id='word_1_55' title='bbox 1866 1004 1901 1077; x_wconf 85' lang='grc' dir='ltr'><strong>ή</strong></span> 
     </span>
    </p>
   </div>
   <div class='ocr_carea' id='block_1_12' title="bbox 331 1100 1306 1171">
    <p class='ocr_par' dir='ltr' id='par_1_12' title="bbox 331 1100 1306 1171">
     <span class='ocr_line' id='line_1_12' title="bbox 331 1100 1306 1171; baseline -0.001 -15"><span class='ocrx_word' id='word_1_56' title='bbox 331 1100 713 1171; x_wconf 83' lang='grc' dir='ltr'>ὑπερηφανία;</span> <span class='ocrx_word' id='word_1_57' title='bbox 770 1100 864 1154; x_wconf 78' lang='grc' dir='ltr'>καὶ</span> <span class='ocrx_word' id='word_1_58' title='bbox 904 1101 958 1154; x_wconf 86' lang='grc' dir='ltr'><strong>τί</strong></span> <span class='ocrx_word' id='word_1_59' title='bbox 1003 1104 1032 1155; x_wconf 89' lang='grc' dir='ltr'><strong>δ</strong></span> <span class='ocrx_word' id='word_1_60' title='bbox 1077 1100 1306 1164; x_wconf 82' lang='grc' dir='ltr'>πλοῦτος</span> 
     </span>
    </p>
   </div>
   <div class='ocr_carea' id='block_1_13' title="bbox 332 1190 1685 1264">
    <p class='ocr_par' dir='ltr' id='par_1_13' title="bbox 332 1190 1685 1264">
     <span class='ocr_line' id='line_1_13' title="bbox 332 1190 1685 1264; baseline -0.002 -16"><span class='ocrx_word' id='word_1_61' title='bbox 332 1192 703 1264; x_wconf 74' lang='grc' dir='ltr'>συμϐέϐληται</span> <span class='ocrx_word' id='word_1_62' title='bbox 733 1192 865 1263; x_wconf 80' lang='grc' dir='ltr'>ἡμῖν</span> <span class='ocrx_word' id='word_1_63' title='bbox 890 1212 904 1258; x_wconf 85' lang='lat'><strong>;</strong></span> <span class='ocrx_word' id='word_1_64' title='bbox 932 1191 1187 1264; x_wconf 78' lang='grc' dir='ltr'>Παρῆλθε</span> <span class='ocrx_word' id='word_1_65' title='bbox 1222 1193 1400 1247; x_wconf 85' lang='grc' dir='ltr'>πάντα</span> <span class='ocrx_word' id='word_1_66' title='bbox 1426 1190 1504 1256; x_wconf 79' lang='grc' dir='ltr'><strong>ὡς</strong></span> <span class='ocrx_word' id='word_1_67' title='bbox 1534 1190 1685 1245; x_wconf 80' lang='grc' dir='ltr'>σκιά.</span> 
     </span>
    </p>
   </div>
   <div class='ocr_carea' id='block_1_14' title="bbox 401 1366 1908 1442">
    <p class='ocr_par' dir='ltr' id='par_1_14' title="bbox 401 1366 1908 1442">
     <span class='ocr_line' id='line_1_14' title="bbox 401 1366 1908 1442; baseline -0.005 -15"><span class='ocrx_word' id='word_1_68' title='bbox 401 1371 495 1442; x_wconf 86' lang='grc' dir='ltr'>Μή</span> <span class='ocrx_word' id='word_1_69' title='bbox 524 1371 727 1441; x_wconf 71' lang='grc' dir='ltr'>έξὺψου</span> <span class='ocrx_word' id='word_1_70' title='bbox 774 1371 1023 1437; x_wconf 74' lang='grc' dir='ltr'>σεαυτὸν,</span> <span class='ocrx_word' id='word_1_71' title='bbox 1060 1371 1149 1426; x_wconf 82' lang='grc' dir='ltr'><strong>ίνα</strong></span> <span class='ocrx_word' id='word_1_72' title='bbox 1184 1372 1263 1441; x_wconf 81' lang='grc' dir='ltr'>μὴ</span> <span class='ocrx_word' id='word_1_73' title='bbox 1294 1370 1470 1441; x_wconf 79' lang='grc' dir='ltr'>πέσῃς</span> <span class='ocrx_word' id='word_1_74' title='bbox 1497 1368 1590 1424; x_wconf 78' lang='grc' dir='ltr'><strong>καὶ</strong></span> <span class='ocrx_word' id='word_1_75' title='bbox 1620 1366 1908 1440; x_wconf 68' lang='grc' dir='ltr'>ἐπαγάγῃς</span> 
     </span>
    </p>
   </div>
   <div class='ocr_carea' id='block_1_15' title="bbox 2001 543 2611 614">
    <p class='ocr_par' dir='ltr' id='par_1_15' title="bbox 2001 543 2611 614">
     <span class='ocr_line' id='line_1_15' title="bbox 2001 543 2611 614; baseline 0 -14"><span class='ocrx_word' id='word_1_76' title='bbox 2001 553 2075 612; x_wconf 89' lang='grc' dir='ltr'><strong>ιε,</strong></span> <span class='ocrx_word' id='word_1_77' title='bbox 2098 545 2275 614; x_wconf 92' lang='lat' dir='ltr'><strong>inquit</strong></span> <span class='ocrx_word' id='word_1_78' title='bbox 2324 543 2611 602; x_wconf 87' lang='lat' dir='ltr'><strong>Dominus.</strong></span> 
     </span>
    </p>
   </div>
   <div class='ocr_carea' id='block_1_16' title="bbox 2067 630 3584 707">
    <p class='ocr_par' dir='ltr' id='par_1_16' title="bbox 2067 630 3584 707">
     <span class='ocr_line' id='line_1_16' title="bbox 2067 630 3584 707; baseline -0.002 -20"><span class='ocrx_word' id='word_1_79' title='bbox 2067 631 2267 689; x_wconf 80' lang='lat' dir='ltr'><strong>Jerem.</strong></span> <span class='ocrx_word' id='word_1_80' title='bbox 2320 635 2678 690; x_wconf 85' lang='lat' dir='ltr'><strong>Evanuerunt</strong></span> <span class='ocrx_word' id='word_1_81' title='bbox 2729 635 2892 691; x_wconf 91' lang='lat' dir='ltr'><strong>etiam</strong></span> <span class='ocrx_word' id='word_1_82' title='bbox 2944 633 3267 707; x_wconf 80' lang='lat' dir='ltr'><strong>pennigera,</strong></span> <span class='ocrx_word' id='word_1_83' title='bbox 3314 632 3444 703; x_wconf 84' lang='lat' dir='ltr'><strong>quia</strong></span> <span class='ocrx_word' id='word_1_84' title='bbox 3498 630 3584 685; x_wconf 83' lang='lat' dir='ltr'><strong>di-</strong></span> 
     </span>
    </p>
   </div>
   <div class='ocr_carea' id='block_1_17' title="bbox 2001 726 3401 796">
    <p class='ocr_par' dir='ltr' id='par_1_17' title="bbox 2001 726 3401 796">
     <span class='ocr_line' id='line_1_17' title="bbox 2001 726 3401 796; baseline -0.001 -15"><span class='ocrx_word' id='word_1_85' title='bbox 2001 736 2201 783; x_wconf 83' lang='lat' dir='ltr'><strong>xerunt</strong></span> <span class='ocrx_word' id='word_1_86' title='bbox 2237 726 2529 783; x_wconf 89' lang='lat' dir='ltr'><strong>Dominum</strong></span> <span class='ocrx_word' id='word_1_87' title='bbox 2564 738 2674 783; x_wconf 75' lang='lat' dir='ltr'><strong>non</strong></span> <span class='ocrx_word' id='word_1_88' title='bbox 2707 729 2954 783; x_wconf 82' lang='lat' dir='ltr'><strong>visurum</strong></span> <span class='ocrx_word' id='word_1_89' title='bbox 2985 728 3102 782; x_wconf 91' lang='lat' dir='ltr'><strong>vias</strong></span> <span class='ocrx_word' id='word_1_90' title='bbox 3135 727 3401 796; x_wconf 86' lang='lat' dir='ltr'><strong>ipsorum.</strong></span> 
     </span>
    </p>
   </div>
   <div class='ocr_carea' id='block_1_18' title="bbox 2072 818 3587 891">
    <p class='ocr_par' dir='ltr' id='par_1_18' title="bbox 2072 818 3587 891">
     <span class='ocr_line' id='line_1_18' title="bbox 2072 818 3587 891; baseline -0.003 -17"><span class='ocrx_word' id='word_1_91' title='bbox 2072 819 2215 875; x_wconf 85' lang='lat' dir='ltr'><strong>Dan.</strong></span> <span class='ocrx_word' id='word_1_92' title='bbox 2244 836 2320 877; x_wconf 80' lang='lat' dir='ltr'><strong>tv.</strong></span> <span class='ocrx_word' id='word_1_93' title='bbox 2378 819 2583 877; x_wconf 81' lang='lat' dir='ltr'><strong>omnes</strong></span> <span class='ocrx_word' id='word_1_94' title='bbox 2606 820 2699 891; x_wconf 85' lang='lat' dir='ltr'><strong>qui</strong></span> <span class='ocrx_word' id='word_1_95' title='bbox 2735 819 2970 891; x_wconf 84' lang='lat' dir='ltr'><strong>superbe</strong></span> <span class='ocrx_word' id='word_1_96' title='bbox 3006 819 3292 882; x_wconf 82' lang='lat' dir='ltr'><strong>incedunt,</strong></span> <span class='ocrx_word' id='word_1_97' title='bbox 3325 818 3587 871; x_wconf 83' lang='lat' dir='ltr'><strong>Dominus</strong></span> 
     </span>
    </p>
   </div>
   <div class='ocr_carea' id='block_1_19' title="bbox 2004 911 2295 981">
    <p class='ocr_par' dir='ltr' id='par_1_19' title="bbox 2004 911 2295 981">
     <span class='ocr_line' id='line_1_19' title="bbox 2004 911 2295 981; baseline 0.003 -13"><span class='ocrx_word' id='word_1_98' title='bbox 2004 911 2295 981; x_wconf 87' lang='lat' dir='ltr'><strong>deprimet.</strong></span> 
     </span>
    </p>
   </div>
   <div class='ocr_carea' id='block_1_20' title="bbox 2061 1000 3592 1074">
    <p class='ocr_par' dir='ltr' id='par_1_20' title="bbox 2061 1000 3592 1074">
     <span class='ocr_line' id='line_1_20' title="bbox 2061 1000 3592 1074; baseline -0.004 -14"><span class='ocrx_word' id='word_1_99' title='bbox 2061 1003 2206 1074; x_wconf 70' lang='lat' dir='ltr'><strong>oSap.</strong></span> <span class='ocrx_word' id='word_1_100' title='bbox 2255 1022 2309 1061; x_wconf 89' lang='lat' dir='ltr'><strong>v.</strong></span> <span class='ocrx_word' id='word_1_101' title='bbox 2344 1005 2501 1062; x_wconf 85' lang='lat' dir='ltr'><strong>Tunc</strong></span> <span class='ocrx_word' id='word_1_102' title='bbox 2561 1006 2745 1062; x_wconf 86' lang='lat' dir='ltr'><strong>dicent</strong></span> <span class='ocrx_word' id='word_1_103' title='bbox 2790 1006 2847 1060; x_wconf 88' lang='lat' dir='ltr'><strong>in</strong></span> <span class='ocrx_word' id='word_1_104' title='bbox 2900 1003 3099 1074; x_wconf 89' lang='lat' dir='ltr'><strong>seipsis</strong></span> <span class='ocrx_word' id='word_1_105' title='bbox 3138 1021 3153 1059; x_wconf 91' lang='lat'><strong>:</strong></span> <span class='ocrx_word' id='word_1_106' title='bbox 3190 1002 3330 1070; x_wconf 86' lang='lat' dir='ltr'><strong>Quid</strong></span> <span class='ocrx_word' id='word_1_107' title='bbox 3384 1000 3592 1073; x_wconf 78' lang='lat' dir='ltr'><strong>profuit</strong></span> 
     </span>
    </p>
   </div>
   <div class='ocr_carea' id='block_1_21' title="bbox 1393 1098 1922 1170">
    <p class='ocr_par' dir='ltr' id='par_1_21' title="bbox 1393 1098 1904 1169">
     <span class='ocr_line' id='line_1_21' title="bbox 1393 1098 1904 1169; baseline -0.004 -16"><span class='ocrx_word' id='word_1_108' title='bbox 1393 1101 1533 1169; x_wconf 83' lang='grc' dir='ltr'><strong>μετά</strong></span> <span class='ocrx_word' id='word_1_109' title='bbox 1582 1098 1904 1164; x_wconf 71' lang='grc' dir='ltr'><strong>ἀλαζονείας</strong></span> 
     </span>
    </p>
   </div>
   <div class='ocr_carea' id='block_1_22' title="bbox 2054 1098 3590 1170">
    <p class='ocr_par' dir='ltr' id='par_1_22' title="bbox 2054 1098 3590 1170">
     <span class='ocr_line' id='line_1_22' title="bbox 2054 1098 3590 1170; baseline -0.003 -18"><span class='ocrx_word' id='word_1_110' title='bbox 2054 1098 2164 1153; x_wconf 78' lang='lat' dir='ltr'><strong>abis</strong></span> <span class='ocrx_word' id='word_1_111' title='bbox 2219 1100 2520 1169; x_wconf 74' lang='lat' dir='ltr'><strong>superbiai</strong></span> <span class='ocrx_word' id='word_1_112' title='bbox 2567 1099 2701 1170; x_wconf 83' lang='lat' dir='ltr'><strong>quid</strong></span> <span class='ocrx_word' id='word_1_113' title='bbox 2751 1100 2880 1154; x_wconf 86' lang='lat' dir='ltr'><strong>item</strong></span> <span class='ocrx_word' id='word_1_114' title='bbox 2932 1098 3209 1166; x_wconf 89' lang='lat' dir='ltr'><strong>opulentia</strong></span> <span class='ocrx_word' id='word_1_115' title='bbox 3262 1111 3385 1150; x_wconf 91' lang='lat' dir='ltr'><strong>cum</strong></span> <span class='ocrx_word' id='word_1_116' title='bbox 3433 1111 3590 1149; x_wconf 86' lang='lat' dir='ltr'><strong>arro-</strong></span> 
     </span>
    </p>
   </div>
   <div class='ocr_carea' id='block_1_23' title="bbox 2008 1190 3589 1263">
    <p class='ocr_par' dir='ltr' id='par_1_23' title="bbox 2008 1190 3589 1263">
     <span class='ocr_line' id='line_1_23' title="bbox 2008 1190 3589 1263; baseline -0.003 -18"><span class='ocrx_word' id='word_1_117' title='bbox 2008 1192 2191 1261; x_wconf 85' lang='lat' dir='ltr'><strong>gantia</strong></span> <span class='ocrx_word' id='word_1_118' title='bbox 2216 1192 2511 1263; x_wconf 78' lang='lat' dir='ltr'><strong>conjuncta</strong></span> <span class='ocrx_word' id='word_1_119' title='bbox 2539 1192 2810 1250; x_wconf 81' lang='lat' dir='ltr'><strong>contulit?</strong></span> <span class='ocrx_word' id='word_1_120' title='bbox 2835 1190 3034 1245; x_wconf 86' lang='lat' dir='ltr'><strong>Omnia</strong></span> <span class='ocrx_word' id='word_1_121' title='bbox 3064 1192 3116 1244; x_wconf 91' lang='lat' dir='ltr'><strong>in</strong></span> <span class='ocrx_word' id='word_1_122' title='bbox 3145 1191 3352 1246; x_wconf 84' lang='lat' dir='ltr'><strong>umbra</strong></span> <span class='ocrx_word' id='word_1_123' title='bbox 3386 1204 3589 1242; x_wconf 86' lang='lat' dir='ltr'><strong>morem</strong></span> 
     </span>
    </p>
   </div>
   <div class='ocr_carea' id='block_1_24' title="bbox 2007 1282 2413 1353">
    <p class='ocr_par' dir='ltr' id='par_1_24' title="bbox 2007 1282 2413 1353">
     <span class='ocr_line' id='line_1_24' title="bbox 2007 1282 2413 1353; baseline 0.005 -16"><span class='ocrx_word' id='word_1_124' title='bbox 2007 1282 2413 1353; x_wconf 84' lang='lat' dir='ltr'><strong>praterierunt.</strong></span> 
     </span>
    </p>
   </div>
   <div class='ocr_carea' id='block_1_25' title="bbox 2080 1371 3599 1444">
    <p class='ocr_par' dir='ltr' id='par_1_25' title="bbox 2080 1371 3599 1444">
     <span class='ocr_line' id='line_1_25' title="bbox 2080 1371 3599 1444; baseline -0.001 -16"><span class='ocrx_word' id='word_1_125' title='bbox 2080 1371 2204 1430; x_wconf 88' lang='lat' dir='ltr'><strong>Noli</strong></span> <span class='ocrx_word' id='word_1_126' title='bbox 2230 1385 2283 1431; x_wconf 87' lang='lat' dir='ltr'><strong>te</strong></span> <span class='ocrx_word' id='word_1_127' title='bbox 2304 1375 2590 1440; x_wconf 83' lang='lat' dir='ltr'><strong>extollere,</strong></span> <span class='ocrx_word' id='word_1_128' title='bbox 2623 1392 2689 1432; x_wconf 91' lang='lat' dir='ltr'><strong>ne</strong></span> <span class='ocrx_word' id='word_1_129' title='bbox 2717 1376 2905 1444; x_wconf 87' lang='lat' dir='ltr'><strong>cadas,</strong></span> <span class='ocrx_word' id='word_1_130' title='bbox 2932 1386 2989 1431; x_wconf 90' lang='lat' dir='ltr'><strong>et</strong></span> <span class='ocrx_word' id='word_1_131' title='bbox 3009 1376 3205 1431; x_wconf 79' lang='lat' dir='ltr'><strong>animae</strong></span> <span class='ocrx_word' id='word_1_132' title='bbox 3234 1382 3341 1429; x_wconf 89' lang='lat' dir='ltr'><strong>tua</strong></span> <span class='ocrx_word' id='word_1_133' title='bbox 3360 1373 3599 1444; x_wconf 80' lang='lat' dir='ltr'><strong>ignomi—</strong></span> 
     </span>
    </p>
   </div>
   <div class='ocr_carea' id='block_1_26' title="bbox 331 1459 1922 1541">
    <p class='ocr_par' dir='ltr' id='par_1_26' title="bbox 331 1459 1911 1535">
     <span class='ocr_line' id='line_1_26' title="bbox 331 1459 1911 1535; baseline -0.003 -18"><span class='ocrx_word' id='word_1_134' title='bbox 331 1468 397 1535; x_wconf 75' lang='grc' dir='ltr'>τῇ</span> <span class='ocrx_word' id='word_1_135' title='bbox 425 1464 571 1535; x_wconf 77' lang='grc' dir='ltr'>ψυχῇ</span> <span class='ocrx_word' id='word_1_136' title='bbox 605 1480 700 1517; x_wconf 85' lang='grc' dir='ltr'>σου</span> <span class='ocrx_word' id='word_1_137' title='bbox 756 1462 1008 1534; x_wconf 78' lang='grc' dir='ltr'>ἀτιμίαν,</span> <span class='ocrx_word' id='word_1_138' title='bbox 1054 1465 1151 1517; x_wconf 81' lang='grc' dir='ltr'>καὶ</span> <span class='ocrx_word' id='word_1_139' title='bbox 1202 1460 1531 1535; x_wconf 70' lang='grc' dir='ltr'><strong>ἀποκαλύψῃ</strong></span> <span class='ocrx_word' id='word_1_140' title='bbox 1580 1459 1787 1531; x_wconf 80' lang='grc' dir='ltr'>Κύριος</span> <span class='ocrx_word' id='word_1_141' title='bbox 1839 1459 1911 1513; x_wconf 82' lang='grc' dir='ltr'>τὰ</span> 
     </span>
    </p>
   </div>
   <div class='ocr_carea' id='block_1_27' title="bbox 2054 1459 3603 1541">
    <p class='ocr_par' dir='ltr' id='par_1_27' title="bbox 2054 1467 3603 1541">
     <span class='ocr_line' id='line_1_27' title="bbox 2054 1467 3603 1541; baseline 0 -19"><span class='ocrx_word' id='word_1_142' title='bbox 2054 1467 2159 1522; x_wconf 87' lang='lat' dir='ltr'><strong>iam</strong></span> <span class='ocrx_word' id='word_1_143' title='bbox 2188 1468 2402 1534; x_wconf 85' lang='lat' dir='ltr'><strong>inuras,</strong></span> <span class='ocrx_word' id='word_1_144' title='bbox 2439 1479 2492 1526; x_wconf 83' lang='lat' dir='ltr'><strong>et</strong></span> <span class='ocrx_word' id='word_1_145' title='bbox 2522 1470 2788 1526; x_wconf 81' lang='lat' dir='ltr'><strong>Dominus</strong></span> <span class='ocrx_word' id='word_1_146' title='bbox 2820 1470 3120 1541; x_wconf 78' lang='lat' dir='ltr'><strong>patefaciat</strong></span> <span class='ocrx_word' id='word_1_147' title='bbox 3147 1469 3365 1522; x_wconf 91' lang='lat' dir='ltr'><strong>occulta</strong></span> <span class='ocrx_word' id='word_1_148' title='bbox 3398 1477 3513 1532; x_wconf 85' lang='lat' dir='ltr'><strong>tua,</strong></span> <span class='ocrx_word' id='word_1_149' title='bbox 3542 1474 3603 1522; x_wconf 83' lang='lat' dir='ltr'><strong>et</strong></span> 
     </span>
    </p>
   </div>
   <div class='ocr_carea' id='block_1_28' title="bbox 334 1552 1909 1627">
    <p class='ocr_par' dir='ltr' id='par_1_28' title="bbox 334 1552 1909 1627">
     <span class='ocr_line' id='line_1_28' title="bbox 334 1552 1909 1627; baseline -0.003 -18"><span class='ocrx_word' id='word_1_150' title='bbox 334 1555 554 1627; x_wconf 85' lang='grc' dir='ltr'>κρυπτά</span> <span class='ocrx_word' id='word_1_151' title='bbox 600 1571 717 1620; x_wconf 88' lang='grc' dir='ltr'>σου,</span> <span class='ocrx_word' id='word_1_152' title='bbox 747 1555 840 1608; x_wconf 72' lang='grc' dir='ltr'>καὶ</span> <span class='ocrx_word' id='word_1_153' title='bbox 873 1555 931 1609; x_wconf 75' lang='grc' dir='ltr'>ὲν</span> <span class='ocrx_word' id='word_1_154' title='bbox 964 1554 1115 1626; x_wconf 85' lang='grc' dir='ltr'>μέσῳ</span> <span class='ocrx_word' id='word_1_155' title='bbox 1158 1554 1458 1625; x_wconf 72' lang='grc' dir='ltr'><strong>ἐκκλησίας</strong></span> <span class='ocrx_word' id='word_1_156' title='bbox 1492 1552 1794 1607; x_wconf 76' lang='grc' dir='ltr'>καταϐαλεῖ</span> <span class='ocrx_word' id='word_1_157' title='bbox 1824 1568 1909 1605; x_wconf 90' lang='grc' dir='ltr'><strong>σε.</strong></span> 
     </span>
    </p>
   </div>
   <div class='ocr_carea' id='block_1_29' title="bbox 405 1644 1915 1721">
    <p class='ocr_par' dir='ltr' id='par_1_29' title="bbox 405 1644 1915 1721">
     <span class='ocr_line' id='line_1_29' title="bbox 405 1644 1915 1721; baseline -0.003 -18"><span class='ocrx_word' id='word_1_158' title='bbox 405 1648 627 1721; x_wconf 81' lang='grc' dir='ltr'>Μισητή</span> <span class='ocrx_word' id='word_1_159' title='bbox 681 1648 860 1703; x_wconf 69' lang='grc' dir='ltr'>ἔναντι</span> <span class='ocrx_word' id='word_1_160' title='bbox 918 1647 1127 1717; x_wconf 82' lang='grc' dir='ltr'>Κυρίου</span> <span class='ocrx_word' id='word_1_161' title='bbox 1179 1649 1275 1702; x_wconf 80' lang='grc' dir='ltr'>καὶ</span> <span class='ocrx_word' id='word_1_162' title='bbox 1316 1644 1624 1717; x_wconf 79' lang='grc' dir='ltr'>ἀνθρώπων</span> <span class='ocrx_word' id='word_1_163' title='bbox 1662 1647 1698 1718; x_wconf 80' lang='grc' dir='ltr'><strong>ἡ</strong></span> <span class='ocrx_word' id='word_1_164' title='bbox 1762 1662 1915 1701; x_wconf 81' lang='grc' dir='ltr'>κενο-</span> 
     </span>
    </p>
   </div>
   <div class='ocr_carea' id='block_1_30' title="bbox 336 1741 505 1807">
    <p class='ocr_par' dir='ltr' id='par_1_30' title="bbox 336 1741 505 1807">
     <span class='ocr_line' id='line_1_30' title="bbox 336 1741 505 1807; baseline 0 -10"><span class='ocrx_word' id='word_1_165' title='bbox 336 1741 505 1807; x_wconf 78' lang='grc' dir='ltr'>δοξία.</span> 
     </span>
    </p>
   </div>
   <div class='ocr_carea' id='block_1_31' title="bbox 294 1831 1798 1905">
    <p class='ocr_par' dir='ltr' id='par_1_31' title="bbox 294 1831 1798 1905">
     <span class='ocr_line' id='line_1_31' title="bbox 294 1831 1798 1905; baseline -0.001 -16"><span class='ocrx_word' id='word_1_166' title='bbox 294 1851 299 1856; x_wconf 54' lang='grc' dir='ltr'><strong>λ</strong></span> <span class='ocrx_word' id='word_1_167' title='bbox 403 1832 559 1889; x_wconf 78' lang='grc' dir='ltr'>Εἰσὶν</span> <span class='ocrx_word' id='word_1_168' title='bbox 598 1831 649 1888; x_wconf 86' lang='grc' dir='ltr'><strong>οί</strong></span> <span class='ocrx_word' id='word_1_169' title='bbox 682 1832 1058 1900; x_wconf 79' lang='grc' dir='ltr'><strong>πλουτίζοντες</strong></span> <span class='ocrx_word' id='word_1_170' title='bbox 1089 1833 1335 1903; x_wconf 74' lang='grc' dir='ltr'>ἑαυτοὺς,</span> <span class='ocrx_word' id='word_1_171' title='bbox 1368 1834 1536 1905; x_wconf 80' lang='grc' dir='ltr'>μηδὲν</span> <span class='ocrx_word' id='word_1_172' title='bbox 1563 1832 1798 1904; x_wconf 75' lang='grc' dir='ltr'>ἔχοντες.</span> 
     </span>
    </p>
   </div>
   <div class='ocr_carea' id='block_1_32' title="bbox 404 1928 1911 1999">
    <p class='ocr_par' dir='ltr' id='par_1_32' title="bbox 404 1928 1911 1999">
     <span class='ocr_line' id='line_1_32' title="bbox 404 1928 1911 1999; baseline 0 -17"><span class='ocrx_word' id='word_1_173' title='bbox 404 1929 674 1997; x_wconf 82' lang='grc' dir='ltr'>Κρεϊσσον</span> <span class='ocrx_word' id='word_1_174' title='bbox 722 1928 861 1999; x_wconf 81' lang='grc' dir='ltr'>ἀνήρ</span> <span class='ocrx_word' id='word_1_175' title='bbox 907 1929 967 1981; x_wconf 69' lang='grc' dir='ltr'>ἐν</span> <span class='ocrx_word' id='word_1_176' title='bbox 1018 1929 1214 1999; x_wconf 79' lang='grc' dir='ltr'>ἀτιμίᾳ</span> <span class='ocrx_word' id='word_1_177' title='bbox 1256 1929 1525 1981; x_wconf 81' lang='grc' dir='ltr'><strong>δουλεύων</strong></span> <span class='ocrx_word' id='word_1_178' title='bbox 1569 1929 1766 1999; x_wconf 81' lang='grc' dir='ltr'>ἑαυτῷ,</span> <span class='ocrx_word' id='word_1_179' title='bbox 1796 1928 1831 1999; x_wconf 79' lang='grc' dir='ltr'>ἢ</span> <span class='ocrx_word' id='word_1_180' title='bbox 1882 1928 1911 1982; x_wconf 98' lang='lat'><strong>6</strong></span> 
     </span>
    </p>
   </div>
   <div class='ocr_carea' id='block_1_33' title="bbox 336 2019 1785 2092">
    <p class='ocr_par' dir='ltr' id='par_1_33' title="bbox 336 2019 1785 2092">
     <span class='ocr_line' id='line_1_33' title="bbox 336 2019 1785 2092; baseline -0.001 -16"><span class='ocrx_word' id='word_1_181' title='bbox 336 2022 497 2090; x_wconf 76' lang='grc' dir='ltr'>τιμὴν</span> <span class='ocrx_word' id='word_1_182' title='bbox 530 2019 707 2091; x_wconf 80' lang='grc' dir='ltr'>ἑαυτῷ</span> <span class='ocrx_word' id='word_1_183' title='bbox 738 2020 1007 2090; x_wconf 79' lang='grc' dir='ltr'>περιθεὶς,</span> <span class='ocrx_word' id='word_1_184' title='bbox 1038 2023 1133 2075; x_wconf 81' lang='grc' dir='ltr'>καὶ</span> <span class='ocrx_word' id='word_1_185' title='bbox 1162 2021 1563 2092; x_wconf 81' lang='grc' dir='ltr'>προσδεόμενος</span> <span class='ocrx_word' id='word_1_186' title='bbox 1594 2021 1785 2092; x_wconf 82' lang='grc' dir='ltr'>ἄρτου.</span> 
     </span>
    </p>
   </div>
   <div class='ocr_carea' id='block_1_34' title="bbox 297 2113 1413 2185">
    <p class='ocr_par' dir='ltr' id='par_1_34' title="bbox 297 2113 1413 2185">
     <span class='ocr_line' id='line_1_34' title="bbox 297 2113 1413 2185; baseline 0.002 -17"><span class='ocrx_word' id='word_1_187' title='bbox 297 2116 303 2141; x_wconf 69' lang='grc'>¹</span> <span class='ocrx_word' id='word_1_188' title='bbox 405 2114 472 2170; x_wconf 86' lang='grc' dir='ltr'>Τί</span> <span class='ocrx_word' id='word_1_189' title='bbox 502 2113 930 2183; x_wconf 80' lang='grc' dir='ltr'>ὑπερηφανεύει,</span> <span class='ocrx_word' id='word_1_190' title='bbox 955 2114 1029 2185; x_wconf 83' lang='grc' dir='ltr'><strong>γῆ</strong></span> <span class='ocrx_word' id='word_1_191' title='bbox 1058 2117 1153 2170; x_wconf 76' lang='grc' dir='ltr'><strong>καὶ</strong></span> <span class='ocrx_word' id='word_1_192' title='bbox 1184 2116 1413 2181; x_wconf 85' lang='grc' dir='ltr'>σποδός;</span> 
     </span>
    </p>
   </div>
   <div class='ocr_carea' id='block_1_35' title="bbox 416 2203 1912 2280">
    <p class='ocr_par' dir='ltr' id='par_1_35' title="bbox 416 2203 1912 2280">
     <span class='ocr_line' id='line_1_35' title="bbox 416 2203 1912 2280; baseline 0 -20"><span class='ocrx_word' id='word_1_193' title='bbox 416 2203 585 2278; x_wconf 78' lang='grc' dir='ltr'>Ἀρχὴ</span> <span class='ocrx_word' id='word_1_194' title='bbox 632 2206 1014 2278; x_wconf 76' lang='grc' dir='ltr'>ὑπερηφανίας</span> <span class='ocrx_word' id='word_1_195' title='bbox 1073 2208 1350 2280; x_wconf 78' lang='grc' dir='ltr'>ἁμαρτία·</span> <span class='ocrx_word' id='word_1_196' title='bbox 1381 2209 1475 2262; x_wconf 74' lang='grc' dir='ltr'>καὶ</span> <span class='ocrx_word' id='word_1_197' title='bbox 1501 2208 1530 2261; x_wconf 91' lang='lat'><strong>6</strong></span> <span class='ocrx_word' id='word_1_198' title='bbox 1562 2205 1784 2278; x_wconf 73' lang='grc' dir='ltr'>κρατῶν</span> <span class='ocrx_word' id='word_1_199' title='bbox 1817 2206 1912 2260; x_wconf 79' lang='grc' dir='ltr'>αὑ-</span> 
     </span>
    </p>
   </div>
   <div class='ocr_carea' id='block_1_36' title="bbox 331 2298 1125 2372">
    <p class='ocr_par' dir='ltr' id='par_1_36' title="bbox 331 2298 1125 2372">
     <span class='ocr_line' id='line_1_36' title="bbox 331 2298 1125 2372; baseline 0 -18"><span class='ocrx_word' id='word_1_200' title='bbox 331 2301 434 2371; x_wconf 77' lang='grc' dir='ltr'>τῆς</span> <span class='ocrx_word' id='word_1_201' title='bbox 458 2298 793 2372; x_wconf 71' lang='grc' dir='ltr'>ὲξομϐρήσει</span> <span class='ocrx_word' id='word_1_202' title='bbox 824 2298 1125 2372; x_wconf 79' lang='grc' dir='ltr'><strong>βδέλυγμα.</strong></span> 
     </span>
    </p>
   </div>
   <div class='ocr_carea' id='block_1_37' title="bbox 416 2479 1915 2554">
    <p class='ocr_par' dir='ltr' id='par_1_37' title="bbox 416 2479 1915 2554">
     <span class='ocr_line' id='line_1_37' title="bbox 416 2479 1915 2554; baseline -0.001 -17"><span class='ocrx_word' id='word_1_203' title='bbox 416 2480 477 2537; x_wconf 83' lang='lat'><strong>&#39;0</strong></span> <span class='ocrx_word' id='word_1_204' title='bbox 508 2481 811 2553; x_wconf 78' lang='grc' dir='ltr'>ἁπτόμενος</span> <span class='ocrx_word' id='word_1_205' title='bbox 842 2482 1045 2552; x_wconf 83' lang='grc' dir='ltr'>πίσσης</span> <span class='ocrx_word' id='word_1_206' title='bbox 1078 2479 1474 2554; x_wconf 84' lang='grc' dir='ltr'>μολυνθήσεται</span> <span class='ocrx_word' id='word_1_207' title='bbox 1495 2494 1511 2512; x_wconf 75' lang='grc' dir='ltr'>ο</span> <span class='ocrx_word' id='word_1_208' title='bbox 1540 2480 1634 2537; x_wconf 80' lang='grc' dir='ltr'>καὶ</span> <span class='ocrx_word' id='word_1_209' title='bbox 1661 2481 1691 2536; x_wconf 93' lang='lat'><strong>6</strong></span> <span class='ocrx_word' id='word_1_210' title='bbox 1717 2497 1915 2537; x_wconf 81' lang='grc' dir='ltr'>κοινω-</span> 
     </span>
    </p>
   </div>
   <div class='ocr_carea' id='block_1_38' title="bbox 334 2556 1513 2648">
    <p class='ocr_par' dir='ltr' id='par_1_38' title="bbox 334 2556 1513 2648">
     <span class='ocr_line' id='line_1_38' title="bbox 334 2556 1513 2648; baseline -0.003 -17"><span class='ocrx_word' id='word_1_211' title='bbox 334 2575 445 2631; x_wconf 88' lang='grc' dir='ltr'><strong>νῶν</strong></span> <span class='ocrx_word' id='word_1_212' title='bbox 474 2575 809 2648; x_wconf 79' lang='grc' dir='ltr'>ὑπερηφάνῳ</span> <span class='ocrx_word' id='word_1_213' title='bbox 832 2574 1229 2647; x_wconf 81' lang='grc' dir='ltr'><strong>ὁμοιωθήσεται</strong></span> <span class='ocrx_word' id='word_1_214' title='bbox 1260 2574 1431 2642; x_wconf 74' lang='grc' dir='ltr'>αὐτῷ.</span> <span class='ocrx_word' id='word_1_215' title='bbox 1492 2556 1513 2567; x_wconf 36' lang='grc' dir='ltr'><em>θ</em></span> 
     </span>
    </p>
   </div>
   <div class='ocr_carea' id='block_1_39' title="bbox 408 2665 1489 2739">
    <p class='ocr_par' dir='ltr' id='par_1_39' title="bbox 408 2665 1489 2739">
     <span class='ocr_line' id='line_1_39' title="bbox 408 2665 1489 2739; baseline -0.001 -17"><span class='ocrx_word' id='word_1_216' title='bbox 408 2668 699 2739; x_wconf 81' lang='grc' dir='ltr'><strong>Βδέλυγμα</strong></span> <span class='ocrx_word' id='word_1_217' title='bbox 728 2666 1109 2738; x_wconf 80' lang='grc' dir='ltr'>ὑπερηφάνοις</span> <span class='ocrx_word' id='word_1_218' title='bbox 1137 2665 1489 2729; x_wconf 84' lang='grc' dir='ltr'>ταπείνωσις.</span> 
     </span>
    </p>
   </div>
   <div class='ocr_carea' id='block_1_40' title="bbox 406 2757 1548 2831">
    <p class='ocr_par' dir='ltr' id='par_1_40' title="bbox 406 2757 1548 2831">
     <span class='ocr_line' id='line_1_40' title="bbox 406 2757 1548 2831; baseline -0.001 -18"><span class='ocrx_word' id='word_1_219' title='bbox 406 2758 501 2827; x_wconf 76' lang='grc' dir='ltr'><strong>Μὴ</strong></span> <span class='ocrx_word' id='word_1_220' title='bbox 529 2757 955 2831; x_wconf 83' lang='grc' dir='ltr'>ὑπερηφανεύου</span> <span class='ocrx_word' id='word_1_221' title='bbox 987 2757 1220 2812; x_wconf 76' lang='grc' dir='ltr'>ἐνώπιον</span> <span class='ocrx_word' id='word_1_222' title='bbox 1254 2757 1548 2829; x_wconf 81' lang='grc' dir='ltr'>βασιλέως.</span> 
     </span>
    </p>
   </div>
   <div class='ocr_carea' id='block_1_41' title="bbox 420 2849 1918 2922">
    <p class='ocr_par' dir='ltr' id='par_1_41' title="bbox 420 2849 1918 2922">
     <span class='ocr_line' id='line_1_41' title="bbox 420 2849 1918 2922; baseline 0 -17"><span class='ocrx_word' id='word_1_223' title='bbox 420 2849 698 2917; x_wconf 79' lang='grc' dir='ltr'>Ἐξέλιπεν</span> <span class='ocrx_word' id='word_1_224' title='bbox 718 2850 944 2922; x_wconf 78' lang='grc' dir='ltr'>ἄνομος,</span> <span class='ocrx_word' id='word_1_225' title='bbox 961 2850 1211 2907; x_wconf 77' lang='grc' dir='ltr'>ἀπώλετο</span> <span class='ocrx_word' id='word_1_226' title='bbox 1233 2849 1612 2920; x_wconf 84' lang='grc' dir='ltr'>ὑπερήφανος,</span> <span class='ocrx_word' id='word_1_227' title='bbox 1625 2849 1918 2906; x_wconf 76' lang='grc' dir='ltr'>πεσοῦνται</span> 
     </span>
    </p>
   </div>
   <div class='ocr_carea' id='block_1_42' title="bbox 338 2933 1809 3016">
    <p class='ocr_par' dir='ltr' id='par_1_42' title="bbox 338 2933 1809 3016">
     <span class='ocr_line' id='line_1_42' title="bbox 338 2933 1809 3016; baseline 0.003 -20"><span class='ocrx_word' id='word_1_228' title='bbox 338 2943 390 2998; x_wconf 78' lang='lat' dir='ltr'><strong>oi</strong></span> <span class='ocrx_word' id='word_1_229' title='bbox 426 2943 620 3016; x_wconf 80' lang='grc' dir='ltr'>ὑψηλοὶ</span> <span class='ocrx_word' id='word_1_230' title='bbox 652 2945 923 3016; x_wconf 83' lang='grc' dir='ltr'>μαχαίρᾳ.</span> <span class='ocrx_word' id='word_1_231' title='bbox 1802 2933 1809 2939; x_wconf 56' lang='grc'>’</span> 
     </span>
    </p>
   </div>
   <div class='ocr_carea' id='block_1_43' title="bbox 414 3031 1921 3106">
    <p class='ocr_par' dir='ltr' id='par_1_43' title="bbox 414 3031 1921 3106">
     <span class='ocr_line' id='line_1_43' title="bbox 414 3031 1921 3106; baseline -0.002 -17"><span class='ocrx_word' id='word_1_232' title='bbox 414 3035 585 3101; x_wconf 77' lang='grc' dir='ltr'>Δόξαν</span> <span class='ocrx_word' id='word_1_233' title='bbox 610 3035 740 3106; x_wconf 84' lang='grc' dir='ltr'>παρ’</span> <span class='ocrx_word' id='word_1_234' title='bbox 771 3035 1019 3105; x_wconf 86' lang='grc' dir='ltr'>ἀλλήλων</span> <span class='ocrx_word' id='word_1_235' title='bbox 1050 3034 1557 3105; x_wconf 76' lang='grc' dir='ltr'>λαμϐάνοντες,τὴν</span> <span class='ocrx_word' id='word_1_236' title='bbox 1580 3031 1740 3099; x_wconf 80' lang='grc' dir='ltr'>δόξαν</span> <span class='ocrx_word' id='word_1_237' title='bbox 1769 3033 1921 3105; x_wconf 82' lang='grc' dir='ltr'><strong>παρά</strong></span> 
     </span>
    </p>
   </div>
   <div class='ocr_carea' id='block_1_44' title="bbox 346 3112 1697 3199">
    <p class='ocr_par' dir='ltr' id='par_1_44' title="bbox 346 3112 1697 3199">
     <span class='ocr_line' id='line_1_44' title="bbox 346 3112 1697 3199; baseline 0.001 -17"><span class='ocrx_word' id='word_1_238' title='bbox 346 3128 443 3182; x_wconf 82' lang='grc' dir='ltr'>τοῦ</span> <span class='ocrx_word' id='word_1_239' title='bbox 474 3128 639 3199; x_wconf 83' lang='grc' dir='ltr'>μόνου</span> <span class='ocrx_word' id='word_1_240' title='bbox 666 3126 801 3182; x_wconf 79' lang='grc' dir='ltr'>Θεοῦ</span> <span class='ocrx_word' id='word_1_241' title='bbox 823 3128 882 3182; x_wconf 85' lang='grc' dir='ltr'>οὐ</span> <span class='ocrx_word' id='word_1_242' title='bbox 910 3128 1147 3199; x_wconf 79' lang='grc' dir='ltr'>ζητεῖτε.</span> <span class='ocrx_word' id='word_1_243' title='bbox 1688 3112 1697 3121; x_wconf 58' lang='grc'><em>’</em></span> 
     </span>
    </p>
   </div>
   <div class='ocr_carea' id='block_1_45' title="bbox 410 3219 1522 3292">
    <p class='ocr_par' dir='ltr' id='par_1_45' title="bbox 410 3219 1522 3292">
     <span class='ocr_line' id='line_1_45' title="bbox 410 3219 1522 3292; baseline 0.003 -18"><span class='ocrx_word' id='word_1_244' title='bbox 410 3220 530 3284; x_wconf 82' lang='grc' dir='ltr'><strong>Πᾶς</strong></span> <span class='ocrx_word' id='word_1_245' title='bbox 558 3222 587 3274; x_wconf 94' lang='lat'><strong>6</strong></span> <span class='ocrx_word' id='word_1_246' title='bbox 615 3220 767 3291; x_wconf 81' lang='grc' dir='ltr'>ὑψῶν</span> <span class='ocrx_word' id='word_1_247' title='bbox 802 3219 998 3274; x_wconf 74' lang='grc' dir='ltr'>ἑαυτὸν</span> <span class='ocrx_word' id='word_1_248' title='bbox 1027 3221 1522 3292; x_wconf 76' lang='grc' dir='ltr'>ταπεινωθήσεται.</span> 
     </span>
    </p>
   </div>
   <div class='ocr_carea' id='block_1_46' title="bbox 414 3309 1918 3383">
    <p class='ocr_par' dir='ltr' id='par_1_46' title="bbox 414 3309 1918 3383">
     <span class='ocr_line' id='line_1_46' title="bbox 414 3309 1918 3383; baseline 0.001 -17"><span class='ocrx_word' id='word_1_249' title='bbox 414 3312 490 3366; x_wconf 82' lang='grc' dir='ltr'>Τδ</span> <span class='ocrx_word' id='word_1_250' title='bbox 564 3309 873 3381; x_wconf 80' lang='grc' dir='ltr'>ἀνθρώποις</span> <span class='ocrx_word' id='word_1_251' title='bbox 935 3309 1163 3383; x_wconf 75' lang='grc' dir='ltr'>ὑψηλὸν,</span> <span class='ocrx_word' id='word_1_252' title='bbox 1198 3311 1477 3383; x_wconf 81' lang='grc' dir='ltr'>βδέλυγμα</span> <span class='ocrx_word' id='word_1_253' title='bbox 1535 3311 1768 3368; x_wconf 80' lang='grc' dir='ltr'>ἐνώπιον</span> <span class='ocrx_word' id='word_1_254' title='bbox 1822 3310 1918 3367; x_wconf 80' lang='grc' dir='ltr'>τοῦ</span> 
     </span>
    </p>
   </div>
   <div class='ocr_carea' id='block_1_47' title="bbox 339 3403 508 3460">
    <p class='ocr_par' dir='ltr' id='par_1_47' title="bbox 339 3403 508 3460">
     <span class='ocr_line' id='line_1_47' title="bbox 339 3403 508 3460; baseline -0.006 0"><span class='ocrx_word' id='word_1_255' title='bbox 339 3403 508 3460; x_wconf 74' lang='grc' dir='ltr'>Θεοῦ.</span> 
     </span>
    </p>
   </div>
   <div class='ocr_carea' id='block_1_48' title="bbox 408 3491 1287 3567">
    <p class='ocr_par' dir='ltr' id='par_1_48' title="bbox 408 3491 1287 3567">
     <span class='ocr_line' id='line_1_48' title="bbox 408 3491 1287 3567; baseline -0.003 -15"><span class='ocrx_word' id='word_1_256' title='bbox 408 3495 503 3567; x_wconf 67' lang='grc' dir='ltr'>Μή</span> <span class='ocrx_word' id='word_1_257' title='bbox 532 3492 914 3566; x_wconf 76' lang='grc' dir='ltr'>ὑψηλοφρόνει,</span> <span class='ocrx_word' id='word_1_258' title='bbox 936 3491 1069 3548; x_wconf 83' lang='grc' dir='ltr'><strong>ἀλλά</strong></span> <span class='ocrx_word' id='word_1_259' title='bbox 1099 3493 1287 3564; x_wconf 78' lang='grc' dir='ltr'>φοόοὖ.</span> 
     </span>
    </p>
   </div>
   <div class='ocr_carea' id='block_1_49' title="bbox 409 3586 1917 3662">
    <p class='ocr_par' dir='ltr' id='par_1_49' title="bbox 409 3586 1917 3662">
     <span class='ocr_line' id='line_1_49' title="bbox 409 3586 1917 3662; baseline 0.002 -19"><span class='ocrx_word' id='word_1_260' title='bbox 409 3589 503 3657; x_wconf 82' lang='grc' dir='ltr'>Μή</span> <span class='ocrx_word' id='word_1_261' title='bbox 529 3586 820 3657; x_wconf 85' lang='grc' dir='ltr'>γενώμεθα</span> <span class='ocrx_word' id='word_1_262' title='bbox 843 3586 1129 3655; x_wconf 78' lang='grc' dir='ltr'>κενόδοξοι,</span> <span class='ocrx_word' id='word_1_263' title='bbox 1156 3586 1425 3661; x_wconf 77' lang='grc' dir='ltr'>ἀλλήλους</span> <span class='ocrx_word' id='word_1_264' title='bbox 1455 3590 1917 3662; x_wconf 80' lang='grc' dir='ltr'>προκαλούμενοι,</span> 
     </span>
    </p>
   </div>
   <div class='ocr_carea' id='block_1_50' title="bbox 337 3680 964 3751">
    <p class='ocr_par' dir='ltr' id='par_1_50' title="bbox 337 3680 964 3751">
     <span class='ocr_line' id='line_1_50' title="bbox 337 3680 964 3751; baseline -0.008 -14"><span class='ocrx_word' id='word_1_265' title='bbox 337 3681 592 3751; x_wconf 83' lang='grc' dir='ltr'>ἀλλήλοις</span> <span class='ocrx_word' id='word_1_266' title='bbox 614 3680 964 3749; x_wconf 78' lang='grc' dir='ltr'>φθονοῦντες.</span> 
     </span>
    </p>
   </div>
   <div class='ocr_carea' id='block_1_51' title="bbox 410 3770 1937 3843">
    <p class='ocr_par' dir='ltr' id='par_1_51' title="bbox 410 3770 1937 3843">
     <span class='ocr_line' id='line_1_51' title="bbox 410 3770 1937 3843; baseline -0.003 -14"><span class='ocrx_word' id='word_1_267' title='bbox 410 3773 488 3830; x_wconf 79' lang='grc' dir='ltr'><strong>Οὐ</strong></span> <span class='ocrx_word' id='word_1_268' title='bbox 519 3773 586 3826; x_wconf 84' lang='grc' dir='ltr'><strong>τά</strong></span> <span class='ocrx_word' id='word_1_269' title='bbox 617 3773 837 3843; x_wconf 80' lang='grc' dir='ltr'>ῥήματα</span> <span class='ocrx_word' id='word_1_270' title='bbox 882 3771 1095 3839; x_wconf 73' lang='grc' dir='ltr'>πέφυκε</span> <span class='ocrx_word' id='word_1_271' title='bbox 1126 3771 1229 3835; x_wconf 76' lang='grc' dir='ltr'>τὰς</span> <span class='ocrx_word' id='word_1_272' title='bbox 1260 3771 1441 3837; x_wconf 77' lang='grc' dir='ltr'>λύπας</span> <span class='ocrx_word' id='word_1_273' title='bbox 1502 3776 1695 3837; x_wconf 81' lang='grc' dir='ltr'>κινεῖν,</span> <span class='ocrx_word' id='word_1_274' title='bbox 1723 3770 1843 3826; x_wconf 80' lang='grc' dir='ltr'>ἀλλ’</span> <span class='ocrx_word' id='word_1_275' title='bbox 1882 3773 1937 3838; x_wconf 62' lang='grc' dir='ltr'>ήι</span> 
     </span>
    </p>
   </div>
   <div class='ocr_carea' id='block_1_52' title="bbox 340 3863 1921 3936">
    <p class='ocr_par' dir='ltr' id='par_1_52' title="bbox 340 3863 1921 3936">
     <span class='ocr_line' id='line_1_52' title="bbox 340 3863 1921 3936; baseline -0.003 -14"><span class='ocrx_word' id='word_1_276' title='bbox 340 3868 439 3923; x_wconf 73' lang='grc' dir='ltr'>καὶ</span> <span class='ocrx_word' id='word_1_277' title='bbox 487 3864 583 3921; x_wconf 80' lang='grc' dir='ltr'>τοῦ</span> <span class='ocrx_word' id='word_1_278' title='bbox 628 3863 1044 3935; x_wconf 80' lang='grc' dir='ltr'>λοιδορήσαντος</span> <span class='ocrx_word' id='word_1_279' title='bbox 1098 3864 1246 3933; x_wconf 82' lang='grc' dir='ltr'>ἡμᾶς</span> <span class='ocrx_word' id='word_1_280' title='bbox 1280 3864 1577 3935; x_wconf 73' lang='grc' dir='ltr'>ὑπεροψία,</span> <span class='ocrx_word' id='word_1_281' title='bbox 1607 3866 1705 3920; x_wconf 72' lang='grc' dir='ltr'>καὶ</span> <span class='ocrx_word' id='word_1_282' title='bbox 1732 3866 1766 3936; x_wconf 85' lang='grc' dir='ltr'><strong>ή</strong></span> <span class='ocrx_word' id='word_1_283' title='bbox 1792 3863 1921 3917; x_wconf 78' lang='grc' dir='ltr'><strong>ἑκά-</strong></span> 
     </span>
    </p>
   </div>
   <div class='ocr_carea' id='block_1_53' title="bbox 344 3955 1172 4030">
    <p class='ocr_par' dir='ltr' id='par_1_53' title="bbox 344 3955 1172 4030">
     <span class='ocr_line' id='line_1_53' title="bbox 344 3955 1172 4030; baseline -0.005 -16"><span class='ocrx_word' id='word_1_284' title='bbox 344 3977 472 4014; x_wconf 90' lang='grc' dir='ltr'>στου</span> <span class='ocrx_word' id='word_1_285' title='bbox 505 3958 635 4030; x_wconf 78' lang='grc' dir='ltr'>περὶ</span> <span class='ocrx_word' id='word_1_286' title='bbox 661 3957 842 4011; x_wconf 86' lang='grc' dir='ltr'>αὑτῶν</span> <span class='ocrx_word' id='word_1_287' title='bbox 877 3955 1172 4026; x_wconf 83' lang='grc' dir='ltr'>φαντασία.</span> 
     </span>
    </p>
   </div>
   <div class='ocr_carea' id='block_1_54' title="bbox 415 4046 1921 4123">
    <p class='ocr_par' dir='ltr' id='par_1_54' title="bbox 415 4046 1921 4123">
     <span class='ocr_line' id='line_1_54' title="bbox 415 4046 1921 4123; baseline -0.002 -17"><span class='ocrx_word' id='word_1_288' title='bbox 415 4049 504 4123; x_wconf 82' lang='grc' dir='ltr'><strong>Τῷ</strong></span> <span class='ocrx_word' id='word_1_289' title='bbox 536 4050 654 4104; x_wconf 74' lang='grc' dir='ltr'>ὃντι</span> <span class='ocrx_word' id='word_1_290' title='bbox 686 4048 1104 4120; x_wconf 81' lang='grc' dir='ltr'>θεραπευόμενα</span> <span class='ocrx_word' id='word_1_291' title='bbox 1158 4048 1227 4100; x_wconf 82' lang='grc' dir='ltr'><strong>τά</strong></span> <span class='ocrx_word' id='word_1_292' title='bbox 1274 4047 1603 4119; x_wconf 83' lang='grc' dir='ltr'>ὑπερήφανα</span> <span class='ocrx_word' id='word_1_293' title='bbox 1634 4046 1741 4120; x_wconf 69' lang='grc' dir='ltr'>ἤθη</span> <span class='ocrx_word' id='word_1_294' title='bbox 1791 4049 1921 4103; x_wconf 78' lang='grc' dir='ltr'>ἐαυ-</span> 
     </span>
    </p>
   </div>
   <div class='ocr_carea' id='block_1_55' title="bbox 340 4141 1509 4215">
    <p class='ocr_par' dir='ltr' id='par_1_55' title="bbox 340 4141 1509 4215">
     <span class='ocr_line' id='line_1_55' title="bbox 340 4141 1509 4215; baseline -0.003 -15"><span class='ocrx_word' id='word_1_295' title='bbox 340 4145 454 4200; x_wconf 86' lang='grc' dir='ltr'><strong>τῶν</strong></span> <span class='ocrx_word' id='word_1_296' title='bbox 480 4142 973 4215; x_wconf 64' lang='grc' dir='ltr'>ὑπεροπτικώτεροι</span> <span class='ocrx_word' id='word_1_297' title='bbox 1001 4141 1214 4211; x_wconf 86' lang='grc' dir='ltr'>πέφυκε</span> <span class='ocrx_word' id='word_1_298' title='bbox 1240 4141 1509 4207; x_wconf 80' lang='grc' dir='ltr'>γίνεσθαι.</span> 
     </span>
    </p>
   </div>
   <div class='ocr_carea' id='block_1_56' title="bbox 425 4233 1919 4307">
    <p class='ocr_par' dir='ltr' id='par_1_56' title="bbox 425 4233 1919 4307">
     <span class='ocr_line' id='line_1_56' title="bbox 425 4233 1919 4307; baseline -0.008 -16"><span class='ocrx_word' id='word_1_299' title='bbox 425 4236 662 4307; x_wconf 80' lang='grc' dir='ltr'>Ὁμοίως</span> <span class='ocrx_word' id='word_1_300' title='bbox 698 4236 818 4288; x_wconf 67' lang='grc' dir='ltr'>ἐστὶ</span> <span class='ocrx_word' id='word_1_301' title='bbox 869 4233 1104 4305; x_wconf 79' lang='grc' dir='ltr'>χαλεπὸν</span> <span class='ocrx_word' id='word_1_302' title='bbox 1133 4233 1189 4287; x_wconf 74' lang='grc' dir='ltr'>εν</span> <span class='ocrx_word' id='word_1_303' title='bbox 1223 4250 1285 4287; x_wconf 88' lang='grc' dir='ltr'><strong>τε</strong></span> <span class='ocrx_word' id='word_1_304' title='bbox 1312 4235 1621 4299; x_wconf 83' lang='grc' dir='ltr'>δυσκολίαις</span> <span class='ocrx_word' id='word_1_305' title='bbox 1648 4237 1919 4307; x_wconf 83' lang='grc' dir='ltr'>πραγμά.</span> 
     </span>
    </p>
   </div>
   <div class='ocr_carea' id='block_1_57' title="bbox 342 4324 1922 4395">
    <p class='ocr_par' dir='ltr' id='par_1_57' title="bbox 342 4324 1922 4395">
     <span class='ocr_line' id='line_1_57' title="bbox 342 4324 1922 4395; baseline -0.003 -10"><span class='ocrx_word' id='word_1_306' title='bbox 342 4348 452 4385; x_wconf 89' lang='grc' dir='ltr'><strong>των</strong></span> <span class='ocrx_word' id='word_1_307' title='bbox 497 4326 868 4383; x_wconf 83' lang='grc' dir='ltr'>ἀταπείνωτον</span> <span class='ocrx_word' id='word_1_308' title='bbox 914 4326 1013 4395; x_wconf 80' lang='grc' dir='ltr'>τὴν</span> <span class='ocrx_word' id='word_1_309' title='bbox 1066 4324 1248 4395; x_wconf 76' lang='grc' dir='ltr'>ψυχήν</span> <span class='ocrx_word' id='word_1_310' title='bbox 1296 4324 1691 4393; x_wconf 79' lang='grc' dir='ltr'>διασώσασθαι,</span> <span class='ocrx_word' id='word_1_311' title='bbox 1717 4328 1813 4382; x_wconf 81' lang='grc' dir='ltr'>καὶ</span> <span class='ocrx_word' id='word_1_312' title='bbox 1862 4327 1922 4381; x_wconf 73' lang='grc' dir='ltr'><strong>έν</strong></span> 
     </span>
    </p>
   </div>
   <div class='ocr_carea' id='block_1_58' title="bbox 341 4415 1372 4489">
    <p class='ocr_par' dir='ltr' id='par_1_58' title="bbox 341 4415 1372 4489">
     <span class='ocr_line' id='line_1_58' title="bbox 341 4415 1372 4489; baseline -0.005 -13"><span class='ocrx_word' id='word_1_313' title='bbox 341 4422 463 4483; x_wconf 84' lang='grc' dir='ltr'>ταῖς</span> <span class='ocrx_word' id='word_1_314' title='bbox 495 4417 902 4489; x_wconf 85' lang='grc' dir='ltr'>ὑπερηφανίαις</span> <span class='ocrx_word' id='word_1_315' title='bbox 934 4415 1009 4486; x_wconf 81' lang='grc' dir='ltr'>μὴ</span> <span class='ocrx_word' id='word_1_316' title='bbox 1041 4415 1372 4487; x_wconf 69' lang='grc' dir='ltr'>ἐπαρθῆναι.</span> 
     </span>
    </p>
   </div>
   <div class='ocr_carea' id='block_1_59' title="bbox 2013 1561 2915 1631">
    <p class='ocr_par' dir='ltr' id='par_1_59' title="bbox 2013 1561 2915 1631">
     <span class='ocr_line' id='line_1_59' title="bbox 2013 1561 2915 1631; baseline -0.001 -12"><span class='ocrx_word' id='word_1_317' title='bbox 2013 1562 2068 1619; x_wconf 93' lang='lat' dir='ltr'><strong>in</strong></span> <span class='ocrx_word' id='word_1_318' title='bbox 2103 1561 2283 1617; x_wconf 89' lang='lat' dir='ltr'><strong>medio</strong></span> <span class='ocrx_word' id='word_1_319' title='bbox 2305 1562 2555 1618; x_wconf 89' lang='lat' dir='ltr'><strong>ecclesia</strong></span> <span class='ocrx_word' id='word_1_320' title='bbox 2585 1562 2806 1631; x_wconf 81' lang='lat' dir='ltr'><strong>deiiciat</strong></span> <span class='ocrx_word' id='word_1_321' title='bbox 2840 1571 2915 1619; x_wconf 89' lang='lat' dir='ltr'><strong>te.</strong></span> 
     </span>
    </p>
   </div>
   <div class='ocr_carea' id='block_1_60' title="bbox 2086 1652 3594 1727">
    <p class='ocr_par' dir='ltr' id='par_1_60' title="bbox 2086 1652 3594 1727">
     <span class='ocr_line' id='line_1_60' title="bbox 2086 1652 3594 1727; baseline -0.001 -21"><span class='ocrx_word' id='word_1_322' title='bbox 2086 1652 2258 1710; x_wconf 84' lang='lat' dir='ltr'><strong>Eccli.</strong></span> <span class='ocrx_word' id='word_1_323' title='bbox 2289 1671 2345 1710; x_wconf 86' lang='lat' dir='ltr'><strong>x.</strong></span> <span class='ocrx_word' id='word_1_324' title='bbox 2369 1655 2568 1713; x_wconf 83' lang='lat' dir='ltr'><strong>Odiosa</strong></span> <span class='ocrx_word' id='word_1_325' title='bbox 2595 1664 2678 1713; x_wconf 89' lang='lat' dir='ltr'><strong>est</strong></span> <span class='ocrx_word' id='word_1_326' title='bbox 2702 1657 2756 1712; x_wconf 93' lang='lat' dir='ltr'><strong>in</strong></span> <span class='ocrx_word' id='word_1_327' title='bbox 2778 1662 3077 1727; x_wconf 87' lang='lat' dir='ltr'><strong>conspectu</strong></span> <span class='ocrx_word' id='word_1_328' title='bbox 3108 1654 3206 1710; x_wconf 88' lang='lat' dir='ltr'><strong>Dei</strong></span> <span class='ocrx_word' id='word_1_329' title='bbox 3228 1664 3283 1711; x_wconf 86' lang='lat' dir='ltr'><strong>et</strong></span> <span class='ocrx_word' id='word_1_330' title='bbox 3305 1653 3594 1709; x_wconf 87' lang='lat' dir='ltr'><strong>hominum</strong></span> 
     </span>
    </p>
   </div>
   <div class='ocr_carea' id='block_1_61' title="bbox 1941 1744 2426 1860">
    <p class='ocr_par' dir='ltr' id='par_1_61' title="bbox 1941 1744 2426 1860">
     <span class='ocr_line' id='line_1_61' title="bbox 1941 1744 2426 1860; baseline 0.012 -62"><span class='ocrx_word' id='word_1_331' title='bbox 1941 1798 1987 1860; x_wconf 64' lang='grc' dir='ltr'><strong>Β</strong></span> <span class='ocrx_word' id='word_1_332' title='bbox 2018 1744 2195 1803; x_wconf 83' lang='lat' dir='ltr'><strong>inanis</strong></span> <span class='ocrx_word' id='word_1_333' title='bbox 2232 1748 2426 1819; x_wconf 86' lang='lat' dir='ltr'><strong>gloria.</strong></span> 
     </span>
     <span class='ocr_line' id='line_1_62' title="bbox 2088 1837 2426 1860; baseline 0 0"><span class='ocrx_word' id='word_1_334' title='bbox 2088 1837 2122 1860; x_wconf 68' lang='grc' dir='ltr'>Ε</span> <span class='ocrx_word' id='word_1_335' title='bbox 2149 1847 2223 1860; x_wconf 65' lang='grc' dir='ltr'>...Α</span> <span class='ocrx_word' id='word_1_336' title='bbox 2258 1840 2343 1860; x_wconf 63' lang='grc' dir='ltr'><strong>---Β</strong></span> <span class='ocrx_word' id='word_1_337' title='bbox 2379 1856 2426 1860; x_wconf 71' lang='grc'><strong>--</strong></span> 
     </span>
    </p>
   </div>
   <div class='ocr_carea' id='block_1_62' title="bbox 2086 1837 3590 1912">
    <p class='ocr_par' dir='ltr' id='par_1_62' title="bbox 2086 1837 3590 1912">
     <span class='ocr_line' id='line_1_63' title="bbox 2086 1837 3590 1912; baseline 0 -20"><span class='ocrx_word' id='word_1_338' title='bbox 2086 1837 2226 1893; x_wconf 82' lang='lat' dir='ltr'><strong>Sunt</strong></span> <span class='ocrx_word' id='word_1_339' title='bbox 2251 1840 2345 1910; x_wconf 87' lang='lat' dir='ltr'><strong>qui</strong></span> <span class='ocrx_word' id='word_1_340' title='bbox 2373 1856 2433 1897; x_wconf 86' lang='lat' dir='ltr'><strong>se</strong></span> <span class='ocrx_word' id='word_1_341' title='bbox 2453 1840 2650 1897; x_wconf 81' lang='lat' dir='ltr'><strong>divites</strong></span> <span class='ocrx_word' id='word_1_342' title='bbox 2678 1841 3005 1912; x_wconf 85' lang='lat' dir='ltr'><strong>pradicent.</strong></span> <span class='ocrx_word' id='word_1_343' title='bbox 3027 1857 3151 1897; x_wconf 87' lang='lat' dir='ltr'><strong>cum</strong></span> <span class='ocrx_word' id='word_1_344' title='bbox 3176 1842 3313 1896; x_wconf 82' lang='lat' dir='ltr'><strong>nihil</strong></span> <span class='ocrx_word' id='word_1_345' title='bbox 3336 1842 3590 1896; x_wconf 74' lang='lat' dir='ltr'><strong>habeant.</strong></span> 
     </span>
    </p>
   </div>
   <div class='ocr_carea' id='block_1_63' title="bbox 2082 1932 3593 2005">
    <p class='ocr_par' dir='ltr' id='par_1_63' title="bbox 2082 1932 3593 2005">
     <span class='ocr_line' id='line_1_64' title="bbox 2082 1932 3593 2005; baseline -0.001 -18"><span class='ocrx_word' id='word_1_346' title='bbox 2082 1933 2276 1991; x_wconf 82' lang='lat' dir='ltr'><strong>Melius</strong></span> <span class='ocrx_word' id='word_1_347' title='bbox 2309 1942 2391 1989; x_wconf 89' lang='lat' dir='ltr'><strong>cst</strong></span> <span class='ocrx_word' id='word_1_348' title='bbox 2419 1935 2474 1988; x_wconf 92' lang='lat' dir='ltr'><strong>in</strong></span> <span class='ocrx_word' id='word_1_349' title='bbox 2500 1932 2840 2005; x_wconf 76' lang='lat' dir='ltr'><strong>ignobilitate</strong></span> <span class='ocrx_word' id='word_1_350' title='bbox 2871 1934 2972 1987; x_wconf 87' lang='lat' dir='ltr'><strong>sibi</strong></span> <span class='ocrx_word' id='word_1_351' title='bbox 3012 1935 3239 1999; x_wconf 80' lang='lat' dir='ltr'><strong>servire,</strong></span> <span class='ocrx_word' id='word_1_352' title='bbox 3287 1948 3455 2003; x_wconf 81' lang='lat' dir='ltr'><strong>quam</strong></span> <span class='ocrx_word' id='word_1_353' title='bbox 3494 1932 3593 1986; x_wconf 82' lang='lat' dir='ltr'><strong>ho-</strong></span> 
     </span>
    </p>
   </div>
   <div class='ocr_carea' id='block_1_64' title="bbox 2014 2023 3275 2093">
    <p class='ocr_par' dir='ltr' id='par_1_64' title="bbox 2014 2023 3275 2093">
     <span class='ocr_line' id='line_1_65' title="bbox 2014 2023 3275 2093; baseline -0.004 -9"><span class='ocrx_word' id='word_1_354' title='bbox 2014 2040 2203 2083; x_wconf 82' lang='lat' dir='ltr'><strong>norem</strong></span> <span class='ocrx_word' id='word_1_355' title='bbox 2232 2026 2336 2080; x_wconf 88' lang='lat' dir='ltr'><strong>sibi</strong></span> <span class='ocrx_word' id='word_1_356' title='bbox 2375 2039 2657 2081; x_wconf 82' lang='lat' dir='ltr'><strong>assumere</strong></span> <span class='ocrx_word' id='word_1_357' title='bbox 2688 2039 2810 2079; x_wconf 91' lang='lat' dir='ltr'><strong>cum</strong></span> <span class='ocrx_word' id='word_1_358' title='bbox 2843 2025 3000 2093; x_wconf 89' lang='lat' dir='ltr'><strong>panis</strong></span> <span class='ocrx_word' id='word_1_359' title='bbox 3026 2023 3275 2091; x_wconf 86' lang='lat' dir='ltr'><strong>penuria.</strong></span> 
     </span>
    </p>
   </div>
   <div class='ocr_carea' id='block_1_65' title="bbox 2090 2114 3175 2185">
    <p class='ocr_par' dir='ltr' id='par_1_65' title="bbox 2090 2114 3175 2185">
     <span class='ocr_line' id='line_1_66' title="bbox 2090 2114 3175 2185; baseline -0.003 -13"><span class='ocrx_word' id='word_1_360' title='bbox 2090 2117 2236 2172; x_wconf 86' lang='lat' dir='ltr'><strong>Ibid.</strong></span> <span class='ocrx_word' id='word_1_361' title='bbox 2270 2116 2412 2182; x_wconf 86' lang='lat' dir='ltr'><strong>Quid</strong></span> <span class='ocrx_word' id='word_1_362' title='bbox 2439 2114 2713 2185; x_wconf 85' lang='lat' dir='ltr'><strong>superbis,</strong></span> <span class='ocrx_word' id='word_1_363' title='bbox 2748 2122 2892 2170; x_wconf 91' lang='lat' dir='ltr'><strong>terra</strong></span> <span class='ocrx_word' id='word_1_364' title='bbox 2921 2123 2976 2169; x_wconf 91' lang='lat' dir='ltr'><strong>et</strong></span> <span class='ocrx_word' id='word_1_365' title='bbox 2999 2114 3175 2169; x_wconf 82' lang='lat' dir='ltr'><strong>cinis?</strong></span> 
     </span>
    </p>
   </div>
   <div class='ocr_carea' id='block_1_66' title="bbox 2087 2204 3613 2278">
    <p class='ocr_par' dir='ltr' id='par_1_66' title="bbox 2087 2204 3613 2278">
     <span class='ocr_line' id='line_1_67' title="bbox 2087 2204 3613 2278; baseline -0.001 -16"><span class='ocrx_word' id='word_1_366' title='bbox 2087 2206 2235 2262; x_wconf 87' lang='lat' dir='ltr'><strong>Ibid.</strong></span> <span class='ocrx_word' id='word_1_367' title='bbox 2280 2206 2563 2274; x_wconf 81' lang='lat' dir='ltr'><strong>Superbia</strong></span> <span class='ocrx_word' id='word_1_368' title='bbox 2612 2204 2832 2261; x_wconf 90' lang='lat' dir='ltr'><strong>initium</strong></span> <span class='ocrx_word' id='word_1_369' title='bbox 2883 2214 3170 2278; x_wconf 87' lang='lat' dir='ltr'><strong>peccatum</strong></span> <span class='ocrx_word' id='word_1_370' title='bbox 3221 2216 3307 2263; x_wconf 89' lang='lat' dir='ltr'><strong>est</strong></span> <span class='ocrx_word' id='word_1_371' title='bbox 3360 2207 3456 2277; x_wconf 73' lang='lat' dir='ltr'><strong>(al;</strong></span> <span class='ocrx_word' id='word_1_372' title='bbox 3502 2227 3613 2263; x_wconf 72' lang='lat' dir='ltr'><strong>sit--</strong></span> 
     </span>
    </p>
   </div>
   <div class='ocr_carea' id='block_1_67' title="bbox 2014 2299 3609 2372">
    <p class='ocr_par' dir='ltr' id='par_1_67' title="bbox 2014 2299 3609 2372">
     <span class='ocr_line' id='line_1_68' title="bbox 2014 2299 3609 2372; baseline 0 -16"><span class='ocrx_word' id='word_1_373' title='bbox 2014 2300 2197 2372; x_wconf 80' lang='lat' dir='ltr'><strong>perbia</strong></span> <span class='ocrx_word' id='word_1_374' title='bbox 2245 2300 2462 2354; x_wconf 80' lang='lat' dir='ltr'><strong>initium</strong></span> <span class='ocrx_word' id='word_1_375' title='bbox 2514 2300 2716 2369; x_wconf 78' lang='lat' dir='ltr'><strong>peccati</strong></span> <span class='ocrx_word' id='word_1_376' title='bbox 2770 2299 2897 2368; x_wconf 80' lang='lat' dir='ltr'><strong>est),</strong></span> <span class='ocrx_word' id='word_1_377' title='bbox 2952 2308 3006 2354; x_wconf 90' lang='lat' dir='ltr'><strong>et</strong></span> <span class='ocrx_word' id='word_1_378' title='bbox 3054 2300 3314 2370; x_wconf 84' lang='lat' dir='ltr'><strong>praeditus</strong></span> <span class='ocrx_word' id='word_1_379' title='bbox 3363 2317 3426 2357; x_wconf 88' lang='lat' dir='ltr'><strong>ea</strong></span> <span class='ocrx_word' id='word_1_380' title='bbox 3471 2317 3609 2371; x_wconf 47' lang='grc' dir='ltr'>υτον</span> 
     </span>
    </p>
   </div>
   <div class='ocr_carea' id='block_1_68' title="bbox 2017 2390 2620 2449">
    <p class='ocr_par' dir='ltr' id='par_1_68' title="bbox 2017 2390 2620 2449">
     <span class='ocr_line' id='line_1_69' title="bbox 2017 2390 2620 2449; baseline -0.003 0"><span class='ocrx_word' id='word_1_381' title='bbox 2017 2393 2211 2449; x_wconf 78' lang='lat' dir='ltr'><strong>fundet</strong></span> <span class='ocrx_word' id='word_1_382' title='bbox 2240 2390 2620 2447; x_wconf 77' lang='lat' dir='ltr'><strong>exsecrabilis.</strong></span> 
     </span>
    </p>
   </div>
   <div class='ocr_carea' id='block_1_69' title="bbox 2090 2482 3617 2555">
    <p class='ocr_par' dir='ltr' id='par_1_69' title="bbox 2090 2482 3617 2555">
     <span class='ocr_line' id='line_1_70' title="bbox 2090 2482 3617 2555; baseline 0.005 -18"><span class='ocrx_word' id='word_1_383' title='bbox 2090 2482 2261 2541; x_wconf 82' lang='lat' dir='ltr'><strong>Eccli.</strong></span> <span class='ocrx_word' id='word_1_384' title='bbox 2297 2498 2421 2538; x_wconf 87' lang='lat' dir='ltr'><strong>xm.</strong></span> <span class='ocrx_word' id='word_1_385' title='bbox 2456 2483 2562 2548; x_wconf 85' lang='lat' dir='ltr'><strong>Qui</strong></span> <span class='ocrx_word' id='word_1_386' title='bbox 2612 2485 2788 2554; x_wconf 88' lang='lat' dir='ltr'><strong>tangit</strong></span> <span class='ocrx_word' id='word_1_387' title='bbox 2839 2483 3039 2555; x_wconf 86' lang='lat' dir='ltr'><strong>picem,</strong></span> <span class='ocrx_word' id='word_1_388' title='bbox 3091 2486 3617 2553; x_wconf 83' lang='lat' dir='ltr'><strong>contaminabitnr;.</strong></span> 
     </span>
    </p>
   </div>
   <div class='ocr_carea' id='block_1_70' title="bbox 2017 2576 3524 2646">
    <p class='ocr_par' dir='ltr' id='par_1_70' title="bbox 2017 2576 3524 2646">
     <span class='ocr_line' id='line_1_71' title="bbox 2017 2576 3524 2646; baseline 0.001 -15"><span class='ocrx_word' id='word_1_389' title='bbox 2017 2576 2109 2646; x_wconf 88' lang='lat' dir='ltr'><strong>qui</strong></span> <span class='ocrx_word' id='word_1_390' title='bbox 2141 2590 2263 2631; x_wconf 84' lang='lat' dir='ltr'><strong>cum</strong></span> <span class='ocrx_word' id='word_1_391' title='bbox 2295 2576 2539 2645; x_wconf 88' lang='lat' dir='ltr'><strong>superbo</strong></span> <span class='ocrx_word' id='word_1_392' title='bbox 2576 2577 2968 2643; x_wconf 87' lang='lat' dir='ltr'><strong>communicat,</strong></span> <span class='ocrx_word' id='word_1_393' title='bbox 3000 2576 3199 2632; x_wconf 86' lang='lat' dir='ltr'><strong>similis</strong></span> <span class='ocrx_word' id='word_1_394' title='bbox 3228 2579 3275 2631; x_wconf 90' lang='lat' dir='ltr'><strong>ei</strong></span> <span class='ocrx_word' id='word_1_395' title='bbox 3304 2579 3524 2633; x_wconf 82' lang='lat' dir='ltr'><strong>evadet.</strong></span> 
     </span>
    </p>
   </div>
   <div class='ocr_carea' id='block_1_71' title="bbox 2091 2666 3271 2755">
    <p class='ocr_par' dir='ltr' id='par_1_71' title="bbox 2091 2666 3271 2755">
     <span class='ocr_line' id='line_1_72' title="bbox 2091 2666 3271 2755; baseline 0.001 -33"><span class='ocrx_word' id='word_1_396' title='bbox 2091 2666 2235 2722; x_wconf 84' lang='lat' dir='ltr'><strong>Ibid.</strong></span> <span class='ocrx_word' id='word_1_397' title='bbox 2281 2666 2635 2722; x_wconf 66' lang='lat' dir='ltr'><strong>Detestantur</strong></span> <span class='ocrx_word' id='word_1_398' title='bbox 2670 2669 2890 2738; x_wconf 88' lang='lat' dir='ltr'><strong>superbi</strong></span> <span class='ocrx_word' id='word_1_399' title='bbox 2927 2668 3271 2755; x_wconf 67' lang='lat' dir='ltr'><strong>rnqdestiani.</strong></span> 
     </span>
    </p>
   </div>
   <div class='ocr_carea' id='block_1_72' title="bbox 2093 2759 3318 2831">
    <p class='ocr_par' dir='ltr' id='par_1_72' title="bbox 2093 2759 3318 2831">
     <span class='ocr_line' id='line_1_73' title="bbox 2093 2759 3318 2831; baseline 0 -16"><span class='ocrx_word' id='word_1_400' title='bbox 2093 2759 2171 2816; x_wconf 90' lang='lat' dir='ltr'><strong>Ne</strong></span> <span class='ocrx_word' id='word_1_401' title='bbox 2197 2759 2434 2830; x_wconf 81' lang='lat' dir='ltr'><strong>superbe</strong></span> <span class='ocrx_word' id='word_1_402' title='bbox 2463 2770 2513 2815; x_wconf 89' lang='lat' dir='ltr'><strong>te</strong></span> <span class='ocrx_word' id='word_1_403' title='bbox 2537 2775 2696 2830; x_wconf 85' lang='lat' dir='ltr'><strong>geras</strong></span> <span class='ocrx_word' id='word_1_404' title='bbox 2720 2761 2775 2815; x_wconf 93' lang='lat' dir='ltr'><strong>in</strong></span> <span class='ocrx_word' id='word_1_405' title='bbox 2805 2772 3103 2831; x_wconf 88' lang='lat' dir='ltr'><strong>conspectu</strong></span> <span class='ocrx_word' id='word_1_406' title='bbox 3152 2762 3318 2830; x_wconf 76' lang='lat' dir='ltr'><strong>regis.</strong></span> 
     </span>
    </p>
   </div>
   <div class='ocr_carea' id='block_1_73' title="bbox 2095 2848 3617 2921">
    <p class='ocr_par' dir='ltr' id='par_1_73' title="bbox 2095 2848 3617 2921">
     <span class='ocr_line' id='line_1_74' title="bbox 2095 2848 3617 2921; baseline 0.003 -19"><span class='ocrx_word' id='word_1_407' title='bbox 2095 2848 2304 2906; x_wconf 82' lang='lat' dir='ltr'><strong>Deiecit</strong></span> <span class='ocrx_word' id='word_1_408' title='bbox 2361 2849 2566 2917; x_wconf 87' lang='lat' dir='ltr'><strong>exlex,</strong></span> <span class='ocrx_word' id='word_1_409' title='bbox 2627 2850 2789 2920; x_wconf 87' lang='lat' dir='ltr'><strong>periit</strong></span> <span class='ocrx_word' id='word_1_410' title='bbox 2844 2852 3161 2921; x_wconf 89' lang='lat' dir='ltr'><strong>superbus,</strong></span> <span class='ocrx_word' id='word_1_411' title='bbox 3221 2852 3421 2907; x_wconf 80' lang='lat' dir='ltr'><strong>cadent</strong></span> <span class='ocrx_word' id='word_1_412' title='bbox 3474 2854 3617 2909; x_wconf 87' lang='lat' dir='ltr'><strong>elati</strong></span> 
     </span>
    </p>
   </div>
   <div class='ocr_carea' id='block_1_74' title="bbox 2020 2940 2223 3011">
    <p class='ocr_par' dir='ltr' id='par_1_74' title="bbox 2020 2940 2223 3011">
     <span class='ocr_line' id='line_1_75' title="bbox 2020 2940 2223 3011; baseline 0.005 -16"><span class='ocrx_word' id='word_1_413' title='bbox 2020 2940 2223 3011; x_wconf 84' lang='lat' dir='ltr'><strong>gladio.</strong></span> 
     </span>
    </p>
   </div>
   <div class='ocr_carea' id='block_1_75' title="bbox 2097 3032 3623 3106">
    <p class='ocr_par' dir='ltr' id='par_1_75' title="bbox 2097 3032 3623 3106">
     <span class='ocr_line' id='line_1_76' title="bbox 2097 3032 3623 3106; baseline 0.004 -19"><span class='ocrx_word' id='word_1_414' title='bbox 2097 3032 2336 3088; x_wconf 86' lang='lat' dir='ltr'><strong>Laudem</strong></span> <span class='ocrx_word' id='word_1_415' title='bbox 2371 3033 2605 3090; x_wconf 79' lang='lat' dir='ltr'><strong>invicem</strong></span> <span class='ocrx_word' id='word_1_416' title='bbox 2631 3034 2992 3106; x_wconf 85' lang='lat' dir='ltr'><strong>accipientes,</strong></span> <span class='ocrx_word' id='word_1_417' title='bbox 3028 3036 3244 3092; x_wconf 81' lang='lat' dir='ltr'><strong>laudern</strong></span> <span class='ocrx_word' id='word_1_418' title='bbox 3284 3053 3314 3092; x_wconf 87' lang='lat' dir='ltr'><strong>a</strong></span> <span class='ocrx_word' id='word_1_419' title='bbox 3348 3036 3464 3093; x_wconf 89' lang='lat' dir='ltr'><strong>solo</strong></span> <span class='ocrx_word' id='word_1_420' title='bbox 3496 3038 3623 3093; x_wconf 53' lang='lat' dir='ltr'><strong>Det»</strong></span> 
     </span>
    </p>
   </div>
   <div class='ocr_carea' id='block_1_76' title="bbox 1948 3124 2526 3200">
    <p class='ocr_par' dir='ltr' id='par_1_76' title="bbox 1948 3124 2526 3200">
     <span class='ocr_line' id='line_1_77' title="bbox 1948 3124 2526 3200; baseline 0 -20"><span class='ocrx_word' id='word_1_421' title='bbox 1948 3138 1995 3200; x_wconf 71' lang='grc' dir='ltr'><strong>α</strong></span> <span class='ocrx_word' id='word_1_422' title='bbox 2027 3138 2138 3181; x_wconf 89' lang='lat' dir='ltr'><strong>non</strong></span> <span class='ocrx_word' id='word_1_423' title='bbox 2164 3124 2432 3195; x_wconf 84' lang='lat' dir='ltr'><strong>quaritis.</strong></span> <span class='ocrx_word' id='word_1_424' title='bbox 2518 3132 2526 3139; x_wconf 92' lang='lat'>&#39;</span> 
     </span>
    </p>
   </div>
   <div class='ocr_carea' id='block_1_77' title="bbox 2094 3216 3256 3291">
    <p class='ocr_par' dir='ltr' id='par_1_77' title="bbox 2094 3216 3256 3291">
     <span class='ocr_line' id='line_1_78' title="bbox 2094 3216 3256 3291; baseline 0.007 -20"><span class='ocrx_word' id='word_1_425' title='bbox 2094 3216 2358 3288; x_wconf 82' lang='lat' dir='ltr'><strong>Quisquis</strong></span> <span class='ocrx_word' id='word_1_426' title='bbox 2386 3232 2447 3273; x_wconf 86' lang='lat' dir='ltr'><strong>se</strong></span> <span class='ocrx_word' id='word_1_427' title='bbox 2477 3218 2597 3287; x_wconf 89' lang='lat' dir='ltr'><strong>ipse</strong></span> <span class='ocrx_word' id='word_1_428' title='bbox 2628 3220 2862 3284; x_wconf 82' lang='lat' dir='ltr'><strong>extollit,</strong></span> <span class='ocrx_word' id='word_1_429' title='bbox 2896 3219 3256 3291; x_wconf 87' lang='lat' dir='ltr'><strong>deprimetur.</strong></span> 
     </span>
    </p>
   </div>
   <div class='ocr_carea' id='block_1_78' title="bbox 2099 3310 3627 3384">
    <p class='ocr_par' dir='ltr' id='par_1_78' title="bbox 2099 3310 3627 3384">
     <span class='ocr_line' id='line_1_79' title="bbox 2099 3310 3627 3384; baseline 0.004 -18"><span class='ocrx_word' id='word_1_430' title='bbox 2099 3310 2256 3379; x_wconf 79' lang='lat' dir='ltr'><strong>Quod</strong></span> <span class='ocrx_word' id='word_1_431' title='bbox 2292 3312 2348 3367; x_wconf 93' lang='lat' dir='ltr'><strong>in</strong></span> <span class='ocrx_word' id='word_1_432' title='bbox 2388 3311 2704 3370; x_wconf 89' lang='lat' dir='ltr'><strong>hominibus</strong></span> <span class='ocrx_word' id='word_1_433' title='bbox 2731 3313 3013 3370; x_wconf 83' lang='lat' dir='ltr'><strong>excelsum</strong></span> <span class='ocrx_word' id='word_1_434' title='bbox 3047 3322 3155 3384; x_wconf 88' lang='lat' dir='ltr'><strong>est,</strong></span> <span class='ocrx_word' id='word_1_435' title='bbox 3180 3314 3243 3370; x_wconf 83' lang='lat' dir='ltr'><strong>id</strong></span> <span class='ocrx_word' id='word_1_436' title='bbox 3281 3330 3469 3370; x_wconf 88' lang='lat' dir='ltr'><strong>coram</strong></span> <span class='ocrx_word' id='word_1_437' title='bbox 3496 3314 3627 3372; x_wconf 45' lang='lat' dir='ltr'><strong>Deo‘</strong></span> 
     </span>
    </p>
   </div>
   <div class='ocr_carea' id='block_1_79' title="bbox 2028 3404 2387 3461">
    <p class='ocr_par' dir='ltr' id='par_1_79' title="bbox 2028 3404 2387 3461">
     <span class='ocr_line' id='line_1_80' title="bbox 2028 3404 2387 3461; baseline 0.006 -2"><span class='ocrx_word' id='word_1_438' title='bbox 2028 3404 2387 3461; x_wconf 80' lang='lat' dir='ltr'><strong>abominatio.</strong></span> 
     </span>
    </p>
   </div>
   <div class='ocr_carea' id='block_1_80' title="bbox 2098 3494 2923 3565">
    <p class='ocr_par' dir='ltr' id='par_1_80' title="bbox 2098 3494 2923 3565">
     <span class='ocr_line' id='line_1_81' title="bbox 2098 3494 2923 3565; baseline 0.005 -14"><span class='ocrx_word' id='word_1_439' title='bbox 2098 3494 2228 3552; x_wconf 88' lang='lat' dir='ltr'><strong>Noli</strong></span> <span class='ocrx_word' id='word_1_440' title='bbox 2259 3496 2436 3553; x_wconf 87' lang='lat' dir='ltr'><strong>elatus</strong></span> <span class='ocrx_word' id='word_1_441' title='bbox 2464 3513 2608 3565; x_wconf 86' lang='lat' dir='ltr'><strong>esse,</strong></span> <span class='ocrx_word' id='word_1_442' title='bbox 2641 3499 2738 3555; x_wconf 87' lang='lat' dir='ltr'><strong>sed</strong></span> <span class='ocrx_word' id='word_1_443' title='bbox 2770 3500 2923 3555; x_wconf 89' lang='lat' dir='ltr'><strong>time.</strong></span> 
     </span>
    </p>
   </div>
   <div class='ocr_carea' id='block_1_81' title="bbox 2103 3583 3618 3661">
    <p class='ocr_par' dir='ltr' id='par_1_81' title="bbox 2103 3583 3618 3661">
     <span class='ocr_line' id='line_1_82' title="bbox 2103 3583 3618 3661; baseline 0.004 -22"><span class='ocrx_word' id='word_1_444' title='bbox 2103 3583 2287 3640; x_wconf 83' lang='lat' dir='ltr'><strong>Galat.</strong></span> <span class='ocrx_word' id='word_1_445' title='bbox 2310 3601 2363 3641; x_wconf 78' lang='grc' dir='ltr'><strong>ν.</strong></span> <span class='ocrx_word' id='word_1_446' title='bbox 2390 3585 2465 3640; x_wconf 85' lang='lat' dir='ltr'><strong>Ne</strong></span> <span class='ocrx_word' id='word_1_447' title='bbox 2494 3588 2666 3643; x_wconf 86' lang='lat' dir='ltr'><strong>simus</strong></span> <span class='ocrx_word' id='word_1_448' title='bbox 2690 3588 2866 3644; x_wconf 87' lang='lat' dir='ltr'><strong>inanis</strong></span> <span class='ocrx_word' id='word_1_449' title='bbox 2901 3589 3087 3659; x_wconf 82' lang='lat' dir='ltr'><strong>gloria</strong></span> <span class='ocrx_word' id='word_1_450' title='bbox 3118 3590 3324 3661; x_wconf 85' lang='lat' dir='ltr'><strong>cupidi,</strong></span> <span class='ocrx_word' id='word_1_451' title='bbox 3362 3590 3618 3648; x_wconf 72' lang='lat' dir='ltr'><strong>invicem;</strong></span> 
     </span>
    </p>
   </div>
   <div class='ocr_carea' id='block_1_82' title="bbox 2028 3678 3051 3747">
    <p class='ocr_par' dir='ltr' id='par_1_82' title="bbox 2028 3678 3051 3747">
     <span class='ocr_line' id='line_1_83' title="bbox 2028 3678 3051 3747; baseline 0.008 -17"><span class='ocrx_word' id='word_1_452' title='bbox 2028 3685 2419 3747; x_wconf 88' lang='lat' dir='ltr'><strong>provocantes,</strong></span> <span class='ocrx_word' id='word_1_453' title='bbox 2455 3678 2689 3733; x_wconf 75' lang='lat' dir='ltr'><strong>invicem</strong></span> <span class='ocrx_word' id='word_1_454' title='bbox 2722 3679 3051 3738; x_wconf 85' lang='lat' dir='ltr'><strong>invidentes.</strong></span> 
     </span>
    </p>
   </div>
   <div class='ocr_carea' id='block_1_83' title="bbox 2103 3766 3623 3845">
    <p class='ocr_par' dir='ltr' id='par_1_83' title="bbox 2103 3766 3623 3845">
     <span class='ocr_line' id='line_1_84' title="bbox 2103 3766 3623 3845; baseline 0.007 -21"><span class='ocrx_word' id='word_1_455' title='bbox 2103 3766 2163 3824; x_wconf 88' lang='lat' dir='ltr'><strong>S.</strong></span> <span class='ocrx_word' id='word_1_456' title='bbox 2198 3767 2409 3824; x_wconf 84' lang='lat' dir='ltr'><strong>Basilii.</strong></span> <span class='ocrx_word' id='word_1_457' title='bbox 2444 3767 2564 3824; x_wconf 91' lang='lat' dir='ltr'><strong>Non</strong></span> <span class='ocrx_word' id='word_1_458' title='bbox 2594 3770 2758 3824; x_wconf 88' lang='lat' dir='ltr'><strong>verba</strong></span> <span class='ocrx_word' id='word_1_459' title='bbox 2794 3772 2911 3839; x_wconf 87' lang='lat' dir='ltr'><strong>ipsa</strong></span> <span class='ocrx_word' id='word_1_460' title='bbox 2940 3773 3121 3827; x_wconf 86' lang='lat' dir='ltr'><strong>solent</strong></span> <span class='ocrx_word' id='word_1_461' title='bbox 3149 3772 3339 3828; x_wconf 89' lang='lat' dir='ltr'><strong>dolore</strong></span> <span class='ocrx_word' id='word_1_462' title='bbox 3369 3773 3623 3845; x_wconf 56' lang='lat' dir='ltr'><strong>allicere,</strong></span> 
     </span>
    </p>
   </div>
   <div class='ocr_carea' id='block_1_84' title="bbox 2028 3861 3611 3939">
    <p class='ocr_par' dir='ltr' id='par_1_84' title="bbox 2028 3861 3611 3939">
     <span class='ocr_line' id='line_1_85' title="bbox 2028 3861 3611 3939; baseline 0.004 -22"><span class='ocrx_word' id='word_1_463' title='bbox 2028 3861 2123 3918; x_wconf 89' lang='lat' dir='ltr'><strong>sed</strong></span> <span class='ocrx_word' id='word_1_464' title='bbox 2150 3861 2510 3917; x_wconf 83' lang='lat' dir='ltr'><strong>conviciantis</strong></span> <span class='ocrx_word' id='word_1_465' title='bbox 2541 3862 2702 3918; x_wconf 86' lang='lat' dir='ltr'><strong>nobis</strong></span> <span class='ocrx_word' id='word_1_466' title='bbox 2737 3872 3110 3934; x_wconf 87' lang='lat' dir='ltr'><strong>contemptus,</strong></span> <span class='ocrx_word' id='word_1_467' title='bbox 3159 3875 3213 3920; x_wconf 92' lang='lat' dir='ltr'><strong>et</strong></span> <span class='ocrx_word' id='word_1_468' title='bbox 3243 3866 3511 3939; x_wconf 87' lang='lat' dir='ltr'><strong>cujusque</strong></span> <span class='ocrx_word' id='word_1_469' title='bbox 3536 3868 3611 3924; x_wconf 87' lang='lat' dir='ltr'><strong>de</strong></span> 
     </span>
    </p>
   </div>
   <div class='ocr_carea' id='block_1_85' title="bbox 2029 3952 2477 4023">
    <p class='ocr_par' dir='ltr' id='par_1_85' title="bbox 2029 3952 2477 4023">
     <span class='ocr_line' id='line_1_86' title="bbox 2029 3952 2477 4023; baseline -0.004 -13"><span class='ocrx_word' id='word_1_470' title='bbox 2029 3968 2090 4010; x_wconf 87' lang='lat' dir='ltr'><strong>se</strong></span> <span class='ocrx_word' id='word_1_471' title='bbox 2121 3954 2240 4023; x_wconf 88' lang='lat' dir='ltr'><strong>ipso</strong></span> <span class='ocrx_word' id='word_1_472' title='bbox 2271 3952 2477 4022; x_wconf 90' lang='lat' dir='ltr'><strong>opinio.</strong></span> 
     </span>
    </p>
   </div>
   <div class='ocr_carea' id='block_1_86' title="bbox 2100 4045 3612 4123">
    <p class='ocr_par' dir='ltr' id='par_1_86' title="bbox 2100 4045 3612 4123">
     <span class='ocr_line' id='line_1_87' title="bbox 2100 4045 3612 4123; baseline 0.005 -23"><span class='ocrx_word' id='word_1_473' title='bbox 2100 4046 2280 4101; x_wconf 82' lang='lat' dir='ltr'><strong>Mores</strong></span> <span class='ocrx_word' id='word_1_474' title='bbox 2318 4045 2558 4101; x_wconf 86' lang='lat' dir='ltr'><strong>hominis</strong></span> <span class='ocrx_word' id='word_1_475' title='bbox 2597 4046 2818 4118; x_wconf 86' lang='lat' dir='ltr'><strong>superbi</strong></span> <span class='ocrx_word' id='word_1_476' title='bbox 2853 4047 2899 4103; x_wconf 87' lang='lat' dir='ltr'><strong>si</strong></span> <span class='ocrx_word' id='word_1_477' title='bbox 2935 4062 3064 4104; x_wconf 87' lang='lat' dir='ltr'><strong>vere</strong></span> <span class='ocrx_word' id='word_1_478' title='bbox 3104 4049 3468 4123; x_wconf 77' lang='lat' dir='ltr'><strong>sanati230</strong></span> <span class='ocrx_word' id='word_1_479' title='bbox 3490 4050 3612 4110; x_wconf 84' lang='lat' dir='ltr'><strong>l‘ue-</strong></span> 
     </span>
    </p>
   </div>
   <div class='ocr_carea' id='block_1_87' title="bbox 2029 4139 3129 4211">
    <p class='ocr_par' dir='ltr' id='par_1_87' title="bbox 2029 4139 3129 4211">
     <span class='ocr_line' id='line_1_88' title="bbox 2029 4139 3129 4211; baseline 0.005 -17"><span class='ocrx_word' id='word_1_480' title='bbox 2029 4139 2162 4207; x_wconf 88' lang='lat' dir='ltr'><strong>rint,</strong></span> <span class='ocrx_word' id='word_1_481' title='bbox 2194 4139 2371 4195; x_wconf 89' lang='lat' dir='ltr'><strong>solent</strong></span> <span class='ocrx_word' id='word_1_482' title='bbox 2397 4154 2518 4194; x_wconf 89' lang='lat' dir='ltr'><strong>esse</strong></span> <span class='ocrx_word' id='word_1_483' title='bbox 2542 4140 2626 4195; x_wconf 94' lang='lat' dir='ltr'><strong>sui</strong></span> <span class='ocrx_word' id='word_1_484' title='bbox 2652 4140 3129 4211; x_wconf 83' lang='lat' dir='ltr'><strong>despicientiores.</strong></span> 
     </span>
    </p>
   </div>
   <div class='ocr_carea' id='block_1_88' title="bbox 2101 4230 3619 4302">
    <p class='ocr_par' dir='ltr' id='par_1_88' title="bbox 2101 4230 3619 4302">
     <span class='ocr_line' id='line_1_89' title="bbox 2101 4230 3619 4302; baseline 0.004 -17"><span class='ocrx_word' id='word_1_485' title='bbox 2101 4230 2281 4302; x_wconf 60' lang='lat' dir='ltr'><strong>(Eque</strong></span> <span class='ocrx_word' id='word_1_486' title='bbox 2334 4231 2550 4287; x_wconf 85' lang='lat' dir='ltr'><strong>dillicile</strong></span> <span class='ocrx_word' id='word_1_487' title='bbox 2582 4232 2764 4293; x_wconf 82' lang='lat' dir='ltr'><strong>estin</strong></span> <span class='ocrx_word' id='word_1_488' title='bbox 2812 4248 2996 4289; x_wconf 84' lang='lat' dir='ltr'><strong>rerum</strong></span> <span class='ocrx_word' id='word_1_489' title='bbox 3041 4234 3449 4294; x_wconf 81' lang='lat' dir='ltr'><strong>diﬂicultatibns</strong></span> <span class='ocrx_word' id='word_1_490' title='bbox 3496 4239 3619 4293; x_wconf 88' lang='lat' dir='ltr'><strong>ani-</strong></span> 
     </span>
    </p>
   </div>
   <div class='ocr_carea' id='block_1_89' title="bbox 2030 4324 3621 4396">
    <p class='ocr_par' dir='ltr' id='par_1_89' title="bbox 2030 4324 3621 4396">
     <span class='ocr_line' id='line_1_90' title="bbox 2030 4324 3621 4396; baseline 0.008 -18"><span class='ocrx_word' id='word_1_491' title='bbox 2030 4338 2178 4379; x_wconf 88' lang='lat' dir='ltr'><strong>mum</strong></span> <span class='ocrx_word' id='word_1_492' title='bbox 2214 4324 2429 4380; x_wconf 83' lang='lat' dir='ltr'><strong>ﬁrmum</strong></span> <span class='ocrx_word' id='word_1_493' title='bbox 2468 4340 2706 4391; x_wconf 87' lang='lat' dir='ltr'><strong>servare,</strong></span> <span class='ocrx_word' id='word_1_494' title='bbox 2728 4341 2894 4396; x_wconf 87' lang='lat' dir='ltr'><strong>quam</strong></span> <span class='ocrx_word' id='word_1_495' title='bbox 2918 4326 2974 4381; x_wconf 91' lang='lat' dir='ltr'><strong>in</strong></span> <span class='ocrx_word' id='word_1_496' title='bbox 3008 4330 3463 4396; x_wconf 86' lang='lat' dir='ltr'><strong>prosperitatibus</strong></span> <span class='ocrx_word' id='word_1_497' title='bbox 3496 4348 3621 4390; x_wconf 68' lang='lat' dir='ltr'><strong>nom</strong></span> 
     </span>
    </p>
   </div>
   <div class='ocr_carea' id='block_1_90' title="bbox 2000 4414 2240 4475">
    <p class='ocr_par' dir='ltr' id='par_1_90' title="bbox 2000 4414 2240 4475">
     <span class='ocr_line' id='line_1_91' title="bbox 2000 4414 2240 4475; baseline -0.017 0"><span class='ocrx_word' id='word_1_498' title='bbox 2000 4470 2003 4475; x_wconf 72' lang='grc'><strong>,</strong></span> <span class='ocrx_word' id='word_1_499' title='bbox 2030 4414 2240 4471; x_wconf 67' lang='lat' dir='ltr'><strong>extolli.</strong></span> 
     </span>
    </p>
   </div>
   <div class='ocr_carea' id='block_1_91' title="bbox 416 4501 1922 4583">
    <p class='ocr_par' dir='ltr' id='par_1_91' title="bbox 416 4507 1922 4583">
     <span class='ocr_line' id='line_1_92' title="bbox 416 4507 1922 4583; baseline -0.001 -16"><span class='ocrx_word' id='word_1_500' title='bbox 416 4511 706 4575; x_wconf 76' lang='grc' dir='ltr'>Κενόδοξός</span> <span class='ocrx_word' id='word_1_501' title='bbox 740 4512 887 4562; x_wconf 69' lang='grc' dir='ltr'>ἔστιν</span> <span class='ocrx_word' id='word_1_502' title='bbox 918 4510 946 4561; x_wconf 92' lang='lat'><strong>6</strong></span> <span class='ocrx_word' id='word_1_503' title='bbox 973 4507 1350 4579; x_wconf 56' lang='lat' dir='ltr'><strong>tiatilﬁctvsxsv</strong></span> <span class='ocrx_word' id='word_1_504' title='bbox 1377 4508 1480 4581; x_wconf 85' lang='grc' dir='ltr'>τῆς</span> <span class='ocrx_word' id='word_1_505' title='bbox 1521 4510 1580 4565; x_wconf 73' lang='grc' dir='ltr'>ἐν</span> <span class='ocrx_word' id='word_1_506' title='bbox 1609 4510 1688 4581; x_wconf 85' lang='grc' dir='ltr'><strong>τῷ</strong></span> <span class='ocrx_word' id='word_1_507' title='bbox 1731 4511 1922 4583; x_wconf 84' lang='grc' dir='ltr'>κόσμῳ</span> 
     </span>
    </p>
   </div>
   <div class='ocr_carea' id='block_1_92' title="bbox 2054 4501 3618 4583">
    <p class='ocr_par' dir='ltr' id='par_1_92' title="bbox 2096 4505 3618 4579">
     <span class='ocr_line' id='line_1_93' title="bbox 2096 4505 3618 4579; baseline 0.007 -18"><span class='ocrx_word' id='word_1_508' title='bbox 2096 4506 2281 4563; x_wconf 88' lang='lat' dir='ltr'><strong>Inanis</strong></span> <span class='ocrx_word' id='word_1_509' title='bbox 2307 4506 2492 4578; x_wconf 80' lang='lat' dir='ltr'><strong>gloria</strong></span> <span class='ocrx_word' id='word_1_510' title='bbox 2522 4516 2769 4577; x_wconf 86' lang='lat' dir='ltr'><strong>captator</strong></span> <span class='ocrx_word' id='word_1_511' title='bbox 2798 4516 2904 4574; x_wconf 85' lang='lat' dir='ltr'><strong>est,</strong></span> <span class='ocrx_word' id='word_1_512' title='bbox 2943 4505 3037 4575; x_wconf 90' lang='lat' dir='ltr'><strong>qui</strong></span> <span class='ocrx_word' id='word_1_513' title='bbox 3085 4509 3291 4579; x_wconf 87' lang='lat' dir='ltr'><strong>aliquid</strong></span> <span class='ocrx_word' id='word_1_514' title='bbox 3334 4520 3428 4567; x_wconf 88' lang='lat' dir='ltr'><strong>aut</strong></span> <span class='ocrx_word' id='word_1_515' title='bbox 3480 4510 3618 4571; x_wconf 77' lang='lat' dir='ltr'><strong>facit</strong></span> 
     </span>
    </p>
   </div>
   <div class='ocr_carea' id='block_1_93' title="bbox 343 4600 1922 4677">
    <p class='ocr_par' dir='ltr' id='par_1_93' title="bbox 343 4600 1922 4677">
     <span class='ocr_line' id='line_1_94' title="bbox 343 4600 1922 4677; baseline -0.001 -17"><span class='ocrx_word' id='word_1_516' title='bbox 343 4607 524 4677; x_wconf 83' lang='grc' dir='ltr'>δόξης,</span> <span class='ocrx_word' id='word_1_517' title='bbox 551 4602 653 4675; x_wconf 82' lang='grc' dir='ltr'>τῆς</span> <span class='ocrx_word' id='word_1_518' title='bbox 710 4602 865 4675; x_wconf 80' lang='grc' dir='ltr'>παρὰ</span> <span class='ocrx_word' id='word_1_519' title='bbox 890 4601 999 4657; x_wconf 88' lang='grc' dir='ltr'><strong>τῶν</strong></span> <span class='ocrx_word' id='word_1_520' title='bbox 1037 4600 1291 4673; x_wconf 82' lang='grc' dir='ltr'>ὁρώντων</span> <span class='ocrx_word' id='word_1_521' title='bbox 1323 4602 1711 4673; x_wconf 84' lang='grc' dir='ltr'>ἢὰκουόντων,</span> <span class='ocrx_word' id='word_1_522' title='bbox 1751 4604 1922 4661; x_wconf 88' lang='grc' dir='ltr'>ποιῶν</span> 
     </span>
    </p>
   </div>
   <div class='ocr_carea' id='block_1_94' title="bbox 343 4698 693 4770">
    <p class='ocr_par' dir='ltr' id='par_1_94' title="bbox 343 4698 693 4770">
     <span class='ocr_line' id='line_1_95' title="bbox 343 4698 693 4770; baseline 0.003 -16"><span class='ocrx_word' id='word_1_523' title='bbox 343 4719 399 4754; x_wconf 85' lang='grc' dir='ltr'><strong>τι</strong></span> <span class='ocrx_word' id='word_1_524' title='bbox 429 4701 461 4770; x_wconf 81' lang='grc' dir='ltr'>ἢ</span> <span class='ocrx_word' id='word_1_525' title='bbox 496 4698 693 4769; x_wconf 82' lang='grc' dir='ltr'>λέγων.</span> 
     </span>
    </p>
   </div>
   <div class='ocr_carea' id='block_1_95' title="bbox 416 4787 1819 4865">
    <p class='ocr_par' dir='ltr' id='par_1_95' title="bbox 416 4787 1819 4865">
     <span class='ocr_line' id='line_1_96' title="bbox 416 4787 1819 4865; baseline -0.001 -18"><span class='ocrx_word' id='word_1_526' title='bbox 416 4792 510 4865; x_wconf 75' lang='grc' dir='ltr'>Μή</span> <span class='ocrx_word' id='word_1_527' title='bbox 538 4792 785 4864; x_wconf 67' lang='grc' dir='ltr'>ἑπαρθῇς</span> <span class='ocrx_word' id='word_1_528' title='bbox 817 4789 981 4860; x_wconf 82' lang='grc' dir='ltr'>μέγα,</span> <span class='ocrx_word' id='word_1_529' title='bbox 1016 4788 1103 4843; x_wconf 83' lang='grc' dir='ltr'><strong>ῐνα</strong></span> <span class='ocrx_word' id='word_1_530' title='bbox 1136 4787 1213 4861; x_wconf 79' lang='grc' dir='ltr'>μὴ</span> <span class='ocrx_word' id='word_1_531' title='bbox 1250 4787 1436 4861; x_wconf 73' lang='grc' dir='ltr'>μεῖζον</span> <span class='ocrx_word' id='word_1_532' title='bbox 1464 4791 1819 4864; x_wconf 71' lang='grc' dir='ltr'>κατενεχθῇς.</span> 
     </span>
    </p>
   </div>
   <div class='ocr_carea' id='block_1_96' title="bbox 415 4967 1929 5043">
    <p class='ocr_par' dir='ltr' id='par_1_96' title="bbox 415 4967 1929 5043">
     <span class='ocr_line' id='line_1_97' title="bbox 415 4967 1929 5043; baseline -0.003 -14"><span class='ocrx_word' id='word_1_533' title='bbox 415 4974 576 5042; x_wconf 77' lang='grc' dir='ltr'>Μέγα</span> <span class='ocrx_word' id='word_1_534' title='bbox 619 4974 737 5037; x_wconf 76' lang='grc' dir='ltr'>τοῖς</span> <span class='ocrx_word' id='word_1_535' title='bbox 786 4970 1097 5043; x_wconf 80' lang='grc' dir='ltr'>ἀνθρώποις</span> <span class='ocrx_word' id='word_1_536' title='bbox 1123 4970 1158 5041; x_wconf 85' lang='grc' dir='ltr'><strong>ή</strong></span> <span class='ocrx_word' id='word_1_537' title='bbox 1187 4967 1321 5041; x_wconf 74' lang='grc' dir='ltr'>κενή</span> <span class='ocrx_word' id='word_1_538' title='bbox 1366 4967 1497 5035; x_wconf 82' lang='grc' dir='ltr'>δόξα</span> <span class='ocrx_word' id='word_1_539' title='bbox 1544 4967 1681 5041; x_wconf 77' lang='grc' dir='ltr'>πρὸς</span> <span class='ocrx_word' id='word_1_540' title='bbox 1725 4969 1929 5043; x_wconf 83' lang='grc' dir='ltr'>ἀρετήν</span> 
     </span>
    </p>
   </div>
   <div class='ocr_carea' id='block_1_97' title="bbox 344 5065 627 5135">
    <p class='ocr_par' dir='ltr' id='par_1_97' title="bbox 344 5065 627 5135">
     <span class='ocr_line' id='line_1_98' title="bbox 344 5065 627 5135; baseline -0.004 -16"><span class='ocrx_word' id='word_1_541' title='bbox 344 5065 627 5135; x_wconf 59' lang='grc' dir='ltr'>ἐμπόδιον.</span> 
     </span>
    </p>
   </div>
   <div class='ocr_carea' id='block_1_98' title="bbox 431 5151 1928 5229">
    <p class='ocr_par' dir='ltr' id='par_1_98' title="bbox 431 5151 1928 5229">
     <span class='ocr_line' id='line_1_99' title="bbox 431 5151 1928 5229; baseline -0.001 -18"><span class='ocrx_word' id='word_1_542' title='bbox 431 5159 654 5229; x_wconf 76' lang='grc' dir='ltr'>Ῥᾷστον</span> <span class='ocrx_word' id='word_1_543' title='bbox 674 5157 868 5212; x_wconf 79' lang='grc' dir='ltr'>ἑαυτὸν</span> <span class='ocrx_word' id='word_1_544' title='bbox 895 5158 1132 5228; x_wconf 79' lang='grc' dir='ltr'>ἀπατᾷν,</span> <span class='ocrx_word' id='word_1_545' title='bbox 1158 5154 1251 5211; x_wconf 82' lang='grc' dir='ltr'>καὶ</span> <span class='ocrx_word' id='word_1_546' title='bbox 1273 5154 1484 5210; x_wconf 72' lang='grc' dir='ltr'>οἴεσθαι</span> <span class='ocrx_word' id='word_1_547' title='bbox 1506 5151 1647 5210; x_wconf 74' lang='grc' dir='ltr'>εἶναί</span> <span class='ocrx_word' id='word_1_548' title='bbox 1674 5172 1752 5222; x_wconf 91' lang='grc' dir='ltr'><strong>τι,</strong></span> <span class='ocrx_word' id='word_1_549' title='bbox 1774 5154 1928 5210; x_wconf 73' lang='grc' dir='ltr'>οὐδὲν</span> 
     </span>
    </p>
   </div>
   <div class='ocr_carea' id='block_1_99' title="bbox 342 5249 1530 5320">
    <p class='ocr_par' dir='ltr' id='par_1_99' title="bbox 342 5249 1530 5320">
     <span class='ocr_line' id='line_1_100' title="bbox 342 5249 1530 5320; baseline -0.003 -15"><span class='ocrx_word' id='word_1_550' title='bbox 342 5252 498 5316; x_wconf 74' lang='grc' dir='ltr'>ὄντα,</span> <span class='ocrx_word' id='word_1_551' title='bbox 535 5250 640 5304; x_wconf 75' lang='grc' dir='ltr'><strong>ὑπὺ</strong></span> <span class='ocrx_word' id='word_1_552' title='bbox 670 5250 769 5320; x_wconf 81' lang='grc' dir='ltr'>τῆς</span> <span class='ocrx_word' id='word_1_553' title='bbox 796 5249 962 5319; x_wconf 78' lang='grc' dir='ltr'>κενῆς</span> <span class='ocrx_word' id='word_1_554' title='bbox 991 5250 1152 5319; x_wconf 78' lang='grc' dir='ltr'>δόξης</span> <span class='ocrx_word' id='word_1_555' title='bbox 1180 5249 1530 5319; x_wconf 86' lang='grc' dir='ltr'>φυσώμενον.</span> 
     </span>
    </p>
   </div>
   <div class='ocr_carea' id='block_1_100' title="bbox 419 5337 1773 5411">
    <p class='ocr_par' dir='ltr' id='par_1_100' title="bbox 419 5337 1773 5411">
     <span class='ocr_line' id='line_1_101' title="bbox 419 5337 1773 5411; baseline 0.001 -17"><span class='ocrx_word' id='word_1_556' title='bbox 419 5343 493 5395; x_wconf 87' lang='grc' dir='ltr'>Τὸ</span> <span class='ocrx_word' id='word_1_557' title='bbox 521 5342 731 5397; x_wconf 78' lang='grc' dir='ltr'>οἴεσθαι</span> <span class='ocrx_word' id='word_1_558' title='bbox 754 5341 849 5396; x_wconf 79' lang='grc' dir='ltr'>τοῦ</span> <span class='ocrx_word' id='word_1_559' title='bbox 878 5337 1018 5396; x_wconf 79' lang='grc' dir='ltr'>εἶναι</span> <span class='ocrx_word' id='word_1_560' title='bbox 1050 5343 1110 5396; x_wconf 83' lang='grc' dir='ltr'>τὸ</span> <span class='ocrx_word' id='word_1_561' title='bbox 1145 5342 1402 5395; x_wconf 79' lang='grc' dir='ltr'>πλεῖστον</span> <span class='ocrx_word' id='word_1_562' title='bbox 1432 5340 1773 5411; x_wconf 79' lang='grc' dir='ltr'>ἀφαιρεῖται.</span> 
     </span>
    </p>
   </div>
   <div class='ocr_carea' id='block_1_101' title="bbox 419 5429 1929 5508">
    <p class='ocr_par' dir='ltr' id='par_1_101' title="bbox 419 5429 1929 5508">
     <span class='ocr_line' id='line_1_102' title="bbox 419 5429 1929 5508; baseline -0.003 -19"><span class='ocrx_word' id='word_1_563' title='bbox 419 5434 514 5507; x_wconf 80' lang='grc' dir='ltr'><strong>Μὴ</strong></span> <span class='ocrx_word' id='word_1_564' title='bbox 533 5436 721 5508; x_wconf 79' lang='grc' dir='ltr'>φρόνει</span> <span class='ocrx_word' id='word_1_565' title='bbox 746 5433 856 5489; x_wconf 88' lang='grc' dir='ltr'><strong>τῶν</strong></span> <span class='ocrx_word' id='word_1_566' title='bbox 883 5433 1073 5489; x_wconf 82' lang='grc' dir='ltr'>κακῶν</span> <span class='ocrx_word' id='word_1_567' title='bbox 1106 5433 1394 5503; x_wconf 80' lang='grc' dir='ltr'>φαίνεσθαι</span> <span class='ocrx_word' id='word_1_568' title='bbox 1429 5432 1694 5505; x_wconf 80' lang='grc' dir='ltr'>κρείττων</span> <span class='ocrx_word' id='word_1_569' title='bbox 1714 5448 1729 5463; x_wconf 74' lang='grc' dir='ltr'>ο</span> <span class='ocrx_word' id='word_1_570' title='bbox 1756 5429 1929 5485; x_wconf 76' lang='grc' dir='ltr'>λυποῦ</span> 
     </span>
    </p>
   </div>
   <div class='ocr_carea' id='block_1_102' title="bbox 344 5527 1166 5600">
    <p class='ocr_par' dir='ltr' id='par_1_102' title="bbox 344 5527 1166 5600">
     <span class='ocr_line' id='line_1_103' title="bbox 344 5527 1166 5600; baseline -0.001 -16"><span class='ocrx_word' id='word_1_571' title='bbox 344 5529 403 5584; x_wconf 80' lang='grc' dir='ltr'>δὲ</span> <span class='ocrx_word' id='word_1_572' title='bbox 432 5528 543 5582; x_wconf 88' lang='grc' dir='ltr'><strong>τῶν</strong></span> <span class='ocrx_word' id='word_1_573' title='bbox 576 5528 795 5599; x_wconf 80' lang='grc' dir='ltr'>ἀγαθῶν</span> <span class='ocrx_word' id='word_1_574' title='bbox 828 5527 1166 5600; x_wconf 78' lang='grc' dir='ltr'>ἡττώμενος.</span> 
     </span>
    </p>
   </div>
   <div class='ocr_carea' id='block_1_103' title="bbox 421 5617 1715 5694">
    <p class='ocr_par' dir='ltr' id='par_1_103' title="bbox 421 5617 1715 5694">
     <span class='ocr_line' id='line_1_104' title="bbox 421 5617 1715 5694; baseline 0.001 -20"><span class='ocrx_word' id='word_1_575' title='bbox 421 5620 620 5693; x_wconf 76' lang='grc' dir='ltr'>Ὕϐρις</span> <span class='ocrx_word' id='word_1_576' title='bbox 652 5621 852 5694; x_wconf 79' lang='grc' dir='ltr'>μικρὸν</span> <span class='ocrx_word' id='word_1_577' title='bbox 896 5619 1203 5691; x_wconf 84' lang='grc' dir='ltr'>κρατοῦντα</span> <span class='ocrx_word' id='word_1_578' title='bbox 1240 5618 1518 5690; x_wconf 78' lang='grc' dir='ltr'>φυσᾶσθαι</span> <span class='ocrx_word' id='word_1_579' title='bbox 1550 5617 1715 5688; x_wconf 76' lang='grc' dir='ltr'>μέγα.</span> 
     </span>
    </p>
   </div>
   <div class='ocr_carea' id='block_1_104' title="bbox 417 5797 1780 5875">
    <p class='ocr_par' dir='ltr' id='par_1_104' title="bbox 417 5797 1780 5875">
     <span class='ocr_line' id='line_1_105' title="bbox 417 5797 1780 5875; baseline 0.001 -21"><span class='ocrx_word' id='word_1_580' title='bbox 417 5799 486 5855; x_wconf 86' lang='grc' dir='ltr'>Τί</span> <span class='ocrx_word' id='word_1_581' title='bbox 511 5797 606 5856; x_wconf 82' lang='grc' dir='ltr'>τοῦ</span> <span class='ocrx_word' id='word_1_582' title='bbox 636 5799 807 5873; x_wconf 81' lang='grc' dir='ltr'>τύφου</span> <span class='ocrx_word' id='word_1_583' title='bbox 839 5801 932 5858; x_wconf 82' lang='grc' dir='ltr'>καὶ</span> <span class='ocrx_word' id='word_1_584' title='bbox 965 5801 1061 5875; x_wconf 79' lang='grc' dir='ltr'>τῆς</span> <span class='ocrx_word' id='word_1_585' title='bbox 1093 5801 1350 5867; x_wconf 83' lang='grc' dir='ltr'>ἀπονοίας</span> <span class='ocrx_word' id='word_1_586' title='bbox 1377 5799 1737 5873; x_wconf 81' lang='grc' dir='ltr'>αἰσχρότερον</span> <span class='ocrx_word' id='word_1_587' title='bbox 1763 5812 1780 5867; x_wconf 83' lang='lat'><strong>;</strong></span> 
     </span>
    </p>
   </div>
   <div class='ocr_carea' id='block_1_105' title="bbox 2034 4599 3614 4676">
    <p class='ocr_par' dir='ltr' id='par_1_105' title="bbox 2034 4599 3614 4676">
     <span class='ocr_line' id='line_1_106' title="bbox 2034 4599 3614 4676; baseline 0.006 -22"><span class='ocrx_word' id='word_1_588' title='bbox 2034 4608 2129 4654; x_wconf 80' lang='lat' dir='ltr'><strong>aut</strong></span> <span class='ocrx_word' id='word_1_589' title='bbox 2165 4599 2299 4655; x_wconf 90' lang='lat' dir='ltr'><strong>dicit</strong></span> <span class='ocrx_word' id='word_1_590' title='bbox 2331 4600 2621 4654; x_wconf 87' lang='lat' dir='ltr'><strong>mundana</strong></span> <span class='ocrx_word' id='word_1_591' title='bbox 2642 4607 2697 4654; x_wconf 90' lang='lat' dir='ltr'><strong>ct</strong></span> <span class='ocrx_word' id='word_1_592' title='bbox 2727 4599 2886 4655; x_wconf 89' lang='lat' dir='ltr'><strong>nuda</strong></span> <span class='ocrx_word' id='word_1_593' title='bbox 2917 4600 3103 4671; x_wconf 85' lang='lat' dir='ltr'><strong>gloria</strong></span> <span class='ocrx_word' id='word_1_594' title='bbox 3126 4618 3312 4670; x_wconf 84' lang='lat' dir='ltr'><strong>causa,</strong></span> <span class='ocrx_word' id='word_1_595' title='bbox 3339 4620 3463 4675; x_wconf 88' lang='lat' dir='ltr'><strong>qua</strong></span> <span class='ocrx_word' id='word_1_596' title='bbox 3508 4607 3614 4676; x_wconf 87' lang='lat' dir='ltr'><strong>ipsi</strong></span> 
     </span>
    </p>
   </div>
   <div class='ocr_carea' id='block_1_106' title="bbox 2029 4691 3446 4762">
    <p class='ocr_par' dir='ltr' id='par_1_106' title="bbox 2029 4691 3446 4762">
     <span class='ocr_line' id='line_1_107' title="bbox 2029 4691 3446 4762; baseline 0.001 -16"><span class='ocrx_word' id='word_1_597' title='bbox 2029 4693 2165 4748; x_wconf 87' lang='lat' dir='ltr'><strong>vela</strong></span> <span class='ocrx_word' id='word_1_598' title='bbox 2190 4692 2592 4762; x_wconf 84' lang='lat' dir='ltr'><strong>spectatoribus</strong></span> <span class='ocrx_word' id='word_1_599' title='bbox 2632 4691 2717 4746; x_wconf 86' lang='lat' dir='ltr'><strong>vel</strong></span> <span class='ocrx_word' id='word_1_600' title='bbox 2752 4692 3102 4750; x_wconf 83' lang='lat' dir='ltr'><strong>auditoribus</strong></span> <span class='ocrx_word' id='word_1_601' title='bbox 3146 4694 3446 4750; x_wconf 86' lang='lat' dir='ltr'><strong>tribuatur.</strong></span> 
     </span>
    </p>
   </div>
   <div class='ocr_carea' id='block_1_107' title="bbox 2103 4782 3619 4859">
    <p class='ocr_par' dir='ltr' id='par_1_107' title="bbox 2103 4782 3619 4859">
     <span class='ocr_line' id='line_1_108' title="bbox 2103 4782 3619 4859; baseline 0.001 -20"><span class='ocrx_word' id='word_1_602' title='bbox 2103 4784 2373 4855; x_wconf 73' lang='lat' dir='ltr'><strong>Theologi.</strong></span> <span class='ocrx_word' id='word_1_603' title='bbox 2417 4782 2498 4841; x_wconf 84' lang='lat' dir='ltr'><strong>Ne</strong></span> <span class='ocrx_word' id='word_1_604' title='bbox 2552 4783 2788 4840; x_wconf 84' lang='lat' dir='ltr'><strong>multum</strong></span> <span class='ocrx_word' id='word_1_605' title='bbox 2840 4784 3072 4856; x_wconf 72' lang='lat' dir='ltr'><strong>tollere,</strong></span> <span class='ocrx_word' id='word_1_606' title='bbox 3130 4803 3200 4843; x_wconf 90' lang='lat' dir='ltr'><strong>ne</strong></span> <span class='ocrx_word' id='word_1_607' title='bbox 3253 4788 3425 4859; x_wconf 81' lang='lat' dir='ltr'><strong>magis</strong></span> <span class='ocrx_word' id='word_1_608' title='bbox 3477 4787 3619 4859; x_wconf 44' lang='lat' dir='ltr'><strong>deji‘</strong></span> 
     </span>
    </p>
   </div>
   <div class='ocr_carea' id='block_1_108' title="bbox 2030 4878 2199 4935">
    <p class='ocr_par' dir='ltr' id='par_1_108' title="bbox 2030 4878 2199 4935">
     <span class='ocr_line' id='line_1_109' title="bbox 2030 4878 2199 4935; baseline -0.012 -1"><span class='ocrx_word' id='word_1_609' title='bbox 2030 4878 2199 4935; x_wconf 87' lang='lat' dir='ltr'><strong>ciare.</strong></span> 
     </span>
    </p>
   </div>
   <div class='ocr_carea' id='block_1_109' title="bbox 2102 4966 3616 5041">
    <p class='ocr_par' dir='ltr' id='par_1_109' title="bbox 2102 4966 3616 5041">
     <span class='ocr_line' id='line_1_110' title="bbox 2102 4966 3616 5041; baseline 0.003 -20"><span class='ocrx_word' id='word_1_610' title='bbox 2102 4966 2281 5024; x_wconf 88' lang='lat' dir='ltr'><strong>Inanis</strong></span> <span class='ocrx_word' id='word_1_611' title='bbox 2312 4967 2485 5041; x_wconf 85' lang='lat' dir='ltr'><strong>gloria</strong></span> <span class='ocrx_word' id='word_1_612' title='bbox 2536 4980 2797 5040; x_wconf 82' lang='lat' dir='ltr'><strong>magnum</strong></span> <span class='ocrx_word' id='word_1_613' title='bbox 2843 4975 2931 5024; x_wconf 89' lang='lat' dir='ltr'><strong>est</strong></span> <span class='ocrx_word' id='word_1_614' title='bbox 2971 4966 3043 5024; x_wconf 83' lang='lat' dir='ltr'><strong>ad</strong></span> <span class='ocrx_word' id='word_1_615' title='bbox 3084 4967 3345 5024; x_wconf 79' lang='lat' dir='ltr'><strong>virtutem</strong></span> <span class='ocrx_word' id='word_1_616' title='bbox 3385 4967 3616 5040; x_wconf 84' lang='lat' dir='ltr'><strong>impedi-</strong></span> 
     </span>
    </p>
   </div>
   <div class='ocr_carea' id='block_1_110' title="bbox 2030 5070 2301 5116">
    <p class='ocr_par' dir='ltr' id='par_1_110' title="bbox 2030 5070 2301 5116">
     <span class='ocr_line' id='line_1_111' title="bbox 2030 5070 2301 5116; baseline -0.007 0"><span class='ocrx_word' id='word_1_617' title='bbox 2030 5070 2301 5116; x_wconf 82' lang='lat' dir='ltr'><strong>mentum.</strong></span> 
     </span>
    </p>
   </div>
   <div class='ocr_carea' id='block_1_111' title="bbox 2114 5149 3616 5225">
    <p class='ocr_par' dir='ltr' id='par_1_111' title="bbox 2114 5149 3616 5225">
     <span class='ocr_line' id='line_1_112' title="bbox 2114 5149 3616 5225; baseline 0.001 -20"><span class='ocrx_word' id='word_1_618' title='bbox 2114 5149 2458 5205; x_wconf 82' lang='lat' dir='ltr'><strong>Facillimum</strong></span> <span class='ocrx_word' id='word_1_619' title='bbox 2490 5163 2574 5208; x_wconf 86' lang='lat' dir='ltr'><strong>est</strong></span> <span class='ocrx_word' id='word_1_620' title='bbox 2600 5153 2844 5224; x_wconf 83' lang='lat' dir='ltr'><strong>seipsum</strong></span> <span class='ocrx_word' id='word_1_621' title='bbox 2892 5153 3100 5219; x_wconf 76' lang='lat' dir='ltr'><strong>fallere,</strong></span> <span class='ocrx_word' id='word_1_622' title='bbox 3147 5166 3211 5210; x_wconf 87' lang='lat' dir='ltr'><strong>ac</strong></span> <span class='ocrx_word' id='word_1_623' title='bbox 3267 5168 3380 5224; x_wconf 87' lang='lat' dir='ltr'><strong>pra</strong></span> <span class='ocrx_word' id='word_1_624' title='bbox 3444 5156 3616 5225; x_wconf 81' lang='lat' dir='ltr'><strong>gloria</strong></span> 
     </span>
    </p>
   </div>
   <div class='ocr_carea' id='block_1_112' title="bbox 2031 5242 3482 5315">
    <p class='ocr_par' dir='ltr' id='par_1_112' title="bbox 2031 5242 3482 5315">
     <span class='ocr_line' id='line_1_113' title="bbox 2031 5242 3482 5315; baseline -0.001 -15"><span class='ocrx_word' id='word_1_625' title='bbox 2031 5242 2181 5300; x_wconf 87' lang='lat' dir='ltr'><strong>inani</strong></span> <span class='ocrx_word' id='word_1_626' title='bbox 2214 5242 2463 5297; x_wconf 76' lang='lat' dir='ltr'><strong>inflatum</strong></span> <span class='ocrx_word' id='word_1_627' title='bbox 2503 5257 2564 5299; x_wconf 89' lang='lat' dir='ltr'><strong>se</strong></span> <span class='ocrx_word' id='word_1_628' title='bbox 2590 5244 2795 5315; x_wconf 85' lang='lat' dir='ltr'><strong>aliquid</strong></span> <span class='ocrx_word' id='word_1_629' title='bbox 2827 5253 3036 5315; x_wconf 86' lang='lat' dir='ltr'><strong>putare,</strong></span> <span class='ocrx_word' id='word_1_630' title='bbox 3064 5260 3187 5300; x_wconf 91' lang='lat' dir='ltr'><strong>cum</strong></span> <span class='ocrx_word' id='word_1_631' title='bbox 3213 5245 3350 5300; x_wconf 90' lang='lat' dir='ltr'><strong>nihil</strong></span> <span class='ocrx_word' id='word_1_632' title='bbox 3382 5249 3482 5301; x_wconf 84' lang='lat' dir='ltr'><strong>sis.</strong></span> 
     </span>
    </p>
   </div>
   <div class='ocr_carea' id='block_1_113' title="bbox 2097 5335 3131 5407">
    <p class='ocr_par' dir='ltr' id='par_1_113' title="bbox 2097 5335 3131 5407">
     <span class='ocr_line' id='line_1_114' title="bbox 2097 5335 3131 5407; baseline 0.001 -14"><span class='ocrx_word' id='word_1_633' title='bbox 2097 5335 2322 5406; x_wconf 88' lang='lat' dir='ltr'><strong>Opinari</strong></span> <span class='ocrx_word' id='word_1_634' title='bbox 2349 5337 2418 5393; x_wconf 91' lang='lat' dir='ltr'><strong>ab</strong></span> <span class='ocrx_word' id='word_1_635' title='bbox 2450 5352 2568 5393; x_wconf 89' lang='lat' dir='ltr'><strong>esse</strong></span> <span class='ocrx_word' id='word_1_636' title='bbox 2597 5338 2891 5407; x_wconf 88' lang='lat' dir='ltr'><strong>plurimum</strong></span> <span class='ocrx_word' id='word_1_637' title='bbox 2929 5339 3131 5394; x_wconf 81' lang='lat' dir='ltr'><strong>dill‘ert.</strong></span> 
     </span>
    </p>
   </div>
   <div class='ocr_carea' id='block_1_114' title="bbox 2102 5428 3617 5502">
    <p class='ocr_par' dir='ltr' id='par_1_114' title="bbox 2102 5428 3617 5502">
     <span class='ocr_line' id='line_1_115' title="bbox 2102 5428 3617 5502; baseline 0.001 -18"><span class='ocrx_word' id='word_1_638' title='bbox 2102 5428 2224 5486; x_wconf 82' lang='lat' dir='ltr'><strong>Noli</strong></span> <span class='ocrx_word' id='word_1_639' title='bbox 2256 5432 2503 5502; x_wconf 86' lang='lat' dir='ltr'><strong>cogitare</strong></span> <span class='ocrx_word' id='word_1_640' title='bbox 2529 5440 2583 5487; x_wconf 88' lang='lat' dir='ltr'><strong>te</strong></span> <span class='ocrx_word' id='word_1_641' title='bbox 2613 5432 2773 5487; x_wconf 90' lang='lat' dir='ltr'><strong>malis</strong></span> <span class='ocrx_word' id='word_1_642' title='bbox 2801 5433 2889 5487; x_wconf 82' lang='lat' dir='ltr'><strong>vid</strong></span> <span class='ocrx_word' id='word_1_643' title='bbox 2912 5433 2991 5487; x_wconf 90' lang='lat' dir='ltr'><strong>eri</strong></span> <span class='ocrx_word' id='word_1_644' title='bbox 3025 5429 3460 5500; x_wconf 64' lang='lat' dir='ltr'><strong>praestantiorem</strong></span> <span class='ocrx_word' id='word_1_645' title='bbox 3486 5446 3501 5485; x_wconf 85' lang='lat'><strong>:</strong></span> <span class='ocrx_word' id='word_1_646' title='bbox 3525 5430 3617 5485; x_wconf 89' lang='lat' dir='ltr'><strong>scd</strong></span> 
     </span>
    </p>
   </div>
   <div class='ocr_carea' id='block_1_115' title="bbox 2031 5520 3237 5593">
    <p class='ocr_par' dir='ltr' id='par_1_115' title="bbox 2031 5520 3237 5593">
     <span class='ocr_line' id='line_1_116' title="bbox 2031 5520 3237 5593; baseline 0.002 -19"><span class='ocrx_word' id='word_1_647' title='bbox 2031 5522 2215 5593; x_wconf 90' lang='lat' dir='ltr'><strong>potius</strong></span> <span class='ocrx_word' id='word_1_648' title='bbox 2255 5522 2475 5578; x_wconf 87' lang='lat' dir='ltr'><strong>tristare</strong></span> <span class='ocrx_word' id='word_1_649' title='bbox 2503 5522 2651 5593; x_wconf 89' lang='lat' dir='ltr'><strong>quod</strong></span> <span class='ocrx_word' id='word_1_650' title='bbox 2682 5524 2759 5579; x_wconf 87' lang='lat' dir='ltr'><strong>sis</strong></span> <span class='ocrx_word' id='word_1_651' title='bbox 2791 5523 2946 5578; x_wconf 89' lang='lat' dir='ltr'><strong>bonis</strong></span> <span class='ocrx_word' id='word_1_652' title='bbox 2986 5520 3237 5576; x_wconf 77' lang='lat' dir='ltr'><strong>inferior.</strong></span> 
     </span>
    </p>
   </div>
   <div class='ocr_carea' id='block_1_116' title="bbox 2107 5610 3615 5683">
    <p class='ocr_par' dir='ltr' id='par_1_116' title="bbox 2107 5610 3615 5683">
     <span class='ocr_line' id='line_1_117' title="bbox 2107 5610 3615 5683; baseline 0.003 -19"><span class='ocrx_word' id='word_1_653' title='bbox 2107 5610 2311 5680; x_wconf 85' lang='lat' dir='ltr'><strong>lnjuria</strong></span> <span class='ocrx_word' id='word_1_654' title='bbox 2345 5620 2452 5681; x_wconf 88' lang='lat' dir='ltr'><strong>est,</strong></span> <span class='ocrx_word' id='word_1_655' title='bbox 2485 5612 2532 5668; x_wconf 91' lang='lat' dir='ltr'><strong>si</strong></span> <span class='ocrx_word' id='word_1_656' title='bbox 2566 5612 2693 5683; x_wconf 87' lang='lat' dir='ltr'><strong>quis</strong></span> <span class='ocrx_word' id='word_1_657' title='bbox 2737 5626 2862 5666; x_wconf 91' lang='lat' dir='ltr'><strong>cum</strong></span> <span class='ocrx_word' id='word_1_658' title='bbox 2891 5610 3114 5681; x_wconf 89' lang='lat' dir='ltr'><strong>paulum</strong></span> <span class='ocrx_word' id='word_1_659' title='bbox 3148 5613 3346 5677; x_wconf 76' lang='lat' dir='ltr'><strong>valeat,</strong></span> <span class='ocrx_word' id='word_1_660' title='bbox 3382 5611 3615 5668; x_wconf 88' lang='lat' dir='ltr'><strong>multum</strong></span> 
     </span>
    </p>
   </div>
   <div class='ocr_carea' id='block_1_117' title="bbox 2036 5701 2283 5760">
    <p class='ocr_par' dir='ltr' id='par_1_117' title="bbox 2036 5701 2283 5760">
     <span class='ocr_line' id='line_1_118' title="bbox 2036 5701 2283 5760; baseline -0.012 0"><span class='ocrx_word' id='word_1_661' title='bbox 2036 5701 2283 5760; x_wconf 81' lang='lat' dir='ltr'><strong>inﬂetur.</strong></span> 
     </span>
    </p>
   </div>
   <div class='ocr_carea' id='block_1_118' title="bbox 2026 5796 3523 5868">
    <p class='ocr_par' dir='ltr' id='par_1_118' title="bbox 2026 5796 3523 5868">
     <span class='ocr_line' id='line_1_119' title="bbox 2026 5796 3523 5868; baseline 0.002 -14"><span class='ocrx_word' id='word_1_662' title='bbox 2026 5818 2037 5823; x_wconf 62' lang='grc' dir='ltr'><em>λ</em></span> <span class='ocrx_word' id='word_1_663' title='bbox 2105 5798 2165 5855; x_wconf 88' lang='lat' dir='ltr'><strong>S.</strong></span> <span class='ocrx_word' id='word_1_664' title='bbox 2196 5797 2468 5868; x_wconf 72' lang='lat' dir='ltr'><strong>6hrqsost.</strong></span> <span class='ocrx_word' id='word_1_665' title='bbox 2488 5799 2630 5866; x_wconf 83' lang='lat' dir='ltr'><strong>Quid</strong></span> <span class='ocrx_word' id='word_1_666' title='bbox 2661 5798 2808 5856; x_wconf 80' lang='lat' dir='ltr'><strong>fastu</strong></span> <span class='ocrx_word' id='word_1_667' title='bbox 2835 5805 2890 5856; x_wconf 88' lang='lat' dir='ltr'><strong>et</strong></span> <span class='ocrx_word' id='word_1_668' title='bbox 2917 5797 3231 5864; x_wconf 78' lang='lat' dir='ltr'><strong>arrogantia</strong></span> <span class='ocrx_word' id='word_1_669' title='bbox 3262 5796 3523 5867; x_wconf 72' lang='lat' dir='ltr'><strong>turbins?</strong></span> 
     </span>
    </p>
   </div>
  </div>
