4062 6222
543 246 690 335 3183

1789 250 2110 316 ANTONII
2147 253 2489 314 MELISSAE

3690 254 3831 322 1134

622 365 757 422 Vere
782 366 929 422 dicta
985 373 1068 422 est
1091 365 1160 421 ab
1214 364 1456 436 antiquis
1513 366 1693 422 inanis
1751 365 1947 436 gleria,
1985 365 2127 437 quod

2303 367 2545 431 Εἰκότως
2578 365 2797 438 εἴρηται
2855 369 3003 437 παρὰ
3057 368 3166 421 τῶν
3219 369 3474 424 παλαιῶν
3531 371 3828 435 κενοδοξία.

544 462 726 518 inanis
759 461 852 528 sit,
885 459 1020 518 nihil
1042 460 1190 517 intus
1220 462 1425 517 habens
1457 461 1603 530 quod
1635 460 1767 516 utile
1803 460 1893 518 sit.
1978 465 1980 470 '

620 665 776 736 (ἶνες.
813 662 977 736 Nyss.
1003 663 1230 719 Generis
1281 661 1538 718 nobilitas
1577 671 1631 716 et
1692 661 1863 717 fastus
1906 660 2127 732 superbi

548 738 927 829 cognationem
956 772 1079 811 cum
1114 755 1315 826 ﬁglinis
1343 755 1603 810 lateribus
1643 754 1868 832 habent.
1903 754 1982 823 (1)

619 853 928 907 Elii-enatus
958 859 1012 905 et
1056 859 1348 919 protervus
1378 861 1491 906 tum
1541 848 1664 903 aliis
1713 835 1853 901 adiri
1890 860 1998 900 non
2029 859 2127 915 po-

551 953 677 1013 test,
708 956 820 1002 tum
854 945 970 1016 ipse
999 945 1103 1001 sibi
1136 944 1392 1004 inimicus
1423 952 1530 1000 est.
1865 929 1868 932 ’

618 1057 674 1113 Si
708 1057 966 1113 detrahas
1028 1056 1302 1112 fastuosos
1333 1071 1536 1124 mores,
1567 1057 1662 1112 irae
1716 1055 1899 1112 nullus
1961 1056 2127 1111 relin-
2174 1089 2183 1096 -

548 1160 748 1221 quetur
784 1152 960 1204 locus.

618 1266 806 1319 Elatus
832 1274 913 1319 est
948 1277 1163 1333 semper
1187 1263 1561 1333 arrogantium
1593 1264 1834 1328 animus,
1857 1273 1912 1317 et
1944 1265 2009 1318 ad
2037 1279 2127 1319 su-

549 1359 734 1412 blimia
765 1373 980 1426 semper
1015 1358 1208 1421 fertur,
1241 1357 1531 1411 convivere
1579 1355 1963 1411 humilioribus
2019 1371 2125 1410 non

550 1452 852 1516 sustinens,
899 1457 954 1504 et
1000 1448 1342 1504 moderatum
1389 1457 1448 1505 et
1501 1448 1765 1504 humilem
1811 1447 2126 1518 despiciens

547 1545 819 1616 spiritum.

568 1645 570 1648 '
615 1636 952 1693 Laudatione
996 1637 1208 1692 sum‘ma
1261 1636 1456 1706 dignus
1505 1645 1610 1702 est,
1635 1635 1729 1704 qui
1779 1643 2125 1706 arrogantem

545 1733 680 1797 odit,
716 1731 967 1785 videlicet
1009 1729 1186 1798 ipsum
1220 1729 1546 1798 arrogantia:
1603 1727 1820 1788 vitium,
1849 1726 1993 1796 quod
2045 1734 2128 1780 est
2159 1707 2204 1767 Β

548 1823 796 1878 omnium
841 1821 1109 1874 malorum
1169 1819 1557 1881 foedissimum,
1605 1825 1720 1871 tum
1767 1817 1910 1885 apud
1959 1815 2130 1870 Deum

547 1924 663 1968 tum
687 1913 829 1981 apud
878 1911 1130 1964 homines
1171 1910 1423 1964 odiosum
1476 1919 1529 1961 et
1587 1907 1970 1976 rcjiciendum.
1996 1905 2130 1971 Quis

547 2004 692 2060 enim
753 2010 1183 2071 contemptorem
1233 2014 1340 2053 non
1394 2007 1549 2069 putat
1594 1998 1878 2051 molestum
1937 2006 1994 2050 et
2045 1996 2133 2050 in-

547 2092 942 2150 tolerandum?
1001 2091 1125 2159 quis
1175 2090 1455 2160 turgidum
1494 2104 1603 2142 non
1665 2089 1777 2142 odit
1836 2086 2135 2156 spiritum?

546 2189 669 2257 quis
695 2201 802 2240 non
829 2183 1043 2238 inﬂatos
1067 2181 1431 2251 objurgandos
1458 2182 1648 2250 putat“!

619 2280 842 2347 Semper
876 2275 1020 2330 enim
1051 2273 1454 2344 quodammodo
1484 2287 1749 2340 arrogans
1806 2281 1889 2327 est
1932 2271 2130 2337 audax,

548 2388 730 2444 asper,
765 2368 1080 2433 iracundus,
1109 2376 1160 2422 et
1189 2366 1458 2435 compesci
1491 2381 1598 2422 non
1618 2375 1813 2435 potest.

619 2461 877 2514 Clemem.
908 2455 1142 2510 Excelso
1169 2463 1225 2509 et
1253 2455 1493 2525 glorioso
1542 2455 1698 2509 aﬂixa
1747 2463 1831 2509 est
1881 2454 2133 2510 volubilis

546 2555 613 2609 ad
655 2551 1012 2607 humilitatem
1043 2547 1275 2602 mutatio
1303 2557 1357 2602 et
1399 2562 1584 2616 casus,
1615 2555 1677 2601 ut
1727 2547 1918 2603 divina
1973 2547 2134 2603 docet

547 2644 817 2700 doctrina.
887 2685 890 2687 λ

615 2696 1052 2788 ᾗίιίιοιιὶσώὶυιιι
1081 2696 1304 2802 quidam
1354 2731 1658 2800 sapientem
1705 2732 1950 2786 omnium
2008 2745 2133 2800 pos-

544 2835 779 2881 tremum
811 2837 1010 2879 exuere
1045 2821 1232 2888 inanis
1259 2821 1451 2891 gloriae
1489 2821 1760 2886 tunicam;
1802 2820 2003 2874 etenim
2074 2830 2134 2874 ut

545 2918 682 2972 alias
725 2915 1166 2986 perturbationes
1205 2922 1448 2984 superet,
1479 2928 1509 2968 a
1549 2911 1722 2983 gloria
1765 2920 1820 2970 et
1868 2927 1897 2966 a
1946 2911 2132 2983 populi

545 3011 856 3065 laudatione
890 3009 1135 3077 superari
1166 3009 1324 3062 solet.

618 3102 696 3156 Ex
745 3103 830 3157 his
862 3075 973 3172 Qui
997 3101 1050 3155 in
1094 3095 1384 3170 republica
1439 3104 1753 3163 versantur,
1781 3097 1830 3152 si
1876 3075 2202 3164 detrahasc

547 3197 802 3250 materias
828 3194 906 3268 [id
937 3203 1038 3258 est,
1072 3192 1219 3263 quod
1255 3188 1606 3260 forinsecus],
1629 3188 1792 3244 inane
1825 3187 2131 3258 sepulcrum

546 3287 704 3358 23],
739 3287 979 3357 reperies
1016 3292 1198 3340 mente
1229 3297 1452 3339 carens.
2041 3307 2044 3310 .

616 3403 887 3458 Honorem
912 3409 1004 3455 aut
1035 3398 1414 3468 magistratum
1453 3396 1578 3467 quis
1605 3394 1982 3464 contempsit?
2007 3393 2133 3449 Nul-

545 3498 632 3552 lus
657 3494 772 3550 fere
797 3494 1010 3549 illorum
1039 3491 1132 3562 qui
1161 3490 1344 3547 adhuc
1390 3487 1636 3546 immersi
1693 3487 1922 3544 fuerunt
1978 3487 2128 3543 inani

546 3588 762 3660 gloriae.

617 3704 853 3774 Evagrii.
884 3703 1161 3773 indignum
1191 3711 1275 3759 est
1308 3711 1369 3758 ut
1438 3703 1484 3759 is
1531 3702 1622 3773 qui
1666 3715 1856 3773 parum
1884 3700 2129 3770 prodest,

542 3795 1094 3868 multuml’glorietur.

612 3889 671 3944 ln
705 3889 961 3946 omnibus
995 3888 1159 3944 rebus
1189 3885 1375 3959 opinio
1403 3885 1630 3957 impedit
1669 3883 1799 3941 illttd
1849 3883 1996 3957 (μιοά
2045 3893 2130 3941 est

539 3999 753 4040 revera.

615 4071 917 4129 Ventilator
946 4073 1168 4153 virtutis
1197 4072 1413 4129 animus
1437 4072 1732 4144 superbus.

609 4165 857 4221 Cisterna
893 4165 1155 4228 destituta
1182 4163 1364 4234 aquis,
1393 4165 1612 4220 animus
1639 4166 1827 4236 gloria:
1871 4165 2122 4236 cupidus.

611 4254 891 4325 Superbus
926 4257 1143 4314 animus
1167 4257 1527 4312 diversorium
1570 4258 1876 4314 latronum.

612 4347 774 4406 Joan.
809 4350 969 4407 Clim.
995 4351 1256 4424 Jejunans
1285 4351 1470 4423 gloriae
1500 4351 1682 4407 inanis
1704 4352 1938 4422 cupidus
1971 4368 2120 4422 sum,

2201 451 2488 523 ’Διὰκενος
2523 460 2632 531 γάρ
2685 463 2835 515 ἐστιν
2891 461 3062 530 ἔνδον,
3107 463 3261 518 οὐδὲν
3292 463 3500 534 ἔχουσά
3547 483 3604 517 τι
3639 468 3832 536 χρήςιο

2234 567 2354 621 μον.

2312 666 2377 720 Ἦ
2429 668 2678 738 εὐγένεια
2722 672 2817 725 καὶ
2850 673 2882 742 ἡ
2916 672 3184 741 σεμνότης
3221 672 3317 726 τοῦ
3351 674 3733 745 ὑπερηφάνου
3773 679 3829 728 τδ

2233 763 2497 830 συγγενὲς
2525 763 2662 835 πρὸς
2693 762 2792 834 τὴν
2831 763 3053 817 πλίνθον
3083 765 3220 834 ἔχει.

2313 854 2373 906 Ὀ
2400 855 2616 926 ἀπηνὴς
2658 855 2754 908 καὶ
2803 855 3035 926 σοϐαρὸς
3071 855 3538 926 ἀπροσπέλαστός
3572 857 3701 908 ἐστι
3733 859 3834 921 τοῖς

2233 943 2538 1013 ἐγγίζουσι,
2561 944 2663 1000 καὶ
2687 944 2958 1016 δυσμενὴς
2983 944 3187 1016 ἑαυτῷ.

2312 1055 2442 1110 Ἐὰν
2485 1056 2692 1128 ὑφέλῃς
2733 1055 2827 1110 τοῦ
2859 1057 3031 1125 τύφου
3061 1057 3123 1110 τὸ
3150 1052 3308 1128 ἦθος,
3339 1058 3545 1131 καιρὸν
3582 1061 3694 1132 οὐχ
3729 1060 3836 1124 ἕξει

2231 1149 2290 1201 τὸ
2317 1149 2451 1202 κατὰ
2476 1148 2647 1219 θυμὸν
2680 1148 3004 1217 ἐγγενέσθαι
3049 1149 3241 1213 πάθος.

2301 1261 2590 1333 Μετέωρός
2636 1263 2784 1316 ἐστιν
2822 1262 2907 1316 ἀει
2950 1279 3068 1323 πως
3122 1262 3230 1315 τῶν
3286 1263 3583 1327 ἀλαζόνων
3617 1267 3647 1318 6
3687 1265 3827 1333 νοῦς,

2231 1353 2324 1406 καὶ
2355 1352 2492 1421 πρὸς
2539 1353 2610 1407 τὰ
2655 1353 2770 1407 ἄνω
2814 1353 3067 1423 φέρεται,
3103 1351 3336 1422 συζῆσαι
3367 1353 3829 1424 χθαμαλωτέροις

2231 1445 2331 1497 οὐκ
2362 1445 2714 1516 ἀνεχόμενος,
2745 1447 2840 1500 καὶ⁵
2871 1445 2932 1498 τὸ
2964 1443 3191 1516 μέτριον
3216 1445 3314 1500 καὶ
3341 1446 3616 1499 ταπεινὸν
3636 1448 3833 1513 (inab

2129 1577 2133 1582 .
2233 1533 2342 1597 ζων
2367 1531 2658 1606 φρόνημα.

2249 1648 2256 1652 ’
2302 1650 2594 1722 Εὑφημίας
2654 1650 2754 1722 τῆς
2800 1650 3086 1721 ἀνωτάτης
3144 1651 3294 1719 ἄξιος
3351 1653 3379 1705 6
3441 1651 3544 1706 τὸν
3598 1652 3833 1714 ἀλαζόνα

2237 1741 2431 1808 μισῶν,
2485 1743 2655 1812 ἤγουν
2706 1741 2838 1796 αὐτὸ
2870 1742 2930 1796 τὸ
2979 1743 3171 1813 χρῆμα
3223 1744 3323 1813 τὴν
3386 1743 3760 1809 ἀλαζονείαν,
3785 1751 3832 1797 τὲ

2236 1833 2455 1887 πάντων
2506 1833 2786 1904 αἴσχιστον
2813 1834 2924 1887 τῶν
2953 1836 3168 1897 κακῶν,
3201 1836 3296 1888 καὶ
3349 1836 3505 1906 παρὰ
3560 1836 3689 1907 Θεῷ
3749 1841 3834 1889 καὶ

2235 1926 2545 1997 ἀνθρώποις
2600 1928 2871 1999 στυγηρδν
2923 1928 3017 1980 καὶ
3069 1927 3402 1999 ἀπόϐλητον.
3461 1929 3566 1989 Τίς
3603 1930 3719 1997 γὰρ
3750 1931 3834 1983 τὸν

2235 2018 2552 2090 ὑπερόπτην
2585 2019 2683 2090 οὐχ
2735 2021 2953 2088 ἡγεῖται
3015 2019 3424 2092 φορτικόν;τῐς
3465 2021 3530 2074 τὸ
3600 2023 3836 2090 ὑπέρογ-

2237 2128 2333 2165 κον
2376 2111 2438 2164 οὐ
2484 2114 2838 2182 παραιτεῖται
2885 2113 3144 2185 φρόνημα
3171 2129 3186 2180 ;
3214 2113 3329 2174 τοῖς
3365 2114 3520 2182 μέγα
3587 2119 3834 2184 φοιτῶσιν

2235 2201 2320 2264 τίς
2345 2202 2444 2255 οὐκ
2471 2203 2702 2274 ὲπιτιμᾶ
2727 2221 2741 2270 ;

2321 2293 2434 2347 Ἀεὶ
2457 2294 2566 2364 γάρ
2595 2295 2712 2358 πώς
2740 2297 2891 2348 ἐστιν
2918 2295 2945 2348 6
2970 2295 3186 2362 ἀλαζὼν
3214 2296 3447 2370 Θρασὺς,
3479 2298 3581 2352 καὶ
3611 2300 3832 2352 defenc-

2240 2401 2352 2450 σος,
2385 2385 2647 2457 δύσοργός
2673 2405 2730 2441 τε
2764 2391 2858 2443 καὶ
2893 2390 3318 2455 ἀκατεύναστος.

2246 2487 2254 2490 ”
2306 2475 2398 2546 Τῷ
2439 2477 2734 2551 ὑψουμένῳ
2783 2481 2878 2534 καὶ
2930 2473 3360 2554 μεγαλυνομένῳ
3409 2483 3835 2555 παραπέπηγεν

2235 2567 2600 2639 ἀγχίστροφος
2629 2572 2662 2641 ὴ
2701 2571 2839 2640 πρὸς
2867 2572 2928 2625 τὸ
2955 2573 3212 2628 ταπεινὸν
3245 2575 3525 2646 μεταϐολὴ
3551 2576 3658 2628 καὶ
3686 2576 3833 2628 πτῶ-

2239 2677 2344 2728 σις,
2377 2661 2453 2726 ὡς
2479 2665 2506 2715 6
2538 2663 2680 2726 θεῖος
2701 2664 2945 2718 διδάσκει
2980 2665 3162 2734 λόγος.

2308 2753 2445 2805 Φασί
2471 2770 2638 2820 τινες,
2664 2755 2746 2808 ὅτι
2781 2756 3014 2812 ὕστατον
3046 2758 3382 2812 ἀποδύσεται
3409 2760 3505 2813 τὸν
3533 2761 3638 2830 τῆς
3672 2780 3829 2815 κενο-

2235 2842 2414 2909 δοξίας
2461 2846 2665 2916 χιτῶνα
2695 2849 2723 2900 6
2759 2850 2942 2919 σοφός.
2979 2852 3090 2904 Καὶ
3122 2850 3231 2919 γὰρ
3258 2851 3367 2903 τῶν
3420 2853 3607 2906 ἄλλων
3639 2856 3830 2907 παθῶν

2239 2942 2641 3010 περικρατήσει
2669 2957 2682 2972 ο
2715 2941 2852 2995 ἀλλὰ
2885 2946 2986 3013 τῆς
3017 2942 3175 3014 δόξης
3235 2945 3328 2997 καὶ
3378 2944 3475 2998 τοῦ
3527 2948 3685 3018 παρᾶ
3721 2949 3830 3008 τοῖς

2236 3028 2464 3094 nollet;
2491 3031 2718 3086 ἐπαίνου
2751 3033 2994 3104 πέφυκεν
3023 3035 3318 3106 ἡττᾶσθαι.

2308 3121 2430 3176 Τῶν
2465 3122 2755 3178 πολιτικῶν
2781 3125 2877 3178 ἐὰν
2902 3126 3002 3187 τὰς
3031 3125 3163 3191 ὕλας
3193 3127 3420 3200 ἀφέλῃς,
3449 3129 3620 3183 κενὸν
3659 3132 3827 3200 τάφον

2236 3214 2518 3287 εὑρήσεις,
2549 3215 2675 3272 νοῦν
2726 3217 2829 3271 οὐκ
2861 3217 3070 3290 ἔχοντα.
3626 3241 3632 3244 ·

2307 3414 2404 3478 Τίς
2455 3415 2624 3486 τιμῆς
2649 3416 2682 3487 ἢ
2713 3416 2891 3489 ἀρχῆς
2941 3422 3399 3498 καταπεφρόνηκε
3427 3441 3442 3491 ;
3470 3425 3673 3495 Σχεδὸν
3719 3427 3824 3478 τῶν

2237 3503 2320 3558 ἔτι
2372 3505 2743 3578 πεφυρμένων
2772 3510 2831 3561 ἐν
2867 3513 3054 3577 κεναῖς
3107 3509 3520 3588 δόξαιίςόὐδεὶς
3550 3515 3610 3567 τὸ
3643 3516 3822 3586 παρὰ·

2234 3605 2365 3648 παν.
3259 3597 3314 3610 ’⁷⁸

2308 3709 2492 3765 Δεινόν
2517 3711 2634 3765 ἐστι
2667 3711 2810 3783 μέγα
2839 3715 3058 3785 φρονεῖν
3089 3675 3634 3788 μικρᾶῖττρὰττοντα.

2316 3885 2405 3939 Ἐν
2435 3887 2600 3940 παντὶ
2629 3888 2690 3942 τὸ
2713 3889 2920 3944 οἴεσθαι
2949 3891 3027 3963 τῷ
3062 3889 3201 3948 εἶναι
3227 3894 3538 3965 ἐμποδίζει.

2304 4084 2609 4156 Λικμήτωρ
2638 4087 2842 4159 ἀρετῆς
2865 4089 3128 4161 λογισμὸς
3158 4091 3540 4165 ὑπερήφανος.

2300 4177 2516 4241 Λάκκος
2543 4178 2770 4250 ἄνυδρος
2803 4181 3080 4250 φιλόδοξος
3108 4185 3280 4258 ψυχή.

2313 4268 2698 4340 Ὑπερήφανος
2728 4270 2872 4343 ψυχὴ
2899 4275 3216 4348 πανδοχεῖον
3260 4278 3494 4351 λῃστῶν.

2301 4361 2598 4434 Νηστεύων
2638 4364 2926 4440 κενοδοξῶ,
2964 4369 3220 4423 καταλύω
3249 4370 3338 4425 ἵνα
3368 4374 3447 4444 μὴ
3468 4378 3728 4446 γνωσθῶ,
3752 4379 3821 4440 ὡς

541 4445 681 4500 abdo
713 4459 797 4498 me
826 4453 884 4499 ut
908 4445 1129 4516 ignotus
1174 4446 1299 4511 sim,
1335 4457 1593 4515 tanquam
1637 4444 1877 4513 prudens
1932 4461 2126 4502 rursus

2241 4419 2501 4541 φρόνιμος
2527 4456 2689 4511 πάλιν
2721 4419 3008 4525 κε’νοδοὲῶ.
3052 4462 3295 4531 Λαμπρὰ

540 4535 774 4606 gloriam
808 4548 1027 4605 appeto.
1067 4536 1360 4607 Splendide
1393 4537 1624 4593 vestitus
1657 4537 1726 4591 ab
1761 4536 1850 4591 illa
1885 4537 2119 4596 vincor:

537 4629 630 4684 vili
665 4627 852 4683 habitu
889 4637 1082 4692 tectus,
1112 4645 1331 4686 rursum
1383 4629 1613 4702 gloriam
1642 4629 1804 4701 cupio
1836 4647 1850 4684 :
1892 4630 2122 4700 loquens

535 4722 749 4786 vincor,
786 4729 975 4778 tacens
1005 4735 1196 4776 rursus
1242 4723 1418 4779 victus
1451 4739 1570 4780 sum
1602 4711 1968 4796 :quocunque
1997 4739 2122 4794 pro-

531 4813 730 4883 ieceris
754 4813 919 4870 istum
955 4811 1236 4881 tribulurn,
1263 4813 1488 4870 aculeus
1519 4803 1630 4871 stat
1663 4803 1870 4872 rectus.

605 4925 832 4982 Diﬂicile
847 4936 932 4984 est
949 4927 1126 4984 inanis
1149 4926 1337 4998 gloria:
1353 4927 1651 4986 daemonem
1671 4930 1907 5000 eﬂ‘ugere
1943 4949 1957 4997 ;
1992 4945 2120 4986 nam

535 5018 797 5087 quidquid
833 5021 1057 5075 molitus
1085 5018 1276 5086 fueris,
1307 5029 1366 5074 ut
1395 5019 1536 5074 hanc
1571 5023 2118 5094 exstirpes,idipsum

533 5108 643 5163 erit
675 5107 902 5163 alterius
934 5108 1112 5166 inanis
1136 5109 1321 5179 gloriae
1357 5109 1598 5165 initium.
2025 5171 2028 5174 ,

604 5198 716 5256 Fur
751 5199 924 5256 solem
953 5199 1274 5268 detestatur,
1309 5203 1579 5273 superbus
1611 5205 1893 5268 modestos
1946 5206 2124 5276 despi-

532 5292 630 5349 cit.

603 5387 793 5444 Melior
846 5397 931 5445 est
987 5402 1110 5446 curn
1145 5388 1358 5444 ratione
1399 5390 1510 5444 vini
1559 5391 1729 5460 potio,
1791 5405 1951 5461 quam
1983 5404 2109 5447 cum

532 5477 670 5534 fastu
709 5496 877 5552 aqua.

2234 4539 2482 4612 ἡττῶμαι
2507 4544 2735 4618 ταύτην,
2760 4548 2856 4598 καὶ
2889 4549 3082 4618 εὐτελῆ
3129 4549 3485 4613 ὲξαλλάσσων
3515 4539 3692 4612 πάλιν
3738 4577 3822 4612 κε-

2233 4633 2430 4698 νοδοξῶ
2456 4651 2470 4666 ο
2501 4634 2677 4689 λαλῶν
2711 4638 2988 4710 ἡττῶμαι,
3017 4641 3110 4692 καὶ
3160 4643 3450 4712 σιωπήσας
3501 4649 3680 4705 πάλιν
3732 4653 3820 4721 ἠτ-

2231 4725 2424 4815 τήθην.
2470 4727 2560 4791 Ὠς
2593 4728 2659 4782 ἂν
2694 4729 2858 4802 ῥίψῃς
2889 4733 2987 4803 τὴν
3014 4731 3262 4801 τρίόολον
3291 4736 3521 4808 ταύτην,
3553 4742 3724 4811 ὀρθὸν
3768 4746 3818 4797 τὲ

2230 4817 2466 4888 κέντρον
2486 4819 2721 4875 ἵσταται.

2301 4929 2555 5010 Χαλεπὸν
2585 4931 2875 5002 διαφυγεῖν
2921 4934 3012 4990 τὸν
3047 4939 3145 5008 τῆς
3198 4944 3511 5009 κενοδοξίας
3563 4947 3813 5016 δαίμονα.

2236 5021 2299 5074 ..ο
2337 5023 2446 5092 γὰρ
2481 5022 2697 5094 ποιήσει
2730 5041 2815 5089 τις
2846 5028 3208 5102 καθαιρήσειν
3242 5035 3434 5106 αὐτὴν,
3460 5037 3629 5092 τοῦτο
3671 5043 3810 5112 ἀρχὴ

2229 5113 2534 5179 κενοδοξίας
2565 5115 2758 5187 ἐτέρας
2787 5120 3098 5187 γενήσεται.

2299 5203 2655 5260 Βδελύττεται
2676 5208 2832 5278 ἥλιον
2855 5211 3116 5283 κλέπτης,
3145 5216 3502 5290 ὑπερήφανος
3523 5220 3583 5274 δὲ
3614 5225 3804 5296 πραεῖς

2224 5297 2513 5364 ὲξουθενεί.

2298 5393 2557 5462 Ἄμεινον
2585 5397 2618 5467 ἡ
2657 5399 2798 5467 μετὰ
2823 5399 2982 5472 λόγου
3007 5405 3285 5460 οἱνοποσὶα
3314 5405 3414 5476 τῆς
3451 5411 3597 5478 μετὰ
3621 5410 3794 5482 τύφω

2222 5483 2570 5554 ὑδροποσίας.

619 5657 692 5728 (t)
715 5655 984 5713 Nimirum
1010 5661 1138 5732 quia
1164 5675 1356 5720 omnes
1391 5659 1637 5718 homines
1661 5673 1727 5714 cx
1758 5657 1876 5727 luto.
1907 5668 1964 5716 ut
1993 5661 2194 5720 lateres
2221 5664 2495 5736 originem
2524 5667 2748 5725 ducunt.
