4032 6214
371 243 508 309 118.3

1095 245 1255 306 LOCI
1303 244 1733 306 COMMUNES.
1766 268 1836 280 ·-
1860 246 2054 306 PARS
2096 247 2176 306 II.
2211 241 2466 307 SERMO
2493 245 2719 310 LXXV.

3482 240 3615 304 1186

435 356 528 407 Δεῖ
556 352 666 406 τῶν
689 355 824 408 νέων
851 353 1262 425 ἐκπνευματοῦν
1294 357 1353 407 τι
1379 356 1569 425 οἴημα,
1599 355 1695 407 καὶ
1720 355 1812 408 τὸν
1839 355 1904 408 τῦ
1926 389 1933 396 -
1966 363 1982 417 Α

2114 353 2687 412 Platonis.Exliaurire
2715 368 2932 426 oportet
2996 374 3059 413 ex
3086 357 3288 414 animis
3341 357 3608 425 iuvenum

363 466 484 518 φον,
518 447 596 510 ὡς
624 445 734 500 τῶν
765 446 948 500 ἀσκῶν
978 446 1070 500 τὸν
1097 447 1232 516 ἀέρα
1265 450 1388 511 τοὺς
1442 447 1651 516 ὲκχέειν
1700 463 1754 499 τι
1814 447 1939 516 βου-

361 539 624 610 λομένους
681 537 1149 609 χρήσιμονοείδὲ
1197 537 1294 608 μὴ,
1318 537 1579 608 γέμοντες
1629 537 1794 606 όγκου
1843 537 1941 591 καὶ

363 633 707 703 φυσήματος,
738 629 801 682 οὐ
836 629 1246 699 προσδέχονται.

433 722 573 784 Τοὺς
610 721 710 790 μὲν
744 719 946 783 ἀσκοὺς
1001 721 1063 773 τδ
1117 718 1338 790 πνεῦμα
1393 718 1654 791 διίστησι,
1703 723 1830 786 τοὺς
1881 721 1940 775 δι

364 815 629 884 ἀνοήτους
665 811 990 883 ἀνθρώπους
1021 811 1082 864 τὸ
1112 810 1302 883 οἴημα.

446 906 508 958 '0
559 903 748 972 τῦφος,
776 901 965 973 ῶσπερ
999 901 1222 973 ποιμὴν,
1250 897 1311 955 οὒ
1344 901 1487 957 θέλει
1535 902 1661 966 τοὺς
1711 901 1942 967 πολλοὺς

366 999 510 1068 ἄγει.

447 1089 797 1160 Ἀλέξανδρος
827 1092 1057 1158 νοσήσας
1109 1089 1330 1160 μακρὰν
1381 1089 1555 1155 νόσον,
1592 1089 1668 1152 ὡς
1700 1089 1942 1162 ἀνέρρω-

369 1202 480 1248 σεν,
535 1183 686 1236 οὐδὲν
732 1181 834 1251 ἔφη
894 1180 1208 1250 διατεθῆναι
1261 1183 1460 1250 χεῖρονο
1493 1179 1778 1250 ὑπέμνησε
1826 1180 1939 1252 γὰρ

365 1277 514 1347 ἡμᾶς
547 1278 579 1344 ὴ
607 1277 758 1337 νόσος
791 1273 868 1344 μὴ
899 1274 1041 1344 μέγα
1071 1275 1290 1343 φρονεῖν
1323 1273 1552 1345 θνητοὺς
1579 1273 1760 1336 ὄντας.

447 1457 573 1512 Ἐὰν
609 1458 723 1530 ἴδῃς
754 1459 989 1529 πονηρὸν
1020 1458 1099 1522 είς
1147 1457 1281 1528 ὕψος
1312 1457 1620 1527 αἰρόμενον,

434 1549 687 1621 Δαμπρῷ
717 1567 776 1602 τε
810 1549 1022 1619 πλούτῳ
1057 1551 1146 1602 καὶ
1181 1549 1317 1620 τύχῃ
1349 1547 1749 1618 γαυρούμενον,

448 1644 653 1712 Ὀφρύν
684 1659 744 1694 τε
808 1642 994 1712 μεῖζον
1025 1641 1122 1709 τῆς
1150 1643 1321 1712 τύχης
1352 1634 1646 1710 ἐπαίροντα
1672 1656 1684 1668 ·

437 1732 641 1788 Τούτου
672 1732 857 1801 τόχιον
897 1731 1198 1801 μεταϐολὴν
1228 1729 1524 1798 προσδόκα,

447 1825 763 1894 Ἐπαίρεται
791 1823 898 1893 γὰρ
926 1823 1128 1890 μεῖξον,
1165 1822 1252 1875 ἵνα
1284 1825 1374 1874 καὶ
1409 1814 1593 1885 μεῖζον
1620 1821 1792 1892 πέσῃ.

434 1913 504 1968 Ὠ
552 1915 879 1985 τρισάθλιοι,
907 1911 1105 1979 πάντες
1144 1909 1514 1978 οῖ’φυσῶντες
1573 1913 1785 1974 ἑαυτοῖς
1843 1927 1936 1980 με-

368 2007 508 2075 γάλα
532 2007 546 2061 i

433 2099 600 2153 Αὐτοὶ
627 2099 735 2168 γὰρ
760 2097 860 2150 οὐκ
892 2096 1071 2150 ἴσασιν
1108 2093 1398 2166 ἀνθρώπου
1429 2094 1613 2164 φύσιν.
1797 2162 1814 2180 .

449 2190 825 2265 Ἀριστοτέλης
850 2187 1188 2258 θεασάμενος
1210 2187 1491 2239 νεανίσκον
1519 2186 1937 2256 κατωφρυωμέ-

366 2305 477 2354 νον,
512 2283 676 2356 μηδὲν
707 2283 763 2337 δὲ
790 2280 1176 2349 ἐπιστάμενον,
1211 2279 1505 2344 Νεανίσκε,
1550 2276 1678 2346 ἔφη,
1704 2273 1814 2340 οἷός
1847 2294 1934 2347 μοι

362 2382 538 2442 δοκεῖς
579 2378 743 2440 αὐτὸς
791 2371 952 2439 εἶναι,
987 2372 1097 2442 ἐγὼ
1139 2370 1402 2441 γενοίμην
1425 2384 1440 2398 °
1477 2363 1588 2432 οἷος
1622 2369 1678 2422 δὲ
1711 2371 1778 2439 τῇ
1801 2368 1937 2438 ἀλη-

365 2473 489 2544 θείᾳ
517 2472 804 2541 ὑπάρχεις,
839 2465 1076 2520 τοιοῦτοί
1113 2481 1200 2534 μοι
1228 2464 1279 2516 οἱ
1315 2462 1502 2533 ἐχθροὶ
1524 2462 1788 2528 γένοιντο.

445 2648 509 2702 '0
558 2645 719 2709 αὐτὸς
771 2643 1114 2711 κατανοήσας
1161 2639 1448 2709 μειράκιον
1484 2638 1578 2690 ἐπὶ
1613 2635 1940 2706 πολυτελείᾳ

364 2743 463 2811 τῆς
493 2738 760 2810 χὶαμύδος
785 2737 1204 2806 σεμνυνόμενον,
1230 2731 1304 2784 Οὐ
1341 2727 1564 2797 παύσει,
1586 2729 1711 2800 ἔφη,
1743 2727 1938 2799 μειρά-

366 2851 505 2898 κιον,
528 2834 620 2886 ἐπὶ
645 2830 921 2901 προϐάτου
956 2827 1090 2896 δορᾷ
1118 2823 1548 2894 σεμνυνόμενοςὶ

963 2918 1182 2972 ΛΟΓΟΣ
1219 2915 1342 2971 ΟΕ’.

887 3011 1026 3078 Περὶ
1067 3007 1413 3078 φιλαυτίας.

446 3111 507 3165 ’0
535 3109 708 3178 φιλῶν
742 3107 840 3176 τὴν
875 3103 1053 3173 ψυχὴν
1085 3101 1250 3156 αὐτοῦ
1303 3099 1564 3153 ἀπολέσει
1611 3097 1781 3167 αὑτήν
1808 3111 1822 3126 ⁶
1847 3097 1943 3150 καὶ

364 3204 395 3256 ὁ
423 3202 599 3272 μισῶν
626 3199 798 3269 αὐτὴν
827 3199 885 3249 ὲν
911 3195 988 3266 τῷ
1018 3193 1209 3264 κόσμῳ
1235 3191 1409 3260 τούτῳ
1435 3193 1512 3253 είς
1547 3189 1692 3258 ζωὴν
1720 3187 1944 3242 αἰώνιον

365 3294 594 3365 φυλάξει
625 3292 820 3360 αὐτήν.
1914 3361 1916 3364 ν

438 3387 552 3454 Οὐχ
607 3385 634 3436 6
681 3381 875 3434 ἑαυτὸν
931 3378 1215 3459 συνιστῶν,
1265 3379 1469 3442 ἐκεῖνός
1529 3378 1645 3429 ἐστι
1697 3377 1942 3446 δόκιμος,

365 3476 481 3535 ἀλλ’
511 3479 570 3530 ὃν
601 3479 628 3529 6
665 3475 868 3543 Κύριος
903 3471 1234 3542 συνίστησιν.

440 3573 502 3626 Οἱ
534 3571 727 3632 πάντες
751 3567 819 3620 τὰ
845 3566 1051 3620 ἑαυτῶν
1082 3561 1354 3633 ζητοῦσιν,
1382 3565 1441 3615 οὐ
1468 3563 1535 3615 τὰ
1560 3561 1652 3614 τοῦ
1682 3560 1942 3632 Χριστοῦ.

448 3755 558 3813 Πᾶς
591 3752 730 3822 ἀνὴρ
766 3747 1014 3818 φαίνεται
1051 3744 1229 3814 ἑαυτῷ
1261 3743 1488 3806 δίκαιος·
1527 3741 1847 3796 κατευθύνει
1883 3740 1942 3794 δὲ

369 3844 598 3915 καρδίας
629 3841 859 3910 Κύριος.

455 3955 883 4027 Ἐγκωμιαςέτω
912 3971 971 4006 σε
1012 3954 1041 4006 6
1069 3951 1262 4016 πέλας,
1293 3949 1389 4003 καὶ
1424 3948 1499 4020 μὴ
1533 3947 1592 4002 τὸ
1621 3947 1711 4001 σὺν
1743 3947 1939 4016 στόμα,

369 4052 644 4120 ἀλλότρια,
680 4053 773 4100 καὶ
805 4046 880 4116 μὴ
906 4046 975 4100 τὰ
999 4045 1068 4098 σὰ
1098 4043 1273 4114 χείλη.

444 4162 648 4223 Πάντες
700 4159 802 4228 μὲν
832 4156 1074 4219 εὐσεϐεῖς
1106 4154 1165 4220 ἐξ
1207 4154 1327 4218 ἐνὸς
1369 4153 1467 4208 τοῦ
1505 4149 1941 4222 καταγινώσκειν

369 4255 615 4325 ἀλλήλων
643 4253 917 4305 ἀσέϐειαν·
963 4251 996 4321 ἢ
1049 4248 1160 4301 τῶν
1213 4248 1312 4316 μὲν
1346 4246 1494 4300 ἰδίων
1526 4248 1690 4317 πράοι
1729 4243 1940 4314 κριταὶ,

369 4348 480 4400 τῶν
500 4346 556 4398 δὲ
587 4341 882 4413 ἀλλοτρίων
912 4340 1165 4412 ἀκριϐεῖς
1195 4338 1507 4404 ἐξετασταί.

442 4547 696 4617 Συνῶμεν
720 4542 973 4612 ἀλλήλοις
1015 4539 1422 4610 πνευματικῶς,
1460 4537 1748 4608 γενώμεθα
1782 4537 1937 4609 φιλάο

365 4641 548 4709 δελφοι
579 4637 780 4708 μᾶλλον
813 4634 846 4706 ἢ
878 4632 1148 4702 φίλαυτοι.

450 4755 508 4806 Ὀ
543 4727 617 4822 μὴ
677 4747 1115 4816 καταδεχόμενος
1175 4742 1275 4813 τὴν
1342 4744 1494 4812 παρὰ
1554 4743 1648 4796 τοῦ
1709 4742 1942 4811 ἀδελφοῦ

368 4845 668 4918 θεραπείαν
698 4839 1122 4911 προσαγομένην
1153 4835 1304 4904 αὑτῴ
1335 4835 1666 4903 ἁσύμφωνός
1697 4837 1814 4887 ἐστι
1843 4839 1938 4888 καὶ

367 4941 529 5000 αὺτῖς
551 4935 747 5006 ἑαυτῷ.
772 4934 960 4996 Οὐδεὶς
987 4932 1159 5000 φίλος,
1181 4929 1354 4992 οὐδεὶς
1376 4928 1622 4997 ἀδελφός·
1645 4930 1712 4979 τα
1735 4929 1944 4982 ὲαυτῶν

370 5035 682 5101 σκοποῦμεν
709 5029 962 5091 ἕκαστος,
993 5025 1083 5078 διὰ
1120 5022 1282 5076 τοῦτο
1315 5022 1410 5075 καὶ
1443 5021 1511 5074 τά
1546 5021 1754 5073 ἑαυτῶν
1790 5019 1945 5072 κολο-

367 5127 592 5196 ϐοῦμεν·
651 5123 746 5177 καὶ
810 5120 1084 5200 ἀσθενεῖς,
1149 5118 1246 5170 καὶ
1309 5115 1778 5182 εὑκαταγώνστοι
1851 5113 1946 5166 καὶ

375 5216 677 5285 ἆνορώποις
721 5213 816 5267 καὶ
861 5209 1094 5279 διαϐόλῳ
1121 5199 1290 5273 ἐσμὲν
1321 5209 1385 5260 ἐκ
1413 5199 1512 5259 ⁵τοῦ
1567 5205 1641 5276 μὴ
1683 5203 1947 5258 συνασπί-

365 5309 480 5372 ζειν
515 5306 786 5376 ἀλλήλοις.
829 5304 940 5357 Καὶ
966 5302 1074 5372 γὰρ
1105 5303 1162 5353 ὲν
1199 5291 1423 5369 πολέμῳ
1448 5299 1543 5351 καὶ
1573 5297 1879 5368 παρατάξει
1911 5298 1939 5349 6

367 5400 504 5470 πρὸς
546 5396 706 5449 τοῦτο
741 5395 901 5465 μόνον
948 5392 1092 5464 ὁρῶν
1138 5390 1497 5458 στρατιώτης,
1550 5390 1697 5451 ὅπως
1748 5388 1941 5443 ἑαυτὸν

365 5489 612 5561 ⁸ἷιασώσῃ
639 5486 852 5557 φυγὼν,
879 5485 974 5538 καὶ
1000 5483 1127 5545 τοὺς
1157 5482 1354 5544 ἀλλους
1391 5480 1512 5550 μεθ’
1549 5479 1740 5532 ἑαυτοῦ
1771 5495 1942 5550 προσ-

2045 444 2236 500 falsam
2270 445 2581 516 opinionem
2613 458 2666 502 et
2708 449 2930 513 fastum,
2967 451 3108 505 sicut
3141 464 3320 504 aerem
3365 465 3430 503 ex
3471 450 3614 501 utris

2043 536 2144 592 bus
2171 537 2302 592 utile
2330 537 2608 608 quippiam
2637 539 2870 596 infusuri
2908 548 3180 612 exsugunt
3210 557 3224 596 :
3255 557 3414 596 secus
3472 541 3617 595 enim

2047 627 2326 684 inflatione
2359 638 2414 685 et
2443 629 2636 697 spiritu
2665 637 2944 702 turgentes
2978 634 3112 687 nihil
3151 633 3471 687 admittunt.

2113 720 2372 775 Socratis.
2419 719 2582 777 Utres
2633 736 2729 778 aer
2789 723 3074 790 distendit,
3124 723 3372 779 homines
3436 731 3618 776 autem

2042 813 2236 869 stultos
2258 812 2462 884 epinio.

2120 903 2388 975 Diogenis.
2424 903 2620 962 Fastus
2659 905 2820 963 sicuti
2868 915 3075 980 pastor,
3099 921 3208 978 quo
3247 908 3374 962 libet
3420 907 3624 960 multos

2043 992 2217 1049 ducit.

2117 1084 2602 1144 Alex.Alexander
2643 1089 2903 1143 diuturno
2958 1089 3149 1144 morbo
3213 1086 3526 1148 aﬂiietatus,
3562 1097 3623 1140 ut

2045 1181 2341 1246 convaluit,
2369 1182 2591 1252 negavit
2637 1196 2695 1235 se
2753 1181 2908 1250 pejus
2937 1195 3056 1235 esse
3109 1179 3402 1243 affectum;
3441 1178 3627 1231 admo-

2047 1280 2140 1325 net
2177 1273 2320 1326 enim
2380 1290 2478 1330 nos
2533 1273 2823 1345 :Pgt‘itudo,
2868 1273 3123 1327 mortales
3167 1287 3289 1326 cum
3333 1271 3526 1336 simus,
3562 1285 3628 1324 ne

2045 1364 2333 1432 magnifice
2373 1367 2437 1421 de
2469 1367 2627 1421 nobis
2660 1367 2983 1422 sentiamus.

2046 1455 2102 1512 Si
2137 1460 2338 1516 videris
2392 1462 2699 1531 improbum
2757 1462 2808 1514 in
2847 1461 3014 1515 altum
3067 1460 3295 1532 gradum
3349 1467 3626 1523 evectum,

2045 1549 2360 1622 Magnisque
2423 1554 2619 1623 opibus
2650 1565 2701 1608 ct
2731 1555 2947 1608 fortuna
3005 1556 3386 1616 exsultantem,

2047 1642 2456 1714 Superciliaque
2490 1659 2651 1715 supra
2695 1644 2966 1699 fortunam
3007 1645 3357 1700 extollentem
3382 1684 3399 1712 ,

1969 1697 2012 1753 Β
2043 1733 2176 1802 Ejus
2217 1736 2556 1790 celerrimam
2586 1745 2841 1804 exspecta
2875 1738 3230 1791 mutationem
3266 1757 3281 1803 ;

2047 1821 2282 1877 Tollitur
2314 1826 2457 1878 enim
2487 1826 2765 1890 altissime,
2793 1835 2852 1878 ut
2887 1827 3079 1895 majori
3115 1843 3242 1880 casu
3277 1835 3414 1881 ruat.

2110 1911 2414 1966 Menandri.
2451 1911 2495 1968 Ο
2543 1921 2625 1968 ter
2676 1914 2883 1980 miseri,
2943 1924 3206 1985 quotquot
3252 1914 3459 1985 magnis
3493 1921 3624 1970 sunt

2039 2001 2208 2057 inﬂati
2243 2006 2407 2059 rebus
2429 2007 2442 2060 i

2109 2094 2214 2162 ipsi
2285 2097 2426 2149 enim
2465 2096 2702 2152 hominis
2755 2106 3005 2150 naturam
3043 2112 3148 2151 non
3188 2105 3411 2161 norunt.

2109 2187 2272 2239 Arist.
2292 2187 2607 2242 Aristoteles
2625 2188 3086 2244 adolescentulum
3123 2189 3423 2258 superciliis
3439 2187 3624 2246 subla-

2041 2276 2110 2332 tis
2135 2279 2536 2346 superbientem
2557 2281 2928 2350 conspicatus,
2950 2283 3044 2336 sed
3069 2283 3215 2336 nulla
3242 2283 3466 2338 scientia
3488 2298 3624 2352 pras-

2039 2367 2214 2422 ditum
2253 2369 2738 2431 :Adolesccntule,
2762 2371 2961 2440 inquit,
2995 2372 3199 2425 utinam
3259 2374 3381 2427 talis
3426 2388 3624 2441 essem,

2039 2458 2218 2528 qualis
2249 2458 2365 2528 ipse
2409 2460 2503 2514 tibi
2545 2461 2768 2526 videris,
2814 2461 2994 2532 qualis
3048 2471 3227 2517 autem
3286 2476 3473 2517 revera
3541 2478 3624 2528 es,

2039 2550 2175 2604 tales
2205 2549 2558 2605 ﬁaut~hostes
2599 2551 2728 2606 mei.

2109 2639 2258 2695 Idem
2297 2657 2420 2698 cum
2474 2643 2945 2698 animadvertisset
2971 2652 3290 2714 sumptuosa
3341 2642 3626 2713 chlamyde

2040 2734 2506 2788 adolescentulum
2537 2749 2597 2790 se
2631 2735 2964 2804 jactantem:
3001 2735 3116 2788 Non
3143 2735 3386 2800 desines,
3416 2737 3618 2806 inquit,

2041 2825 2459 2886 adolescentulo,
2491 2827 2608 2880 Ovis
2643 2828 2775 2896 pelle
2803 2827 3021 2896 gloriari
3048 2827 3072 2880 *ί

2319 2919 2479 2990 232
2511 2917 2743 2974 SEliMO
2771 2918 2961 2974 LXXV
3005 2919 3101 2991 [αι.
3135 2919 3402 2994 LXXXI].

2610 3011 2688 3066 De
2717 3029 2898 3066 amore
2925 3015 3011 3066 sui
3032 3053 3046 3068 .

2119 3104 2283 3159 Joan.
2311 3121 2408 3160 xu.
2445 3104 2547 3171 Qui
2587 3113 2733 3158 amat
2773 3104 3012 3158 animam
3041 3120 3222 3171 suam,
3253 3107 3439 3176 perdet
3465 3120 3622 3162 eam:

2048 3203 2102 3249 et
2126 3195 2218 3266 qui
2259 3196 2374 3248 odit
2406 3210 2524 3249 eam
2563 3195 2617 3248 in
2660 3197 2766 3249 hoc
2797 3195 3003 3249 mundo
3030 3235 3044 3262 ,
3102 3197 3155 3250 in
3208 3199 3372 3250 vitam
3424 3197 3622 3268 sempi-

2044 3267 2256 3342 ternam
2291 3285 2563 3342 custodiet
2592 3302 2738 3341 eam.

2119 3378 2180 3432 II
2217 3377 2343 3434 Cor.
2376 3395 2428 3432 χ.
2461 3380 2580 3433 Non
2616 3381 2710 3449 qui
2761 3379 2940 3450 seipse
2967 3381 3339 3448 commendat,
3374 3381 3460 3436 hic
3497 3396 3624 3452 pro-

2047 3470 2214 3526 batus
2241 3482 2350 3534 est,
2383 3471 2478 3524 sed
2515 3456 2679 3540 quem
2712 3474 2853 3527 Deus
2885 3475 3230 3530 commendat

2115 3560 2319 3616 Omnes
2370 3575 2490 3632 quae
2519 3576 2619 3618 sua
2679 3572 2806 3618 sunt
2857 3573 3125 3633 quaerunt,
3178 3581 3284 3621 non
3331 3581 3452 3638 qua:
3498 3576 3625 3624 sunt

2047 3651 2275 3708 Christi.

2117 3742 2389 3801 Salomon.
2445 3745 2634 3812 Quiris
2683 3746 2788 3801 sibi
2847 3746 3062 3801 videtur
3109 3745 3316 3815 justus,
3369 3746 3465 3802 sed
3525 3761 3622 3803 cor

2045 3829 2312 3884 Dominus
2341 3831 2552 3902 dirigit.

2118 3939 2384 4011 Theologi.
2405 3940 2611 3996 Laudet
2645 3950 2695 3998 te
2720 3944 3026 4013 proximus,
3053 3959 3162 3999 non
3190 3960 3252 4002 os
3282 3955 3455 4011 tuum,
3480 3945 3621 4002 labia

2044 4031 2219 4088 aliena
2234 4075 2250 4102 ,
2292 4049 2398 4088 non
2436 4044 2545 4088 tua.

2114 4144 2317 4201 Omnes
2363 4147 2618 4202 videntur
2660 4147 2739 4218 pii
2773 4147 2844 4202 .in
2900 4147 3005 4204 hoc
3033 4163 3165 4217 uno,
3210 4150 3622 4209 condemnando

2045 4237 2304 4294 videlicet
2351 4240 2441 4294 alii
2474 4239 2611 4294 alios
2640 4240 2978 4310 impietatis:
3011 4256 3240 4298 suorum
3269 4255 3620 4313 peccatorum

1971 4371 2015 4429 Β
2047 4344 2239 4400 parum
2290 4333 2466 4387 severi
2513 4332 2748 4402 iudices,
2777 4333 3081 4388 alienorum
3137 4343 3340 4390 autem
3372 4339 3618 4394 accurati

2042 4424 2470 4480 exatninatores.

2111 4538 2512 4590 Conversemur
2532 4536 2624 4590 alii
2664 4536 2787 4591 aliis
2821 4537 3197 4608 spiritualiter,
3226 4550 3280 4596 et
3310 4540 3483 4596 simus
3512 4540 3624 4597 fra-

2041 4633 2186 4683 trum
2220 4628 2394 4699 magis
2425 4643 2588 4698 quam
2621 4630 2792 4683 nostri
2820 4638 3096 4687 amantes.

2116 4744 2174 4800 S.
2205 4742 2477 4812 Chrysost.
2506 4743 2608 4808 Qui
2665 4758 2771 4798 non
2816 4742 2999 4800 fratris
3046 4744 3368 4811 obsequium
3426 4745 3620 4814 accipit

2049 4837 2192 4908 quod
2218 4837 2306 4890 ille
2332 4836 2508 4902 oii‘crt,
2534 4850 2717 4890 secum
2752 4835 2866 4906 ipse
2889 4837 3159 4894 dissentit.
3179 4833 3348 4890 Nemo
3387 4837 3619 4905 amicus,

2054 4945 2211 4984 nemo
2228 4917 2417 4991 frater,
2445 4929 2562 4982 suis
2585 4927 2820 4997 quisque
2851 4929 3018 4982 servit
3042 4926 3366 4993 commodis,
3386 4928 3619 4996 ideoque

2046 5036 2146 5076 sua
2177 5009 2412 5090 quisque
2440 5018 2675 5072 minuit:
2703 5028 2756 5072 et
2797 5019 3000 5072 infirmi
3052 5029 3099 5072 et
3129 5018 3399 5074 debellatu
3435 5019 3504 5072 fat
3527 5019 3622 5073 ilcs

2043 5121 2157 5168 tum
2193 5110 2531 5177 hominibus,
2563 5120 2677 5164 tum
2702 5109 2925 5164 diabolo
2949 5125 3162 5177 sumus,
3189 5113 3330 5182 quod
3370 5111 3459 5164 alii
3479 5111 3618 5164 alios

2049 5220 2157 5259 non
2182 5203 2542 5258 defendimus.
2573 5201 2706 5255 Nam
2739 5203 2902 5256 etiam
2937 5203 2990 5256 in
3025 5219 3200 5274 pugna
3229 5215 3281 5258 et
3323 5204 3437 5257 acie
3467 5202 3622 5255 miles

2043 5297 2137 5367 qui
2177 5311 2326 5353 suam
2364 5296 2534 5352 solius
2576 5295 2814 5350 salutem
2872 5295 2927 5350 in
2979 5285 3161 5350 animo
3211 5296 3369 5349 habet
3405 5295 3617 5349 caeteris

2054 5405 2268 5459 quoque
2296 5388 2527 5458 proripit
2574 5395 2627 5442 et
2672 5387 2866 5457 perdit.
2903 5386 2943 5438 E
2967 5395 3155 5441 contra
3182 5388 3263 5440 vir
3297 5387 3450 5441 fortis
3478 5396 3531 5441 et
3563 5401 3623 5442 se

2051 5489 2104 5537 et
2139 5481 2276 5536 alios
2299 5490 2500 5536 servat.

373 5590 684 5644 ιπόλλυσινο
728 5585 916 5654 ὥσπερ
995 5578 1089 5637 οὖν
1140 5581 1168 5635 ό
1219 5581 1491 5650 γενναῖος,
1561 5578 1656 5636 καὶ
1701 5579 1843 5664 ὑπὲρ
1894 5579 2008 5634 τῶν
2043 5578 2220 5634 ἄλλων
2266 5580 2336 5634 τὰ
2394 5576 2536 5634 ὅπλα
2590 5577 2893 5662 τιθέμενος,
2939 5575 3080 5647 μετά
3140 5573 3248 5630 τῶν
3300 5573 3475 5630 ἀλλων
3525 5578 3622 5632 καὶ

370 5682 558 5737 non»;
592 5677 869 5741 διασώζει.
