  <div class='ocr_page' id='page_1' title='image "/cluster/home/n/w/nwhite01/storage/ocr_20150623/136/hvd.32044054100201/602.png"; bbox 0 0 4032 6214; ppageno 0'>
   <div class='ocr_carea' id='block_1_1' title="bbox 365 305 499 367">
    <p class='ocr_par' dir='ltr' id='par_1_1' title="bbox 365 305 499 367">
     <span class='ocr_line' id='line_1_1' title="bbox 365 305 499 367; baseline 0.007 -1"><span class='ocrx_word' id='word_1_1' title='bbox 365 305 499 367; x_wconf 77' lang='lat'><strong>1189</strong></span> 
     </span>
    </p>
   </div>
   <div class='ocr_carea' id='block_1_2' title="bbox 1138 307 2829 376">
    <p class='ocr_par' dir='ltr' id='par_1_2' title="bbox 1138 307 2829 376">
     <span class='ocr_line' id='line_1_2' title="bbox 1138 307 2829 376; baseline 0.005 -9"><span class='ocrx_word' id='word_1_2' title='bbox 1138 307 1312 368; x_wconf 83' lang='lat' dir='ltr'><strong>LOCI</strong></span> <span class='ocrx_word' id='word_1_3' title='bbox 1352 308 1793 371; x_wconf 74' lang='lat' dir='ltr'><strong>COMMUNES.</strong></span> <span class='ocrx_word' id='word_1_4' title='bbox 1824 334 1895 345; x_wconf 90' lang='grc'><strong><em>-</em></strong></span> <span class='ocrx_word' id='word_1_5' title='bbox 1931 309 2123 371; x_wconf 71' lang='lat' dir='ltr'><strong>PARS</strong></span> <span class='ocrx_word' id='word_1_6' title='bbox 2154 312 2234 375; x_wconf 79' lang='grc' dir='ltr'><strong>ΙΙ.</strong></span> <span class='ocrx_word' id='word_1_7' title='bbox 2277 314 2536 375; x_wconf 76' lang='lat' dir='ltr'><strong>SERMO</strong></span> <span class='ocrx_word' id='word_1_8' title='bbox 2568 313 2829 376; x_wconf 75' lang='lat' dir='ltr'><strong>LXXVI.</strong></span> 
     </span>
    </p>
   </div>
   <div class='ocr_carea' id='block_1_3' title="bbox 3490 310 3633 376">
    <p class='ocr_par' dir='ltr' id='par_1_3' title="bbox 3490 310 3633 376">
     <span class='ocr_line' id='line_1_3' title="bbox 3490 310 3633 376; baseline -0.014 -2"><span class='ocrx_word' id='word_1_9' title='bbox 3490 310 3633 376; x_wconf 78' lang='grc'><strong>1190</strong></span> 
     </span>
    </p>
   </div>
   <div class='ocr_carea' id='block_1_4' title="bbox 361 417 1987 493">
    <p class='ocr_par' dir='ltr' id='par_1_4' title="bbox 361 417 1987 491">
     <span class='ocr_line' id='line_1_4' title="bbox 361 417 1987 491; baseline -0.001 -18"><span class='ocrx_word' id='word_1_10' title='bbox 361 417 584 488; x_wconf 79' lang='grc' dir='ltr'>Μάρθα,</span> <span class='ocrx_word' id='word_1_11' title='bbox 622 419 895 490; x_wconf 75' lang='grc' dir='ltr'><strong>μεριμνᾷς</strong></span> <span class='ocrx_word' id='word_1_12' title='bbox 916 419 1012 472; x_wconf 72' lang='grc' dir='ltr'>καὶ</span> <span class='ocrx_word' id='word_1_13' title='bbox 1054 418 1302 491; x_wconf 75' lang='grc' dir='ltr'>τυρϐἀζῃ</span> <span class='ocrx_word' id='word_1_14' title='bbox 1329 420 1459 490; x_wconf 82' lang='grc' dir='ltr'>περὶ</span> <span class='ocrx_word' id='word_1_15' title='bbox 1486 418 1676 474; x_wconf 77' lang='grc' dir='ltr'>πολλά.</span> <span class='ocrx_word' id='word_1_16' title='bbox 1718 420 1872 482; x_wconf 74' lang='grc' dir='ltr'>Ἐνδς</span> <span class='ocrx_word' id='word_1_17' title='bbox 1901 420 1956 472; x_wconf 83' lang='grc' dir='ltr'>δέ</span> <span class='ocrx_word' id='word_1_18' title='bbox 1985 472 1987 478; x_wconf 34' lang='grc' dir='ltr'><strong><em>λ</em></strong></span> 
     </span>
    </p>
   </div>
   <div class='ocr_carea' id='block_1_5' title="bbox 2092 417 3635 493">
    <p class='ocr_par' dir='ltr' id='par_1_5' title="bbox 2092 425 3635 493">
     <span class='ocr_line' id='line_1_5' title="bbox 2092 425 3635 493; baseline 0.003 -16"><span class='ocrx_word' id='word_1_19' title='bbox 2092 426 2173 491; x_wconf 87' lang='lat' dir='ltr'><strong>ha,</strong></span> <span class='ocrx_word' id='word_1_20' title='bbox 2206 425 2439 493; x_wconf 82' lang='lat' dir='ltr'><strong>Martha,</strong></span> <span class='ocrx_word' id='word_1_21' title='bbox 2473 428 2708 484; x_wconf 82' lang='lat' dir='ltr'><strong>sollicita</strong></span> <span class='ocrx_word' id='word_1_22' title='bbox 2764 444 2824 484; x_wconf 91' lang='lat' dir='ltr'><strong>es</strong></span> <span class='ocrx_word' id='word_1_23' title='bbox 2877 437 2925 483; x_wconf 91' lang='lat' dir='ltr'><strong>el</strong></span> <span class='ocrx_word' id='word_1_24' title='bbox 2976 428 3217 484; x_wconf 87' lang='lat' dir='ltr'><strong>turbaris</strong></span> <span class='ocrx_word' id='word_1_25' title='bbox 3243 428 3389 483; x_wconf 88' lang='lat' dir='ltr'><strong>eirea</strong></span> <span class='ocrx_word' id='word_1_26' title='bbox 3436 428 3635 481; x_wconf 87' lang='lat' dir='ltr'><strong>multas</strong></span> 
     </span>
    </p>
   </div>
   <div class='ocr_carea' id='block_1_6' title="bbox 363 494 1946 581">
    <p class='ocr_par' dir='ltr' id='par_1_6' title="bbox 363 494 1946 581">
     <span class='ocr_line' id='line_1_6' title="bbox 363 494 1946 581; baseline 0.002 -19"><span class='ocrx_word' id='word_1_27' title='bbox 363 510 479 562; x_wconf 74' lang='grc' dir='ltr'>ίστι</span> <span class='ocrx_word' id='word_1_28' title='bbox 521 508 702 578; x_wconf 89' lang='grc' dir='ltr'>χρεία.</span> <span class='ocrx_word' id='word_1_29' title='bbox 746 510 938 580; x_wconf 84' lang='grc' dir='ltr'>Μαρία</span> <span class='ocrx_word' id='word_1_30' title='bbox 962 510 1021 564; x_wconf 83' lang='grc' dir='ltr'><strong>δὲ</strong></span> <span class='ocrx_word' id='word_1_31' title='bbox 1046 494 1151 580; x_wconf 66' lang='grc' dir='ltr'>τὴν</span> <span class='ocrx_word' id='word_1_32' title='bbox 1168 511 1377 581; x_wconf 80' lang='grc' dir='ltr'>ἀγαθὴν</span> <span class='ocrx_word' id='word_1_33' title='bbox 1423 510 1617 581; x_wconf 81' lang='grc' dir='ltr'>μερίδα</span> <span class='ocrx_word' id='word_1_34' title='bbox 1643 511 1946 579; x_wconf 73' lang='grc' dir='ltr'><strong>ἐξελέξατο,</strong></span> 
     </span>
    </p>
   </div>
   <div class='ocr_carea' id='block_1_7' title="bbox 364 600 1430 673">
    <p class='ocr_par' dir='ltr' id='par_1_7' title="bbox 364 600 1430 673">
     <span class='ocr_line' id='line_1_7' title="bbox 364 600 1430 673; baseline 0.002 -20"><span class='ocrx_word' id='word_1_35' title='bbox 364 601 484 672; x_wconf 69' lang='grc' dir='ltr'>ἣτις</span> <span class='ocrx_word' id='word_1_36' title='bbox 516 601 616 654; x_wconf 81' lang='grc' dir='ltr'>οὐκ</span> <span class='ocrx_word' id='word_1_37' title='bbox 642 601 1081 673; x_wconf 80' lang='grc' dir='ltr'><strong>ἀφαιρεθήσεται</strong></span> <span class='ocrx_word' id='word_1_38' title='bbox 1116 600 1212 655; x_wconf 85' lang='grc' dir='ltr'>ἀπ’</span> <span class='ocrx_word' id='word_1_39' title='bbox 1238 601 1430 672; x_wconf 84' lang='grc' dir='ltr'>αὐτῆς.</span> 
     </span>
    </p>
   </div>
   <div class='ocr_carea' id='block_1_8' title="bbox 437 692 1953 767">
    <p class='ocr_par' dir='ltr' id='par_1_8' title="bbox 437 692 1953 767">
     <span class='ocr_line' id='line_1_8' title="bbox 437 692 1953 767; baseline 0.003 -21"><span class='ocrx_word' id='word_1_40' title='bbox 437 692 752 765; x_wconf 79' lang='grc' dir='ltr'><strong>Παρακαλῶ</strong></span> <span class='ocrx_word' id='word_1_41' title='bbox 786 693 881 748; x_wconf 84' lang='grc' dir='ltr'>οὖν</span> <span class='ocrx_word' id='word_1_42' title='bbox 935 694 1104 766; x_wconf 78' lang='grc' dir='ltr'>ὑμᾶς,</span> <span class='ocrx_word' id='word_1_43' title='bbox 1154 692 1398 763; x_wconf 76' lang='grc' dir='ltr'>ἀδελφοὶ,</span> <span class='ocrx_word' id='word_1_44' title='bbox 1434 694 1785 766; x_wconf 76' lang='grc' dir='ltr'><strong>περισσεύειν</strong></span> <span class='ocrx_word' id='word_1_45' title='bbox 1819 696 1953 767; x_wconf 78' lang='grc' dir='ltr'>μᾶλ-</span> 
     </span>
    </p>
   </div>
   <div class='ocr_carea' id='block_1_9' title="bbox 367 786 1955 859">
    <p class='ocr_par' dir='ltr' id='par_1_9' title="bbox 367 786 1955 859">
     <span class='ocr_line' id='line_1_9' title="bbox 367 786 1955 859; baseline 0.001 -19"><span class='ocrx_word' id='word_1_46' title='bbox 367 793 480 851; x_wconf 83' lang='grc' dir='ltr'>λον,</span> <span class='ocrx_word' id='word_1_47' title='bbox 530 786 628 840; x_wconf 63' lang='grc' dir='ltr'><strong>καὶ</strong></span> <span class='ocrx_word' id='word_1_48' title='bbox 657 786 1062 857; x_wconf 70' lang='grc' dir='ltr'>φιλοτιμεῖσθαι</span> <span class='ocrx_word' id='word_1_49' title='bbox 1092 788 1411 859; x_wconf 78' lang='grc' dir='ltr'><strong>ἡσυχάζειν,</strong></span> <span class='ocrx_word' id='word_1_50' title='bbox 1462 790 1558 841; x_wconf 80' lang='grc' dir='ltr'>καὶ</span> <span class='ocrx_word' id='word_1_51' title='bbox 1589 786 1857 859; x_wconf 76' lang='grc' dir='ltr'>πράσσειν</span> <span class='ocrx_word' id='word_1_52' title='bbox 1886 787 1955 841; x_wconf 84' lang='grc' dir='ltr'>τὰ</span> 
     </span>
    </p>
   </div>
   <div class='ocr_carea' id='block_1_10' title="bbox 367 876 1562 951">
    <p class='ocr_par' dir='ltr' id='par_1_10' title="bbox 367 876 1562 951">
     <span class='ocr_line' id='line_1_10' title="bbox 367 876 1562 951; baseline 0.001 -19"><span class='ocrx_word' id='word_1_53' title='bbox 367 879 497 945; x_wconf 75' lang='grc' dir='ltr'>ἴδια,</span> <span class='ocrx_word' id='word_1_54' title='bbox 531 878 628 932; x_wconf 77' lang='grc' dir='ltr'>καὶ</span> <span class='ocrx_word' id='word_1_55' title='bbox 657 876 986 949; x_wconf 72' lang='grc' dir='ltr'>ἐργάζεσθαι</span> <span class='ocrx_word' id='word_1_56' title='bbox 1016 879 1135 942; x_wconf 78' lang='grc' dir='ltr'>ταῖς</span> <span class='ocrx_word' id='word_1_57' title='bbox 1166 880 1359 951; x_wconf 76' lang='grc' dir='ltr'>χερσὶν</span> <span class='ocrx_word' id='word_1_58' title='bbox 1386 876 1562 949; x_wconf 76' lang='grc' dir='ltr'>ὑμῶν.</span> 
     </span>
    </p>
   </div>
   <div class='ocr_carea' id='block_1_11' title="bbox 450 1054 1963 1133">
    <p class='ocr_par' dir='ltr' id='par_1_11' title="bbox 450 1054 1963 1133">
     <span class='ocr_line' id='line_1_11' title="bbox 450 1054 1963 1133; baseline -0.003 -19"><span class='ocrx_word' id='word_1_59' title='bbox 450 1061 664 1132; x_wconf 79' lang='grc' dir='ltr'>Ῥᾴδιον</span> <span class='ocrx_word' id='word_1_60' title='bbox 704 1060 922 1128; x_wconf 73' lang='grc' dir='ltr'>ἑκάστῳ</span> <span class='ocrx_word' id='word_1_61' title='bbox 970 1062 1127 1128; x_wconf 77' lang='grc' dir='ltr'>ἡμῶν</span> <span class='ocrx_word' id='word_1_62' title='bbox 1175 1058 1662 1133; x_wconf 66' lang='grc' dir='ltr'>πολυπραγμονεῖν</span> <span class='ocrx_word' id='word_1_63' title='bbox 1699 1060 1768 1112; x_wconf 78' lang='grc' dir='ltr'>τὰ</span> <span class='ocrx_word' id='word_1_64' title='bbox 1802 1054 1963 1110; x_wconf 79' lang='grc' dir='ltr'>ἀλλό-</span> 
     </span>
    </p>
   </div>
   <div class='ocr_carea' id='block_1_12' title="bbox 372 1151 1600 1223">
    <p class='ocr_par' dir='ltr' id='par_1_12' title="bbox 372 1151 1600 1223">
     <span class='ocr_line' id='line_1_12' title="bbox 372 1151 1600 1223; baseline 0 -17"><span class='ocrx_word' id='word_1_65' title='bbox 372 1170 520 1223; x_wconf 81' lang='grc' dir='ltr'>τρια,</span> <span class='ocrx_word' id='word_1_66' title='bbox 544 1153 577 1220; x_wconf 77' lang='grc' dir='ltr'>ἢ</span> <span class='ocrx_word' id='word_1_67' title='bbox 615 1154 683 1206; x_wconf 78' lang='grc' dir='ltr'><strong>τά</strong></span> <span class='ocrx_word' id='word_1_68' title='bbox 706 1155 881 1206; x_wconf 76' lang='grc' dir='ltr'>οἰκεῖα</span> <span class='ocrx_word' id='word_1_69' title='bbox 914 1152 1111 1205; x_wconf 71' lang='grc' dir='ltr'>ἑαυτοῦ</span> <span class='ocrx_word' id='word_1_70' title='bbox 1137 1151 1600 1206; x_wconf 73' lang='grc' dir='ltr'><strong>διασκέπτεσθαι.</strong></span> 
     </span>
    </p>
   </div>
   <div class='ocr_carea' id='block_1_13' title="bbox 445 1238 1963 1315">
    <p class='ocr_par' dir='ltr' id='par_1_13' title="bbox 445 1238 1963 1315">
     <span class='ocr_line' id='line_1_13' title="bbox 445 1238 1963 1315; baseline -0.001 -17"><span class='ocrx_word' id='word_1_71' title='bbox 445 1246 639 1299; x_wconf 78' lang='grc' dir='ltr'>Πολλοὶ</span> <span class='ocrx_word' id='word_1_72' title='bbox 695 1246 795 1314; x_wconf 72' lang='grc' dir='ltr'><strong>μὲν</strong></span> <span class='ocrx_word' id='word_1_73' title='bbox 846 1245 908 1297; x_wconf 82' lang='grc' dir='ltr'>τὸ</span> <span class='ocrx_word' id='word_1_74' title='bbox 955 1244 1167 1314; x_wconf 80' lang='grc' dir='ltr'><strong>κάρφος</strong></span> <span class='ocrx_word' id='word_1_75' title='bbox 1222 1246 1285 1298; x_wconf 83' lang='grc' dir='ltr'><strong>τὸ</strong></span> <span class='ocrx_word' id='word_1_76' title='bbox 1337 1246 1397 1298; x_wconf 74' lang='grc' dir='ltr'><strong>έν</strong></span> <span class='ocrx_word' id='word_1_77' title='bbox 1447 1244 1526 1315; x_wconf 91' lang='grc' dir='ltr'><strong>τῷ</strong></span> <span class='ocrx_word' id='word_1_78' title='bbox 1563 1242 1834 1314; x_wconf 78' lang='grc' dir='ltr'>ὀφθαλμῷ</span> <span class='ocrx_word' id='word_1_79' title='bbox 1864 1238 1963 1297; x_wconf 75' lang='grc' dir='ltr'><strong>τοῦ</strong></span> 
     </span>
    </p>
   </div>
   <div class='ocr_carea' id='block_1_14' title="bbox 377 1334 1968 1408">
    <p class='ocr_par' dir='ltr' id='par_1_14' title="bbox 377 1334 1968 1408">
     <span class='ocr_line' id='line_1_14' title="bbox 377 1334 1968 1408; baseline -0.002 -16"><span class='ocrx_word' id='word_1_80' title='bbox 377 1335 612 1405; x_wconf 84' lang='grc' dir='ltr'>ἀδελφοῦ</span> <span class='ocrx_word' id='word_1_81' title='bbox 662 1334 1013 1400; x_wconf 79' lang='grc' dir='ltr'>κατανοοῦσι,</span> <span class='ocrx_word' id='word_1_82' title='bbox 1044 1336 1143 1407; x_wconf 78' lang='grc' dir='ltr'>τὴν</span> <span class='ocrx_word' id='word_1_83' title='bbox 1185 1335 1248 1389; x_wconf 71' lang='grc' dir='ltr'><strong>δὲ</strong></span> <span class='ocrx_word' id='word_1_84' title='bbox 1277 1337 1336 1391; x_wconf 81' lang='grc' dir='ltr'>ὲν</span> <span class='ocrx_word' id='word_1_85' title='bbox 1359 1336 1439 1408; x_wconf 85' lang='grc' dir='ltr'><strong>τῷ</strong></span> <span class='ocrx_word' id='word_1_86' title='bbox 1462 1338 1651 1406; x_wconf 79' lang='grc' dir='ltr'><strong>οἰκείῳ</strong></span> <span class='ocrx_word' id='word_1_87' title='bbox 1701 1334 1968 1407; x_wconf 76' lang='grc' dir='ltr'><strong>ὀφθαλμῷ</strong></span> 
     </span>
    </p>
   </div>
   <div class='ocr_carea' id='block_1_15' title="bbox 386 1427 1084 1496">
    <p class='ocr_par' dir='ltr' id='par_1_15' title="bbox 386 1427 1084 1496">
     <span class='ocr_line' id='line_1_15' title="bbox 386 1427 1084 1496; baseline 0.001 -15"><span class='ocrx_word' id='word_1_88' title='bbox 386 1428 543 1481; x_wconf 79' lang='grc' dir='ltr'>δοκὸν</span> <span class='ocrx_word' id='word_1_89' title='bbox 571 1429 670 1480; x_wconf 82' lang='grc' dir='ltr'>οὐκ</span> <span class='ocrx_word' id='word_1_90' title='bbox 696 1427 1084 1496; x_wconf 82' lang='grc' dir='ltr'>ἑμϐλέπουσιν.</span> 
     </span>
    </p>
   </div>
   <div class='ocr_carea' id='block_1_16' title="bbox 451 1517 1971 1591">
    <p class='ocr_par' dir='ltr' id='par_1_16' title="bbox 451 1517 1971 1591">
     <span class='ocr_line' id='line_1_16' title="bbox 451 1517 1971 1591; baseline 0.005 -20"><span class='ocrx_word' id='word_1_91' title='bbox 451 1519 662 1587; x_wconf 82' lang='grc' dir='ltr'>Ὠσπερ</span> <span class='ocrx_word' id='word_1_92' title='bbox 679 1518 790 1587; x_wconf 81' lang='grc' dir='ltr'>γὰρ</span> <span class='ocrx_word' id='word_1_93' title='bbox 813 1517 883 1571; x_wconf 81' lang='grc' dir='ltr'>τὰ</span> <span class='ocrx_word' id='word_1_94' title='bbox 915 1518 1079 1588; x_wconf 89' lang='grc' dir='ltr'>θηρία</span> <span class='ocrx_word' id='word_1_95' title='bbox 1105 1517 1557 1589; x_wconf 78' lang='grc' dir='ltr'>εὐκαταγώνιστά</span> <span class='ocrx_word' id='word_1_96' title='bbox 1586 1521 1701 1575; x_wconf 75' lang='grc' dir='ltr'>ἐστι</span> <span class='ocrx_word' id='word_1_97' title='bbox 1725 1520 1971 1591; x_wconf 78' lang='grc' dir='ltr'>καταψη-</span> 
     </span>
    </p>
   </div>
   <div class='ocr_carea' id='block_1_17' title="bbox 379 1607 1975 1682">
    <p class='ocr_par' dir='ltr' id='par_1_17' title="bbox 379 1607 1975 1682">
     <span class='ocr_line' id='line_1_17' title="bbox 379 1607 1975 1682; baseline 0.001 -20"><span class='ocrx_word' id='word_1_98' title='bbox 379 1609 599 1681; x_wconf 74' lang='grc' dir='ltr'>χθίντα,</span> <span class='ocrx_word' id='word_1_99' title='bbox 625 1607 803 1673; x_wconf 77' lang='grc' dir='ltr'>οὕτως</span> <span class='ocrx_word' id='word_1_100' title='bbox 854 1610 1165 1677; x_wconf 75' lang='grc' dir='ltr'>ἐπιθυμίαι,</span> <span class='ocrx_word' id='word_1_101' title='bbox 1198 1610 1292 1665; x_wconf 77' lang='grc' dir='ltr'><strong>καὶ</strong></span> <span class='ocrx_word' id='word_1_102' title='bbox 1330 1610 1511 1682; x_wconf 76' lang='grc' dir='ltr'>ὀργαὶ,</span> <span class='ocrx_word' id='word_1_103' title='bbox 1541 1611 1635 1665; x_wconf 76' lang='grc' dir='ltr'>καὶ</span> <span class='ocrx_word' id='word_1_104' title='bbox 1664 1611 1842 1681; x_wconf 85' lang='grc' dir='ltr'>φόϐοι,</span> <span class='ocrx_word' id='word_1_105' title='bbox 1876 1608 1975 1671; x_wconf 80' lang='grc' dir='ltr'>κα).</span> 
     </span>
    </p>
   </div>
   <div class='ocr_carea' id='block_1_18' title="bbox 383 1701 1968 1773">
    <p class='ocr_par' dir='ltr' id='par_1_18' title="bbox 383 1701 1968 1773">
     <span class='ocr_line' id='line_1_18' title="bbox 383 1701 1968 1773; baseline 0.001 -19"><span class='ocrx_word' id='word_1_106' title='bbox 383 1702 579 1765; x_wconf 84' lang='grc' dir='ltr'>λύπαι,</span> <span class='ocrx_word' id='word_1_107' title='bbox 628 1704 696 1755; x_wconf 81' lang='grc' dir='ltr'>τὰ</span> <span class='ocrx_word' id='word_1_108' title='bbox 732 1701 921 1755; x_wconf 85' lang='grc' dir='ltr'>ίοϐόλα</span> <span class='ocrx_word' id='word_1_109' title='bbox 965 1701 1064 1770; x_wconf 82' lang='grc' dir='ltr'>τῆς</span> <span class='ocrx_word' id='word_1_110' title='bbox 1096 1702 1273 1773; x_wconf 69' lang='grc' dir='ltr'>ψυχῆς</span> <span class='ocrx_word' id='word_1_111' title='bbox 1316 1704 1485 1767; x_wconf 81' lang='grc' dir='ltr'>κακά,</span> <span class='ocrx_word' id='word_1_112' title='bbox 1528 1703 1968 1758; x_wconf 85' lang='grc' dir='ltr'>κατευνασθέντα</span> 
     </span>
    </p>
   </div>
   <div class='ocr_carea' id='block_1_19' title="bbox 380 1764 2047 1866">
    <p class='ocr_par' dir='ltr' id='par_1_19' title="bbox 380 1764 2047 1866">
     <span class='ocr_line' id='line_1_19' title="bbox 380 1764 2047 1866; baseline -0.001 -17"><span class='ocrx_word' id='word_1_113' title='bbox 380 1796 471 1850; x_wconf 82' lang='grc' dir='ltr'><strong>διὰ</strong></span> <span class='ocrx_word' id='word_1_114' title='bbox 500 1796 598 1865; x_wconf 82' lang='grc' dir='ltr'>τῆς</span> <span class='ocrx_word' id='word_1_115' title='bbox 642 1795 892 1865; x_wconf 83' lang='grc' dir='ltr'>ἡσυχίας,</span> <span class='ocrx_word' id='word_1_116' title='bbox 941 1764 1145 1866; x_wconf 19' lang='grc' dir='ltr'>καίνμὴ</span> <span class='ocrx_word' id='word_1_117' title='bbox 1175 1764 1597 1866; x_wconf 39' lang='grc' dir='ltr'>’έέαγριούμενα</span> <span class='ocrx_word' id='word_1_118' title='bbox 1627 1795 1706 1865; x_wconf 88' lang='grc' dir='ltr'><strong>τῷ</strong></span> <span class='ocrx_word' id='word_1_119' title='bbox 1754 1796 1969 1864; x_wconf 87' lang='grc' dir='ltr'>συνεχεῖ</span> <span class='ocrx_word' id='word_1_120' title='bbox 2002 1764 2047 1822; x_wconf 66' lang='grc' dir='ltr'><strong><em>Β</em></strong></span> 
     </span>
    </p>
   </div>
   <div class='ocr_carea' id='block_1_20' title="bbox 384 1887 1966 1961">
    <p class='ocr_par' dir='ltr' id='par_1_20' title="bbox 384 1887 1966 1961">
     <span class='ocr_line' id='line_1_20' title="bbox 384 1887 1966 1961; baseline -0.002 -19"><span class='ocrx_word' id='word_1_121' title='bbox 384 1887 686 1961; x_wconf 73' lang='grc' dir='ltr'>ἐρεθισμῷ,</span> <span class='ocrx_word' id='word_1_122' title='bbox 712 1887 1292 1960; x_wconf 82' lang='grc' dir='ltr'>εὐκαταγωνιστότερα</span> <span class='ocrx_word' id='word_1_123' title='bbox 1318 1890 1385 1959; x_wconf 83' lang='grc' dir='ltr'>τῇ</span> <span class='ocrx_word' id='word_1_124' title='bbox 1421 1887 1651 1959; x_wconf 82' lang='grc' dir='ltr'>δυνάμει</span> <span class='ocrx_word' id='word_1_125' title='bbox 1685 1887 1779 1940; x_wconf 87' lang='grc' dir='ltr'><strong>τοῦ</strong></span> <span class='ocrx_word' id='word_1_126' title='bbox 1802 1887 1966 1955; x_wconf 81' lang='grc' dir='ltr'>λόγου</span> 
     </span>
    </p>
   </div>
   <div class='ocr_carea' id='block_1_21' title="bbox 382 1998 615 2051">
    <p class='ocr_par' dir='ltr' id='par_1_21' title="bbox 382 1998 615 2051">
     <span class='ocr_line' id='line_1_21' title="bbox 382 1998 615 2051; baseline 0.004 -17"><span class='ocrx_word' id='word_1_127' title='bbox 382 1998 615 2051; x_wconf 64' lang='grc' dir='ltr'>γίνεται.</span> 
     </span>
    </p>
   </div>
   <div class='ocr_carea' id='block_1_22' title="bbox 457 2064 1971 2140">
    <p class='ocr_par' dir='ltr' id='par_1_22' title="bbox 457 2064 1971 2140">
     <span class='ocr_line' id='line_1_22' title="bbox 457 2064 1971 2140; baseline -0.001 -18"><span class='ocrx_word' id='word_1_128' title='bbox 457 2069 532 2122; x_wconf 85' lang='grc' dir='ltr'><strong>Τὸ</strong></span> <span class='ocrx_word' id='word_1_129' title='bbox 581 2069 986 2140; x_wconf 79' lang='grc' dir='ltr'>ἀπεσχισμένον</span> <span class='ocrx_word' id='word_1_130' title='bbox 1015 2070 1113 2125; x_wconf 69' lang='grc' dir='ltr'><strong>καὶ</strong></span> <span class='ocrx_word' id='word_1_131' title='bbox 1151 2067 1357 2134; x_wconf 77' lang='grc' dir='ltr'>ἰδιάζον</span> <span class='ocrx_word' id='word_1_132' title='bbox 1386 2071 1482 2126; x_wconf 87' lang='grc' dir='ltr'><strong>τοῦ</strong></span> <span class='ocrx_word' id='word_1_133' title='bbox 1519 2065 1843 2124; x_wconf 78' lang='grc' dir='ltr'>κοινωνικοῦ</span> <span class='ocrx_word' id='word_1_134' title='bbox 1875 2064 1971 2121; x_wconf 84' lang='grc' dir='ltr'><strong>καί</strong></span> 
     </span>
    </p>
   </div>
   <div class='ocr_carea' id='block_1_23' title="bbox 386 2162 1507 2235">
    <p class='ocr_par' dir='ltr' id='par_1_23' title="bbox 386 2162 1507 2235">
     <span class='ocr_line' id='line_1_23' title="bbox 386 2162 1507 2235; baseline 0 -18"><span class='ocrx_word' id='word_1_135' title='bbox 386 2162 670 2235; x_wconf 77' lang='grc' dir='ltr'>ἡνωμένον</span> <span class='ocrx_word' id='word_1_136' title='bbox 697 2164 809 2226; x_wconf 76' lang='grc' dir='ltr'>τοῖς</span> <span class='ocrx_word' id='word_1_137' title='bbox 842 2162 1059 2225; x_wconf 76' lang='grc' dir='ltr'>πολλοῖς</span> <span class='ocrx_word' id='word_1_138' title='bbox 1088 2163 1507 2233; x_wconf 82' lang='grc' dir='ltr'>προτιμότερον.</span> 
     </span>
    </p>
   </div>
   <div class='ocr_carea' id='block_1_24' title="bbox 464 2251 1971 2325">
    <p class='ocr_par' dir='ltr' id='par_1_24' title="bbox 464 2251 1971 2325">
     <span class='ocr_line' id='line_1_24' title="bbox 464 2251 1971 2325; baseline 0 -18"><span class='ocrx_word' id='word_1_139' title='bbox 464 2253 719 2308; x_wconf 83' lang='grc' dir='ltr'>Συντελεῖ</span> <span class='ocrx_word' id='word_1_140' title='bbox 756 2254 891 2323; x_wconf 75' lang='grc' dir='ltr'>πρὸς</span> <span class='ocrx_word' id='word_1_141' title='bbox 930 2254 992 2309; x_wconf 80' lang='grc' dir='ltr'><strong>τὸ</strong></span> <span class='ocrx_word' id='word_1_142' title='bbox 1019 2254 1316 2325; x_wconf 83' lang='grc' dir='ltr'>ἀμέριστον</span> <span class='ocrx_word' id='word_1_143' title='bbox 1337 2254 1436 2323; x_wconf 82' lang='grc' dir='ltr'>τῆς</span> <span class='ocrx_word' id='word_1_144' title='bbox 1453 2254 1630 2325; x_wconf 76' lang='grc' dir='ltr'>ψυχῆς</span> <span class='ocrx_word' id='word_1_145' title='bbox 1660 2255 1721 2308; x_wconf 80' lang='grc' dir='ltr'><strong>τὸ</strong></span> <span class='ocrx_word' id='word_1_146' title='bbox 1748 2251 1971 2318; x_wconf 74' lang='grc' dir='ltr'>ίδιάζειν</span> 
     </span>
    </p>
   </div>
   <div class='ocr_carea' id='block_1_25' title="bbox 385 2345 1972 2417">
    <p class='ocr_par' dir='ltr' id='par_1_25' title="bbox 385 2345 1972 2417">
     <span class='ocr_line' id='line_1_25' title="bbox 385 2345 1972 2417; baseline -0.001 -17"><span class='ocrx_word' id='word_1_147' title='bbox 385 2348 529 2401; x_wconf 81' lang='grc' dir='ltr'><strong>κατά</strong></span> <span class='ocrx_word' id='word_1_148' title='bbox 559 2345 656 2417; x_wconf 82' lang='grc' dir='ltr'><strong>τὴν</strong></span> <span class='ocrx_word' id='word_1_149' title='bbox 690 2346 926 2414; x_wconf 81' lang='grc' dir='ltr'>οἴκησιν.</span> <span class='ocrx_word' id='word_1_150' title='bbox 956 2346 1031 2399; x_wconf 65' lang='lat' dir='ltr'><strong>To</strong></span> <span class='ocrx_word' id='word_1_151' title='bbox 1063 2346 1174 2417; x_wconf 82' lang='grc' dir='ltr'>γὰρ</span> <span class='ocrx_word' id='word_1_152' title='bbox 1205 2346 1659 2416; x_wconf 77' lang='grc' dir='ltr'>ἀναμεμιγμένην</span> <span class='ocrx_word' id='word_1_153' title='bbox 1692 2346 1837 2416; x_wconf 78' lang='grc' dir='ltr'>ἔχειν</span> <span class='ocrx_word' id='word_1_154' title='bbox 1872 2346 1972 2414; x_wconf 80' lang='grc' dir='ltr'>τὴν</span> 
     </span>
    </p>
   </div>
   <div class='ocr_carea' id='block_1_26' title="bbox 388 2435 1969 2509">
    <p class='ocr_par' dir='ltr' id='par_1_26' title="bbox 388 2435 1969 2509">
     <span class='ocr_line' id='line_1_26' title="bbox 388 2435 1969 2509; baseline -0.001 -18"><span class='ocrx_word' id='word_1_155' title='bbox 388 2438 538 2509; x_wconf 78' lang='grc' dir='ltr'>ζωὴν</span> <span class='ocrx_word' id='word_1_156' title='bbox 566 2440 679 2500; x_wconf 85' lang='grc' dir='ltr'>τοῖς</span> <span class='ocrx_word' id='word_1_157' title='bbox 730 2438 981 2508; x_wconf 81' lang='grc' dir='ltr'><strong>ἀφρόνως</strong></span> <span class='ocrx_word' id='word_1_158' title='bbox 1025 2438 1122 2490; x_wconf 77' lang='grc' dir='ltr'>καὶ</span> <span class='ocrx_word' id='word_1_159' title='bbox 1151 2436 1645 2507; x_wconf 82' lang='grc' dir='ltr'>καταφρονητικῶς</span> <span class='ocrx_word' id='word_1_160' title='bbox 1680 2438 1818 2509; x_wconf 77' lang='grc' dir='ltr'>πρὸς</span> <span class='ocrx_word' id='word_1_161' title='bbox 1866 2435 1969 2505; x_wconf 81' lang='grc' dir='ltr'>τὴν</span> 
     </span>
    </p>
   </div>
   <div class='ocr_carea' id='block_1_27' title="bbox 389 2527 1975 2602">
    <p class='ocr_par' dir='ltr' id='par_1_27' title="bbox 389 2527 1975 2602">
     <span class='ocr_line' id='line_1_27' title="bbox 389 2527 1975 2602; baseline -0.002 -18"><span class='ocrx_word' id='word_1_162' title='bbox 389 2531 595 2602; x_wconf 83' lang='grc' dir='ltr'>ἀκριϐῆ</span> <span class='ocrx_word' id='word_1_163' title='bbox 629 2531 865 2602; x_wconf 81' lang='grc' dir='ltr'>τήρησιν</span> <span class='ocrx_word' id='word_1_164' title='bbox 906 2527 1019 2583; x_wconf 85' lang='grc' dir='ltr'><strong>τῶν</strong></span> <span class='ocrx_word' id='word_1_165' title='bbox 1066 2527 1296 2582; x_wconf 73' lang='grc' dir='ltr'>ἐντολῶν</span> <span class='ocrx_word' id='word_1_166' title='bbox 1349 2528 1717 2600; x_wconf 84' lang='grc' dir='ltr'>διακειμένοις</span> <span class='ocrx_word' id='word_1_167' title='bbox 1776 2527 1975 2599; x_wconf 87' lang='grc' dir='ltr'>βλαϐε-</span> 
     </span>
    </p>
   </div>
   <div class='ocr_carea' id='block_1_28' title="bbox 392 2622 507 2692">
    <p class='ocr_par' dir='ltr' id='par_1_28' title="bbox 392 2622 507 2692">
     <span class='ocr_line' id='line_1_28' title="bbox 392 2622 507 2692; baseline 0.043 -17"><span class='ocrx_word' id='word_1_168' title='bbox 392 2622 507 2692; x_wconf 65' lang='grc' dir='ltr'>ρόνέ</span> 
     </span>
    </p>
   </div>
   <div class='ocr_carea' id='block_1_29' title="bbox 475 2709 1977 2785">
    <p class='ocr_par' dir='ltr' id='par_1_29' title="bbox 475 2709 1977 2785">
     <span class='ocr_line' id='line_1_29' title="bbox 475 2709 1977 2785; baseline -0.003 -17"><span class='ocrx_word' id='word_1_169' title='bbox 475 2713 716 2785; x_wconf 78' lang='grc' dir='ltr'>Ἡσυχία</span> <span class='ocrx_word' id='word_1_170' title='bbox 752 2710 846 2766; x_wconf 75' lang='grc' dir='ltr'><strong>οὖν</strong></span> <span class='ocrx_word' id='word_1_171' title='bbox 904 2711 1050 2783; x_wconf 82' lang='grc' dir='ltr'>ἀρχὴ</span> <span class='ocrx_word' id='word_1_172' title='bbox 1105 2710 1429 2783; x_wconf 81' lang='grc' dir='ltr'>καθάρσεως</span> <span class='ocrx_word' id='word_1_173' title='bbox 1484 2713 1552 2783; x_wconf 77' lang='grc' dir='ltr'><strong>τῇ</strong></span> <span class='ocrx_word' id='word_1_174' title='bbox 1607 2709 1778 2781; x_wconf 78' lang='grc' dir='ltr'>ψυχῇ,</span> <span class='ocrx_word' id='word_1_175' title='bbox 1834 2710 1977 2781; x_wconf 79' lang='grc' dir='ltr'>μήτε</span> 
     </span>
    </p>
   </div>
   <div class='ocr_carea' id='block_1_30' title="bbox 391 2803 1977 2876">
    <p class='ocr_par' dir='ltr' id='par_1_30' title="bbox 391 2803 1977 2876">
     <span class='ocr_line' id='line_1_30' title="bbox 391 2803 1977 2876; baseline -0.003 -18"><span class='ocrx_word' id='word_1_176' title='bbox 391 2805 649 2874; x_wconf 82' lang='grc' dir='ltr'>γλώσσης</span> <span class='ocrx_word' id='word_1_177' title='bbox 681 2803 952 2874; x_wconf 80' lang='grc' dir='ltr'>λαλούσης</span> <span class='ocrx_word' id='word_1_178' title='bbox 980 2804 1051 2857; x_wconf 79' lang='grc' dir='ltr'>τὰ</span> <span class='ocrx_word' id='word_1_179' title='bbox 1094 2804 1203 2857; x_wconf 84' lang='grc' dir='ltr'><strong>τῶν</strong></span> <span class='ocrx_word' id='word_1_180' title='bbox 1232 2805 1332 2858; x_wconf 87' lang='grc' dir='ltr'><strong>ἀνθ</strong></span> <span class='ocrx_word' id='word_1_181' title='bbox 1344 2803 1564 2876; x_wconf 80' lang='grc' dir='ltr'>ρώπων,</span> <span class='ocrx_word' id='word_1_182' title='bbox 1607 2806 1744 2874; x_wconf 82' lang='grc' dir='ltr'>μήτε</span> <span class='ocrx_word' id='word_1_183' title='bbox 1774 2803 1977 2872; x_wconf 84' lang='grc' dir='ltr'>ὀφθαλ-</span> 
     </span>
    </p>
   </div>
   <div class='ocr_carea' id='block_1_31' title="bbox 398 2896 1977 2969">
    <p class='ocr_par' dir='ltr' id='par_1_31' title="bbox 398 2896 1977 2969">
     <span class='ocr_line' id='line_1_31' title="bbox 398 2896 1977 2969; baseline 0 -19"><span class='ocrx_word' id='word_1_184' title='bbox 398 2898 517 2969; x_wconf 82' lang='grc' dir='ltr'><strong>μῶν</strong></span> <span class='ocrx_word' id='word_1_185' title='bbox 544 2897 799 2968; x_wconf 79' lang='grc' dir='ltr'>εὐχροίας</span> <span class='ocrx_word' id='word_1_186' title='bbox 848 2896 1120 2967; x_wconf 76' lang='grc' dir='ltr'>σωμάτων</span> <span class='ocrx_word' id='word_1_187' title='bbox 1169 2898 1264 2951; x_wconf 76' lang='grc' dir='ltr'><strong>καὶ</strong></span> <span class='ocrx_word' id='word_1_188' title='bbox 1315 2898 1664 2967; x_wconf 87' lang='grc' dir='ltr'>συμμετρίας</span> <span class='ocrx_word' id='word_1_189' title='bbox 1710 2914 1977 2967; x_wconf 88' lang='grc' dir='ltr'>περισκο-</span> 
     </span>
    </p>
   </div>
   <div class='ocr_carea' id='block_1_32' title="bbox 2052 518 3635 591">
    <p class='ocr_par' dir='ltr' id='par_1_32' title="bbox 2052 518 3635 591">
     <span class='ocr_line' id='line_1_32' title="bbox 2052 518 3635 591; baseline 0.001 -22"><span class='ocrx_word' id='word_1_190' title='bbox 2052 530 2161 583; x_wconf 90' lang='lat' dir='ltr'><strong>res,</strong></span> <span class='ocrx_word' id='word_1_191' title='bbox 2196 533 2363 572; x_wconf 92' lang='lat' dir='ltr'><strong>unum</strong></span> <span class='ocrx_word' id='word_1_192' title='bbox 2399 528 2579 573; x_wconf 84' lang='lat' dir='ltr'><strong>autem</strong></span> <span class='ocrx_word' id='word_1_193' title='bbox 2610 527 2693 573; x_wconf 91' lang='lat' dir='ltr'><strong>est</strong></span> <span class='ocrx_word' id='word_1_194' title='bbox 2732 534 2890 590; x_wconf 89' lang='lat' dir='ltr'><strong>opus.</strong></span> <span class='ocrx_word' id='word_1_195' title='bbox 2930 518 3093 574; x_wconf 84' lang='lat' dir='ltr'><strong>Maria</strong></span> <span class='ocrx_word' id='word_1_196' title='bbox 3127 521 3388 591; x_wconf 86' lang='lat' dir='ltr'><strong>optimam</strong></span> <span class='ocrx_word' id='word_1_197' title='bbox 3429 527 3635 589; x_wconf 89' lang='lat' dir='ltr'><strong>partem</strong></span> 
     </span>
    </p>
   </div>
   <div class='ocr_carea' id='block_1_33' title="bbox 2051 606 3070 680">
    <p class='ocr_par' dir='ltr' id='par_1_33' title="bbox 2051 606 3070 680">
     <span class='ocr_line' id='line_1_33' title="bbox 2051 606 3070 680; baseline 0.003 -16"><span class='ocrx_word' id='word_1_198' title='bbox 2051 606 2235 676; x_wconf 80' lang='lat' dir='ltr'><strong>elegit.</strong></span> <span class='ocrx_word' id='word_1_199' title='bbox 2259 625 2381 680; x_wconf 74' lang='lat' dir='ltr'><strong>qua:</strong></span> <span class='ocrx_word' id='word_1_200' title='bbox 2413 626 2526 666; x_wconf 90' lang='lat' dir='ltr'><strong>non</strong></span> <span class='ocrx_word' id='word_1_201' title='bbox 2565 610 2850 667; x_wconf 77' lang='lat' dir='ltr'><strong>auferetur</strong></span> <span class='ocrx_word' id='word_1_202' title='bbox 2883 613 2950 667; x_wconf 88' lang='lat' dir='ltr'><strong>ab</strong></span> <span class='ocrx_word' id='word_1_203' title='bbox 2985 628 3070 667; x_wconf 89' lang='lat' dir='ltr'><strong>ea.</strong></span> 
     </span>
    </p>
   </div>
   <div class='ocr_carea' id='block_1_34' title="bbox 2125 698 3637 776">
    <p class='ocr_par' dir='ltr' id='par_1_34' title="bbox 2125 698 3637 776">
     <span class='ocr_line' id='line_1_34' title="bbox 2125 698 3637 776; baseline 0.003 -23"><span class='ocrx_word' id='word_1_204' title='bbox 2125 698 2365 771; x_wconf 77' lang='lat' dir='ltr'><strong>Philipp.</strong></span> <span class='ocrx_word' id='word_1_205' title='bbox 2402 716 2441 755; x_wconf 86' lang='grc' dir='ltr'><strong>ι.</strong></span> <span class='ocrx_word' id='word_1_206' title='bbox 2472 699 2712 757; x_wconf 87' lang='lat' dir='ltr'><strong>Obsecro</strong></span> <span class='ocrx_word' id='word_1_207' title='bbox 2756 703 2940 774; x_wconf 77' lang='lat' dir='ltr'><strong>igitur,</strong></span> <span class='ocrx_word' id='word_1_208' title='bbox 2986 704 3202 769; x_wconf 86' lang='lat' dir='ltr'><strong>fratres,</strong></span> <span class='ocrx_word' id='word_1_209' title='bbox 3254 712 3314 759; x_wconf 92' lang='lat' dir='ltr'><strong>ut</strong></span> <span class='ocrx_word' id='word_1_210' title='bbox 3359 705 3530 776; x_wconf 83' lang='lat' dir='ltr'><strong>magis</strong></span> <span class='ocrx_word' id='word_1_211' title='bbox 3573 717 3637 757; x_wconf 89' lang='lat' dir='ltr'><strong>ac</strong></span> 
     </span>
    </p>
   </div>
   <div class='ocr_carea' id='block_1_35' title="bbox 2057 792 3636 865">
    <p class='ocr_par' dir='ltr' id='par_1_35' title="bbox 2057 792 3636 865">
     <span class='ocr_line' id='line_1_35' title="bbox 2057 792 3636 865; baseline 0.002 -19"><span class='ocrx_word' id='word_1_212' title='bbox 2057 792 2231 861; x_wconf 82' lang='lat' dir='ltr'><strong>magis</strong></span> <span class='ocrx_word' id='word_1_213' title='bbox 2280 793 2608 859; x_wconf 86' lang='lat' dir='ltr'><strong>abundetis,</strong></span> <span class='ocrx_word' id='word_1_214' title='bbox 2674 802 2728 849; x_wconf 85' lang='lat' dir='ltr'><strong>et</strong></span> <span class='ocrx_word' id='word_1_215' title='bbox 2781 796 2950 865; x_wconf 78' lang='lat' dir='ltr'><strong>quieti</strong></span> <span class='ocrx_word' id='word_1_216' title='bbox 2985 813 3079 852; x_wconf 86' lang='lat' dir='ltr'><strong>vos</strong></span> <span class='ocrx_word' id='word_1_217' title='bbox 3127 796 3389 863; x_wconf 67' lang='lat' dir='ltr'><strong>tradetis,</strong></span> <span class='ocrx_word' id='word_1_218' title='bbox 3422 806 3474 850; x_wconf 83' lang='lat' dir='ltr'><strong>et</strong></span> <span class='ocrx_word' id='word_1_219' title='bbox 3526 796 3636 865; x_wconf 88' lang='lat' dir='ltr'><strong>pri-</strong></span> 
     </span>
    </p>
   </div>
   <div class='ocr_carea' id='block_1_36' title="bbox 2057 886 3638 959">
    <p class='ocr_par' dir='ltr' id='par_1_36' title="bbox 2057 886 3638 959">
     <span class='ocr_line' id='line_1_36' title="bbox 2057 886 3638 959; baseline 0.001 -20"><span class='ocrx_word' id='word_1_220' title='bbox 2057 895 2183 941; x_wconf 85' lang='lat' dir='ltr'><strong>vata</strong></span> <span class='ocrx_word' id='word_1_221' title='bbox 2238 886 2454 957; x_wconf 80' lang='lat' dir='ltr'><strong>negotia</strong></span> <span class='ocrx_word' id='word_1_222' title='bbox 2494 886 2721 959; x_wconf 82' lang='lat' dir='ltr'><strong>geratis,</strong></span> <span class='ocrx_word' id='word_1_223' title='bbox 2757 895 2812 942; x_wconf 90' lang='lat' dir='ltr'><strong>et</strong></span> <span class='ocrx_word' id='word_1_224' title='bbox 2845 888 3099 943; x_wconf 88' lang='lat' dir='ltr'><strong>manibus</strong></span> <span class='ocrx_word' id='word_1_225' title='bbox 3133 889 3327 943; x_wconf 76' lang='lat' dir='ltr'><strong>vestris</strong></span> <span class='ocrx_word' id='word_1_226' title='bbox 3369 904 3507 959; x_wconf 91' lang='lat' dir='ltr'><strong>opus</strong></span> <span class='ocrx_word' id='word_1_227' title='bbox 3554 888 3638 942; x_wconf 86' lang='lat' dir='ltr'><strong>fa-</strong></span> 
     </span>
    </p>
   </div>
   <div class='ocr_carea' id='block_1_37' title="bbox 2060 979 2241 1035">
    <p class='ocr_par' dir='ltr' id='par_1_37' title="bbox 2060 979 2241 1035">
     <span class='ocr_line' id='line_1_37' title="bbox 2060 979 2241 1035; baseline 0.006 -1"><span class='ocrx_word' id='word_1_228' title='bbox 2060 979 2241 1035; x_wconf 88' lang='lat' dir='ltr'><strong>ciatis.</strong></span> 
     </span>
    </p>
   </div>
   <div class='ocr_carea' id='block_1_38' title="bbox 2134 1066 3639 1139">
    <p class='ocr_par' dir='ltr' id='par_1_38' title="bbox 2134 1066 3639 1139">
     <span class='ocr_line' id='line_1_38' title="bbox 2134 1066 3639 1139; baseline -0.003 -14"><span class='ocrx_word' id='word_1_229' title='bbox 2134 1068 2192 1125; x_wconf 87' lang='lat' dir='ltr'><strong>S.</strong></span> <span class='ocrx_word' id='word_1_230' title='bbox 2240 1070 2455 1126; x_wconf 75' lang='lat' dir='ltr'><strong>Basilii.</strong></span> <span class='ocrx_word' id='word_1_231' title='bbox 2507 1067 2746 1126; x_wconf 80' lang='lat' dir='ltr'><strong>Facilius</strong></span> <span class='ocrx_word' id='word_1_232' title='bbox 2806 1077 2892 1125; x_wconf 90' lang='lat' dir='ltr'><strong>est</strong></span> <span class='ocrx_word' id='word_1_233' title='bbox 2967 1069 3167 1139; x_wconf 84' lang='lat' dir='ltr'><strong>cuique</strong></span> <span class='ocrx_word' id='word_1_234' title='bbox 3216 1078 3460 1123; x_wconf 78' lang='lat' dir='ltr'><strong>nostrum</strong></span> <span class='ocrx_word' id='word_1_235' title='bbox 3533 1066 3639 1121; x_wconf 88' lang='lat' dir='ltr'><strong>alia</strong></span> 
     </span>
    </p>
   </div>
   <div class='ocr_carea' id='block_1_39' title="bbox 2065 1159 3639 1233">
    <p class='ocr_par' dir='ltr' id='par_1_39' title="bbox 2065 1159 3639 1233">
     <span class='ocr_line' id='line_1_39' title="bbox 2065 1159 3639 1233; baseline -0.006 -14"><span class='ocrx_word' id='word_1_236' title='bbox 2065 1163 2282 1220; x_wconf 83' lang='lat' dir='ltr'><strong>curiose</strong></span> <span class='ocrx_word' id='word_1_237' title='bbox 2312 1172 2582 1233; x_wconf 91' lang='lat' dir='ltr'><strong>spectare,</strong></span> <span class='ocrx_word' id='word_1_238' title='bbox 2609 1164 2991 1232; x_wconf 63' lang='lat' dir='ltr'><strong>quamfnostra</strong></span> <span class='ocrx_word' id='word_1_239' title='bbox 3019 1162 3238 1233; x_wconf 84' lang='lat' dir='ltr'><strong>pr0pria</strong></span> <span class='ocrx_word' id='word_1_240' title='bbox 3268 1159 3639 1215; x_wconf 81' lang='lat' dir='ltr'><strong>considerare.</strong></span> 
     </span>
    </p>
   </div>
   <div class='ocr_carea' id='block_1_40' title="bbox 2136 1249 3641 1326">
    <p class='ocr_par' dir='ltr' id='par_1_40' title="bbox 2136 1249 3641 1326">
     <span class='ocr_line' id='line_1_40' title="bbox 2136 1249 3641 1326; baseline -0.007 -14"><span class='ocrx_word' id='word_1_241' title='bbox 2136 1258 2290 1313; x_wconf 81' lang='lat' dir='ltr'><strong>Multi</strong></span> <span class='ocrx_word' id='word_1_242' title='bbox 2328 1257 2589 1314; x_wconf 80' lang='lat' dir='ltr'><strong>festucam</strong></span> <span class='ocrx_word' id='word_1_243' title='bbox 2617 1272 2740 1326; x_wconf 75' lang='lat' dir='ltr'><strong>qua:</strong></span> <span class='ocrx_word' id='word_1_244' title='bbox 2770 1263 2855 1311; x_wconf 90' lang='lat' dir='ltr'><strong>est</strong></span> <span class='ocrx_word' id='word_1_245' title='bbox 2899 1257 2953 1310; x_wconf 92' lang='lat' dir='ltr'><strong>in</strong></span> <span class='ocrx_word' id='word_1_246' title='bbox 2979 1256 3138 1308; x_wconf 92' lang='lat' dir='ltr'><strong>oculo</strong></span> <span class='ocrx_word' id='word_1_247' title='bbox 3172 1253 3360 1308; x_wconf 78' lang='lat' dir='ltr'><strong>fratris</strong></span> <span class='ocrx_word' id='word_1_248' title='bbox 3388 1249 3641 1306; x_wconf 87' lang='lat' dir='ltr'><strong>conside-</strong></span> 
     </span>
    </p>
   </div>
   <div class='ocr_carea' id='block_1_41' title="bbox 2069 1344 3353 1418">
    <p class='ocr_par' dir='ltr' id='par_1_41' title="bbox 2069 1344 3353 1418">
     <span class='ocr_line' id='line_1_41' title="bbox 2069 1344 3353 1418; baseline -0.005 -13"><span class='ocrx_word' id='word_1_249' title='bbox 2069 1361 2215 1418; x_wconf 86' lang='lat' dir='ltr'><strong>rant,</strong></span> <span class='ocrx_word' id='word_1_250' title='bbox 2253 1349 2461 1406; x_wconf 85' lang='lat' dir='ltr'><strong>trabem</strong></span> <span class='ocrx_word' id='word_1_251' title='bbox 2497 1356 2678 1402; x_wconf 83' lang='lat' dir='ltr'><strong>autetn</strong></span> <span class='ocrx_word' id='word_1_252' title='bbox 2706 1348 2789 1403; x_wconf 87' lang='lat' dir='ltr'><strong>sui</strong></span> <span class='ocrx_word' id='word_1_253' title='bbox 2825 1346 2968 1403; x_wconf 91' lang='lat' dir='ltr'><strong>oculi</strong></span> <span class='ocrx_word' id='word_1_254' title='bbox 3007 1362 3115 1401; x_wconf 90' lang='lat' dir='ltr'><strong>non</strong></span> <span class='ocrx_word' id='word_1_255' title='bbox 3148 1344 3353 1400; x_wconf 88' lang='lat' dir='ltr'><strong>vident.</strong></span> 
     </span>
    </p>
   </div>
   <div class='ocr_carea' id='block_1_42' title="bbox 2144 1524 3643 1600">
    <p class='ocr_par' dir='ltr' id='par_1_42' title="bbox 2144 1524 3643 1600">
     <span class='ocr_line' id='line_1_42' title="bbox 2144 1524 3643 1600; baseline -0.007 -11"><span class='ocrx_word' id='word_1_256' title='bbox 2144 1531 2219 1589; x_wconf 84' lang='lat' dir='ltr'><strong>Ut</strong></span> <span class='ocrx_word' id='word_1_257' title='bbox 2248 1531 2396 1587; x_wconf 89' lang='lat' dir='ltr'><strong>enim</strong></span> <span class='ocrx_word' id='word_1_258' title='bbox 2429 1530 2558 1587; x_wconf 60' lang='lat' dir='ltr'><strong>fera</strong></span> <span class='ocrx_word' id='word_1_259' title='bbox 2607 1530 2765 1586; x_wconf 81' lang='lat' dir='ltr'><strong>facile</strong></span> <span class='ocrx_word' id='word_1_260' title='bbox 2804 1534 3157 1600; x_wconf 88' lang='lat' dir='ltr'><strong>superantur,</strong></span> <span class='ocrx_word' id='word_1_261' title='bbox 3211 1526 3257 1582; x_wconf 89' lang='lat' dir='ltr'><strong>si</strong></span> <span class='ocrx_word' id='word_1_262' title='bbox 3295 1524 3643 1589; x_wconf 84' lang='lat' dir='ltr'><strong>demulceas;</strong></span> 
     </span>
    </p>
   </div>
   <div class='ocr_carea' id='block_1_43' title="bbox 2076 1620 3646 1696">
    <p class='ocr_par' dir='ltr' id='par_1_43' title="bbox 2076 1620 3646 1696">
     <span class='ocr_line' id='line_1_43' title="bbox 2076 1620 3646 1696; baseline -0.006 -14"><span class='ocrx_word' id='word_1_263' title='bbox 2076 1625 2157 1682; x_wconf 90' lang='lat' dir='ltr'><strong>sic</strong></span> <span class='ocrx_word' id='word_1_264' title='bbox 2208 1624 2553 1696; x_wconf 85' lang='lat' dir='ltr'><strong>cupiditates,</strong></span> <span class='ocrx_word' id='word_1_265' title='bbox 2614 1622 2730 1687; x_wconf 71' lang='lat' dir='ltr'><strong>irae,</strong></span> <span class='ocrx_word' id='word_1_266' title='bbox 2784 1622 3032 1689; x_wconf 84' lang='lat' dir='ltr'><strong>timores,</strong></span> <span class='ocrx_word' id='word_1_267' title='bbox 3091 1620 3327 1686; x_wconf 88' lang='lat' dir='ltr'><strong>dolores,</strong></span> <span class='ocrx_word' id='word_1_268' title='bbox 3381 1627 3646 1673; x_wconf 85' lang='lat' dir='ltr'><strong>venenata</strong></span> 
     </span>
    </p>
   </div>
   <div class='ocr_carea' id='block_1_44' title="bbox 2078 1710 3648 1786">
    <p class='ocr_par' dir='ltr' id='par_1_44' title="bbox 2078 1710 3648 1786">
     <span class='ocr_line' id='line_1_44' title="bbox 2078 1710 3648 1786; baseline -0.005 -14"><span class='ocrx_word' id='word_1_269' title='bbox 2078 1717 2249 1772; x_wconf 91' lang='lat' dir='ltr'><strong>animi</strong></span> <span class='ocrx_word' id='word_1_270' title='bbox 2280 1718 2445 1780; x_wconf 84' lang='lat' dir='ltr'><strong>mala,</strong></span> <span class='ocrx_word' id='word_1_271' title='bbox 2495 1731 2592 1786; x_wconf 91' lang='lat' dir='ltr'><strong>per</strong></span> <span class='ocrx_word' id='word_1_272' title='bbox 2644 1715 2884 1786; x_wconf 90' lang='lat' dir='ltr'><strong>quietem</strong></span> <span class='ocrx_word' id='word_1_273' title='bbox 2936 1713 3240 1784; x_wconf 85' lang='lat' dir='ltr'><strong>consopita,</strong></span> <span class='ocrx_word' id='word_1_274' title='bbox 3291 1725 3393 1766; x_wconf 86' lang='lat' dir='ltr'><strong>nec</strong></span> <span class='ocrx_word' id='word_1_275' title='bbox 3427 1710 3648 1765; x_wconf 79' lang='lat' dir='ltr'><strong>efferata</strong></span> 
     </span>
    </p>
   </div>
   <div class='ocr_carea' id='block_1_45' title="bbox 2077 1799 3646 1879">
    <p class='ocr_par' dir='ltr' id='par_1_45' title="bbox 2077 1799 3646 1879">
     <span class='ocr_line' id='line_1_45' title="bbox 2077 1799 3646 1879; baseline -0.006 -17"><span class='ocrx_word' id='word_1_276' title='bbox 2077 1819 2336 1879; x_wconf 85' lang='lat' dir='ltr'><strong>perpetua</strong></span> <span class='ocrx_word' id='word_1_277' title='bbox 2384 1807 2735 1871; x_wconf 87' lang='lat' dir='ltr'><strong>irritatione,</strong></span> <span class='ocrx_word' id='word_1_278' title='bbox 2788 1805 2839 1861; x_wconf 97' lang='lat' dir='ltr'><strong>vi</strong></span> <span class='ocrx_word' id='word_1_279' title='bbox 2893 1804 3121 1860; x_wconf 86' lang='lat' dir='ltr'><strong>rationis</strong></span> <span class='ocrx_word' id='word_1_280' title='bbox 3166 1801 3382 1858; x_wconf 88' lang='lat' dir='ltr'><strong>facilius</strong></span> <span class='ocrx_word' id='word_1_281' title='bbox 3438 1799 3646 1855; x_wconf 86' lang='lat' dir='ltr'><strong>domari</strong></span> 
     </span>
    </p>
   </div>
   <div class='ocr_carea' id='block_1_46' title="bbox 2076 1902 2277 1957">
    <p class='ocr_par' dir='ltr' id='par_1_46' title="bbox 2076 1902 2277 1957">
     <span class='ocr_line' id='line_1_46' title="bbox 2076 1902 2277 1957; baseline -0.02 0"><span class='ocrx_word' id='word_1_282' title='bbox 2076 1902 2277 1957; x_wconf 78' lang='lat' dir='ltr'><strong>solent.</strong></span> 
     </span>
    </p>
   </div>
   <div class='ocr_carea' id='block_1_47' title="bbox 2143 2070 3655 2145">
    <p class='ocr_par' dir='ltr' id='par_1_47' title="bbox 2143 2070 3655 2145">
     <span class='ocr_line' id='line_1_47' title="bbox 2143 2070 3655 2145; baseline -0.002 -16"><span class='ocrx_word' id='word_1_283' title='bbox 2143 2075 2298 2143; x_wconf 86' lang='lat' dir='ltr'><strong>Quod</strong></span> <span class='ocrx_word' id='word_1_284' title='bbox 2352 2083 2663 2145; x_wconf 84' lang='lat' dir='ltr'><strong>separatum</strong></span> <span class='ocrx_word' id='word_1_285' title='bbox 2713 2082 2769 2130; x_wconf 87' lang='lat' dir='ltr'><strong>et</strong></span> <span class='ocrx_word' id='word_1_286' title='bbox 2812 2074 3086 2145; x_wconf 84' lang='lat' dir='ltr'><strong>privatum</strong></span> <span class='ocrx_word' id='word_1_287' title='bbox 3141 2080 3250 2140; x_wconf 90' lang='lat' dir='ltr'><strong>est,</strong></span> <span class='ocrx_word' id='word_1_288' title='bbox 3291 2072 3465 2143; x_wconf 87' lang='lat' dir='ltr'><strong>pluris</strong></span> <span class='ocrx_word' id='word_1_289' title='bbox 3510 2070 3655 2128; x_wconf 78' lang='lat' dir='ltr'><strong>aesti-</strong></span> 
     </span>
    </p>
   </div>
   <div class='ocr_carea' id='block_1_48' title="bbox 2073 2164 3649 2238">
    <p class='ocr_par' dir='ltr' id='par_1_48' title="bbox 2073 2164 3649 2238">
     <span class='ocr_line' id='line_1_48' title="bbox 2073 2164 3649 2238; baseline -0.003 -14"><span class='ocrx_word' id='word_1_290' title='bbox 2073 2177 2282 2229; x_wconf 85' lang='lat' dir='ltr'><strong>matur.</strong></span> <span class='ocrx_word' id='word_1_291' title='bbox 2307 2184 2468 2234; x_wconf 84' lang='lat' dir='ltr'><strong>quam</strong></span> <span class='ocrx_word' id='word_1_292' title='bbox 2494 2166 2639 2238; x_wconf 86' lang='lat' dir='ltr'><strong>quod</strong></span> <span class='ocrx_word' id='word_1_293' title='bbox 2660 2181 2955 2221; x_wconf 88' lang='lat' dir='ltr'><strong>commune</strong></span> <span class='ocrx_word' id='word_1_294' title='bbox 2981 2164 3167 2220; x_wconf 91' lang='lat' dir='ltr'><strong>multis</strong></span> <span class='ocrx_word' id='word_1_295' title='bbox 3194 2174 3247 2219; x_wconf 90' lang='lat' dir='ltr'><strong>et</strong></span> <span class='ocrx_word' id='word_1_296' title='bbox 3270 2164 3649 2233; x_wconf 73' lang='lat' dir='ltr'><strong>coniunctum.</strong></span> 
     </span>
    </p>
   </div>
   <div class='ocr_carea' id='block_1_49' title="bbox 2143 2256 3649 2330">
    <p class='ocr_par' dir='ltr' id='par_1_49' title="bbox 2143 2256 3649 2330">
     <span class='ocr_line' id='line_1_49' title="bbox 2143 2256 3649 2330; baseline -0.001 -18"><span class='ocrx_word' id='word_1_297' title='bbox 2143 2258 2307 2330; x_wconf 61' lang='lat'><strong>234</strong></span> <span class='ocrx_word' id='word_1_298' title='bbox 2338 2257 2482 2312; x_wconf 87' lang='lat' dir='ltr'><strong>Utile</strong></span> <span class='ocrx_word' id='word_1_299' title='bbox 2519 2267 2603 2312; x_wconf 87' lang='lat' dir='ltr'><strong>est</strong></span> <span class='ocrx_word' id='word_1_300' title='bbox 2654 2258 2907 2326; x_wconf 80' lang='lat' dir='ltr'><strong>privatim</strong></span> <span class='ocrx_word' id='word_1_301' title='bbox 2943 2265 2998 2311; x_wconf 90' lang='lat' dir='ltr'><strong>et</strong></span> <span class='ocrx_word' id='word_1_302' title='bbox 3042 2257 3335 2325; x_wconf 85' lang='lat' dir='ltr'><strong>separatim</strong></span> <span class='ocrx_word' id='word_1_303' title='bbox 3382 2256 3649 2323; x_wconf 84' lang='lat' dir='ltr'><strong>habitare,</strong></span> 
     </span>
    </p>
   </div>
   <div class='ocr_carea' id='block_1_50' title="bbox 2072 2348 3653 2420">
    <p class='ocr_par' dir='ltr' id='par_1_50' title="bbox 2072 2348 3653 2420">
     <span class='ocr_line' id='line_1_50' title="bbox 2072 2348 3653 2420; baseline -0.002 -13"><span class='ocrx_word' id='word_1_304' title='bbox 2072 2360 2132 2407; x_wconf 89' lang='lat' dir='ltr'><strong>ut</strong></span> <span class='ocrx_word' id='word_1_305' title='bbox 2159 2352 2376 2407; x_wconf 90' lang='lat' dir='ltr'><strong>animus</strong></span> <span class='ocrx_word' id='word_1_306' title='bbox 2404 2349 2456 2404; x_wconf 91' lang='lat' dir='ltr'><strong>in</strong></span> <span class='ocrx_word' id='word_1_307' title='bbox 2488 2349 2670 2420; x_wconf 90' lang='lat' dir='ltr'><strong>plures</strong></span> <span class='ocrx_word' id='word_1_308' title='bbox 2691 2358 2871 2418; x_wconf 86' lang='lat' dir='ltr'><strong>partes</strong></span> <span class='ocrx_word' id='word_1_309' title='bbox 2893 2363 2998 2401; x_wconf 90' lang='lat' dir='ltr'><strong>non</strong></span> <span class='ocrx_word' id='word_1_310' title='bbox 3038 2348 3414 2413; x_wconf 87' lang='lat' dir='ltr'><strong>distrahatur;</strong></span> <span class='ocrx_word' id='word_1_311' title='bbox 3440 2363 3563 2403; x_wconf 91' lang='lat' dir='ltr'><strong>nam</strong></span> <span class='ocrx_word' id='word_1_312' title='bbox 3595 2349 3653 2404; x_wconf 88' lang='lat' dir='ltr'><strong>in</strong></span> 
     </span>
    </p>
   </div>
   <div class='ocr_carea' id='block_1_51' title="bbox 2073 2439 3655 2509">
    <p class='ocr_par' dir='ltr' id='par_1_51' title="bbox 2073 2439 3655 2509">
     <span class='ocr_line' id='line_1_51' title="bbox 2073 2439 3655 2509; baseline -0.003 -12"><span class='ocrx_word' id='word_1_313' title='bbox 2073 2444 2183 2499; x_wconf 80' lang='lat' dir='ltr'><strong>vita</strong></span> <span class='ocrx_word' id='word_1_314' title='bbox 2212 2442 2569 2498; x_wconf 88' lang='lat' dir='ltr'><strong>commiscere</strong></span> <span class='ocrx_word' id='word_1_315' title='bbox 2602 2455 2662 2496; x_wconf 88' lang='lat' dir='ltr'><strong>se</strong></span> <span class='ocrx_word' id='word_1_316' title='bbox 2689 2455 2810 2494; x_wconf 93' lang='lat' dir='ltr'><strong>cum</strong></span> <span class='ocrx_word' id='word_1_317' title='bbox 2843 2439 2911 2495; x_wconf 88' lang='lat' dir='ltr'><strong>iis</strong></span> <span class='ocrx_word' id='word_1_318' title='bbox 2932 2439 3020 2509; x_wconf 85' lang='lat' dir='ltr'><strong>qui</strong></span> <span class='ocrx_word' id='word_1_319' title='bbox 3046 2440 3420 2505; x_wconf 87' lang='lat' dir='ltr'><strong>imprudenter</strong></span> <span class='ocrx_word' id='word_1_320' title='bbox 3444 2449 3498 2494; x_wconf 89' lang='lat' dir='ltr'><strong>et</strong></span> <span class='ocrx_word' id='word_1_321' title='bbox 3526 2455 3655 2495; x_wconf 92' lang='lat' dir='ltr'><strong>eon-</strong></span> 
     </span>
    </p>
   </div>
   <div class='ocr_carea' id='block_1_52' title="bbox 2074 2531 3654 2607">
    <p class='ocr_par' dir='ltr' id='par_1_52' title="bbox 2074 2531 3654 2607">
     <span class='ocr_line' id='line_1_52' title="bbox 2074 2531 3654 2607; baseline -0.004 -14"><span class='ocrx_word' id='word_1_322' title='bbox 2074 2536 2322 2607; x_wconf 88' lang='lat' dir='ltr'><strong>temptim</strong></span> <span class='ocrx_word' id='word_1_323' title='bbox 2364 2535 2430 2591; x_wconf 91' lang='lat' dir='ltr'><strong>ad</strong></span> <span class='ocrx_word' id='word_1_324' title='bbox 2465 2534 2846 2590; x_wconf 86' lang='lat' dir='ltr'><strong>mandatorum</strong></span> <span class='ocrx_word' id='word_1_325' title='bbox 2873 2531 3306 2587; x_wconf 84' lang='lat' dir='ltr'><strong>observationem</strong></span> <span class='ocrx_word' id='word_1_326' title='bbox 3328 2532 3654 2602; x_wconf 75' lang='lat' dir='ltr'><strong>exquisitam</strong></span> 
     </span>
    </p>
   </div>
   <div class='ocr_carea' id='block_1_53' title="bbox 2078 2625 3340 2695">
    <p class='ocr_par' dir='ltr' id='par_1_53' title="bbox 2078 2625 3340 2695">
     <span class='ocr_line' id='line_1_53' title="bbox 2078 2625 3340 2695; baseline -0.002 -13"><span class='ocrx_word' id='word_1_327' title='bbox 2078 2628 2257 2685; x_wconf 76' lang='lat' dir='ltr'><strong>allecti</strong></span> <span class='ocrx_word' id='word_1_328' title='bbox 2298 2635 2451 2695; x_wconf 89' lang='lat' dir='ltr'><strong>sunt,</strong></span> <span class='ocrx_word' id='word_1_329' title='bbox 2486 2627 2682 2682; x_wconf 87' lang='lat' dir='ltr'><strong>inutile</strong></span> <span class='ocrx_word' id='word_1_330' title='bbox 2746 2634 2801 2681; x_wconf 92' lang='lat' dir='ltr'><strong>ct</strong></span> <span class='ocrx_word' id='word_1_331' title='bbox 2839 2625 3207 2695; x_wconf 91' lang='lat' dir='ltr'><strong>perniciosum</strong></span> <span class='ocrx_word' id='word_1_332' title='bbox 3238 2634 3340 2680; x_wconf 82' lang='lat' dir='ltr'><strong>est.</strong></span> 
     </span>
    </p>
   </div>
   <div class='ocr_carea' id='block_1_54' title="bbox 2150 2716 3653 2790">
    <p class='ocr_par' dir='ltr' id='par_1_54' title="bbox 2150 2716 3653 2790">
     <span class='ocr_line' id='line_1_54' title="bbox 2150 2716 3653 2790; baseline -0.003 -14"><span class='ocrx_word' id='word_1_333' title='bbox 2150 2720 2323 2789; x_wconf 86' lang='lat' dir='ltr'><strong>Quies</strong></span> <span class='ocrx_word' id='word_1_334' title='bbox 2353 2721 2518 2790; x_wconf 78' lang='lat' dir='ltr'><strong>igitur</strong></span> <span class='ocrx_word' id='word_1_335' title='bbox 2551 2718 2764 2773; x_wconf 88' lang='lat' dir='ltr'><strong>initium</strong></span> <span class='ocrx_word' id='word_1_336' title='bbox 2798 2725 2882 2773; x_wconf 87' lang='lat' dir='ltr'><strong>est</strong></span> <span class='ocrx_word' id='word_1_337' title='bbox 2915 2716 3255 2788; x_wconf 86' lang='lat' dir='ltr'><strong>purgationis</strong></span> <span class='ocrx_word' id='word_1_338' title='bbox 3297 2717 3487 2781; x_wconf 88' lang='lat' dir='ltr'><strong>animi,</strong></span> <span class='ocrx_word' id='word_1_339' title='bbox 3528 2732 3653 2771; x_wconf 86' lang='lat' dir='ltr'><strong>cum</strong></span> 
     </span>
    </p>
   </div>
   <div class='ocr_carea' id='block_1_55' title="bbox 2080 2805 3656 2883">
    <p class='ocr_par' dir='ltr' id='par_1_55' title="bbox 2080 2805 3656 2883">
     <span class='ocr_line' id='line_1_55' title="bbox 2080 2805 3656 2883; baseline -0.006 -15"><span class='ocrx_word' id='word_1_340' title='bbox 2080 2827 2256 2883; x_wconf 82' lang='lat' dir='ltr'><strong>neque</strong></span> <span class='ocrx_word' id='word_1_341' title='bbox 2288 2810 2469 2878; x_wconf 88' lang='lat' dir='ltr'><strong>lingua</strong></span> <span class='ocrx_word' id='word_1_342' title='bbox 2513 2823 2599 2863; x_wconf 87' lang='lat' dir='ltr'><strong>res</strong></span> <span class='ocrx_word' id='word_1_343' title='bbox 2636 2809 2904 2862; x_wconf 87' lang='lat' dir='ltr'><strong>humanas</strong></span> <span class='ocrx_word' id='word_1_344' title='bbox 2932 2807 3195 2877; x_wconf 89' lang='lat' dir='ltr'><strong>loquitur,</strong></span> <span class='ocrx_word' id='word_1_345' title='bbox 3228 2820 3327 2861; x_wconf 88' lang='lat' dir='ltr'><strong>nec</strong></span> <span class='ocrx_word' id='word_1_346' title='bbox 3356 2805 3497 2860; x_wconf 91' lang='lat' dir='ltr'><strong>oculi</strong></span> <span class='ocrx_word' id='word_1_347' title='bbox 3534 2820 3656 2860; x_wconf 89' lang='lat' dir='ltr'><strong>cor-</strong></span> 
     </span>
    </p>
   </div>
   <div class='ocr_carea' id='block_1_56' title="bbox 2080 2897 3656 2978">
    <p class='ocr_par' dir='ltr' id='par_1_56' title="bbox 2080 2897 3656 2978">
     <span class='ocr_line' id='line_1_56' title="bbox 2080 2897 3656 2978; baseline -0.005 -17"><span class='ocrx_word' id='word_1_348' title='bbox 2080 2919 2278 2978; x_wconf 89' lang='lat' dir='ltr'><strong>porum</strong></span> <span class='ocrx_word' id='word_1_349' title='bbox 2314 2903 2528 2958; x_wconf 88' lang='lat' dir='ltr'><strong>colores</strong></span> <span class='ocrx_word' id='word_1_350' title='bbox 2556 2908 2612 2957; x_wconf 89' lang='lat' dir='ltr'><strong>et</strong></span> <span class='ocrx_word' id='word_1_351' title='bbox 2640 2907 2797 2970; x_wconf 86' lang='lat' dir='ltr'><strong>aptas</strong></span> <span class='ocrx_word' id='word_1_352' title='bbox 2822 2900 3194 2953; x_wconf 87' lang='lat' dir='ltr'><strong>membrorum</strong></span> <span class='ocrx_word' id='word_1_353' title='bbox 3248 2897 3656 2967; x_wconf 86' lang='lat' dir='ltr'><strong>compactiones</strong></span> 
     </span>
    </p>
   </div>
   <div class='ocr_carea' id='block_1_57' title="bbox 393 2986 1987 3066">
    <p class='ocr_par' dir='ltr' id='par_1_57' title="bbox 393 2986 1980 3060">
     <span class='ocr_line' id='line_1_57' title="bbox 393 2986 1980 3060; baseline -0.003 -17"><span class='ocrx_word' id='word_1_354' title='bbox 393 2989 663 3055; x_wconf 84' lang='grc' dir='ltr'>πούντων,</span> <span class='ocrx_word' id='word_1_355' title='bbox 693 2992 831 3060; x_wconf 86' lang='grc' dir='ltr'>μήτε</span> <span class='ocrx_word' id='word_1_356' title='bbox 861 2990 1030 3057; x_wconf 78' lang='grc' dir='ltr'>ἀκοὴς</span> <span class='ocrx_word' id='word_1_357' title='bbox 1053 2986 1145 3042; x_wconf 76' lang='grc' dir='ltr'><strong>τὸν</strong></span> <span class='ocrx_word' id='word_1_358' title='bbox 1164 2989 1316 3041; x_wconf 82' lang='grc' dir='ltr'>τόνον</span> <span class='ocrx_word' id='word_1_359' title='bbox 1336 2989 1438 3058; x_wconf 77' lang='grc' dir='ltr'><strong>τῆς</strong></span> <span class='ocrx_word' id='word_1_360' title='bbox 1464 2988 1645 3058; x_wconf 81' lang='grc' dir='ltr'>ψυχῆς</span> <span class='ocrx_word' id='word_1_361' title='bbox 1675 2986 1980 3057; x_wconf 72' lang='grc' dir='ltr'>ἑκλυούσης</span> 
     </span>
    </p>
   </div>
   <div class='ocr_carea' id='block_1_58' title="bbox 2092 2986 3659 3066">
    <p class='ocr_par' dir='ltr' id='par_1_58' title="bbox 2092 2988 3659 3066">
     <span class='ocr_line' id='line_1_58' title="bbox 2092 2988 3659 3066; baseline -0.004 -14"><span class='ocrx_word' id='word_1_362' title='bbox 2092 2995 2665 3066; x_wconf 81' lang='lat' dir='ltr'><strong>eireumspiciunt,nee</strong></span> <span class='ocrx_word' id='word_1_363' title='bbox 2689 3006 2849 3046; x_wconf 90' lang='lat' dir='ltr'><strong>aures</strong></span> <span class='ocrx_word' id='word_1_364' title='bbox 2874 2990 3037 3045; x_wconf 90' lang='lat' dir='ltr'><strong>animi</strong></span> <span class='ocrx_word' id='word_1_365' title='bbox 3061 2989 3412 3045; x_wconf 89' lang='lat' dir='ltr'><strong>intentionem</strong></span> <span class='ocrx_word' id='word_1_366' title='bbox 3439 2988 3659 3046; x_wconf 81' lang='lat' dir='ltr'><strong>solvunt</strong></span> 
     </span>
    </p>
   </div>
   <div class='ocr_carea' id='block_1_59' title="bbox 394 3080 1987 3159">
    <p class='ocr_par' dir='ltr' id='par_1_59' title="bbox 394 3080 1976 3153">
     <span class='ocr_line' id='line_1_59' title="bbox 394 3080 1976 3153; baseline -0.001 -19"><span class='ocrx_word' id='word_1_367' title='bbox 394 3082 453 3134; x_wconf 68' lang='grc' dir='ltr'>ἐν</span> <span class='ocrx_word' id='word_1_368' title='bbox 486 3083 746 3153; x_wconf 74' lang='grc' dir='ltr'>ἀκροάσει</span> <span class='ocrx_word' id='word_1_369' title='bbox 778 3081 959 3152; x_wconf 81' lang='grc' dir='ltr'>μελῶν</span> <span class='ocrx_word' id='word_1_370' title='bbox 987 3081 1125 3153; x_wconf 75' lang='grc' dir='ltr'>πρὸς</span> <span class='ocrx_word' id='word_1_371' title='bbox 1153 3080 1352 3152; x_wconf 68' lang='grc' dir='ltr'>ἡδονὴν</span> <span class='ocrx_word' id='word_1_372' title='bbox 1390 3080 1804 3151; x_wconf 80' lang='grc' dir='ltr'>πεποιημένων,</span> <span class='ocrx_word' id='word_1_373' title='bbox 1838 3080 1976 3151; x_wconf 83' lang='grc' dir='ltr'>μήτε</span> 
     </span>
    </p>
   </div>
   <div class='ocr_carea' id='block_1_60' title="bbox 2092 3080 3658 3159">
    <p class='ocr_par' dir='ltr' id='par_1_60' title="bbox 2092 3080 3658 3151">
     <span class='ocr_line' id='line_1_60' title="bbox 2092 3080 3658 3151; baseline -0.004 -9"><span class='ocrx_word' id='word_1_374' title='bbox 2092 3086 2371 3142; x_wconf 68' lang='lat' dir='ltr'><strong>audiendis</strong></span> <span class='ocrx_word' id='word_1_375' title='bbox 2415 3085 2643 3140; x_wconf 88' lang='lat' dir='ltr'><strong>canticis</strong></span> <span class='ocrx_word' id='word_1_376' title='bbox 2680 3085 2745 3138; x_wconf 88' lang='lat' dir='ltr'><strong>ad</strong></span> <span class='ocrx_word' id='word_1_377' title='bbox 2797 3083 3129 3151; x_wconf 88' lang='lat' dir='ltr'><strong>voluptatem</strong></span> <span class='ocrx_word' id='word_1_378' title='bbox 3183 3080 3500 3148; x_wconf 88' lang='lat' dir='ltr'><strong>modulatis,</strong></span> <span class='ocrx_word' id='word_1_379' title='bbox 3563 3088 3658 3135; x_wconf 83' lang='lat' dir='ltr'><strong>aut</strong></span> 
     </span>
    </p>
   </div>
   <div class='ocr_carea' id='block_1_61' title="bbox 398 3170 1987 3245">
    <p class='ocr_par' dir='ltr' id='par_1_61' title="bbox 398 3171 1982 3245">
     <span class='ocr_line' id='line_1_61' title="bbox 398 3171 1982 3245; baseline -0.001 -18"><span class='ocrx_word' id='word_1_380' title='bbox 398 3176 641 3245; x_wconf 74' lang='grc' dir='ltr'>ῥήμασιν</span> <span class='ocrx_word' id='word_1_381' title='bbox 688 3173 1040 3245; x_wconf 81' lang='grc' dir='ltr'>εὐτραπέλων</span> <span class='ocrx_word' id='word_1_382' title='bbox 1080 3176 1174 3229; x_wconf 75' lang='grc' dir='ltr'>καὶ</span> <span class='ocrx_word' id='word_1_383' title='bbox 1204 3172 1538 3241; x_wconf 80' lang='grc' dir='ltr'>γελοιαστῶν</span> <span class='ocrx_word' id='word_1_384' title='bbox 1591 3171 1921 3244; x_wconf 84' lang='grc' dir='ltr'>ἀνθρώπων,</span> <span class='ocrx_word' id='word_1_385' title='bbox 1952 3172 1982 3226; x_wconf 84' lang='grc' dir='ltr'><strong>ὃ</strong></span> 
     </span>
    </p>
   </div>
   <div class='ocr_carea' id='block_1_62' title="bbox 2092 3170 3661 3245">
    <p class='ocr_par' dir='ltr' id='par_1_62' title="bbox 2092 3170 3661 3245">
     <span class='ocr_line' id='line_1_62' title="bbox 2092 3170 3661 3245; baseline -0.006 -10"><span class='ocrx_word' id='word_1_386' title='bbox 2092 3178 2254 3235; x_wconf 87' lang='lat' dir='ltr'><strong>dictis</strong></span> <span class='ocrx_word' id='word_1_387' title='bbox 2280 3176 2604 3234; x_wconf 87' lang='lat' dir='ltr'><strong>scurrilibus</strong></span> <span class='ocrx_word' id='word_1_388' title='bbox 2633 3183 2687 3229; x_wconf 90' lang='lat' dir='ltr'><strong>et</strong></span> <span class='ocrx_word' id='word_1_389' title='bbox 2719 3172 2985 3241; x_wconf 82' lang='lat' dir='ltr'><strong>ridiculis,</strong></span> <span class='ocrx_word' id='word_1_390' title='bbox 3014 3188 3122 3245; x_wconf 87' lang='lat' dir='ltr'><strong>qua</strong></span> <span class='ocrx_word' id='word_1_391' title='bbox 3146 3187 3205 3228; x_wconf 93' lang='lat' dir='ltr'><strong>re</strong></span> <span class='ocrx_word' id='word_1_392' title='bbox 3224 3171 3391 3227; x_wconf 87' lang='lat' dir='ltr'><strong>animi</strong></span> <span class='ocrx_word' id='word_1_393' title='bbox 3427 3170 3661 3226; x_wconf 87' lang='lat' dir='ltr'><strong>intentio</strong></span> 
     </span>
    </p>
   </div>
   <div class='ocr_carea' id='block_1_63' title="bbox 399 3265 1768 3343">
    <p class='ocr_par' dir='ltr' id='par_1_63' title="bbox 399 3265 1768 3343">
     <span class='ocr_line' id='line_1_63' title="bbox 399 3265 1768 3343; baseline -0.004 -18"><span class='ocrx_word' id='word_1_394' title='bbox 399 3271 639 3343; x_wconf 81' lang='grc' dir='ltr'>μάλιστα</span> <span class='ocrx_word' id='word_1_395' title='bbox 670 3269 819 3323; x_wconf 81' lang='grc' dir='ltr'>λύειν</span> <span class='ocrx_word' id='word_1_396' title='bbox 849 3269 947 3337; x_wconf 83' lang='grc' dir='ltr'>τῆς</span> <span class='ocrx_word' id='word_1_397' title='bbox 975 3268 1160 3338; x_wconf 78' lang='grc' dir='ltr'>ψυχῆς</span> <span class='ocrx_word' id='word_1_398' title='bbox 1192 3266 1286 3321; x_wconf 77' lang='grc' dir='ltr'><strong>τὸν</strong></span> <span class='ocrx_word' id='word_1_399' title='bbox 1309 3267 1466 3321; x_wconf 81' lang='grc' dir='ltr'>τόνον</span> <span class='ocrx_word' id='word_1_400' title='bbox 1499 3265 1768 3337; x_wconf 81' lang='grc' dir='ltr'>πέφυκεν.</span> 
     </span>
    </p>
   </div>
   <div class='ocr_carea' id='block_1_64' title="bbox 472 3357 1985 3433">
    <p class='ocr_par' dir='ltr' id='par_1_64' title="bbox 472 3357 1985 3433">
     <span class='ocr_line' id='line_1_64' title="bbox 472 3357 1985 3433; baseline -0.004 -16"><span class='ocrx_word' id='word_1_401' title='bbox 472 3361 617 3425; x_wconf 85' lang='grc' dir='ltr'>Νοῦς</span> <span class='ocrx_word' id='word_1_402' title='bbox 643 3363 741 3433; x_wconf 82' lang='grc' dir='ltr'>μὲν</span> <span class='ocrx_word' id='word_1_403' title='bbox 764 3362 873 3431; x_wconf 87' lang='grc' dir='ltr'><strong>γάρ</strong></span> <span class='ocrx_word' id='word_1_404' title='bbox 906 3362 981 3432; x_wconf 78' lang='grc' dir='ltr'>μὴ</span> <span class='ocrx_word' id='word_1_405' title='bbox 1012 3359 1448 3430; x_wconf 84' lang='grc' dir='ltr'>σκεδαννύμενος</span> <span class='ocrx_word' id='word_1_406' title='bbox 1471 3360 1565 3413; x_wconf 71' lang='grc' dir='ltr'><strong>ἐπὶ</strong></span> <span class='ocrx_word' id='word_1_407' title='bbox 1591 3361 1661 3413; x_wconf 87' lang='grc' dir='ltr'>τὰ</span> <span class='ocrx_word' id='word_1_408' title='bbox 1690 3359 1815 3426; x_wconf 72' lang='grc' dir='ltr'>ἔξω,</span> <span class='ocrx_word' id='word_1_409' title='bbox 1847 3357 1985 3429; x_wconf 65' lang='grc' dir='ltr'>μηδὲ</span> 
     </span>
    </p>
   </div>
   <div class='ocr_carea' id='block_1_65' title="bbox 399 3450 1986 3524">
    <p class='ocr_par' dir='ltr' id='par_1_65' title="bbox 399 3450 1986 3524">
     <span class='ocr_line' id='line_1_65' title="bbox 399 3450 1986 3524; baseline 0.009 -22"><span class='ocrx_word' id='word_1_410' title='bbox 399 3455 510 3509; x_wconf 73' lang='grc' dir='ltr'><strong>ὑπὸ</strong></span> <span class='ocrx_word' id='word_1_411' title='bbox 555 3454 666 3507; x_wconf 83' lang='grc' dir='ltr'><strong>τῶν</strong></span> <span class='ocrx_word' id='word_1_412' title='bbox 704 3453 1079 3524; x_wconf 80' lang='grc' dir='ltr'>αἰσθητηρίων</span> <span class='ocrx_word' id='word_1_413' title='bbox 1115 3453 1209 3505; x_wconf 76' lang='grc' dir='ltr'><strong>ἐπὶ</strong></span> <span class='ocrx_word' id='word_1_414' title='bbox 1239 3452 1331 3505; x_wconf 75' lang='grc' dir='ltr'><strong>τὸν</strong></span> <span class='ocrx_word' id='word_1_415' title='bbox 1366 3450 1572 3523; x_wconf 87' lang='grc' dir='ltr'>κόσμον</span> <span class='ocrx_word' id='word_1_416' title='bbox 1614 3451 1986 3523; x_wconf 73' lang='grc' dir='ltr'>διαχεόμενος.</span> 
     </span>
    </p>
   </div>
   <div class='ocr_carea' id='block_1_66' title="bbox 401 3542 1991 3616">
    <p class='ocr_par' dir='ltr' id='par_1_66' title="bbox 401 3542 1991 3616">
     <span class='ocr_line' id='line_1_66' title="bbox 401 3542 1991 3616; baseline -0.004 -13"><span class='ocrx_word' id='word_1_417' title='bbox 401 3548 659 3603; x_wconf 68' lang='grc' dir='ltr'>ίπάνεισι</span> <span class='ocrx_word' id='word_1_418' title='bbox 694 3546 792 3616; x_wconf 70' lang='grc' dir='ltr'>μὲν</span> <span class='ocrx_word' id='word_1_419' title='bbox 842 3545 979 3612; x_wconf 75' lang='grc' dir='ltr'>πρὸς</span> <span class='ocrx_word' id='word_1_420' title='bbox 1009 3545 1225 3611; x_wconf 78' lang='grc' dir='ltr'>ἑαυτὸν,</span> <span class='ocrx_word' id='word_1_421' title='bbox 1270 3542 1340 3598; x_wconf 81' lang='grc' dir='ltr'><strong>δι’</strong></span> <span class='ocrx_word' id='word_1_422' title='bbox 1382 3543 1578 3599; x_wconf 72' lang='grc' dir='ltr'>ἑαυτοῦ</span> <span class='ocrx_word' id='word_1_423' title='bbox 1609 3544 1670 3598; x_wconf 74' lang='grc' dir='ltr'><strong>δδ</strong></span> <span class='ocrx_word' id='word_1_424' title='bbox 1716 3544 1855 3616; x_wconf 69' lang='grc' dir='ltr'>πρὸς</span> <span class='ocrx_word' id='word_1_425' title='bbox 1889 3544 1991 3614; x_wconf 79' lang='grc' dir='ltr'>τὴν</span> 
     </span>
    </p>
   </div>
   <div class='ocr_carea' id='block_1_67' title="bbox 404 3636 1992 3712">
    <p class='ocr_par' dir='ltr' id='par_1_67' title="bbox 404 3636 1992 3712">
     <span class='ocr_line' id='line_1_67' title="bbox 404 3636 1992 3712; baseline -0.003 -18"><span class='ocrx_word' id='word_1_426' title='bbox 404 3643 535 3712; x_wconf 73' lang='grc' dir='ltr'>περὶ</span> <span class='ocrx_word' id='word_1_427' title='bbox 586 3639 721 3691; x_wconf 77' lang='grc' dir='ltr'>Θεοῦ</span> <span class='ocrx_word' id='word_1_428' title='bbox 764 3638 974 3691; x_wconf 72' lang='grc' dir='ltr'>ἔννοιαν</span> <span class='ocrx_word' id='word_1_429' title='bbox 1032 3637 1357 3691; x_wconf 78' lang='grc' dir='ltr'>ἀναϐαίνει·</span> <span class='ocrx_word' id='word_1_430' title='bbox 1402 3638 1641 3707; x_wconf 79' lang='grc' dir='ltr'>κάκείνῳ</span> <span class='ocrx_word' id='word_1_431' title='bbox 1679 3636 1757 3708; x_wconf 85' lang='grc' dir='ltr'><strong>τῷ</strong></span> <span class='ocrx_word' id='word_1_432' title='bbox 1804 3636 1992 3690; x_wconf 81' lang='grc' dir='ltr'>κάλλει</span> 
     </span>
    </p>
   </div>
   <div class='ocr_carea' id='block_1_68' title="bbox 409 3730 1991 3801">
    <p class='ocr_par' dir='ltr' id='par_1_68' title="bbox 409 3730 1991 3801">
     <span class='ocr_line' id='line_1_68' title="bbox 409 3730 1991 3801; baseline -0.003 -14"><span class='ocrx_word' id='word_1_433' title='bbox 409 3752 475 3787; x_wconf 88' lang='grc' dir='ltr'><strong>πε</strong></span> <span class='ocrx_word' id='word_1_434' title='bbox 485 3730 888 3801; x_wconf 82' lang='grc' dir='ltr'>ριλαμπόμενός</span> <span class='ocrx_word' id='word_1_435' title='bbox 912 3747 971 3783; x_wconf 88' lang='grc' dir='ltr'><strong>τε</strong></span> <span class='ocrx_word' id='word_1_436' title='bbox 995 3730 1091 3783; x_wconf 75' lang='grc' dir='ltr'><strong>καὶ</strong></span> <span class='ocrx_word' id='word_1_437' title='bbox 1120 3730 1555 3801; x_wconf 81' lang='grc' dir='ltr'>ὲλλαμπόμενος,</span> <span class='ocrx_word' id='word_1_438' title='bbox 1583 3732 1679 3785; x_wconf 74' lang='grc' dir='ltr'>καὶ</span> <span class='ocrx_word' id='word_1_439' title='bbox 1702 3731 1871 3800; x_wconf 74' lang='grc' dir='ltr'>αὐτῆς</span> <span class='ocrx_word' id='word_1_440' title='bbox 1893 3731 1991 3800; x_wconf 75' lang='grc' dir='ltr'><strong>τῆς</strong></span> 
     </span>
    </p>
   </div>
   <div class='ocr_carea' id='block_1_69' title="bbox 412 3821 1994 3894">
    <p class='ocr_par' dir='ltr' id='par_1_69' title="bbox 412 3821 1994 3894">
     <span class='ocr_line' id='line_1_69' title="bbox 412 3821 1994 3894; baseline -0.002 -16"><span class='ocrx_word' id='word_1_441' title='bbox 412 3824 627 3894; x_wconf 84' lang='grc' dir='ltr'>φύσεως</span> <span class='ocrx_word' id='word_1_442' title='bbox 657 3822 830 3894; x_wconf 86' lang='grc' dir='ltr'>λήθην</span> <span class='ocrx_word' id='word_1_443' title='bbox 878 3821 1168 3892; x_wconf 82' lang='grc' dir='ltr'>λαμϐάνει,</span> <span class='ocrx_word' id='word_1_444' title='bbox 1208 3823 1347 3892; x_wconf 78' lang='grc' dir='ltr'>μήτε</span> <span class='ocrx_word' id='word_1_445' title='bbox 1402 3821 1539 3893; x_wconf 75' lang='grc' dir='ltr'>πρὸς</span> <span class='ocrx_word' id='word_1_446' title='bbox 1581 3823 1792 3893; x_wconf 82' lang='grc' dir='ltr'>τροφῆς</span> <span class='ocrx_word' id='word_1_447' title='bbox 1828 3840 1994 3894; x_wconf 82' lang='grc' dir='ltr'>φρον-</span> 
     </span>
    </p>
   </div>
   <div class='ocr_carea' id='block_1_70' title="bbox 410 3912 1997 3986">
    <p class='ocr_par' dir='ltr' id='par_1_70' title="bbox 410 3912 1997 3986">
     <span class='ocr_line' id='line_1_70' title="bbox 410 3912 1997 3986; baseline -0.003 -17"><span class='ocrx_word' id='word_1_448' title='bbox 410 3917 551 3982; x_wconf 71' lang='grc' dir='ltr'>τίδα,</span> <span class='ocrx_word' id='word_1_449' title='bbox 583 3917 721 3986; x_wconf 87' lang='grc' dir='ltr'>μήτε</span> <span class='ocrx_word' id='word_1_450' title='bbox 767 3915 905 3985; x_wconf 78' lang='grc' dir='ltr'>πρὸς</span> <span class='ocrx_word' id='word_1_451' title='bbox 938 3912 1311 3983; x_wconf 84' lang='grc' dir='ltr'>περιϐολαίων</span> <span class='ocrx_word' id='word_1_452' title='bbox 1359 3912 1654 3984; x_wconf 83' lang='grc' dir='ltr'>μέριμναν,</span> <span class='ocrx_word' id='word_1_453' title='bbox 1683 3916 1778 3983; x_wconf 80' lang='grc' dir='ltr'>τὴν</span> <span class='ocrx_word' id='word_1_454' title='bbox 1815 3912 1997 3983; x_wconf 79' lang='grc' dir='ltr'>ψυχὴν</span> 
     </span>
    </p>
   </div>
   <div class='ocr_carea' id='block_1_71' title="bbox 413 3999 1997 4077">
    <p class='ocr_par' dir='ltr' id='par_1_71' title="bbox 413 3999 1997 4077">
     <span class='ocr_line' id='line_1_71' title="bbox 413 3999 1997 4077; baseline -0.003 -16"><span class='ocrx_word' id='word_1_455' title='bbox 413 4008 809 4077; x_wconf 84' lang='grc' dir='ltr'>καθελκόμενος</span> <span class='ocrx_word' id='word_1_456' title='bbox 829 4021 844 4037; x_wconf 85' lang='grc'>⁶</span> <span class='ocrx_word' id='word_1_457' title='bbox 878 4004 1015 4058; x_wconf 86' lang='grc' dir='ltr'><strong>ἀλλά</strong></span> <span class='ocrx_word' id='word_1_458' title='bbox 1042 4004 1237 4075; x_wconf 77' lang='grc' dir='ltr'>σχολὴν</span> <span class='ocrx_word' id='word_1_459' title='bbox 1267 4003 1374 4059; x_wconf 79' lang='grc' dir='ltr'><strong>ἀπὸ</strong></span> <span class='ocrx_word' id='word_1_460' title='bbox 1400 4004 1510 4059; x_wconf 87' lang='grc' dir='ltr'><strong>τῶν</strong></span> <span class='ocrx_word' id='word_1_461' title='bbox 1542 3999 1747 4074; x_wconf 78' lang='grc' dir='ltr'>γηΐνων</span> <span class='ocrx_word' id='word_1_462' title='bbox 1775 4022 1811 4074; x_wconf 89' lang='grc' dir='ltr'><strong>φ</strong></span> <span class='ocrx_word' id='word_1_463' title='bbox 1819 4004 1997 4075; x_wconf 77' lang='grc' dir='ltr'>ροντί-</span> 
     </span>
    </p>
   </div>
   <div class='ocr_carea' id='block_1_72' title="bbox 415 4096 1999 4169">
    <p class='ocr_par' dir='ltr' id='par_1_72' title="bbox 415 4096 1999 4169">
     <span class='ocr_line' id='line_1_72' title="bbox 415 4096 1999 4169; baseline -0.001 -16"><span class='ocrx_word' id='word_1_464' title='bbox 415 4101 522 4153; x_wconf 85' lang='grc' dir='ltr'>δων</span> <span class='ocrx_word' id='word_1_465' title='bbox 577 4102 747 4168; x_wconf 80' lang='grc' dir='ltr'>ἄγων,</span> <span class='ocrx_word' id='word_1_466' title='bbox 802 4099 901 4169; x_wconf 80' lang='grc' dir='ltr'>τὴν</span> <span class='ocrx_word' id='word_1_467' title='bbox 955 4099 1139 4151; x_wconf 78' lang='grc' dir='ltr'>πᾶσαν</span> <span class='ocrx_word' id='word_1_468' title='bbox 1194 4096 1390 4151; x_wconf 79' lang='grc' dir='ltr'>ἑαυτοῦ</span> <span class='ocrx_word' id='word_1_469' title='bbox 1452 4098 1686 4169; x_wconf 80' lang='grc' dir='ltr'>σπουδὴν</span> <span class='ocrx_word' id='word_1_470' title='bbox 1749 4098 1844 4150; x_wconf 77' lang='grc' dir='ltr'>ἐπὶ</span> <span class='ocrx_word' id='word_1_471' title='bbox 1898 4099 1999 4168; x_wconf 81' lang='grc' dir='ltr'>τὴν</span> 
     </span>
    </p>
   </div>
   <div class='ocr_carea' id='block_1_73' title="bbox 415 4186 1998 4261">
    <p class='ocr_par' dir='ltr' id='par_1_73' title="bbox 415 4186 1998 4261">
     <span class='ocr_line' id='line_1_73' title="bbox 415 4186 1998 4261; baseline -0.003 -14"><span class='ocrx_word' id='word_1_472' title='bbox 415 4192 609 4261; x_wconf 80' lang='grc' dir='ltr'>κτῆσιν</span> <span class='ocrx_word' id='word_1_473' title='bbox 650 4190 759 4246; x_wconf 87' lang='grc' dir='ltr'><strong>τῶν</strong></span> <span class='ocrx_word' id='word_1_474' title='bbox 797 4188 1031 4244; x_wconf 74' lang='grc' dir='ltr'>αἰωνίων</span> <span class='ocrx_word' id='word_1_475' title='bbox 1068 4187 1291 4257; x_wconf 82' lang='grc' dir='ltr'>ἀγαθῶν</span> <span class='ocrx_word' id='word_1_476' title='bbox 1333 4186 1680 4257; x_wconf 80' lang='grc' dir='ltr'>μετατίθησι,</span> <span class='ocrx_word' id='word_1_477' title='bbox 1716 4187 1833 4251; x_wconf 72' lang='grc' dir='ltr'>πῶς,</span> <span class='ocrx_word' id='word_1_478' title='bbox 1864 4205 1998 4242; x_wconf 86' lang='grc' dir='ltr'>κατ-</span> 
     </span>
    </p>
   </div>
   <div class='ocr_carea' id='block_1_74' title="bbox 416 4277 2001 4357">
    <p class='ocr_par' dir='ltr' id='par_1_74' title="bbox 416 4277 2001 4357">
     <span class='ocr_line' id='line_1_74' title="bbox 416 4277 2001 4357; baseline -0.004 -18"><span class='ocrx_word' id='word_1_479' title='bbox 416 4285 631 4357; x_wconf 77' lang='grc' dir='ltr'>ορθωθὴ</span> <span class='ocrx_word' id='word_1_480' title='bbox 678 4283 826 4354; x_wconf 77' lang='grc' dir='ltr'>αὐτῷ</span> <span class='ocrx_word' id='word_1_481' title='bbox 883 4284 918 4354; x_wconf 88' lang='grc' dir='ltr'><strong>ἡ</strong></span> <span class='ocrx_word' id='word_1_482' title='bbox 958 4278 1286 4352; x_wconf 80' lang='grc' dir='ltr'>σωφροσύνη</span> <span class='ocrx_word' id='word_1_483' title='bbox 1319 4278 1414 4333; x_wconf 79' lang='grc' dir='ltr'>καὶ</span> <span class='ocrx_word' id='word_1_484' title='bbox 1452 4279 1485 4351; x_wconf 82' lang='grc' dir='ltr'><strong>ἡ</strong></span> <span class='ocrx_word' id='word_1_485' title='bbox 1522 4277 1744 4349; x_wconf 80' lang='grc' dir='ltr'>ἀνδρία’</span> <span class='ocrx_word' id='word_1_486' title='bbox 1782 4278 1902 4343; x_wconf 87' lang='grc' dir='ltr'><strong>πῶς</strong></span> <span class='ocrx_word' id='word_1_487' title='bbox 1942 4279 2001 4333; x_wconf 71' lang='grc' dir='ltr'><strong>δὲ</strong></span> 
     </span>
    </p>
   </div>
   <div class='ocr_carea' id='block_1_75' title="bbox 418 4369 1998 4446">
    <p class='ocr_par' dir='ltr' id='par_1_75' title="bbox 418 4369 1998 4446">
     <span class='ocr_line' id='line_1_75' title="bbox 418 4369 1998 4446; baseline -0.004 -14"><span class='ocrx_word' id='word_1_488' title='bbox 418 4377 757 4446; x_wconf 84' lang='grc' dir='ltr'>δικαιοσύνη,</span> <span class='ocrx_word' id='word_1_489' title='bbox 784 4376 881 4430; x_wconf 71' lang='grc' dir='ltr'><strong>καί</strong></span> <span class='ocrx_word' id='word_1_490' title='bbox 923 4377 957 4445; x_wconf 85' lang='grc' dir='ltr'><strong>ἡ</strong></span> <span class='ocrx_word' id='word_1_491' title='bbox 1004 4374 1289 4444; x_wconf 83' lang='grc' dir='ltr'>φρόνησις,</span> <span class='ocrx_word' id='word_1_492' title='bbox 1338 4373 1434 4427; x_wconf 73' lang='grc' dir='ltr'><strong>καὶ</strong></span> <span class='ocrx_word' id='word_1_493' title='bbox 1464 4370 1521 4425; x_wconf 82' lang='grc' dir='ltr'>αἱ</span> <span class='ocrx_word' id='word_1_494' title='bbox 1560 4369 1749 4431; x_wconf 64' lang='grc' dir='ltr'><strong>λοιπαὶ¹</strong></span> <span class='ocrx_word' id='word_1_495' title='bbox 1782 4371 1998 4442; x_wconf 85' lang='grc' dir='ltr'>ἀρεταί.</span> 
     </span>
    </p>
   </div>
   <div class='ocr_carea' id='block_1_76' title="bbox 2088 3266 2908 3342">
    <p class='ocr_par' dir='ltr' id='par_1_76' title="bbox 2088 3266 2908 3342">
     <span class='ocr_line' id='line_1_76' title="bbox 2088 3266 2908 3342; baseline -0.006 -16"><span class='ocrx_word' id='word_1_496' title='bbox 2088 3270 2442 3342; x_wconf 82' lang='lat' dir='ltr'><strong>languescere</strong></span> <span class='ocrx_word' id='word_1_497' title='bbox 2480 3266 2720 3324; x_wconf 82' lang='lat' dir='ltr'><strong>maxime</strong></span> <span class='ocrx_word' id='word_1_498' title='bbox 2747 3267 2908 3323; x_wconf 89' lang='lat' dir='ltr'><strong>solet.</strong></span> 
     </span>
    </p>
   </div>
   <div class='ocr_carea' id='block_1_77' title="bbox 2167 3356 3659 3429">
    <p class='ocr_par' dir='ltr' id='par_1_77' title="bbox 2167 3356 3659 3429">
     <span class='ocr_line' id='line_1_77' title="bbox 2167 3356 3659 3429; baseline -0.006 -10"><span class='ocrx_word' id='word_1_499' title='bbox 2167 3365 2320 3419; x_wconf 87' lang='lat' dir='ltr'><strong>Mens</strong></span> <span class='ocrx_word' id='word_1_500' title='bbox 2345 3363 2491 3417; x_wconf 92' lang='lat' dir='ltr'><strong>enim</strong></span> <span class='ocrx_word' id='word_1_501' title='bbox 2523 3375 2649 3417; x_wconf 88' lang='lat' dir='ltr'><strong>cum</strong></span> <span class='ocrx_word' id='word_1_502' title='bbox 2680 3360 2746 3416; x_wconf 94' lang='lat' dir='ltr'><strong>ad</strong></span> <span class='ocrx_word' id='word_1_503' title='bbox 2778 3377 2865 3416; x_wconf 91' lang='lat' dir='ltr'><strong>res</strong></span> <span class='ocrx_word' id='word_1_504' title='bbox 2924 3368 3179 3415; x_wconf 83' lang='lat' dir='ltr'><strong>externas</strong></span> <span class='ocrx_word' id='word_1_505' title='bbox 3208 3373 3317 3414; x_wconf 91' lang='lat' dir='ltr'><strong>non</strong></span> <span class='ocrx_word' id='word_1_506' title='bbox 3341 3356 3659 3429; x_wconf 88' lang='lat' dir='ltr'><strong>dissipatur,</strong></span> 
     </span>
    </p>
   </div>
   <div class='ocr_carea' id='block_1_78' title="bbox 2093 3449 3665 3524">
    <p class='ocr_par' dir='ltr' id='par_1_78' title="bbox 2093 3449 3665 3524">
     <span class='ocr_line' id='line_1_78' title="bbox 2093 3449 3665 3524; baseline -0.006 -13"><span class='ocrx_word' id='word_1_507' title='bbox 2093 3471 2194 3511; x_wconf 92' lang='lat' dir='ltr'><strong>nec</strong></span> <span class='ocrx_word' id='word_1_508' title='bbox 2245 3456 2298 3509; x_wconf 89' lang='lat' dir='ltr'><strong>in</strong></span> <span class='ocrx_word' id='word_1_509' title='bbox 2350 3454 2613 3510; x_wconf 88' lang='lat' dir='ltr'><strong>mundum</strong></span> <span class='ocrx_word' id='word_1_510' title='bbox 2667 3469 2763 3524; x_wconf 91' lang='lat' dir='ltr'><strong>per</strong></span> <span class='ocrx_word' id='word_1_511' title='bbox 2798 3462 2978 3521; x_wconf 90' lang='lat' dir='ltr'><strong>partes</strong></span> <span class='ocrx_word' id='word_1_512' title='bbox 3036 3453 3086 3507; x_wconf 91' lang='lat' dir='ltr'><strong>in</strong></span> <span class='ocrx_word' id='word_1_513' title='bbox 3150 3452 3348 3523; x_wconf 82' lang='lat' dir='ltr'><strong>quibus</strong></span> <span class='ocrx_word' id='word_1_514' title='bbox 3398 3449 3487 3507; x_wconf 88' lang='lat' dir='ltr'><strong>siti</strong></span> <span class='ocrx_word' id='word_1_515' title='bbox 3535 3455 3665 3505; x_wconf 91' lang='lat' dir='ltr'><strong>sunt</strong></span> 
     </span>
    </p>
   </div>
   <div class='ocr_carea' id='block_1_79' title="bbox 2094 3544 3669 3612">
    <p class='ocr_par' dir='ltr' id='par_1_79' title="bbox 2094 3544 3669 3612">
     <span class='ocr_line' id='line_1_79' title="bbox 2094 3544 3669 3612; baseline -0.008 -9"><span class='ocrx_word' id='word_1_516' title='bbox 2094 3562 2294 3603; x_wconf 82' lang='lat' dir='ltr'><strong>sensus</strong></span> <span class='ocrx_word' id='word_1_517' title='bbox 2327 3544 2674 3607; x_wconf 79' lang='lat' dir='ltr'><strong>diffunditur,</strong></span> <span class='ocrx_word' id='word_1_518' title='bbox 2736 3545 2802 3599; x_wconf 88' lang='lat' dir='ltr'><strong>ad</strong></span> <span class='ocrx_word' id='word_1_519' title='bbox 2855 3561 2913 3600; x_wconf 92' lang='lat' dir='ltr'><strong>se</strong></span> <span class='ocrx_word' id='word_1_520' title='bbox 2966 3546 3080 3612; x_wconf 89' lang='lat' dir='ltr'><strong>ipsa</strong></span> <span class='ocrx_word' id='word_1_521' title='bbox 3123 3544 3433 3606; x_wconf 81' lang='lat' dir='ltr'><strong>revertitur,</strong></span> <span class='ocrx_word' id='word_1_522' title='bbox 3479 3556 3541 3595; x_wconf 89' lang='lat' dir='ltr'><strong>ac</strong></span> <span class='ocrx_word' id='word_1_523' title='bbox 3572 3554 3669 3610; x_wconf 90' lang='lat' dir='ltr'><strong>per</strong></span> 
     </span>
    </p>
   </div>
   <div class='ocr_carea' id='block_1_80' title="bbox 2096 3631 3667 3703">
    <p class='ocr_par' dir='ltr' id='par_1_80' title="bbox 2096 3631 3667 3703">
     <span class='ocr_line' id='line_1_80' title="bbox 2096 3631 3667 3703; baseline -0.007 -7"><span class='ocrx_word' id='word_1_524' title='bbox 2096 3654 2217 3696; x_wconf 84' lang='lat' dir='ltr'><strong>sese</strong></span> <span class='ocrx_word' id='word_1_525' title='bbox 2249 3638 2316 3693; x_wconf 88' lang='lat' dir='ltr'><strong>ad</strong></span> <span class='ocrx_word' id='word_1_526' title='bbox 2352 3637 2446 3693; x_wconf 90' lang='lat' dir='ltr'><strong>Dei</strong></span> <span class='ocrx_word' id='word_1_527' title='bbox 2499 3636 2778 3691; x_wconf 90' lang='lat' dir='ltr'><strong>notionem</strong></span> <span class='ocrx_word' id='word_1_528' title='bbox 2828 3635 3120 3700; x_wconf 90' lang='lat' dir='ltr'><strong>ascendit;</strong></span> <span class='ocrx_word' id='word_1_529' title='bbox 3174 3643 3337 3703; x_wconf 89' lang='lat' dir='ltr'><strong>atque</strong></span> <span class='ocrx_word' id='word_1_530' title='bbox 3396 3634 3485 3687; x_wconf 83' lang='lat' dir='ltr'><strong>illa</strong></span> <span class='ocrx_word' id='word_1_531' title='bbox 3543 3631 3667 3702; x_wconf 91' lang='lat' dir='ltr'><strong>pul-</strong></span> 
     </span>
    </p>
   </div>
   <div class='ocr_carea' id='block_1_81' title="bbox 2098 3723 3666 3793">
    <p class='ocr_par' dir='ltr' id='par_1_81' title="bbox 2098 3723 3666 3793">
     <span class='ocr_line' id='line_1_81' title="bbox 2098 3723 3666 3793; baseline -0.008 -7"><span class='ocrx_word' id='word_1_532' title='bbox 2098 3731 2410 3787; x_wconf 83' lang='lat' dir='ltr'><strong>chritudine</strong></span> <span class='ocrx_word' id='word_1_533' title='bbox 2437 3743 2561 3784; x_wconf 90' lang='lat' dir='ltr'><strong>cum</strong></span> <span class='ocrx_word' id='word_1_534' title='bbox 2587 3727 3065 3782; x_wconf 89' lang='lat' dir='ltr'><strong>circumlustratur</strong></span> <span class='ocrx_word' id='word_1_535' title='bbox 3097 3734 3260 3793; x_wconf 89' lang='lat' dir='ltr'><strong>atque</strong></span> <span class='ocrx_word' id='word_1_536' title='bbox 3302 3723 3666 3785; x_wconf 89' lang='lat' dir='ltr'><strong>illuminatur,</strong></span> 
     </span>
    </p>
   </div>
   <div class='ocr_carea' id='block_1_82' title="bbox 2099 3812 3669 3894">
    <p class='ocr_par' dir='ltr' id='par_1_82' title="bbox 2099 3812 3669 3894">
     <span class='ocr_line' id='line_1_82' title="bbox 2099 3812 3669 3894; baseline -0.01 -14"><span class='ocrx_word' id='word_1_537' title='bbox 2099 3826 2276 3894; x_wconf 88' lang='lat' dir='ltr'><strong>ipsius</strong></span> <span class='ocrx_word' id='word_1_538' title='bbox 2312 3834 2528 3891; x_wconf 86' lang='lat' dir='ltr'><strong>quoque</strong></span> <span class='ocrx_word' id='word_1_539' title='bbox 2590 3826 2798 3872; x_wconf 64' lang='lat' dir='ltr'><strong>natura:</strong></span> <span class='ocrx_word' id='word_1_540' title='bbox 2849 3814 3217 3879; x_wconf 89' lang='lat' dir='ltr'><strong>obliviscitur,</strong></span> <span class='ocrx_word' id='word_1_541' title='bbox 3267 3830 3376 3867; x_wconf 92' lang='lat' dir='ltr'><strong>non</strong></span> <span class='ocrx_word' id='word_1_542' title='bbox 3425 3812 3669 3867; x_wconf 85' lang='lat' dir='ltr'><strong>alimenti</strong></span> 
     </span>
    </p>
   </div>
   <div class='ocr_carea' id='block_1_83' title="bbox 2103 3901 3672 3971">
    <p class='ocr_par' dir='ltr' id='par_1_83' title="bbox 2103 3901 3672 3971">
     <span class='ocr_line' id='line_1_83' title="bbox 2103 3901 3672 3971; baseline -0.011 -1"><span class='ocrx_word' id='word_1_543' title='bbox 2103 3929 2234 3971; x_wconf 85' lang='lat' dir='ltr'><strong>cura</strong></span> <span class='ocrx_word' id='word_1_544' title='bbox 2262 3921 2357 3968; x_wconf 85' lang='lat' dir='ltr'><strong>aut</strong></span> <span class='ocrx_word' id='word_1_545' title='bbox 2404 3908 2719 3966; x_wconf 85' lang='lat' dir='ltr'><strong>vestimenti</strong></span> <span class='ocrx_word' id='word_1_546' title='bbox 2758 3907 3002 3961; x_wconf 86' lang='lat' dir='ltr'><strong>animum</strong></span> <span class='ocrx_word' id='word_1_547' title='bbox 3051 3904 3374 3967; x_wconf 88' lang='lat' dir='ltr'><strong>sollicitans,</strong></span> <span class='ocrx_word' id='word_1_548' title='bbox 3408 3901 3501 3958; x_wconf 89' lang='lat' dir='ltr'><strong>sed</strong></span> <span class='ocrx_word' id='word_1_549' title='bbox 3533 3901 3672 3954; x_wconf 65' lang='grc' dir='ltr'>ηδε.</span> 
     </span>
    </p>
   </div>
   <div class='ocr_carea' id='block_1_84' title="bbox 2100 3993 3675 4063">
    <p class='ocr_par' dir='ltr' id='par_1_84' title="bbox 2100 3993 3675 4063">
     <span class='ocr_line' id='line_1_84' title="bbox 2100 3993 3675 4063; baseline -0.014 0"><span class='ocrx_word' id='word_1_550' title='bbox 2100 4018 2219 4063; x_wconf 89' lang='lat' dir='ltr'><strong>rata</strong></span> <span class='ocrx_word' id='word_1_551' title='bbox 2244 4005 2475 4063; x_wconf 86' lang='lat' dir='ltr'><strong>terrenis</strong></span> <span class='ocrx_word' id='word_1_552' title='bbox 2499 4001 2646 4058; x_wconf 85' lang='lat' dir='ltr'><strong>curis</strong></span> <span class='ocrx_word' id='word_1_553' title='bbox 2667 4015 2883 4055; x_wconf 89' lang='lat' dir='ltr'><strong>omnem</strong></span> <span class='ocrx_word' id='word_1_554' title='bbox 2912 4013 3073 4054; x_wconf 90' lang='lat' dir='ltr'><strong>suum</strong></span> <span class='ocrx_word' id='word_1_555' title='bbox 3102 3996 3340 4051; x_wconf 90' lang='lat' dir='ltr'><strong>studium</strong></span> <span class='ocrx_word' id='word_1_556' title='bbox 3366 3993 3430 4048; x_wconf 89' lang='lat' dir='ltr'><strong>ad</strong></span> <span class='ocrx_word' id='word_1_557' title='bbox 3455 4005 3675 4060; x_wconf 83' lang='lat' dir='ltr'><strong>compa-</strong></span> 
     </span>
    </p>
   </div>
   <div class='ocr_carea' id='block_1_85' title="bbox 2104 4082 3671 4164">
    <p class='ocr_par' dir='ltr' id='par_1_85' title="bbox 2104 4082 3671 4164">
     <span class='ocr_line' id='line_1_85' title="bbox 2104 4082 3671 4164; baseline -0.013 -8"><span class='ocrx_word' id='word_1_558' title='bbox 2104 4099 2273 4156; x_wconf 89' lang='lat' dir='ltr'><strong>randa</strong></span> <span class='ocrx_word' id='word_1_559' title='bbox 2320 4098 2461 4153; x_wconf 81' lang='lat' dir='ltr'><strong>bona</strong></span> <span class='ocrx_word' id='word_1_560' title='bbox 2540 4094 2873 4164; x_wconf 85' lang='lat' dir='ltr'><strong>sempiterna</strong></span> <span class='ocrx_word' id='word_1_561' title='bbox 2919 4088 3201 4151; x_wconf 85' lang='lat' dir='ltr'><strong>transfert,</strong></span> <span class='ocrx_word' id='word_1_562' title='bbox 3255 4101 3364 4154; x_wconf 89' lang='lat' dir='ltr'><strong>quo</strong></span> <span class='ocrx_word' id='word_1_563' title='bbox 3414 4082 3671 4139; x_wconf 83' lang='lat' dir='ltr'><strong>nimirum</strong></span> 
     </span>
    </p>
   </div>
   <div class='ocr_carea' id='block_1_86' title="bbox 2104 4177 3678 4259">
    <p class='ocr_par' dir='ltr' id='par_1_86' title="bbox 2104 4177 3678 4259">
     <span class='ocr_line' id='line_1_86' title="bbox 2104 4177 3678 4259; baseline -0.01 -14"><span class='ocrx_word' id='word_1_564' title='bbox 2104 4187 2517 4259; x_wconf 85' lang='lat' dir='ltr'><strong>temperantiam</strong></span> <span class='ocrx_word' id='word_1_565' title='bbox 2568 4194 2622 4239; x_wconf 91' lang='lat' dir='ltr'><strong>et</strong></span> <span class='ocrx_word' id='word_1_566' title='bbox 2673 4179 3068 4243; x_wconf 86' lang='lat' dir='ltr'><strong>fortitudinem,</strong></span> <span class='ocrx_word' id='word_1_567' title='bbox 3100 4177 3370 4246; x_wconf 80' lang='lat' dir='ltr'><strong>justitiam</strong></span> <span class='ocrx_word' id='word_1_568' title='bbox 3422 4182 3478 4230; x_wconf 79' lang='grc' dir='ltr'>θι</span> <span class='ocrx_word' id='word_1_569' title='bbox 3542 4188 3678 4243; x_wconf 80' lang='lat' dir='ltr'><strong>pru-</strong></span> 
     </span>
    </p>
   </div>
   <div class='ocr_carea' id='block_1_87' title="bbox 2107 4262 3682 4348">
    <p class='ocr_par' dir='ltr' id='par_1_87' title="bbox 2107 4262 3682 4348">
     <span class='ocr_line' id='line_1_87' title="bbox 2107 4262 3682 4348; baseline -0.008 -12"><span class='ocrx_word' id='word_1_570' title='bbox 2107 4283 2370 4346; x_wconf 88' lang='lat' dir='ltr'><strong>dentiam,</strong></span> <span class='ocrx_word' id='word_1_571' title='bbox 2397 4289 2450 4336; x_wconf 91' lang='lat' dir='ltr'><strong>et</strong></span> <span class='ocrx_word' id='word_1_572' title='bbox 2479 4277 2716 4348; x_wconf 88' lang='lat' dir='ltr'><strong>reliquas</strong></span> <span class='ocrx_word' id='word_1_573' title='bbox 2746 4277 2975 4331; x_wconf 81' lang='lat' dir='ltr'><strong>virtutes</strong></span> <span class='ocrx_word' id='word_1_574' title='bbox 3014 4272 3210 4327; x_wconf 85' lang='lat' dir='ltr'><strong>habeat</strong></span> <span class='ocrx_word' id='word_1_575' title='bbox 3241 4279 3296 4325; x_wconf 87' lang='lat' dir='ltr'><strong>et</strong></span> <span class='ocrx_word' id='word_1_576' title='bbox 3334 4273 3606 4325; x_wconf 80' lang='lat' dir='ltr'><strong>exerceat.</strong></span> <span class='ocrx_word' id='word_1_577' title='bbox 3677 4262 3682 4268; x_wconf 76' lang='grc'><strong>’</strong></span> 
     </span>
    </p>
   </div>
   <div class='ocr_carea' id='block_1_88' title="bbox 491 4432 1987 4539">
    <p class='ocr_par' dir='ltr' id='par_1_88' title="bbox 491 4432 1987 4539">
     <span class='ocr_line' id='line_1_88' title="bbox 491 4432 1987 4539; baseline -0.005 -16"><span class='ocrx_word' id='word_1_578' title='bbox 491 4469 611 4539; x_wconf 84' lang='grc' dir='ltr'><strong>Χρὴ</strong></span> <span class='ocrx_word' id='word_1_579' title='bbox 647 4485 700 4520; x_wconf 88' lang='grc' dir='ltr'><strong>τι</strong></span> <span class='ocrx_word' id='word_1_580' title='bbox 723 4432 835 4519; x_wconf 48' lang='grc' dir='ltr'>’καὶ</span> <span class='ocrx_word' id='word_1_581' title='bbox 860 4432 1179 4535; x_wconf 58' lang='grc' dir='ltr'>ἡσύχάξειν,</span> <span class='ocrx_word' id='word_1_582' title='bbox 1210 4432 1350 4516; x_wconf 73' lang='grc' dir='ltr'>ώστε</span> <span class='ocrx_word' id='word_1_583' title='bbox 1385 4460 1674 4526; x_wconf 84' lang='grc' dir='ltr'>ἀθολώτως</span> <span class='ocrx_word' id='word_1_584' title='bbox 1741 4432 1987 4534; x_wconf 68' lang='grc' dir='ltr'>προσομι·</span> 
     </span>
    </p>
   </div>
   <div class='ocr_carea' id='block_1_89' title="bbox 2092 4432 3678 4539">
    <p class='ocr_par' dir='ltr' id='par_1_89' title="bbox 2185 4451 3678 4532">
     <span class='ocr_line' id='line_1_89' title="bbox 2185 4451 3678 4532; baseline -0.014 -15"><span class='ocrx_word' id='word_1_585' title='bbox 2185 4462 2450 4532; x_wconf 75' lang='lat' dir='ltr'><strong>Tlteologi.</strong></span> <span class='ocrx_word' id='word_1_586' title='bbox 2485 4459 2710 4525; x_wconf 82' lang='lat' dir='ltr'><strong>Quietos</strong></span> <span class='ocrx_word' id='word_1_587' title='bbox 2747 4468 2848 4508; x_wconf 86' lang='lat' dir='ltr'><strong>nus</strong></span> <span class='ocrx_word' id='word_1_588' title='bbox 2882 4465 3008 4507; x_wconf 88' lang='lat' dir='ltr'><strong>esse</strong></span> <span class='ocrx_word' id='word_1_589' title='bbox 3055 4456 3286 4520; x_wconf 84' lang='lat' dir='ltr'><strong>oportet,</strong></span> <span class='ocrx_word' id='word_1_590' title='bbox 3321 4454 3378 4501; x_wconf 85' lang='lat' dir='ltr'><strong>ut</strong></span> <span class='ocrx_word' id='word_1_591' title='bbox 3410 4460 3517 4499; x_wconf 93' lang='lat' dir='ltr'><strong>nou</strong></span> <span class='ocrx_word' id='word_1_592' title='bbox 3561 4451 3678 4498; x_wconf 83' lang='lat' dir='ltr'><strong>tur-</strong></span> 
     </span>
    </p>
   </div>
   <div class='ocr_carea' id='block_1_90' title="bbox 419 4554 2008 4631">
    <p class='ocr_par' dir='ltr' id='par_1_90' title="bbox 419 4554 2008 4631">
     <span class='ocr_line' id='line_1_90' title="bbox 419 4554 2008 4631; baseline -0.004 -15"><span class='ocrx_word' id='word_1_593' title='bbox 419 4562 535 4617; x_wconf 84' lang='grc' dir='ltr'>λεῑν</span> <span class='ocrx_word' id='word_1_594' title='bbox 559 4562 637 4631; x_wconf 87' lang='grc' dir='ltr'><strong>τῷ</strong></span> <span class='ocrx_word' id='word_1_595' title='bbox 666 4557 808 4629; x_wconf 88' lang='grc' dir='ltr'>Θεῷ,</span> <span class='ocrx_word' id='word_1_596' title='bbox 858 4560 954 4613; x_wconf 73' lang='grc' dir='ltr'>καὶ</span> <span class='ocrx_word' id='word_1_597' title='bbox 986 4556 1182 4629; x_wconf 81' lang='grc' dir='ltr'>μικρόν</span> <span class='ocrx_word' id='word_1_598' title='bbox 1222 4571 1278 4609; x_wconf 85' lang='grc' dir='ltr'><strong>τι</strong></span> <span class='ocrx_word' id='word_1_599' title='bbox 1322 4554 1583 4624; x_wconf 81' lang='grc' dir='ltr'>συνάγειν</span> <span class='ocrx_word' id='word_1_600' title='bbox 1620 4557 1712 4610; x_wconf 64' lang='grc' dir='ltr'>τὸν</span> <span class='ocrx_word' id='word_1_601' title='bbox 1740 4555 1866 4609; x_wconf 89' lang='grc' dir='ltr'>νοῦν</span> <span class='ocrx_word' id='word_1_602' title='bbox 1897 4554 2008 4611; x_wconf 82' lang='grc' dir='ltr'>ἀπὸ</span> 
     </span>
    </p>
   </div>
   <div class='ocr_carea' id='block_1_91' title="bbox 422 4651 913 4711">
    <p class='ocr_par' dir='ltr' id='par_1_91' title="bbox 422 4651 913 4711">
     <span class='ocr_line' id='line_1_91' title="bbox 422 4651 913 4711; baseline -0.008 0"><span class='ocrx_word' id='word_1_603' title='bbox 422 4655 531 4711; x_wconf 82' lang='grc' dir='ltr'><strong>τῶν</strong></span> <span class='ocrx_word' id='word_1_604' title='bbox 561 4651 913 4709; x_wconf 75' lang='grc' dir='ltr'>πλανώντων.</span> 
     </span>
    </p>
   </div>
   <div class='ocr_carea' id='block_1_92' title="bbox 494 4828 2014 4911">
    <p class='ocr_par' dir='ltr' id='par_1_92' title="bbox 494 4828 2014 4911">
     <span class='ocr_line' id='line_1_92' title="bbox 494 4828 2014 4911; baseline -0.009 -16"><span class='ocrx_word' id='word_1_605' title='bbox 494 4836 784 4911; x_wconf 83' lang='grc' dir='ltr'>Τηροῦμεν</span> <span class='ocrx_word' id='word_1_606' title='bbox 812 4834 913 4897; x_wconf 68' lang='grc' dir='ltr'>τὰς</span> <span class='ocrx_word' id='word_1_607' title='bbox 961 4832 1209 4903; x_wconf 80' lang='grc' dir='ltr'>ἀλλήλων</span> <span class='ocrx_word' id='word_1_608' title='bbox 1251 4830 1548 4901; x_wconf 79' lang='grc' dir='ltr'>ἁμαρτίας,</span> <span class='ocrx_word' id='word_1_609' title='bbox 1598 4829 1706 4883; x_wconf 76' lang='grc' dir='ltr'>οὐδ’</span> <span class='ocrx_word' id='word_1_610' title='bbox 1744 4829 1834 4884; x_wconf 85' lang='grc' dir='ltr'><strong>ῐνα</strong></span> <span class='ocrx_word' id='word_1_611' title='bbox 1878 4828 2014 4901; x_wconf 74' lang='grc' dir='ltr'>θρηο</span> 
     </span>
    </p>
   </div>
   <div class='ocr_carea' id='block_1_93' title="bbox 424 4919 2012 5002">
    <p class='ocr_par' dir='ltr' id='par_1_93' title="bbox 424 4919 2012 5002">
     <span class='ocr_line' id='line_1_93' title="bbox 424 4919 2012 5002; baseline -0.009 -15"><span class='ocrx_word' id='word_1_612' title='bbox 424 4936 702 5002; x_wconf 74' lang='grc' dir='ltr'>νὴσωμεν,</span> <span class='ocrx_word' id='word_1_613' title='bbox 749 4926 864 4980; x_wconf 86' lang='grc' dir='ltr'>ἀλλ’</span> <span class='ocrx_word' id='word_1_614' title='bbox 908 4926 997 4979; x_wconf 79' lang='grc' dir='ltr'><strong>ἶνα</strong></span> <span class='ocrx_word' id='word_1_615' title='bbox 1042 4922 1419 4991; x_wconf 79' lang='grc' dir='ltr'>όνειδίσωμεν,</span> <span class='ocrx_word' id='word_1_616' title='bbox 1461 4920 1572 4974; x_wconf 79' lang='grc' dir='ltr'>οὐδ’</span> <span class='ocrx_word' id='word_1_617' title='bbox 1606 4920 1693 4974; x_wconf 75' lang='grc' dir='ltr'>ἵνα</span> <span class='ocrx_word' id='word_1_618' title='bbox 1739 4919 2012 4992; x_wconf 87' lang='grc' dir='ltr'>θεραπεύ-</span> 
     </span>
    </p>
   </div>
   <div class='ocr_carea' id='block_1_94' title="bbox 428 5012 2012 5093">
    <p class='ocr_par' dir='ltr' id='par_1_94' title="bbox 428 5012 2012 5093">
     <span class='ocr_line' id='line_1_94' title="bbox 428 5012 2012 5093; baseline -0.007 -16"><span class='ocrx_word' id='word_1_619' title='bbox 428 5039 634 5093; x_wconf 86' lang='grc' dir='ltr'>σωμεν,</span> <span class='ocrx_word' id='word_1_620' title='bbox 688 5019 803 5075; x_wconf 80' lang='grc' dir='ltr'>ἀλλ’</span> <span class='ocrx_word' id='word_1_621' title='bbox 861 5018 952 5074; x_wconf 80' lang='grc' dir='ltr'><strong>ἵνα</strong></span> <span class='ocrx_word' id='word_1_622' title='bbox 1000 5015 1481 5088; x_wconf 70' lang='grc' dir='ltr'>ζπροσπλὴξωμεν,</span> <span class='ocrx_word' id='word_1_623' title='bbox 1550 5013 1646 5067; x_wconf 79' lang='grc' dir='ltr'>καὶ</span> <span class='ocrx_word' id='word_1_624' title='bbox 1709 5012 2012 5081; x_wconf 82' lang='grc' dir='ltr'>ἀπολογίαν</span> 
     </span>
    </p>
   </div>
   <div class='ocr_carea' id='block_1_95' title="bbox 430 5101 2009 5186">
    <p class='ocr_par' dir='ltr' id='par_1_95' title="bbox 430 5101 2009 5186">
     <span class='ocr_line' id='line_1_95' title="bbox 430 5101 2009 5186; baseline -0.009 -17"><span class='ocrx_word' id='word_1_625' title='bbox 430 5118 646 5186; x_wconf 73' lang='grc' dir='ltr'>ἔχωμεν</span> <span class='ocrx_word' id='word_1_626' title='bbox 679 5112 788 5167; x_wconf 88' lang='grc' dir='ltr'><strong>τῶν</strong></span> <span class='ocrx_word' id='word_1_627' title='bbox 821 5110 1109 5184; x_wconf 76' lang='grc' dir='ltr'>ἡμετέρων</span> <span class='ocrx_word' id='word_1_628' title='bbox 1141 5106 1325 5161; x_wconf 85' lang='grc' dir='ltr'>κακῶν</span> <span class='ocrx_word' id='word_1_629' title='bbox 1350 5107 1422 5159; x_wconf 75' lang='grc' dir='ltr'>τὰ</span> <span class='ocrx_word' id='word_1_630' title='bbox 1448 5105 1557 5159; x_wconf 90' lang='grc' dir='ltr'><strong>τῶν</strong></span> <span class='ocrx_word' id='word_1_631' title='bbox 1584 5104 1815 5175; x_wconf 87' lang='grc' dir='ltr'>πλησίον</span> <span class='ocrx_word' id='word_1_632' title='bbox 1842 5101 2009 5173; x_wconf 81' lang='grc' dir='ltr'>τραύ-</span> 
     </span>
    </p>
   </div>
   <div class='ocr_carea' id='block_1_96' title="bbox 431 5224 600 5278">
    <p class='ocr_par' dir='ltr' id='par_1_96' title="bbox 431 5224 600 5278">
     <span class='ocr_line' id='line_1_96' title="bbox 431 5224 600 5278; baseline 0.024 -19"><span class='ocrx_word' id='word_1_633' title='bbox 431 5224 600 5278; x_wconf 82' lang='grc' dir='ltr'>ματα.</span> 
     </span>
    </p>
   </div>
   <div class='ocr_carea' id='block_1_97' title="bbox 514 5289 2016 5371">
    <p class='ocr_par' dir='ltr' id='par_1_97' title="bbox 514 5289 2016 5371">
     <span class='ocr_line' id='line_1_97' title="bbox 514 5289 2016 5371; baseline -0.009 -16"><span class='ocrx_word' id='word_1_634' title='bbox 514 5300 580 5355; x_wconf 79' lang='grc' dir='ltr'><strong><em>Ἥ</em></strong></span> <span class='ocrx_word' id='word_1_635' title='bbox 627 5299 941 5371; x_wconf 78' lang='grc' dir='ltr'>ἀπράγμων</span> <span class='ocrx_word' id='word_1_636' title='bbox 975 5294 1178 5369; x_wconf 88' lang='grc' dir='ltr'>ἡσυχία</span> <span class='ocrx_word' id='word_1_637' title='bbox 1214 5293 1311 5365; x_wconf 82' lang='grc' dir='ltr'>τῆς</span> <span class='ocrx_word' id='word_1_638' title='bbox 1346 5292 1405 5345; x_wconf 79' lang='grc' dir='ltr'>ὲν</span> <span class='ocrx_word' id='word_1_639' title='bbox 1438 5289 1736 5362; x_wconf 71' lang='grc' dir='ltr'>πράγμασι</span> <span class='ocrx_word' id='word_1_640' title='bbox 1777 5303 2016 5361; x_wconf 83' lang='grc' dir='ltr'>περιφα-</span> 
     </span>
    </p>
   </div>
   <div class='ocr_carea' id='block_1_98' title="bbox 434 5393 937 5464">
    <p class='ocr_par' dir='ltr' id='par_1_98' title="bbox 434 5393 937 5464">
     <span class='ocr_line' id='line_1_98' title="bbox 434 5393 937 5464; baseline -0.002 -16"><span class='ocrx_word' id='word_1_641' title='bbox 434 5396 582 5458; x_wconf 86' lang='grc' dir='ltr'>νείας</span> <span class='ocrx_word' id='word_1_642' title='bbox 612 5393 937 5464; x_wconf 76' lang='grc' dir='ltr'>τιμιωτέρα.</span> 
     </span>
    </p>
   </div>
   <div class='ocr_carea' id='block_1_99' title="bbox 508 5473 2014 5557">
    <p class='ocr_par' dir='ltr' id='par_1_99' title="bbox 508 5473 2014 5557">
     <span class='ocr_line' id='line_1_99' title="bbox 508 5473 2014 5557; baseline -0.01 -18"><span class='ocrx_word' id='word_1_643' title='bbox 508 5487 630 5549; x_wconf 78' lang='grc' dir='ltr'>Βίος</span> <span class='ocrx_word' id='word_1_644' title='bbox 662 5485 888 5557; x_wconf 85' lang='grc' dir='ltr'>ἡσύχιος</span> <span class='ocrx_word' id='word_1_645' title='bbox 928 5482 1233 5556; x_wconf 76' lang='grc' dir='ltr'>χρημάτων</span> <span class='ocrx_word' id='word_1_646' title='bbox 1274 5477 1485 5532; x_wconf 91' lang='grc' dir='ltr'>πολλῶν</span> <span class='ocrx_word' id='word_1_647' title='bbox 1523 5473 2014 5548; x_wconf 79' lang='grc' dir='ltr'>περιφανέστερος.</span> 
     </span>
    </p>
   </div>
   <div class='ocr_carea' id='block_1_100' title="bbox 520 5565 2012 5642">
    <p class='ocr_par' dir='ltr' id='par_1_100' title="bbox 520 5565 2012 5642">
     <span class='ocr_line' id='line_1_100' title="bbox 520 5565 2012 5642; baseline -0.01 -9"><span class='ocrx_word' id='word_1_648' title='bbox 520 5577 807 5642; x_wconf 86' lang='grc' dir='ltr'>Ἐπίπονος</span> <span class='ocrx_word' id='word_1_649' title='bbox 860 5580 972 5641; x_wconf 87' lang='grc' dir='ltr'>τοῖς</span> <span class='ocrx_word' id='word_1_650' title='bbox 1016 5573 1211 5630; x_wconf 79' lang='grc' dir='ltr'>νεωστὶ</span> <span class='ocrx_word' id='word_1_651' title='bbox 1232 5568 1696 5640; x_wconf 76' lang='grc' dir='ltr'>ἀποτασσομένοις</span> <span class='ocrx_word' id='word_1_652' title='bbox 1728 5567 1761 5637; x_wconf 88' lang='grc' dir='ltr'><strong>ἡ</strong></span> <span class='ocrx_word' id='word_1_653' title='bbox 1792 5565 2012 5636; x_wconf 85' lang='grc' dir='ltr'>ἡσυχία.</span> 
     </span>
    </p>
   </div>
   <div class='ocr_carea' id='block_1_101' title="bbox 443 5652 2019 5740">
    <p class='ocr_par' dir='ltr' id='par_1_101' title="bbox 443 5652 2019 5740">
     <span class='ocr_line' id='line_1_101' title="bbox 443 5652 2019 5740; baseline -0.014 -15"><span class='ocrx_word' id='word_1_654' title='bbox 443 5672 575 5725; x_wconf 87' lang='grc' dir='ltr'>Τότε</span> <span class='ocrx_word' id='word_1_655' title='bbox 608 5670 716 5740; x_wconf 84' lang='grc' dir='ltr'>γὰρ</span> <span class='ocrx_word' id='word_1_656' title='bbox 739 5668 932 5738; x_wconf 63' lang='grc' dir='ltr'>καιρὸν</span> <span class='ocrx_word' id='word_1_657' title='bbox 962 5663 1204 5719; x_wconf 88' lang='grc' dir='ltr'>λαϐοῦσα</span> <span class='ocrx_word' id='word_1_658' title='bbox 1234 5662 1268 5733; x_wconf 83' lang='grc' dir='ltr'><strong>ἡ</strong></span> <span class='ocrx_word' id='word_1_659' title='bbox 1297 5660 1512 5732; x_wconf 84' lang='grc' dir='ltr'>μνὴμη,</span> <span class='ocrx_word' id='word_1_660' title='bbox 1550 5657 1734 5710; x_wconf 82' lang='grc' dir='ltr'>πᾶσαν</span> <span class='ocrx_word' id='word_1_661' title='bbox 1768 5652 2019 5708; x_wconf 73' lang='grc' dir='ltr'>ἀνακινεῖ</span> 
     </span>
    </p>
   </div>
   <div class='ocr_carea' id='block_1_102' title="bbox 448 5746 2021 5851">
    <p class='ocr_par' dir='ltr' id='par_1_102' title="bbox 448 5746 2021 5851">
     <span class='ocr_line' id='line_1_102' title="bbox 448 5746 2021 5851; baseline -0.011 -36"><span class='ocrx_word' id='word_1_662' title='bbox 448 5763 541 5833; x_wconf 77' lang='grc' dir='ltr'>τὴν</span> <span class='ocrx_word' id='word_1_663' title='bbox 563 5759 891 5833; x_wconf 75' lang='grc' dir='ltr'>ὲγκειμένην</span> <span class='ocrx_word' id='word_1_664' title='bbox 911 5756 1280 5829; x_wconf 78' lang='grc' dir='ltr'>ἀκαθαρσίαν,</span> <span class='ocrx_word' id='word_1_665' title='bbox 1301 5754 1362 5839; x_wconf 77' lang='grc' dir='ltr'><strong>ού</strong></span> <span class='ocrx_word' id='word_1_666' title='bbox 1386 5747 1729 5851; x_wconf 34' lang='grc' dir='ltr'>σχολάζουῗᾶα</span> <span class='ocrx_word' id='word_1_667' title='bbox 1748 5746 2021 5839; x_wconf 63' lang='grc' dir='ltr'>πρότερον</span> 
     </span>
    </p>
   </div>
   <div class='ocr_carea' id='block_1_103' title="bbox 2110 4540 3680 4618">
    <p class='ocr_par' dir='ltr' id='par_1_103' title="bbox 2110 4540 3680 4618">
     <span class='ocr_line' id='line_1_103' title="bbox 2110 4540 3680 4618; baseline -0.016 -3"><span class='ocrx_word' id='word_1_668' title='bbox 2110 4559 2332 4615; x_wconf 88' lang='lat' dir='ltr'><strong>bulente</strong></span> <span class='ocrx_word' id='word_1_669' title='bbox 2363 4571 2486 4610; x_wconf 90' lang='lat' dir='ltr'><strong>eum</strong></span> <span class='ocrx_word' id='word_1_670' title='bbox 2512 4553 2621 4609; x_wconf 84' lang='lat' dir='ltr'><strong>Deo</strong></span> <span class='ocrx_word' id='word_1_671' title='bbox 2650 4549 3053 4618; x_wconf 85' lang='lat' dir='ltr'><strong>colloquamur,</strong></span> <span class='ocrx_word' id='word_1_672' title='bbox 3099 4553 3155 4599; x_wconf 88' lang='lat' dir='ltr'><strong>et</strong></span> <span class='ocrx_word' id='word_1_673' title='bbox 3202 4540 3480 4612; x_wconf 84' lang='lat' dir='ltr'><strong>paululum</strong></span> <span class='ocrx_word' id='word_1_674' title='bbox 3521 4552 3680 4592; x_wconf 83' lang='lat' dir='ltr'><strong>revo-</strong></span> 
     </span>
    </p>
   </div>
   <div class='ocr_carea' id='block_1_104' title="bbox 2110 4630 3682 4711">
    <p class='ocr_par' dir='ltr' id='par_1_104' title="bbox 2110 4630 3682 4711">
     <span class='ocr_line' id='line_1_104' title="bbox 2110 4630 3682 4711; baseline -0.015 -4"><span class='ocrx_word' id='word_1_675' title='bbox 2110 4664 2299 4707; x_wconf 88' lang='lat' dir='ltr'><strong>cemus</strong></span> <span class='ocrx_word' id='word_1_676' title='bbox 2332 4655 2567 4702; x_wconf 90' lang='lat' dir='ltr'><strong>mentem</strong></span> <span class='ocrx_word' id='word_1_677' title='bbox 2602 4642 2670 4698; x_wconf 80' lang='lat' dir='ltr'><strong>ab</strong></span> <span class='ocrx_word' id='word_1_678' title='bbox 2699 4641 2768 4695; x_wconf 86' lang='lat' dir='ltr'><strong>iis</strong></span> <span class='ocrx_word' id='word_1_679' title='bbox 2796 4653 2919 4711; x_wconf 83' lang='lat' dir='ltr'><strong>quae</strong></span> <span class='ocrx_word' id='word_1_680' title='bbox 2951 4636 3226 4692; x_wconf 88' lang='lat' dir='ltr'><strong>seducunt</strong></span> <span class='ocrx_word' id='word_1_681' title='bbox 3272 4643 3326 4688; x_wconf 86' lang='lat' dir='ltr'><strong>et</strong></span> <span class='ocrx_word' id='word_1_682' title='bbox 3370 4631 3543 4686; x_wconf 88' lang='lat' dir='ltr'><strong>errori</strong></span> <span class='ocrx_word' id='word_1_683' title='bbox 3597 4630 3682 4684; x_wconf 65' lang='lat' dir='ltr'><strong>in~</strong></span> 
     </span>
    </p>
   </div>
   <div class='ocr_carea' id='block_1_105' title="bbox 2111 4747 2353 4802">
    <p class='ocr_par' dir='ltr' id='par_1_105' title="bbox 2111 4747 2353 4802">
     <span class='ocr_line' id='line_1_105' title="bbox 2111 4747 2353 4802; baseline -0.029 0"><span class='ocrx_word' id='word_1_684' title='bbox 2111 4747 2353 4802; x_wconf 88' lang='lat' dir='ltr'><strong>volvunt.</strong></span> 
     </span>
    </p>
   </div>
   <div class='ocr_carea' id='block_1_106' title="bbox 2180 4812 3680 4892">
    <p class='ocr_par' dir='ltr' id='par_1_106' title="bbox 2180 4812 3680 4892">
     <span class='ocr_line' id='line_1_106' title="bbox 2180 4812 3680 4892; baseline -0.021 1"><span class='ocrx_word' id='word_1_685' title='bbox 2180 4837 2548 4892; x_wconf 87' lang='lat' dir='ltr'><strong>Observamus</strong></span> <span class='ocrx_word' id='word_1_686' title='bbox 2572 4824 2802 4882; x_wconf 89' lang='lat' dir='ltr'><strong>invicem</strong></span> <span class='ocrx_word' id='word_1_687' title='bbox 2845 4829 3050 4885; x_wconf 88' lang='lat' dir='ltr'><strong>errata,</strong></span> <span class='ocrx_word' id='word_1_688' title='bbox 3086 4833 3192 4873; x_wconf 90' lang='lat' dir='ltr'><strong>non</strong></span> <span class='ocrx_word' id='word_1_689' title='bbox 3229 4824 3286 4869; x_wconf 81' lang='lat' dir='ltr'><strong>ut</strong></span> <span class='ocrx_word' id='word_1_690' title='bbox 3309 4812 3680 4883; x_wconf 80' lang='lat' dir='ltr'><strong>deploremus,</strong></span> 
     </span>
    </p>
   </div>
   <div class='ocr_carea' id='block_1_107' title="bbox 2111 4903 3682 4997">
    <p class='ocr_par' dir='ltr' id='par_1_107' title="bbox 2111 4903 3682 4997">
     <span class='ocr_line' id='line_1_107' title="bbox 2111 4903 3682 4997; baseline -0.021 -10"><span class='ocrx_word' id='word_1_691' title='bbox 2111 4930 2203 4987; x_wconf 85' lang='lat' dir='ltr'><strong>sed</strong></span> <span class='ocrx_word' id='word_1_692' title='bbox 2231 4935 2289 4997; x_wconf 90' lang='lat' dir='ltr'><strong>ut</strong></span> <span class='ocrx_word' id='word_1_693' title='bbox 2329 4920 2720 4995; x_wconf 80' lang='lat' dir='ltr'><strong>exprobremus</strong></span> <span class='ocrx_word' id='word_1_694' title='bbox 2753 4933 2768 4973; x_wconf 89' lang='lat'><strong>:</strong></span> <span class='ocrx_word' id='word_1_695' title='bbox 2804 4930 2906 4972; x_wconf 90' lang='lat' dir='ltr'><strong>nec</strong></span> <span class='ocrx_word' id='word_1_696' title='bbox 2937 4922 2998 4968; x_wconf 93' lang='lat' dir='ltr'><strong>ut</strong></span> <span class='ocrx_word' id='word_1_697' title='bbox 3043 4925 3322 4970; x_wconf 81' lang='lat' dir='ltr'><strong>sanemus,</strong></span> <span class='ocrx_word' id='word_1_698' title='bbox 3363 4904 3455 4961; x_wconf 91' lang='lat' dir='ltr'><strong>sed</strong></span> <span class='ocrx_word' id='word_1_699' title='bbox 3511 4912 3567 4957; x_wconf 92' lang='lat' dir='ltr'><strong>ut</strong></span> <span class='ocrx_word' id='word_1_700' title='bbox 3596 4903 3682 4956; x_wconf 83' lang='lat' dir='ltr'><strong>iu-</strong></span> 
     </span>
    </p>
   </div>
   <div class='ocr_carea' id='block_1_108' title="bbox 2111 4994 3683 5088">
    <p class='ocr_par' dir='ltr' id='par_1_108' title="bbox 2111 4994 3683 5088">
     <span class='ocr_line' id='line_1_108' title="bbox 2111 4994 3683 5088; baseline -0.015 -13"><span class='ocrx_word' id='word_1_701' title='bbox 2111 4996 2275 5088; x_wconf 86' lang='lat' dir='ltr'><strong>supcr</strong></span> <span class='ocrx_word' id='word_1_702' title='bbox 2305 4994 2690 5069; x_wconf 87' lang='lat' dir='ltr'><strong>vulneremus:</strong></span> <span class='ocrx_word' id='word_1_703' title='bbox 2722 5016 2776 5063; x_wconf 89' lang='lat' dir='ltr'><strong>et</strong></span> <span class='ocrx_word' id='word_1_704' title='bbox 2800 5020 2896 5077; x_wconf 89' lang='lat' dir='ltr'><strong>pro</strong></span> <span class='ocrx_word' id='word_1_705' title='bbox 2914 5001 3227 5057; x_wconf 84' lang='lat' dir='ltr'><strong>defensione</strong></span> <span class='ocrx_word' id='word_1_706' title='bbox 3256 5009 3566 5055; x_wconf 74' lang='lat' dir='ltr'><strong>nosuorum</strong></span> <span class='ocrx_word' id='word_1_707' title='bbox 3604 4994 3683 5052; x_wconf 81' lang='lat' dir='ltr'><strong>vi-</strong></span> 
     </span>
    </p>
   </div>
   <div class='ocr_carea' id='block_1_109' title="bbox 2114 5090 3286 5171">
    <p class='ocr_par' dir='ltr' id='par_1_109' title="bbox 2114 5090 3286 5171">
     <span class='ocr_line' id='line_1_109' title="bbox 2114 5090 3286 5171; baseline -0.02 -6"><span class='ocrx_word' id='word_1_708' title='bbox 2114 5110 2314 5164; x_wconf 89' lang='lat' dir='ltr'><strong>tiorum</strong></span> <span class='ocrx_word' id='word_1_709' title='bbox 2342 5102 2611 5160; x_wconf 81' lang='lat' dir='ltr'><strong>habemus</strong></span> <span class='ocrx_word' id='word_1_710' title='bbox 2640 5097 3013 5171; x_wconf 79' lang='lat' dir='ltr'><strong>proximorum</strong></span> <span class='ocrx_word' id='word_1_711' title='bbox 3037 5090 3286 5145; x_wconf 87' lang='lat' dir='ltr'><strong>vulnera.</strong></span> 
     </span>
    </p>
   </div>
   <div class='ocr_carea' id='block_1_110' title="bbox 2187 5260 3687 5355">
    <p class='ocr_par' dir='ltr' id='par_1_110' title="bbox 2187 5260 3687 5355">
     <span class='ocr_line' id='line_1_110' title="bbox 2187 5260 3687 5355; baseline -0.017 -15"><span class='ocrx_word' id='word_1_712' title='bbox 2187 5283 2405 5355; x_wconf 61' lang='grc' dir='ltr'>(ἓτερον.</span> <span class='ocrx_word' id='word_1_713' title='bbox 2441 5275 2710 5350; x_wconf 72' lang='lat' dir='ltr'><strong>Nysseni;</strong></span> <span class='ocrx_word' id='word_1_714' title='bbox 2741 5272 2877 5328; x_wconf 83' lang='lat' dir='ltr'><strong>Nili.</strong></span> <span class='ocrx_word' id='word_1_715' title='bbox 2917 5271 3101 5327; x_wconf 88' lang='lat' dir='ltr'><strong>Otiosa</strong></span> <span class='ocrx_word' id='word_1_716' title='bbox 3140 5268 3293 5339; x_wconf 87' lang='lat' dir='ltr'><strong>quies</strong></span> <span class='ocrx_word' id='word_1_717' title='bbox 3344 5264 3516 5334; x_wconf 86' lang='lat' dir='ltr'><strong>pluris</strong></span> <span class='ocrx_word' id='word_1_718' title='bbox 3540 5260 3687 5317; x_wconf 63' lang='lat' dir='ltr'><strong>msti-</strong></span> 
     </span>
    </p>
   </div>
   <div class='ocr_carea' id='block_1_111' title="bbox 2116 5357 3477 5445">
    <p class='ocr_par' dir='ltr' id='par_1_111' title="bbox 2116 5357 3477 5445">
     <span class='ocr_line' id='line_1_111' title="bbox 2116 5357 3477 5445; baseline -0.021 -10"><span class='ocrx_word' id='word_1_719' title='bbox 2116 5377 2337 5445; x_wconf 86' lang='lat' dir='ltr'><strong>manda,</strong></span> <span class='ocrx_word' id='word_1_720' title='bbox 2373 5388 2538 5445; x_wconf 86' lang='lat' dir='ltr'><strong>quam</strong></span> <span class='ocrx_word' id='word_1_721' title='bbox 2566 5368 2911 5436; x_wconf 77' lang='lat' dir='ltr'><strong>negotiorum</strong></span> <span class='ocrx_word' id='word_1_722' title='bbox 2948 5362 3177 5419; x_wconf 88' lang='lat' dir='ltr'><strong>illustris</strong></span> <span class='ocrx_word' id='word_1_723' title='bbox 3206 5357 3477 5413; x_wconf 90' lang='lat' dir='ltr'><strong>tractatio.</strong></span> 
     </span>
    </p>
   </div>
   <div class='ocr_carea' id='block_1_112' title="bbox 2189 5448 3581 5537">
    <p class='ocr_par' dir='ltr' id='par_1_112' title="bbox 2189 5448 3581 5537">
     <span class='ocr_line' id='line_1_112' title="bbox 2189 5448 3581 5537; baseline -0.017 -13"><span class='ocrx_word' id='word_1_724' title='bbox 2189 5467 2309 5523; x_wconf 82' lang='lat' dir='ltr'><strong>Vita</strong></span> <span class='ocrx_word' id='word_1_725' title='bbox 2338 5469 2519 5537; x_wconf 87' lang='lat' dir='ltr'><strong>quieta</strong></span> <span class='ocrx_word' id='word_1_726' title='bbox 2558 5461 2744 5517; x_wconf 88' lang='lat' dir='ltr'><strong>multis</strong></span> <span class='ocrx_word' id='word_1_727' title='bbox 2772 5457 3019 5530; x_wconf 88' lang='lat' dir='ltr'><strong>pecuniis</strong></span> <span class='ocrx_word' id='word_1_728' title='bbox 3064 5448 3436 5522; x_wconf 86' lang='lat' dir='ltr'><strong>anteponenda</strong></span> <span class='ocrx_word' id='word_1_729' title='bbox 3476 5452 3581 5501; x_wconf 81' lang='lat' dir='ltr'><strong>est.</strong></span> 
     </span>
    </p>
   </div>
   <div class='ocr_carea' id='block_1_113' title="bbox 2191 5538 3689 5623">
    <p class='ocr_par' dir='ltr' id='par_1_113' title="bbox 2191 5538 3689 5623">
     <span class='ocr_line' id='line_1_113' title="bbox 2191 5538 3689 5623; baseline -0.019 -6"><span class='ocrx_word' id='word_1_730' title='bbox 2191 5562 2474 5617; x_wconf 77' lang='lat' dir='ltr'><strong>Molestqu</strong></span> <span class='ocrx_word' id='word_1_731' title='bbox 2511 5557 2578 5611; x_wconf 91' lang='lat' dir='ltr'><strong>iis</strong></span> <span class='ocrx_word' id='word_1_732' title='bbox 2607 5553 2697 5623; x_wconf 91' lang='lat' dir='ltr'><strong>qui</strong></span> <span class='ocrx_word' id='word_1_733' title='bbox 2723 5565 2915 5606; x_wconf 90' lang='lat' dir='ltr'><strong>recens</strong></span> <span class='ocrx_word' id='word_1_734' title='bbox 2965 5549 3333 5604; x_wconf 81' lang='lat' dir='ltr'><strong>secesserunt,</strong></span> <span class='ocrx_word' id='word_1_735' title='bbox 3379 5538 3547 5594; x_wconf 91' lang='lat' dir='ltr'><strong>otium</strong></span> <span class='ocrx_word' id='word_1_736' title='bbox 3579 5539 3689 5600; x_wconf 86' lang='lat' dir='ltr'><strong>est,</strong></span> 
     </span>
    </p>
   </div>
   <div class='ocr_carea' id='block_1_114' title="bbox 2120 5632 3688 5725">
    <p class='ocr_par' dir='ltr' id='par_1_114' title="bbox 2120 5632 3688 5725">
     <span class='ocr_line' id='line_1_114' title="bbox 2120 5632 3688 5725; baseline -0.017 -18"><span class='ocrx_word' id='word_1_737' title='bbox 2120 5652 2266 5725; x_wconf 91' lang='lat' dir='ltr'><strong>quod</strong></span> <span class='ocrx_word' id='word_1_738' title='bbox 2319 5659 2451 5704; x_wconf 88' lang='lat' dir='ltr'><strong>tunc</strong></span> <span class='ocrx_word' id='word_1_739' title='bbox 2501 5643 2844 5700; x_wconf 89' lang='lat' dir='ltr'><strong>occasionem</strong></span> <span class='ocrx_word' id='word_1_740' title='bbox 2900 5643 3059 5691; x_wconf 88' lang='lat' dir='ltr'><strong>nacta</strong></span> <span class='ocrx_word' id='word_1_741' title='bbox 3112 5632 3409 5696; x_wconf 84' lang='lat' dir='ltr'><strong>memoria,</strong></span> <span class='ocrx_word' id='word_1_742' title='bbox 3470 5640 3688 5682; x_wconf 85' lang='lat' dir='ltr'><strong>onmem</strong></span> 
     </span>
    </p>
   </div>
   <div class='ocr_carea' id='block_1_115' title="bbox 2119 5725 3691 5831">
    <p class='ocr_par' dir='ltr' id='par_1_115' title="bbox 2119 5725 3691 5831">
     <span class='ocr_line' id='line_1_115' title="bbox 2119 5725 3691 5831; baseline -0.02 -29"><span class='ocrx_word' id='word_1_743' title='bbox 2119 5742 2317 5816; x_wconf 80' lang='lat' dir='ltr'><strong>repetit</strong></span> <span class='ocrx_word' id='word_1_744' title='bbox 2345 5747 2401 5798; x_wconf 82' lang='lat' dir='ltr'><strong>et</strong></span> <span class='ocrx_word' id='word_1_745' title='bbox 2435 5742 2614 5795; x_wconf 87' lang='lat' dir='ltr'><strong>tuovet</strong></span> <span class='ocrx_word' id='word_1_746' title='bbox 2653 5730 2873 5821; x_wconf 83' lang='lat' dir='ltr'><strong>insitam</strong></span> <span class='ocrx_word' id='word_1_747' title='bbox 2896 5725 3326 5831; x_wconf 55' lang='lat' dir='ltr'><strong>immunditictn,</strong></span> <span class='ocrx_word' id='word_1_748' title='bbox 3373 5734 3499 5778; x_wconf 86' lang='lat' dir='ltr'><strong>cum</strong></span> <span class='ocrx_word' id='word_1_749' title='bbox 3529 5726 3691 5775; x_wconf 87' lang='lat' dir='ltr'><strong>antea</strong></span> 
     </span>
    </p>
   </div>
   <div class='ocr_carea' id='block_1_116' title="bbox 3711 5117 3727 5179">
    <p class='ocr_par' dir='ltr' id='par_1_116' title="bbox 3711 5117 3727 5179">
     <span class='ocr_line' id='line_1_116' title="bbox 3711 5117 3727 5179; baseline 0 -8"><span class='ocrx_word' id='word_1_750' title='bbox 3711 5117 3727 5179; x_wconf 61' lang='grc' dir='ltr'><strong>ἕ</strong></span> 
     </span>
    </p>
   </div>
  </div>
