4032 6214
427 254 562 320 1193

1130 263 1298 325 LOCI
1335 263 1772 326 COMMUNES.
1805 287 1874 300 —
1896 263 2090 326 PARS
2119 229 2206 331 Il.
2251 270 2509 337 διιοΜο
2535 220 2863 338 txxvut.

3441 217 3450 225 ’
3521 267 3656 335 nat

424 373 684 442 δέξασθαι,
709 377 808 440 τὰς
854 378 1146 449 ἐμφάσεις,
1188 379 1312 434 οὔτε
1341 381 1486 450 ψυχῇ
1540 383 1659 444 ταῖς
1708 380 1985 452 βιωτικαῖς

2098 383 2382 456 imaginum
2410 391 2619 458 species
2654 407 2669 444 :
2695 392 2778 446 sic.
2808 392 3024 447 animus
3061 389 3207 446 curis
3237 388 3412 445 victus
3441 388 3655 453 afﬁxus,

427 469 847 547 προσκλωμένη
889 473 1202 543 μερίμναις,
1261 477 1355 528 καὶ
1400 477 1512 537 τοῖς
1559 475 1622 526 ἐκ
1666 474 1757 528 τοῦ
1795 475 1994 542 φρονή-

427 569 599 628 ματος
639 563 736 630 τῆς
787 564 988 632 σαρκὸς
1037 566 1470 636 ἐπισκοτουμένῃ
1509 565 1725 628 πάθεσι,
1771 565 1994 619 δυνατὸν

427 652 786 718 ὐποδέξασθαι
807 655 904 718 τὰς
931 656 1024 709 τοῦ
1051 657 1206 723 ἀγίου
1233 660 1550 726 Πνεύματος
1575 656 1887 726 ὲλλάμψεις.

497 745 709 816 Ὠσπερ
731 745 1010 817 ὀφθαλμὸν
1041 749 1442 818 περιαγόμενον
1477 750 1736 819 συνεχῶς,
1768 749 1866 802 καὶ⁹
1895 747 1990 800 νῦν

425 836 526 906 μὲν
553 835 647 889 ἐπὶ
675 834 742 888 τὰ
770 835 977 905 πλάγια
1014 839 1339 909 φερόμενον,
1375 838 1470 893 νῦν
1500 838 1558 892 δὲ
1605 838 1742 907 πρὸς
1785 837 1854 889 τά
1883 836 1995 890 ἀνω

424 927 519 979 καὶ
548 926 702 980 κάτω
725 929 906 984 πυκνά
943 931 1479 1002 μεταστρεφόμενον,
1503 931 1636 984 ῑδεῖν
1663 927 1907 999 ἐναργῶς
1933 927 1995 979 τὸ

425 1017 784 1089 ὑποκείμενον
803 1021 904 1092 οὐχ
929 1019 1041 1076 οἷόν
1064 1039 1124 1076 τε
1149 1039 1166 1057 ο
1210 1019 1352 1076 οὕτω
1398 1023 1494 1076 καὶ
1533 1020 1657 1075 νοῦν
1691 1020 1996 1092 ἀνθρώπων

426 1108 530 1163 ὑπὸ
563 1111 774 1182 μυρίων
794 1113 902 1166 τῶν
936 1117 1074 1168 κατά
1099 1115 1191 1168 τδν
1218 1115 1423 1184 κόσμον
1455 1113 1751 1185 φροντίδων
1778 1112 1996 1184 περιελ-

425 1202 654 1273 κόμενον
679 1204 958 1276 ἀμήχανον
987 1207 1293 1260 ὲνατενίσαι
1313 1209 1382 1278 τῇ
1415 1207 1665 1278 ἀληθείᾳ.

491 1295 556 1348 Οί
583 1295 786 1366 σφόδρα
808 1298 929 1360 ταῖς
955 1297 1051 1350 τοῦ
1078 1297 1192 1368 βίου
1227 1299 1523 1369 μερίμναις
1545 1295 1994 1366 κατειλημμένοι,

423 1382 535 1439 οἷον
585 1386 795 1455 ὄρνιθες
845 1389 1204 1460 πολύσαρκοι,
1243 1392 1368 1461 είκῆ
1411 1391 1471 1444 τὸ
1519 1391 1719 1460 πτερὸν
1761 1390 1994 1460 ἔχοντες,

412 1478 579 1530 -κὰτω
605 1495 710 1532 που
741 1479 996 1549 σύρονται
1021 1483 1161 1552 μετά
1188 1482 1297 1536 τῶν
1329 1480 1712 1551 βοσκημάτων.

494 1570 658 1643 Ψυχὴ
697 1566 792 1626 οὖν
839 1573 914 1644 μὴ
941 1574 1051 1627 τῶν
1106 1573 1390 1645 κοσμικῶν
1427 1573 1802 1641 ἀπαλλαγεῖσα
1833 1584 1994 1638 φρον-

422 1659 603 1723 τίδων,
645 1658 768 1713 οὔτε
816 1663 903 1715 τὸν
929 1665 1062 1717 Θεὸν
1107 1666 1384 1736 ἀγαπήσει
1437 1664 1699 1734 γνησίως,
1739 1660 1864 1714 οῦτε
1906 1658 1996 1712 τὸν

421 1753 665 1806 διάϐολον
727 1753 1039 1824 βδελύξεται
1096 1758 1284 1824 ἀξίως.
1343 1758 1627 1827 Κάλυμμα
1679 1755 1788 1825 γὰρ
1843 1750 1990 1817 ἅπαξ

420 1843 536 1916 ἔχει
560 1845 818 1916 φορτικὸν
843 1846 941 1918 τὴν
971 1849 1245 1920 μέριμναν
1273 1849 1367 1902 τοῦ
1393 1849 1533 1919 βίου.

509 2029 596 2084 Ἐν
647 2028 1027 2100 θορυϐουμένῳ
1088 2030 1183 2084 καὶ
1215 2030 1458 2098 ἀγωνίας
1522 2029 1700 2100 ἔχοντι
1735 2028 1810 2096 νῷ
1865 2026 1989 2083 οὔτε

421 2120 601 2175 ἔννοιά
643 2138 728 2186 τις
760 2121 872 2174 τῶν
904 2121 1108 2187 καλῶν,
1155 2120 1279 2176 οῦτε
1312 2121 1446 2176 Θεοῦ
1490 2122 1650 2192 χάρις
1689 2121 1987 2190 ἐγγίνεται.

490 2303 716 2366 Τελείας
745 2301 924 2372 ψυχῆς
955 2301 1070 2356 ἐστι
1114 2301 1174 2356 τὺ
1201 2301 1507 2374 ἀμέριμνον
1525 2318 1540 2334 ·
1594 2301 1823 2364 ἀσεϐοῦς
1849 2300 1905 2354 δὲ
1933 2299 1992 2355 τὸ

423 2393 672 2463 φροντίσι
696 2391 1147 2462 κατατρίϐεσθαι.

485 2485 735 2552 Πέφυκεν
766 2485 793 2536 ὁ
819 2481 1030 2552 ἄφρων,
1057 2483 1144 2536 ἀεὶ
1173 2483 1323 2550 παρά
1345 2482 1435 2534 τδν
1457 2479 1616 2551 ὀρθὸν
1639 2480 1798 2548 λόγον
1821 2478 1995 2554 κινού-

426 2592 604 2643 μενος,
638 2574 843 2645 ἠρεμίᾳ
871 2573 963 2625 καὶ⁸
990 2573 1294 2626 ἀναπαύσει
1324 2561 1594 2642 δυσμενὴς
1622 2566 1781 2624 εἶναι.

503 2665 824 2736 Ἀνθρωπος
887 2665 1300 2735 πολυμέριμνος
1368 2665 1543 2734 πρᾶος
1601 2663 1694 2716 καὶ
1770 2661 1994 2732 ἠσύχιος

423 2757 679 2826 γενέσθαι
713 2758 772 2811 ού
793 2757 1053 2820 δύναται,
1103 2757 1238 2810 διότι
1271 2757 1327 2809 αἱ
1357 2757 1656 2822 ἀναγκαῖαι
1683 2755 1850 2808 αἰτίαι
1886 2754 1994 2807 τῶν

425 2851 788 2922 πραγμάτων,
811 2851 868 2902 ὲν
901 2845 989 2912 αἷς
1017 2849 1376 2917 ταλαιπωρεῖ,
1406 2847 1995 2915 ἀναγκάζουσινναύτὺν

423 2943 697 2996 κινεῖσθαι
739 2944 796 2994 ἔν
827 2942 1016 3004 αὐταῖς
1043 2941 1246 2995 ἄκοντα
1271 2943 1362 2992 καὶ
1411 2941 1484 3010 μὴ
1518 2939 1860 3008 βουλόμενον,
1901 2937 1996 2992 καὶ

422 3035 867 3106 διασκορπίζουσι
898 3036 998 3104 τὴν
1028 3034 1269 3104 γαλήνην
1287 3033 1450 3085 αὑτοῦ
1476 3033 1570 3085 καὶ
1597 3032 1849 3103 ἡσυχίαν.

507 3130 693 3199 Χωρὶς
722 3126 1052 3199 ἀμεριμνίας
1080 3126 1195 3196 φῶς
1224 3127 1282 3178 ὲν
1309 3127 1377 3193 τῇ
1411 3124 1556 3195 ψυχῇ
1589 3142 1681 3178 σου
1728 3123 1805 3196 μὴ
1830 3123 1994 3193 ζητὴ-

503 3314 563 3368 ⁹0
629 3314 829 3382 φαῦλος
863 3315 1019 3368 πόλιν
1074 3332 1134 3368 τε
1176 3316 1270 3368 καὶ
1312 3315 1404 3368 τὸν
1448 3312 1591 3366 κατά
1651 3310 1804 3364 πόλιν
1837 3306 1992 3378 ὄχλον

420 3423 482 3461 τε
533 3407 628 3460 καὶ
676 3406 892 3476 φυρμὸν
948 3406 1251 3477 ἀνθρώπων
1301 3403 1437 3475 ὁμοῦ
1499 3404 1595 3458 καὶ
1651 3403 1994 3473 πραγμάτων

425 3499 771 3568 μεταδιώκει.
803 3497 1320 3568 Φιλοπραγμοσύναι
1348 3498 1479 3568 γὰρ,
1529 3496 1620 3548 καὶ
1665 3493 1990 3560 πλεονεξίαι,

419 3595 755 3667 δημοκοπίαι
789 3611 850 3648 τε
883 3594 977 3648 καὶ
999 3591 1320 3664 δημαρχιαι,
1356 3589 1434 3661 τῷ
1462 3587 1692 3659 τοιούτῳ
1714 3585 1901 3656 τιμαί’
1933 3584 1994 3638 τὸ

417 3689 478 3742 δὲ
515 3687 809 3758 ἡσυχάζειν
838 3687 1183 3756 ἀτιμότατον.

501 3860 853 3931 Δυσεύρετον,
883 3860 917 3930 ἢ
945 3859 1040 3913 καὶ
1057 3857 1338 3922 παντελῶς
1365 3856 1678 3929 ἀνεύρετον,
1703 3855 1762 3910 ιν
1785 3869 1994 3925 πεφυρ-

431 3950 574 4020 μὲνῳ
606 3952 703 4024 βίῳ
727 3953 790 4006 τὸ
807 3952 992 4007 καλόν.

1020 4043 1239 4098 ΛΟΓΟΣ
1267 4044 1394 4098 OH’.

630 4138 773 4206 Περὶ
809 4137 1151 4206 παρῤησίας
1185 4136 1284 4192 καὶ
1311 4135 1419 4191 τοῦ
1450 4133 1746 4205 ἐλέγχειν.

498 4228 684 4292 οὐδεὶς
699 4233 757 4282 ὲν
773 4227 998 4298 κρυπτῷ
1016 4243 1070 4280 τι
1088 4217 1250 4294 ποιεί,
1267 4226 1358 4280 καὶ
1380 4225 1531 4296 ζητεί
1545 4225 1674 4279 αὐτὸ
1691 4221 1788 4296 [αι.
1807 4220 1992 4296 αὐτὸς]

424 4321 485 4373 ἂν
518 4319 801 4392 παρρησίᾳ
830 4312 990 4371 εἶναι.

503 4501 628 4555 Ἐὰν
679 4501 712 4572 ἡ
760 4497 958 4568 καρδία
1007 4495 1165 4568 ἡμῶν
1212 4495 1290 4567 μὴ
1353 4493 1740 4569 καταγινώσκῃ
1802 4495 1982 4566 ἡμῶν,

369 4641 390 4666 ,
423 4593 736 4665 παρρησίαν
790 4591 990 4662 ἔχομεν
1049 4589 1186 4659 πρὸς
1231 4587 1322 4640 τὸν
1369 4587 1523 4652 θεὸν,
1575 4588 1667 4640 καὶ
1718 4589 1862 4658 ἅπερ
1912 4589 1989 4642 αι-

421 4686 624 4753 τοῦμεν
681 4681 1029 4751 λαμϐάνομεν
1087 4680 1219 4750 παρ’
1265 4679 1453 4742 αὑτοῦ,
1487 4682 1571 4735 ὅτι
1619 4681 1718 4744 τὰς
1766 4680 1987 4744 ἐντολὰς

421 4775 588 4830 αὐτοῦ
647 4773 944 4846 τηροῦμεν,
1000 4773 1096 4827 καὶ
1142 4773 1213 4825 τά
1263 4772 1470 4840 ἀρεστά
1526 4771 1755 4826 ἐνώπιον
1820 4772 1987 4827 αὐτοῦ

422 4866 708 4934 ποιοῦμεν.

493 4957 698 5028 Μηδείς
745 4975 838 5011 σου
872 4957 974 5028 τῆς
1017 4958 1271 5029 νεότητος
1313 4957 1761 5028 καταφρονείτω·
1800 4958 1989 5031 ἔλεγχε

422 5049 621 5114 αὐτοὺς
644 5050 957 5120 ἀποτόμως.
1542 5075 1552 5085 ο

495 5143 779 5207 Ἐξουσίαν
807 5143 990 5197 δίδωσι
1019 5141 1200 5214 λόγοις
1224 5143 1366 5216 ἀρχὴ
1396 5143 1765 5216 δικαιοσύνης.

493 5321 588 5395 Μὴ
617 5321 844 5394 ἑκκαίῃς
867 5321 1166 5393 ἄνθρακας,
1196 5320 1555 5391 ἁμαρτωλοὺς
1604 5319 1866 5390 ἐλέγχων,
1916 5320 1992 5393 μὴ

426 5416 772 5486 ἑμπυρισθῇς
799 5415 955 5482 φλογὶ
988 5413 1160 5482 πυρὸς
1198 5412 1484 5482 ἁμαρτιῶν
1517 5412 1716 5465 αὐτῶν.

507 5507 566 5560 '0
591 5505 971 5578 ἔφησυχάζων,
1001 5506 1095 5559 καὶ
1121 5504 1196 5575 μὴ
1215 5505 1455 5574 ἐλέγχων
1474 5504 1573 5573 τὴν
1597 5504 1871 5576 ἁμαρτίαν
1899 5505 1992 5559 τοῦ

427 5596 661 5667 ἀδελφοῦ
691 5597 883 5664 αὑτοῦ,
923 5597 1268 5667 ἄσπλαγχνός
1299 5598 1448 5650 ἐστιν
1470 5611 1484 5624 ·
1523 5595 1709 5669 ὥσπερ
1737 5600 1764 5652 ὁ
1799 5598 1888 5653 τὸν
1915 5597 1994 5655 ίδν

428 5687 650 5759 ὲναφεὶς
683 5689 764 5760 τῷ
790 5689 1039 5761 δηχθέντι
1071 5689 1176 5744 ὑπὸ
1209 5687 1302 5742 τοῦ
1339 5689 1568 5744 ίοὸόλου.

750 5792 1022 5853 ΡΑτιιοι..
1065 5791 1182 5852 Gn.
1230 5787 1548 5849 CXXXVI.

2092 487 2147 533 et
2176 483 2696 549 perturbationibus,
2733 503 2853 556 qua
2883 503 2912 541 ει
2951 487 3133 541 carnis
3163 501 3326 540 sensu
3360 500 3661 554 suggerun-

2099 583 2210 636 tur,
2242 573 2648 643 obtenebratus,
2673 579 2904 648 Spiritus
2931 579 3104 634 sancti
3136 577 3549 632 illustrationem
3579 591 3660 630 re-

2094 666 2277 735 cipere
2301 683 2405 722 non
2439 678 2637 737 poteSt.

2169 757 2238 813 Ut
2267 761 2459 814 oculus
2497 761 2589 830 qui
2617 761 2957 816 continenter
2988 752 3404 830 circumagitur,
3431 776 3494 815 ac
3519 773 3660 813 nunc

2096 852 2151 906 in
2186 861 2496 908 transversa
2540 851 2947 915 circumfertur.
2996 869 3142 907 nunc
3167 868 3382 908 sursum
3416 867 3479 906 ac
3511 852 3695 905 deor-.

2096 960 2216 999 sum
2244 945 2572 1009 deﬂectitur,
2600 941 2880 998 evidenter
2907 953 2959 998 et
2991 946 3136 999 clare
3172 961 3286 998 rem
3318 943 3655 1013 propositam

2096 1037 2263 1107 236
2275 1051 2495 1091 cernere
2517 1051 2622 1091 non
2646 1045 2822 1106 potest
2850 1053 2864 1089 :
2889 1036 2968 1089 sic
2993 1047 3044 1089 et
3076 1052 3229 1088 mens
3255 1037 3519 1098 humana,
3541 1049 3666 1088 sex-

2069 1131 2267 1185 centis
2296 1127 2583 1184 mundanis
2626 1128 2775 1183 curis
2805 1127 3089 1193 distracta,
3130 1127 3410 1180 veritatem
3461 1135 3664 1180 attente

2095 1236 2339 1285 cernere,
2379 1237 2441 1276 ac
2473 1223 2524 1275 in
2553 1235 2612 1275 ea
2645 1220 2816 1274 deﬁxa
2842 1236 2965 1276 esse
2993 1219 3140 1274 nullo
3175 1219 3336 1273 modo
3367 1227 3563 1287 potest.

2167 1315 2271 1381 Qui
2299 1315 2652 1369 vehementer
2680 1313 2806 1368 vitae
2838 1313 2999 1381 hujus
3032 1313 3178 1367 curis
3207 1311 3456 1380 occupati
3493 1321 3623 1364 sunt
3645 1349 3661 1373 ,

2095 1407 2248 1476 quasi
2275 1422 2402 1462 aves
2423 1406 2755 1476 corpulentaa
2785 1403 2982 1459 frustra
3008 1405 3201 1474 pennis
3235 1404 3472 1475 praeditas
3500 1403 3661 1455 deor-

2095 1515 2213 1556 sum
2245 1501 2534 1554 trahuntur
2560 1513 2684 1554 cum
2715 1497 3030 1566 pecudibus.

2166 1592 2226 1649 S.
2259 1593 2532 1664 Chrysost.
2584 1592 2813 1646 Animus
2855 1589 3022 1661 igitur
3077 1589 3371 1644 mundanis
3421 1586 3665 1642 nondum

2098 1685 2355 1741 liberatus
2403 1685 2570 1751 curis,
2600 1688 2800 1753 ineque
2844 1697 2973 1737 vere
3007 1681 3172 1735 Deum
3229 1681 3433 1749 diliget,
3484 1695 3660 1749 neque

2095 1778 2367 1832 diabolum
2419 1777 2799 1840 detestabitur,
2835 1782 2891 1827 ut
2938 1773 3162 1843 dignum
3208 1781 3311 1827 est.
3341 1771 3669 1827 Praetextum

2093 1853 2236 1922 enim
2271 1867 2432 1922 habet
2464 1881 2708 1936 gravem,
2749 1878 2935 1918 rerum
2969 1863 3032 1916 ad
3057 1864 3253 1918 victum
3283 1861 3668 1932 pertinentium

2094 1973 2454 2116 cugmcoyrill.
2484 2045 2538 2099 In
2573 2055 2755 2100 mente
2781 2044 3014 2098 tumultu
3054 2049 3109 2096 et
3139 2056 3338 2113 angore
3366 2041 3544 2110 plena,
3577 2053 3671 2094 ne-

2094 2152 2202 2207 que
2236 2151 2413 2192 rerum
2448 2137 2803 2191 honestarum
2834 2131 3113 2203 cogitatio,
3155 2145 3335 2202 neque
3365 2128 3459 2185 Dei
3496 2127 3668 2198 gratia

2095 2228 2260 2283 inest.

2165 2317 2224 2373 S.
2254 2317 2386 2371 Nili.
2432 2315 2660 2370 Perfecti
2700 2315 2867 2370 animi
2897 2326 2980 2370 est
3010 2327 3158 2369 cura:
3181 2311 3425 2367 vacuitas
3462 2304 3670 2378 :impii

2097 2417 2277 2464 autem
2311 2408 2460 2464 curis
2491 2405 2724 2461 conteri.

2168 2498 2438 2570 [nsipiens
2491 2505 2687 2566 praeter
2734 2505 2935 2554 rectam
2981 2494 3242 2551 rationem
3296 2501 3474 2545 motus
3523 2500 3673 2544 tran-

2097 2590 2421 2660 quillitatem
2457 2600 2512 2643 et
2547 2588 2845 2658 requietem
2876 2601 3094 2656 semper
3114 2585 3298 2641 odisse
3337 2583 3492 2638 solet.

2171 2681 2350 2734 Isaac.
2387 2679 2489 2747 Qui
2528 2679 2714 2735 multis
2745 2678 2893 2733 curis
2941 2678 3238 2732 distractus
3269 2685 3389 2738 est,
3433 2672 3570 2726 lenis
3615 2679 3675 2724 et

2099 2771 2318 2842 quietus
2362 2785 2484 2825 esse
2521 2770 2671 2824 nullo
2728 2769 2889 2823 modo
2946 2776 3143 2836 potest,
3193 2773 3480 2835 prapterea
3525 2759 3670 2829 quod

2101 2875 2280 2914 causa:
2311 2860 2650 2928 negotiorum
2683 2858 2738 2912 in
2769 2858 2973 2928 quibus
3000 2857 3165 2912 miser
3188 2867 3293 2917 est,
3322 2860 3522 2921 cogunt
3549 2866 3671 2904 eum

2102 2952 2435 3007 cmnmoveri
2466 2951 2697 3005 invitum
2729 2959 2786 3004 et
2812 2934 3085 3004 nolentem
3109 2987 3123 3011 ,
3158 2956 3214 3002 et
3245 2945 3366 3016 ejus
3399 2942 3673 3012 tranquilo

2018 3068 2062 3127 α
2101 3043 2211 3099 lum
2242 3053 2296 3098 et
2328 3044 2572 3112 quietum
2601 3052 2800 3097 statum
2824 3041 3156 3097 disturbant.

2169 3135 2298 3190 Sine
2352 3150 2607 3190 curarum
2643 3133 2912 3189 vacuitate
2942 3133 3124 3188 lumen
3159 3133 3216 3188 in
3256 3132 3439 3187 animo
3473 3143 3566 3189 tuo
3600 3149 3672 3190 ne

2095 3239 2333 3294 quaeras.

2168 3313 2435 3369 Philonis.
2468 3313 2753 3385 improbus
2786 3313 3060 3370 civitatem
3081 3326 3147 3367 ac
3180 3312 3415 3368 civitatis
3446 3298 3662 3368 turbam
3760 3383 3764 3387 Α

2099 3416 2148 3458 et
2194 3407 2376 3460 faecem
2414 3407 2692 3460 hominum
2740 3405 2906 3460 simul
2931 3413 2988 3460 et
3019 3404 3356 3473 negotiorum
3389 3405 3669 3474 persequi—
3756 3397 3764 3405 ’

2096 3501 2205 3547 tur.
2239 3491 2371 3546 Nam
2405 3493 2707 3549 alienarum
2757 3509 2939 3549 rerum
2994 3494 3308 3550 curationes
3332 3503 3386 3548 et
3419 3495 3669 3559 avaritia,

2094 3583 2429 3651 popularitas
2476 3593 2530 3638 et
2592 3586 2903 3640 tribunatus
2948 3584 3144 3654 plebis,
3197 3585 3504 3641 istiusmodi
3565 3585 3670 3642 hu-

2094 3675 2227 3730 mini
2272 3689 2372 3730 ceu
2417 3675 2716 3731 honoriﬁca
2746 3679 3049 3746 probantur
3085 3690 3106 3732 :
3139 3686 3195 3731 at
3222 3681 3486 3746 quietum=
3541 3693 3670 3734 esse

2093 3766 2579 3838 probrosissimum
2616 3777 2722 3824 est.
3599 3791 3602 3793 λ

2163 3857 2386 3911 Difﬁcile
2414 3867 2522 3922 est,
2553 3858 2641 3912 vel
2679 3859 2862 3929 potius
2885 3861 3112 3914 omnino
3142 3859 3262 3914 ﬁeri
3296 3873 3409 3914 non
3444 3868 3619 3928 potest
3645 3896 3666 3923 ,

2093 3957 2154 4004 ut
2175 3950 2436 4005 honestas
2464 3951 2518 4005 in
2551 3951 2658 4007 vita
2693 3951 3016 4006 conturbata
3049 3951 3377 4006 inveniatur.

2427 4039 2661 4098 SERMO
2691 4040 2953 4102 LXXVIII
2983 4040 3082 4113 [αι.
3118 4039 3331 4112 χωχι.

2483 4135 2560 4191 De
2597 4135 2838 4191 libertate
2867 4135 3292 4205 reprehendendi.

2115 4286 2122 4296 I
2162 4226 2326 4282 Joan.
2361 4239 2458 4282 vn.
2492 4226 2661 4282 Nemo
2710 4227 2854 4298 quod
2899 4227 2955 4281 in
3000 4228 3215 4283 occulto
3258 4225 3412 4292 facit,
3463 4228 3514 4282 id
3549 4229 3668 4283 vult

2096 4320 2272 4390 palam
2301 4318 2439 4374 ﬁeri.
2477 4319 2669 4389 (Alias,
2716 4335 2874 4374 nemo
2907 4318 3111 4388 aliquid
3157 4320 3215 4373 iu
3254 4319 3459 4376 occulto
3513 4320 3667 4388 facit,

2025 4411 2072 4470 ι)
2097 4421 2143 4466 et
2171 4411 2358 4482 quwrit
2386 4414 2493 4477 ipse
2515 4410 2689 4482 palam
2719 4413 2874 4480 esse.)

2166 4501 2194 4555 1
2221 4503 2384 4556 Joan.
2423 4517 2506 4558 Ill.
2542 4501 2598 4556 Si
2630 4517 2728 4558 cor
2756 4511 3006 4558 nostrum
3039 4519 3148 4558 non
3185 4504 3511 4559 condemnet
3544 4517 3666 4569 nos,

2093 4592 2347 4664 ﬁduciam
2399 4593 2864 4664 habemus.apud
2918 4593 3087 4650 Deum
3122 4607 3220 4652 :et
3265 4612 3387 4667 qua:
3429 4598 3666 4666 petimus

2093 4686 2162 4740 ab
2190 4699 2256 4740 eo
2285 4687 2614 4756 accipimus,
2648 4686 2776 4756 quia
2827 4689 3084 4742 mandata
3121 4688 3243 4758 ejus
3286 4687 3664 4756 exsequimur,

2092 4788 2147 4837 et
2174 4794 2296 4851 quae
2330 4778 2409 4832 illi
2439 4777 2678 4848 placent,
2711 4775 2964 4832 iacimus.

2168 4958 2276 5013 Fac
2309 4972 2376 5013 ne
2403 4955 2526 5026 quis
2555 4953 2892 5022 iuventutem
2926 4964 3073 5008 tuam
3103 4960 3416 5009 contemnat
3444 4966 3667 5023 :repre-

2021 5115 2023 5118 γ
2096 5052 2270 5106 hende
2299 5064 2394 5104 eos
2423 5063 2628 5104 severe.

2167 5143 2328 5194 Prov.
2382 5153 2528 5193 τινι.
2555 5138 2946 5194 Auctoritatem
3000 5135 3236 5192 orationi
3272 5135 3531 5192 conciliat
3562 5135 3666 5191 ini-

2099 5233 2230 5287 tium
2257 5231 2503 5301 jnstitiaa.

2164 5320 2242 5377 Ne
2266 5323 2531 5379 carbones
2574 5323 2868 5388 accendas,
2905 5322 3202 5379 sceleratos
3235 5320 3664 5392 reprehendens,

2101 5433 2166 5471 ne
2189 5415 2406 5486 ﬂamma
2444 5416 2582 5486 ignis
2611 5427 2955 5485 peccatorum
2994 5416 3234 5484 ipsorum
3266 5413 3539 5467 exuraris.
3741 5404 3745 5410 ’

2170 5509 2231 5564 S.
2266 5509 2479 5562 Basilii.
2509 5507 2612 5574 Qui
2648 5509 2904 5580 quiescit.
2937 5522 3035 5564 nec
3059 5505 3245 5560 fratris
3266 5507 3446 5576 arguit
3467 5517 3662 5575 pecca-

2101 5609 2241 5668 tum,
2277 5600 2670 5656 immisericors
2697 5609 2800 5663 est,
2833 5608 2888 5652 ut
2924 5597 3017 5667 qui
3043 5611 3307 5652 venenum
3335 5594 3574 5652 immittit
3608 5597 3663 5648 in

2101 5707 2224 5748 eum
2262 5693 2352 5762 qui
2384 5699 2468 5748 est
2493 5705 2523 5746 a
2551 5697 2812 5747 venenata
2845 5688 3016 5745 bestia
3048 5701 3286 5746 morsus.

3269 5786 3349 5846 38
