4032 6214
527 402 697 456 Ὅταν
723 403 781 457 δὲ
811 407 1017 477 κρηπὶς
1056 408 1131 479 μὴ
1164 406 1486 479 καταϐληθῇ
1518 411 1735 478 γένους

540 494 766 564 Ὀρθῶς,
792 498 1008 568 ἀνάγκη
1037 500 1323 570 δυστυχεῖν
1350 503 1478 563 τοὺς
1510 502 1793 570 ἐκγόνους.

456 586 461 591 ’
540 590 646 644 Φεῦ
682 592 809 662 φεῦ,
836 595 1067 657 παλαιὸς
1100 591 1251 660 αἶνος
1282 599 1344 651 ού
1376 598 1559 661 καλῶς
1589 600 1702 667 ἔγει
1730 616 1743 629 '

539 684 659 739 Οὐκ
698 684 764 739 ἂν
797 685 1009 756 γένοιτο
1039 689 1276 761 χρηστὸς
1302 692 1367 744 ὲκ
1398 692 1571 745 κακοῦ
1607 694 1837 763 πατρός.

456 862 719 935 Εὕγενεῖς
764 863 907 925 εἶναι
960 871 1149 942 νόμιζε
1207 875 1281 946 μὴ
1334 877 1462 941 τοὺς
1517 881 1581 931 ἐκ
1630 878 1741 931 τῶν
1780 878 1961 933 καλῶν

1137 299 1308 360 LOCI
1349 298 1789 361 COMMUNES.
1824 319 1887 336 -
1924 296 2119 361 PARS
2154 301 2233 365 I-i.
2273 300 2535 366 SERMO
2577 307 2819 367 LXXX.

3514 301 3653 370 1198

1989 414 2031 470 Α
2145 409 2303 477 Quod
2338 414 2386 468 si
2415 416 2630 485 generis
2656 415 2810 486 origo
2841 414 2973 471 bene
3000 414 3143 486 jacta
3176 430 3281 471 non
3312 414 3494 478 fuerit,

2140 506 2398 562 Posteros
2432 508 2485 562 in
2521 509 2831 565 calamitate
2860 510 3062 564 versari
3098 523 3323 563 necesse
3357 518 3465 563 est.

2132 598 2251 652 Non
2288 610 2436 654 recte
2461 616 2517 653 se
2542 602 2703 657 habet
2729 613 2887 658 vetns
2917 604 3028 658 haec
3061 601 3366 658 sententia:

2136 688 2210 741 Es
2242 689 2388 744 malo
2422 698 2577 758 patre
2606 708 2883 763 nunquam
2918 703 3178 749 nascetur
3212 693 3406 745 bonus.

2972 784 3326 853 (Euripidis)

2134 874 2491 947 Theopempti.
2530 877 2839 933 Generosos
2866 879 3179 933 existimato
3223 893 3329 932 non
3360 890 3457 932 eos
3479 876 3568 945 qui
3591 890 3657 929 ex

386 960 483 1014 καὶ
518 961 740 1029 ἀγαθῶν
788 971 1264 1039 γεγεννημένους,
1320 971 1458 1026 ἀλλὰ
1501 972 1631 1038 τοὺς
1678 972 1822 1028 καλά
1868 976 1954 1028 καὶ

2086 970 2220 1025 tonis
2251 979 2307 1025 et
2338 971 2527 1040 probis
2555 970 2666 1025 nati
2704 983 2855 1037 sunt,
2884 971 2978 1025 sed
3016 970 3110 1040 qui
3142 970 3370 1024 honesta
3415 976 3470 1023 et
3517 969 3656 1024 bona

384 1053 566 1119 ἁγαθά
598 1057 1088 1126 προαιρουμένους.

468 1146 591 1200 Ἐπὶ
661 1150 944 1220 προγόνων
1010 1153 1262 1227 εὐγενείᾳ
1332 1156 1524 1224 μηδεὶς
1556 1157 1959 1227 ὲγκαυχάσθω’

385 1236 557 1307 πηλὸν
612 1240 719 1308 γὰρ
768 1240 953 1313 ἔχουσι
999 1247 1204 1315 παντες
1251 1247 1345 1301 τοῦ
1378 1251 1574 1316 γένους
1613 1251 1957 1323 προπάτορα,

383 1331 480 1382 καὶ
527 1329 578 1382 ol
625 1333 686 1385 ὲν
722 1334 982 1404 πορφύρᾳ
1022 1338 1118 1392 καὶ
1152 1337 1337 1410 βύσσῳ
1366 1342 1715 1411 τρεφόμενοι,
1764 1345 1862 1398 καὶ
1910 1345 1960 1397 οἱ

381 1421 443 1475 ἐν
473 1422 635 1494 πενίᾳ
662 1424 884 1497 ἀδύσσῳ
918 1427 1320 1498 δαπανώμενοι.

524 1516 774 1573 Πολλοῖσι
804 1520 1016 1592 θνητῶν
1043 1523 1094 1593 ἡ’
1113 1524 1213 1595 μὲν
1244 1526 1366 1597 ὄψις
1398 1526 1647 1601 εὐγενὴς,

534 1702 596 1759 ’0
624 1705 750 1773 νοῦς
773 1708 821 1762 δ’
847 1710 908 1764 ὲν
940 1711 1078 1784 αὐτῇ
1108 1712 1377 1787 δυσγενὴς
1404 1716 1746 1788 εὑρίσκεται.

526 1889 624 1954 Τίς
663 1893 769 1959 γὰρ
810 1895 1104 1967 κατόπτρῳ
1144 1899 1235 1951 καὶ
1275 1900 1463 1970 τυφλῷ
1515 1903 1809 1975 κοινωνίᾳ;

448 1981 769 2054 Σώστρατος
790 1988 819 2039 ό
840 1987 1098 2058 αὐλητὴς,
1129 1988 1524 2061 ὀνειδιζόμενος
1553 1994 1660 2047 ὐπὸ
1688 2012 1834 2060 τινος
1862 1997 1956 2050 ἐπὶ

378 2073 458 2146 τῷ
487 2075 687 2141 γονέων
713 2078 941 2148 ἀσήμων
973 2076 1136 2146 εἶναι,
1176 2076 1353 2135 εῖπεν⁶
1386 2083 1494 2136 Καὶ
1528 2085 1634 2154 μὴν
1664 2086 1753 2140 διὰ
1797 2088 1956 2141 τοῦτο

384 2169 585 2237 μᾶλλον
613 2168 844 2239 ὤφειλον
867 2172 1274 2243 θαυμάζεσθαι,
1308 2175 1391 2229 ὃτι
1419 2176 1518 2230 ἀπ’
1544 2178 1682 2249 ἐμοῦ
1707 2179 1767 2233 τὺ
1800 2183 1957 2248 γένος

380 2280 415 2317 α
422 2279 633 2334 ρχεται.

449 2450 817 2521 Σεμνύνεσθαι
871 2455 970 2522 μὲν
1013 2453 1205 2525 ὥσπερ
1238 2455 1384 2525 ἄλλῳ
1439 2455 1548 2509 τινὶ
1605 2452 1716 2511 τῶν
1773 2459 1957 2512 καλῶν

380 2542 469 2597 ἐπ’
493 2543 742 2615 εὐγενείᾳ
775 2547 877 2599 οὐκ
915 2546 1142 2608 ἀπεικός
1170 2548 1323 2602 ἐστιν
1346 2564 1360 2579 ο
1404 2549 1515 2617 ἐγὼ
1561 2548 1622 2602 δὲ
1663 2547 1793 2620 μίαν
1825 2551 1953 2622 ἀρε-

379 2635 478 2704 τὴν
504 2630 644 2700 οῐδα,
672 2638 740 2688 τὰ
780 2635 827 2689 δ’
874 2636 1011 2691 ἄλλα
1070 2639 1245 2692 πάντα
1284 2641 1476 2710 τύχην.
1511 2641 1622 2695 Καὶ
1659 2642 1857 2710 γένοιτ’
1889 2643 1958 2697 ἂν

380 2729 409 2780 ό
442 2726 543 2795 μὲν
576 2730 639 2782 ὲκ
668 2729 888 2797 φαύλων
918 2729 1122 2799 ἀγαθὸς
1154 2734 1249 2785 καὶ
1290 2733 1559 2802 βασιλέοιν
1611 2736 1706 2789 καὶ
1738 2738 1957 2791 πάντων

381 2821 768 2889 εὐγενέστατος
791 2867 806 2890 ,
834 2825 863 2877 ό
893 2824 947 2877 δὲ
988 2823 1047 2888 ἐξ
1072 2825 1301 2893 ἀγαθῶν
1332 2827 1561 2895 φαῦλος.
1594 2828 1757 2893 αὐτὸς
1789 2831 1961 2884 αὐτοῦ

381 2915 476 2968 καὶ
504 2916 611 2969 τῶν
659 2916 1064 2970 ταπεινοτάτων
1096 2918 1550 2986 δυσγενέστατος.
1582 2921 1746 2976 Ὥστε
1776 2921 1956 2992 ψυχῆς

379 3010 602 3066 ἔπαινον
635 3012 814 3083 αὔχει,
850 3013 928 3084 μὴ
973 3016 1259 3084 προγόνων
1289 3015 1615 3084 τεθνηκυῖαν
1645 3018 1729 3079 είς
1773 3014 1958 3082 ἀδοξο-

378 3104 574 3175 τέρους
600 3104 903 3173 εὐγένειαν.

449 3284 512 3339 '0
530 3281 590 3350 ἐξ
603 3283 805 3355 ἀρετῆς
819 3284 1124 3353 γεννηθεὶς,
1144 3284 1349 3347 ἐκεῖνος
1363 3284 1593 3354 εὐγενὴς
1608 3282 1952 3349 εἰκονίζεται.

992 3374 1215 3427 ΛΟΓΟΣ
1254 3375 1334 3429 ην.

733 3470 871 3533 Περὶ
902 3468 1230 3534 συνηθείας
1263 3466 1362 3521 καί
1395 3466 1595 3533 ἔθους.

447 3559 639 3630 Χρόνῳ
667 3558 967 3629 κρατυνθὲν
1015 3558 1075 3611 τὸ
1108 3559 1307 3623 ἀσεϐὲς
1362 3559 1485 3625 ἔθος
1517 3560 1594 3623 ὡς
1646 3560 1810 3631 νόμος
1844 3559 1958 3614 διε-

378 3650 649 3721 φυλάχθη.

450 3748 617 3803 Οὐδὲν
649 3745 822 3807 οὕτως
852 3744 1208 3814 ἐπιθυμητὸν,
1247 3742 1324 3803 ὡς
1353 3742 1426 3812 μὴ
1459 3744 1525 3812 τῇ
1567 3742 1824 3812 συνεχείᾳ
1849 3742 1951 3811 τῆς

268 3832 276 3836 ⁴
382 3839 729 3900 ἀπολαύσεως
751 3835 1224 3906 εὐκαταφρόνητον
1245 3833 1515 3902 γίνεσθαι.
1536 3824 1637 3887 Ὧν
1658 3833 1715 3886 δὲ
1755 3834 1957 3889 σπανία.

381 3932 417 4000 ἡ
450 3931 661 3999 κτῆσις,
703 3926 1171 3998 περισπούδαστος
1204 3926 1241 3994 ἡ
1277 3924 1598 3986 ἀπόλαυσις.

454 4022 766 4075 Παλαιωθὲν
797 4019 906 4088 γὰρ
935 4017 1155 4088 τραῦμα
1184 4015 1386 4087 ψυχῆς,
1420 4020 1516 4069 καὶ
1548 4017 1718 4072 κακοῦ
1751 4018 1957 4089 μελέτη

382 4114 554 4183 χρόνῳ
590 4112 968 4184 βεϐαιωθεῖσα,
1020 4109 1269 4170 δυσίατός
1322 4109 1490 4171 ἐστιν.
1537 4108 1570 4179 ἢ
1619 4110 1715 4164 καὶ
1751 4125 1952 4162 παντε-

377 4208 483 4272 λῶς
506 4205 743 4269 ἀνίατος,
773 4202 851 4267 ὡς
877 4204 945 4255 τά
984 4201 1153 4256 πολλὰ
1207 4203 1305 4270 τῆς
1339 4201 1505 4267 ἕξεως
1547 4201 1629 4265 είς
1660 4202 1826 4271 φύσιν
1856 4220 1954 4271 με-

374 4301 405 4353 θ
416 4298 729 4369 ισταμένης.

449 4391 647 4452 Ἐθους
703 4388 980 4460 χωρισμὸς
1008 4386 1103 4439 καὶ
1129 4388 1240 4448 τοῖς
1278 4386 1495 4455 ἀλόγοις
1525 4388 1643 4441 ἐστὶ
1672 4389 1951 4458 δυσφορώ-

2064 1062 2341 1129 sequenda
2376 1064 2479 1119 sibi
2514 1073 2850 1134 proponunt.

2137 1153 2433 1225 Thespidis.
2465 1155 2732 1227 Maiorum
2768 1155 3052 1211 nobilitate
3102 1170 3262 1208 nemo
3292 1154 3517 1225 gloriari
3556 1153 3661 1209 de-

2065 1248 2151 1301 bet
2183 1264 2195 1299 :
2231 1263 2423 1304 omnes
2446 1249 2593 1304 enim
2631 1248 2835 1304 habent
2869 1246 3083 1318 generis
3136 1246 3401 1317 originem
3439 1246 3609 1300 lutum
3637 1283 3657 1309 ,

2064 1346 2176 1391 tum
2212 1338 2249 1392 ii
2276 1339 2366 1409 qui
2410 1340 2463 1394 in
2500 1355 2740 1410 purpura
2770 1347 2825 1395 et
2873 1340 3040 1411 bysso
3076 1339 3440 1404 nutriuntur,
3471 1336 3655 1392 tum-ii

2067 1431 2158 1495 qui
2200 1430 2251 1484 in
2285 1442 2603 1500 paupertate
2632 1448 2829 1503 magna
2865 1433 3075 1487 vivunt.

2066 1521 2298 1578 Scleriw.
2335 1522 2489 1578 Multi
2527 1524 2836 1578 mortalium
2869 1538 2980 1592 pra
3006 1537 3065 1578 se
3097 1521 3279 1579 ferunt
3308 1520 3651 1577 nobilitatem

3277 1613 3354 1686 [in
3392 1614 3567 1675 Vultu,

2062 1709 2309 1774 Quorum
2368 1716 2549 1762 tamen
2618 1709 2835 1763 animus
2897 1708 3152 1778 ignobilis
3201 1717 3255 1761 et
3307 1707 3661 1777 ingenerosns

3272 1796 3589 1867 [repet-itur.
3706 1780 3709 1785 ”

2064 1895 2204 1962 Quid
2237 1894 2382 1949 enim
2415 1910 2563 1950 caeco
2595 1909 2724 1950 cum
2765 1897 3031 1963 speculo?

2136 1987 2391 2042 Sostrati.
2449 1984 2737 2041 Sostratus
2771 1988 2971 2042 tibicen
2992 2029 3009 2053 ,
3068 2004 3190 2044 cum
3224 1990 3446 2059 quidam
3480 1990 3527 2041 ei
3558 1986 3660 2041 ob—

2059 2079 2312 2146 jectaret,
2346 2078 2489 2150 quod
2540 2093 2608 2133 ex
2653 2077 2990 2149 ignobilibus
3024 2090 3322 2153 prognatus
3369 2089 3517 2135 esset
3561 2096 3658 2149 pa-

2065 2175 2316 2228 rentibus
2350 2191 2363 2227 :
2397 2172 2587 2242 Atqui,
2623 2172 2823 2244 inquit,
2856 2174 2927 2230 ob
2980 2173 3216 2244 idipsum
3269 2173 3434 2229 debui
3487 2171 3660 2239 magis

2067 2267 2303 2330 laudari,
2345 2265 2481 2319 etin
2518 2264 2883 2322 admiratione
2913 2280 3057 2332 esse,
3086 2266 3233 2337 quod
3281 2280 3311 2319 a
3358 2280 3444 2319 me
3488 2279 3661 2334 genus

2063 2356 2278 2413 initium
2317 2359 2481 2428 cepit.

2133 2449 2462 2507 Phalaridis.
2525 2450 2820 2509 Nobilitate
2883 2450 3342 2522 quemadmodum
3394 2450 3498 2506 alia
3556 2450 3659 2504 ali-

2063 2560 2171 2616 qua
2198 2560 2256 2599 re
2299 2545 2531 2601 honesta
2579 2545 2801 2614 gloriari
2857 2560 2965 2600 non
3017 2544 3336 2598 indecorum
3382 2556 3489 2598 est.
3539 2542 3655 2612 Ego

2065 2654 2197 2694 vero
2231 2652 2396 2692 unam
2429 2638 2687 2693 virtutem
2724 2637 2873 2701 novi,
2900 2646 3095 2693 caetera
3120 2639 3301 2691 omnia
3337 2636 3652 2692 tribuuntur

2065 2732 2313 2787 fortunae.
2340 2731 2406 2786 Et
2427 2730 2540 2786 ﬁeri
2565 2740 2762 2803 potest,
2782 2740 2840 2786 ut
2865 2730 2960 2801 qui
2986 2745 3051 2786 ex
3082 2729 3349 2799 improbis
3372 2729 3463 2788 sit.
3483 2728 3656 2783 bonus

2067 2826 2177 2889 liat.
2211 2832 2268 2880 et
2295 2840 2485 2897 regum
2519 2834 2574 2881 et
2602 2826 2847 2881 omnium
2874 2824 3337 2896 generosissimus
3365 2840 3377 2877 :
3401 2839 3468 2877 ex
3495 2820 3656 2877 bonis

2064 2929 2246 2974 autem
2282 2928 2605 2990 prognatus,
2645 2918 2929 2987 improbus
2964 2918 3079 2980 tiat,
3114 2927 3169 2972 et
3199 2917 3382 2987 seipse
3409 2915 3653 2969 deterior

2064 3022 2119 3066 et
2152 3011 2478 3067 humillimis
2508 3011 2824 3082 quibusque
2861 3010 3175 3082 ignobilior.
3207 3010 3392 3077 Quare
3422 3007 3641 3062 laudem

2066 3104 2229 3159 animi
2270 3105 2507 3176 gloriose
2524 3105 2694 3177 jacta,
2728 3120 2836 3158 non
2866 3104 3031 3158 etiam
3066 3103 3335 3173 majorum
3371 3118 3466 3172 per
3493 3101 3655 3171 igno-

2061 3197 2285 3254 biliores
2312 3208 2558 3268 posteros
2584 3210 2889 3253 emortuam
2928 3197 3291 3251 nobilitatem.

2134 3292 2214 3347 Ex
2242 3293 2446 3349 virtute
2472 3303 2813 3363 procreatus,
2854 3306 3154 3357 generosus
3186 3289 3481 3360 etilngitur.
3579 3276 3582 3279 λ

2482 3382 2716 3439 sermo
2750 3381 2941 3436 Lxxx
2979 3381 3077 3454 [αι.
3109 3380 3247 3453 ειη.

2471 3479 2549 3534 De
2586 3478 2964 3533 consuetudine
2997 3488 3045 3530 et
3077 3492 3241 3530 more.

2131 3571 2412 3626 Salomon.
2454 3571 2723 3639 Tempore
2758 3571 3077 3625 conﬁrmata
3106 3569 3270 3639 impia
3306 3565 3649 3623 consuetudo

2059 3674 2123 3720 ut
2156 3664 2240 3718 lex
2281 3674 2556 3719 servatur.

2128 3753 2277 3810 Nihil
2308 3764 2395 3809 est
2432 3752 2938 3829 tamappetendum
2970 3752 3097 3820 quin
3124 3761 3389 3820 perpetuo
3413 3750 3645 3807 fruendo

2055 3845 2465 3916 contemptibile
2502 3847 2785 3900 reddatur.
2832 3842 3079 3910 Quorum
3123 3851 3308 3899 autem
3340 3843 3516 3899 rarior
3542 3852 3631 3900 est

2056 3941 2353 4012 possessio,
2388 3939 2685 4008 jucundior
2713 3947 2797 3993 est
2836 3953 2992 3993 usus.

2122 4031 2485 4087 lnveteratum
2541 4030 2739 4085 vulnus
2799 4027 3011 4093 animi,
3071 4032 3144 4093 et:
3174 4029 3300 4084 mali
3365 4028 3649 4085 meditatio

2054 4133 2302 4197 tempore
2346 4125 2666 4180 conﬁrmata
2718 4121 3007 4177 difﬁciliter
3052 4133 3300 4185 curatur,
3352 4124 3434 4176 vel
3467 4121 3648 4191 potius

2058 4236 2167 4275 non
2206 4229 2434 4275 curatur
2471 4218 2721 4282 omnino,
2747 4217 2890 4287 quod
2924 4216 3140 4272 habitus
3174 4231 3559 4285 saepenumero
3587 4218 3643 4274 in

2059 4324 2309 4367 naturam
2356 4319 2623 4366 mutatur.

2129 4404 2211 4459 Ab
2239 4403 2483 4459 assuetis
2513 4402 2753 4473 disjungi
2786 4402 2872 4457 vel
2909 4399 3144 4457 rationis
3168 4403 3488 4471 expertibus
3511 4403 3647 4458 difﬁ-

373 4503 556 4550 τατος.
606 4485 715 4537 Καί
768 4498 897 4537 ποτε
946 4474 1086 4534 εἶδον
1131 4477 1243 4547 ἐγὼ
1299 4479 1430 4550 βοῦν
1482 4481 1574 4534 ἐπὶ
1609 4483 1817 4552 φάτνης
1853 4482 1948 4536 δα-

2086 4495 2154 4551 ile
2182 4504 2235 4548 et
2277 4494 2565 4549 molestum
2618 4503 2725 4549 est.
2771 4492 2892 4561 ipse
2940 4492 3236 4562 aliquando
3285 4493 3642 4549 animadverti

374 4581 634 4650 κρύοντα,
662 4576 758 4630 τοῦ
788 4575 1054 4646 συννόμου
1087 4573 1253 4629 αὑτοῦ
1296 4576 1393 4628 καὶ
1438 4574 1715 4643 ὁμοζύγου
1764 4575 1945 4628 τελευ-

370 4678 657 4744 τήσαντος.

449 4768 609 4839 Ῥᾷον
670 4764 780 4836 γὰρ
830 4763 926 4818 ἀπ’
978 4761 1156 4833 ἀρχῆς
1193 4758 1268 4829 μὴ
1316 4758 1561 4811 ἐνδοῦναι
1611 4759 1800 4830 κακίᾳ,
1854 4759 1949 4813 καὶ

370 4861 669 4934 προϊοῦσαν
692 4857 997 4928 διαφυγεῖν,
1030 4854 1066 4926 ἢ
1088 4851 1493 4923 προϐαίνουσαν
1521 4851 1821 4923 ἀνακόψαι,
1852 4852 1949 4906 καὶ

370 4955 608 5025 φανῆναι
657 4949 861 5021 ταύτης
908 4946 1083 5003 ἀνὼτε
1091 4963 1206 5017 ρος.

445 5045 661 5117 Δικτύῳ
685 5043 936 5115 κομίζειν
967 5039 1132 5112 ὕδωρ.
1163 5038 1257 5091 καὶ
1281 5037 1502 5091 πλίνθον
1535 5035 1757 5091 πλύνειν
1785 5037 1949 5091 εὐπε-

370 5140 646 5210 τέστερον,
684 5137 717 5207 ἢ
771 5133 971 5189 κακίαν
1028 5132 1390 5202 φυτευθεῖσαν
1425 5130 1600 5203 χρόνῳ
1648 5130 1831 5200 πολλῷ
1887 5134 1946 5185 ὲν

373 5226 663 5303 ἀνθρώπου
692 5228 842 5299 ψυχῇ
872 5224 1099 5290 ἐξελεῖν.

442 5325 610 5380 Οὐδὲν
645 5322 819 5386 οὕτως
870 5318 1090 5391 ἰσχυρὸν
1119 5317 1270 5387 παρά
1297 5315 1628 5388 ἀνθρώποις,
1669 5313 1745 5378 ὡς
1780 5332 1943 5384 συνη-

373 5420 519 5482 θείας
548 5416 782 5479 παλαιᾶς
809 5414 1088 5482 τυραννίς.
1216 5427 1221 5433 ·

443 5512 599 5574 Τινὲς
629 5510 739 5564 τῶν
767 5508 968 5573 ἔξωθεν
1015 5506 1272 5577 δευτέραν
1306 5502 1471 5574 φύσιν
1516 5500 1616 5571 τὴν
1650 5500 1943 5572 συνήθειαν

371 5605 636 5661 ἐκάλεσαν

442 5700 624 5754 Δεινὸν
650 5700 684 5768 ἠ
716 5695 973 5768 συνήθεια
1001 5694 1296 5763 κατασχεῖν
1321 5692 1457 5763 πρὸς
1484 5694 1723 5766 ἑαυτὴν,.
1743 5698 1835 5750 καὶ
1863 5696 1938 5766 μὴ

2058 4590 2248 4645 homin
2281 4587 2374 4658 qui
2404 4592 2469 4641 ad
2504 4601 2748 4656 praesepe
2771 4585 2979 4641 socium
3010 4586 3206 4641 bovem
3233 4598 3287 4641 et
3316 4586 3370 4640 in
3404 4599 3560 4657 pastu
3589 4598 3642 4645 et

2060 4681 2114 4736 in
2136 4683 2272 4753 jugo
2304 4680 2612 4745 subeundo,
2649 4687 2923 4733 mortuum
2954 4680 3128 4736 ﬂeret.

2124 4772 2289 4844 239
2320 4772 2588 4841 Theologi.
2611 4770 2848 4827 Facilius
2880 4782 2960 4825 est
2990 4787 3019 4825 a
3046 4772 3318 4843 principio
3344 4787 3448 4825 non
3474 4787 3533 4827 se
3560 4774 3643 4827 vi-

2055 4866 2129 4922 tio
2159 4868 2378 4931 dedere,
2405 4873 2458 4920 et
2502 4863 2736 4936 effugero
2774 4880 3026 4929 nascens,
3054 4880 3220 4933 quam
3286 4864 3637 4919 fortiﬁcatum

2054 4958 2385 5025 rescindere,
2410 4967 2574 5028 atque
2599 4972 2666 5013 eo
2695 4959 3032 5027 superiorem
3060 4958 3195 5012 ﬁeri.

2124 5052 2366 5109 Retieulo
2386 5066 2581 5123 aquam
2604 5050 2748 5106 ferre
2772 5059 2825 5104 et
2848 5050 3072 5105 laterem
3097 5051 3280 5107 lavare
3300 5050 3517 5107 facilius
3534 5060 3640 5119 est,

2052 5162 2215 5218 quam
2246 5145 2438 5200 vitium
2464 5144 2517 5197 in
2545 5141 2783 5197 hominis
2803 5141 2989 5197 animo
3010 5157 3075 5197 ex
3101 5150 3348 5214 tempore
3372 5142 3635 5198 diuturno

2052 5240 2352 5308 plantatum
2385 5236 2643 5290 eximere.

2116 5330 2177 5385 S.
2219 5329 2494 5398 Chrysou.
2530 5326 2676 5382 Nihil
2709 5334 2822 5381 tam
2851 5327 3068 5382 firmum
3101 5336 3186 5383 est
3230 5327 3281 5381 in
3321 5327 3484 5382 rebus
3532 5327 3635 5382 bn-

2052 5423 2251 5488 manis,
2284 5437 2449 5492 quam
2488 5420 2689 5476 veteris
2721 5419 3137 5476 consuetudinis
3173 5418 3438 5490 tyrannis.

2124 5517 2351 5571 Externi
2388 5514 2613 5585 quidam
2640 5511 3096 5568 consuetudinem
3128 5513 3352 5566 alteram
3383 5521 3634 5568 naturam

2048 5620 2174 5661 esse
2197 5606 2475 5659 dixerunt.

2119 5696 2253 5751 λιιι-ε
2270 5696 2457 5752 ellicax
2485 5707 2569 5752 est
2592 5695 2928 5753 consuetudo
2952 5697 3204 5762 retinere,
3226 5704 3408 5751 etnon
3432 5697 3542 5765 pati
3575 5703 3635 5753 ut

375 5790 727 5864 συγχωρῆσαι
762 5788 925 5845 πάλιν
947 5783 1296 5856 διαναστῆναι
1328 5784 1421 5838 ἐπὶ
1446 5783 1543 5855 τὴν
1566 5783 1793 5857 πρώτην
1827 5787 1939 5852 ἕξιν

2086 5794 2115 5849 d
2147 5792 2439 5864 pristinum
2474 5791 2691 5849 virtutis
2722 5789 2959 5851 habitum
2993 5790 3188 5861 aliquis
3219 5800 3545 5848 revertatur.

372 5885 473 5959 τῆς
500 5885 720 5957 ἀρετῆς·
