4062 6222
449 254 592 334 1199

445 443 504 506 et
539 451 742 508 leviora
773 467 1010 524 peccata,
1045 457 1089 511 si
1125 474 1226 510 tton
1273 458 1586 525 prohibeas,
1635 458 1865 512 subinde
1909 472 2008 510 na-

447 555 674 600 scuntur
703 558 754 602 et
786 548 1205 618 magnitudinem
1236 560 1626 620 assequuntur.

520 637 777 694 Naturam
815 657 1071 696 accusare
1108 659 1214 696 non
1251 643 1530 703 debemus.
1557 656 1679 696 cum
1711 638 2010 710 jucundam

450 738 546 783 aut
578 730 924 798 inquundam
956 732 1122 786 vitam
1154 748 1368 786 onmem
1409 730 1603 785 cfliciat
1648 718 2010 785 consuetudo.

498 811 802 874 '(Jltariclis.
836 820 911 875 Ex
941 823 1194 877 omnibus
1217 823 1358 876 enim
1388 823 1735 892 passiouihus
1762 838 1882 892 qua:
1903 821 2012 876 cito
2068 883 2077 894 χ

452 912 775 982 percipitur,
824 915 872 968 ei
929 913 1089 969 facile
1138 915 1436 968 remedium
1490 915 1734 968 adhiberi
1788 922 2012 984 potest:

457 1019 578 1072 qua":
603 1021 733 1060 vero
758 1006 920 1078 longo
953 1016 1190 1076 tempore
1223 1007 1404 1060 inttata
1436 1008 1618 1070 fuerit,
1645 1024 1808 1078 prope
1830 1017 1914 1062 est
1936 1008 2014 1062 ia-

453 1095 737 1150 curabilis.

522 1185 776 1241 Chon‘cii.
812 1185 975 1241 Nacta
1035 1187 1204 1242 semel
1240 1186 1456 1243 delicias
1486 1195 1679 1242 natura
1714 1186 1798 1239 vix
1841 1185 1906 1240 ad
1939 1184 2015 1237 la—

453 1277 612 1332 bores
637 1278 752 1331 vult
781 1279 1000 1332 reverti.

472 1353 484 1366 ’
524 1365 779 1422 Socratis.
829 1365 974 1420 Nihil
1029 1376 1221 1422 natura
1269 1367 1569 1438 jucundum
1625 1379 1716 1422 aut
1766 1367 2017 1434 injucun-

451 1457 601 1520 dttm,
637 1460 728 1512 sed
755 1458 937 1511 omnia
968 1457 1094 1512 talia
1141 1459 1534 1513 consuetudine
1585 1459 1697 1512 fieri
1749 1461 2016 1513 videmus.

521 1547 792 1618 Optimum
814 1548 937 1603 vitre
963 1564 1136 1617 genus
1166 1550 1258 1604 tibi
1294 1550 1577 1620 proponito
1602 1568 1616 1616 ;
1648 1552 1748 1606 hoc
1770 1552 1912 1606 enim
1932 1551 2020 1622 ju-

453 1642 690 1698 cundum
726 1641 920 1696 cﬂiciet
950 1643 1308 1698 consuetudo.

1339 1731 1664 1788 Perdiﬂicilc
1695 1742 1776 1786 est

527 1821 600 1879 Ut
633 1825 789 1895 longa
844 1827 1180 1880 consuetudo
1208 1824 1352 1880 brevi
1387 1833 1628 1894 tempore
1676 1826 1947 1879 solvatur:

526 1916 799 1971 Consueta
824 1918 966 1971 enim
996 1918 1415 1986 haudquaquam
1453 1917 1802 1985 despicienda
1828 1925 1972 1971 sunt.

531 2035 796 2104 Polymni.
831 2033 1180 2089 Consuetudo
1215 2050 1244 2088 a
1276 2035 1459 2105 parvis
1495 2033 1710 2089 initium
1732 2034 1896 2106 capit,
1925 2049 2024 2090 ne-

459 2127 632 2196 glecta
665 2135 850 2181 autem
877 2126 985 2180 vim
1020 2126 1314 2180 maximam
1344 2127 1564 2195 accipit.

742 2239 978 2294 SERMO
1008 2235 1222 2294 LXXXI
1267 2238 1362 2309 [αι.
1392 2238 1744 2313 CXXXVIII].

1015 2350 1089 2404 De
1125 2351 1471 2404 conscientia.

527 2465 697 2520 Nemo
730 2465 867 2519 liber
890 2473 992 2528 est,
1021 2463 1114 2533 qui
1145 2463 1321 2533 seipse
1349 2480 1455 2518 non
1485 2466 1746 2520 continet.

534 2552 778 2611 Libertas
816 2556 1084 2624 impotens
1113 2563 1167 2642 et
1197 2554 1551 2610 immoderata
1611 2555 1772 2610 facile
1819 2555 2026 2610 amitti-

460 2660 573 2706 till”.

530 2741 672 2796 Fieri
701 2755 806 2796 non
839 2746 1016 2809 potest
1045 2747 1104 2793 ut
1127 2737 1174 2793 is
1214 2739 1353 2796 liber
1377 2739 1467 2804 sit,
1493 2738 1583 2810 qui
1617 2736 2031 2809 perturbationi-

450 2835 562 2890 'bus
598 2834 782 2896 servit.
813 2841 867 2887 et
894 2847 923 2886 a
960 2831 1460 2902 perturbationtbus
1489 2832 1743 2886 vincitur.

533 2919 762 2974 Praestat
790 2918 994 2975 servire
1018 2920 1296 2985 decenter,
1325 2935 1487 2991 quam
1535 2919 1780 2974 libertate
1819 2918 1893 2972 ut‘
1927 2919 2030 2972 im-

458 3009 740 3097 pudenter.

1703 255 1802 316 AN
1814 255 2030 316 TONII
2075 253 2417 316 MELISSIE

519 363 778 421 Philonis.
808 366 1107 426 Diuturnus
1136 382 1254 424 mos
1285 375 1478 423 natura
1505 369 1622 439 ipsa
1658 368 1866 424 firmior
1894 377 2000 432 est,
2033 380 2078 438 Α

2045 1729 2096 1790 Β

3524 248 3673 315 1200

2191 365 2532 437 Ἐγχρονίζον
2551 360 2682 435 ἦθος
2704 363 2920 434 φύσεως
2944 360 3334 433 κραταιότερόν
3356 361 3504 415 ἐστιν
3525 376 3543 393 ο
3569 363 3671 412 καὶ

2114 458 2289 526 μικρά
2326 457 2402 528 μὴ
2433 457 2752 526 κωλυόμενα
2781 456 3156 526 ἀμαρτήματα
3189 453 3383 523 φύεται
3415 453 3509 508 καὶ
3541 454 3671 506 ἑπι-

2111 550 2309 602 δίδοται
2342 549 2476 620 ’πρὸς
2508 550 2732 620 μέγεθος
2771 547 3188 611 συναυξάνοντα.

2183 640 2462 709 Μηδαμῶς
2496 641 2594 711 τὴν
2642 640 2802 709 φύσιν
2832 637 3166 708 αἰτιώμεθαο
3199 637 3379 692 πάντα
3422 638 3529 707 γὰρ
3557 635 3676 706 βίον

2114 731 2244 801 ἡδὺν
2275 731 2306 802 ἢ
2335 733 2471 802 ἀηδῆ
2501 733 2533 802 ἡ
2566 732 2820 800 συνήθεια
2851 733 3018 784 ποιεῖ.

2187 821 2361 884 ῐιέιθος
2414 822 2522 894 γὰρ
2561 820 2730 886 ἅπαν,
2775 821 2837 874 τὸ
2893 821 2995 892 μὲν
3049 821 3216 888 ὀξέως
3265 819 3677 887 γινωσκόμενον

2117 911 2465 984 εὐϐοήθητον,
2497 913 2556 966 τὸ
2607 913 2664 967 δὲ
2696 912 2873 984 χρόνῳ
2921 912 3452 985 παραπεμπόμενον,
3501 910 3677 980 ἐγγὺς

2115 1002 2352 1056 ἀνίατον.

2183 1181 2468 1252 Λαὸομένη
2494 1182 2638 1247 ἅπαξ
2681 1180 3012 1250 ἡδυπαθείας
3041 1183 3075 1252 ἡ
3102 1181 3262 1250 φύσις
3293 1179 3449 1250 μόλις
3501 1179 3678 1234 ἐθέλει

2117 1273 2254 1343 πρὸς
2282 1275 2474 1335 πόνους
2504 1275 2724 1344 χωρεῐν.

2190 1367 2355 1419 Οὐδὲν
2394 1365 2564 1430 οὕτως
2598 1367 2696 1438 ἡδὺ
2731 1366 2764 1437 ἢ
2811 1367 2973 1437 ἀηδὲς
3033 1367 3096 1436 τῇ
3128 1365 3288 1434 φύσει
3329 1365 3634 1437 ὑφέστηκεν
3657 1383 3676 1400 ο
3767 1377 3778 1384 ·

2119 1459 2295 1512 πάντα
2321 1459 2378 1512 δὲ
2406 1461 2469 1528 τῇ
2499 1458 2759 1530 συνηθείᾳ
2785 1459 3011 1527 γίνεται.

2195 1551 2318 1602 Βίον
2341 1548 2500 1620 αἱροῦ
2529 1549 2620 1604 τὸν
2645 1551 2885 1621 ἄριστον.
2915 1549 3117 1606 Τοῦτον
3145 1551 3253 1620 γὰρ
3286 1551 3418 1621 ἡδὺν
3448 1553 3482 1621 ἡ
3513 1549 3681 1620 συνή-

2122 1643 2240 1696 θεια
2273 1642 2509 1712 ποιήσει.

3125 1736 3431 1805 Ἀμήχανον

2257 1825 2490 1896 Μακράν
2521 1826 2810 1898 συνήθειαν
2839 1827 2897 1880 ὲν
2926 1825 3119 1898 βραχεῖ
3148 1827 3306 1881 λῦσαι
3336 1827 3533 1898 χρόνῳ.

2261 1917 2334 1970 Τὸ
2376 1916 2485 1988 γὰρ
2520 1917 2752 1989 σύνηθες
2785 1918 3020 1990 οὐδαμοῦ
3063 1921 3393 1990 παροπτέον.

2194 2031 2354 2095 Ἐθος
2389 2030 2616 2104 ἄρχεται
2654 2032 2753 2102 μὲν
2798 2032 2906 2086 ἀπὸ
2937 2032 3174 2103 μικρῶν,
3223 2029 3590 2102 ἀμελούμενον
3616 2029 3679 2084 δι

2120 2121 2220 2195 τὴν
2249 2123 2401 2195 ἰσχὺν
2435 2124 2659 2192 μείζονα
2687 2124 2974 2195 λαμϐάνει.
3288 2156 3295 2163 -

2697 2236 2913 2290 ΛΟΓΟΣ
2953 2234 3078 2290 ῐΙΑ’.

2634 2346 2772 2416 Περὶ
2801 2347 3164 2416 ἐλευθερίας.

2193 2463 2382 2526 Οὐδεὶς
2416 2463 2702 2533 ἐλεύθερος
2733 2464 2926 2517 ἑαυτὸν
2955 2464 3030 2535 μὴ
3061 2465 3302 2535 κρατῶν.

2207 2551 2520 2625 Ἐλευθερία
2589 2553 2842 2622 ἀκρατῶς
2913 2555 3006 2608 καὶ
3075 2556 3330 2628 ἀμέτρως
3405 2557 3685 2628 φερομένη

2127 2643 2502 2712 εὐαφαίρετος.

2210 2735 2525 2808 Ἐλεύθερον
2552 2735 2813 2790 ἀδύνατον
2842 2736 2981 2793 εἶναι
3004 2740 3096 2794 τὸν
3117 2741 3310 2794 πάθεσι
3340 2739 3686 2806 δουλεύοντα,

2126 2821 2222 2874 καὶ
2251 2821 2354 2876 ὑπὸ
2385 2823 2572 2878 παθῶν
2601 2825 2993 2898 κρατούμενον.

2203 2915 2460 2982 ’Ἄμεινον
2517 2916 2786 2972 δουλεύειν
2847 2920 3121 2988 ἐπιεικῶς,
3182 2922 3215 2993 ἢ
3281 2921 3687 2994 ἐλευθεριάζειν

2129 3009 2524 3077 ἀναισχύντως.

1799 3096 2030 3154 SERMO
2067 3098 2330 3156 LXXXII.

1765 3193 1858 3261 [De
1895 3195 2215 3250 conscientia
2261 3197 2361 3266 (1).

534 3293 784 3362 Epicteti.
816 3291 1082 3348 Parentes
1111 3293 1404 3363 paedagogo
1429 3305 1627 3360 pueros
1657 3307 1758 3345 nos
1805 3289 2169 3357 tradiderunt,
2197 3293 2291 3362 qui
2326 3293 2525 3364 ubique
2557 3294 2870 3351 observaret
2897 3310 2964 3351 ne
2990 3296 3138 3368 quid]
3157 3297 3517 3354 laederemur“:
3543 3298 3689 3354 Deus

455 3402 646 3447 ‘aulem
677 3389 785 3458 jam
814 3389 962 3443 viros
988 3388 1169 3443 insitae
1199 3386 1544 3441 conscientiae
1572 3384 1963 3440 custodiendos
1989 3386 2180 3448 tradit.
2210 3404 2333 3457 quae
2361 3391 2581 3460 quidem
2609 3393 2851 3446 custodia
2883 3402 2938 3447 et
2965 3391 3308 3450 conservatio
3341 3409 3688 3468 nequaquam

455 3482 854 3540 contemnenda
887 3489 993 3543 est,
1056 3481 1312 3550 quoniam
1340 3486 1394 3532 et
1426 3476 1531 3532 Deo
1565 3475 1900 3546 displiceret,
1926 3485 1982 3530 et
2016 3478 2369 3536 conscientia:
2401 3481 2502 3552 ipsi
2530 3494 2728 3537 nostrae
2759 3484 2944 3538 hostes
2967 3498 3235 3540 essemus.

783 3574 1011 3630 διεπιΜο
1043 3570 1305 3627 LXXXIII
1350 3568 1448 3641 [αι.
1480 3569 1708 3643 XCVII].
1819 3576 1822 3579 ’

1023 3663 1097 3718 De
1133 3663 1469 3733 benignitate.

528 3759 696 3832 240
721 3759 848 3814 an.
880 3773 952 3814 vt.
987 3756 1291 3811 Beuefacite
1324 3763 1377 3806 et
1419 3761 1673 3808 mutuum
1708 3753 1860 3818 date,
1892 3751 2027 3807 nihil

467 3855 592 3909 inde
623 3862 906 3924 sperantes
937 3867 950 3904 :
977 3858 1031 3904 et
1059 3849 1164 3902 erit
1197 3862 1407 3902 merces
1448 3855 1626 3900 vestra
1673 3845 1876 3912 ampla,
1926 3843 2032 3898 eri-

463 3948 640 4018 tisque
673 3945 769 4000 filii
802 3939 1106 4009 Altissimi;
1147 3939 1274 4008 quia
1320 3939 1436 4008 ipse
1467 3936 1520 3992 in
1565 3935 1809 4007 ingratos
1841 3944 1894 3990 et
1924 3933 2028 3988 im-

459 4042 662 4112 probos
696 4036 965 4106 benignus
989 4043 1092 4088 est.

536 4130 729 4201 Epfm.
758 4145 830 4183 tv.
852 4128 1034 4180 Estote
1052 4123 1267 4191 benigni
1299 4123 1531 4176 invicem
1555 4130 1609 4176 et
1630 4119 2028 4187 misericordes,

462 4226 835 4278 contionantes
905 4223 1131 4277 mutuo,
1181 4212 1634 4282 quemadmodum
1711 4212 1827 4282 ipse
1891 4212 2032 4270 Deus

461 4314 620 4369 vobis
649 4327 743 4381 per
771 4308 1044 4363 Christum
1070 4303 1417 4360 condonavit.

536 4403 747 4459 lntluite
769 4401 976 4453 viscera
1003 4393 1395 4457 miserationis,
1421 4391 1834 4464 benignitatem.
1864 4393 2030 4449 animi

466 4496 847 4554 humilitatem.
884 4489 1181 4552 lenitatem,
1214 4485 1577 4542 clementiam.

530 4585 588 4642 S.
619 4583 833 4640 Basilii.
867 4579 1161 4648 ltttaginem
1213 4578 1410 4640 habeo.
1456 4575 1585 4630 duttt
1630 4575 1860 4630 rationis
1908 4593 2028 4632 sum

463 4678 734 4750 particeps
771 4698 783 4731 :
818 4673 884 4728 ad
914 4670 1332 4726 similitudinem
1367 4675 1545 4724 autem
1582 4669 1670 4732 lio,
1718 4668 1846 4722 dum
1876 4669 2031 4724 beni-

463 4777 720 4847 gnitatem
753 4769 898 4823 colo.

539 4864 805 4935 Tlteologi.
848 4859 1115 4917 Bonitatis
1150 4857 1312 4913 habet
1353 4858 1567 4911 laudem
1615 4856 2030 4921 mansuetudine

465 4958 736 5014 feritatem
759 4957 1011 5019 'vincere,
1050 4962 1099 5008 et
1142 4952 1194 5006 in
1243 4949 1499 5004 meliores
1533 4948 1740 5004 efficere
1776 4948 2028 5016 injuriam

463 5049 750 5111 facientes,
784 5048 1047 5116 patienter
1092 5042 1314 5098 ferendo
1361 5057 1483 5111 quae
1513 5041 1672 5095 nobis
1703 5040 2031 5095 inferuntur.

479 5178 485 5184 -
535 5141 806 5196 Omnibus
833 5148 954 5192 esto
990 5136 1280 5206 benignus,
1329 5134 1418 5189 sed
1453 5133 1687 5187 maxime
1735 5131 2023 5201 proximis.

534 5233 725 5300 Quaere
760 5230 852 5285 tibi
886 5227 978 5282 Dei
1026 5226 1436 5296 benignitatem,
1470 5226 1514 5279 si
1549 5225 1812 5293 benignus
1840 5237 1918 5276 es.

532 5325 817 5390 Quodnam
885 5321 1075 5390 dogma
1143 5317 1727 5388 cltaritatis‘dogtnate
1783 5312 2037 5370 brevius?

535 5417 718 5474 Talem
756 5426 804 5469 te
833 5412 1071 5484 prmheas
1099 5411 1289 5466 amicis
1313 5420 1367 5464 et
1395 5409 1675 5480 proximis,

533 5511 729 5579 Quales
755 5528 878 5584 erga
920 5521 970 5566 te
1001 5506 1122 5561 illos
1146 5519 1268 5562 esse
1302 5503 1405 5560 vis.

538 5713 616 5782 (l)
646 5712 828 5765 Greca
868 5711 1084 5765 desunt.

2055 3576 2102 3634 C

2719 3576 2936 3630 ΛΟΓΟΣ
2976 3573 3099 3631 III".

2601 3670 2739 3739 Περὶ
2780 3671 3211 3738 χρηστότητος.

2209 3759 2609 3827 ’Δγαθοποιείτε
2654 3761 2745 3814 καὶ
2768 3761 3059 3824 δανείζετε,
3086 3761 3252 3832 μηδὲν
3275 3761 3687 3826 ἀπελπίζοντες,

2128 3849 2224 3904 καὶ
2246 3850 2399 3903 ἔσται
2420 3853 2447 3904 ό
2473 3851 2662 3920 μισθὸς
2687 3851 2841 3922 ὑμῶν
2865 3851 3051 3915 πολὺς,
3076 3854 3166 3905 καὶ
3189 3851 3377 3905 ἔσεσθε
3403 3853 3509 3906 υίοὶ
3537 3853 3689 3922 Ὑψί-

2130 3957 2257 3992 στου
2279 3954 2295 3971 ⁶
2331 3941 2411 3994 ὅτι
2446 3941 2603 4006 αὐτὸς
2637 3943 2869 4013 χρηστός
2902 3945 3050 3996 ἐστιν
3080 3943 3172 3997 ἐπὶ
3201 3944 3327 4008 τοῦς
3361 3944 3688 4016 ἀχαρίστους

2131 4034 2226 4085 καὶ
2258 4032 2548 4104 πονηρούς.

2200 4124 2418 4178 Γίνεσθε
2465 4128 2544 4189 είς
2585 4126 2846 4198 ἀλλήλους
2891 4127 3122 4199 χρηστοὶ
3163 4129 3256 4182 καὶ
3299 4127 3686 4200 εὔσπλαγχνοι,

2130 4215 2476 4288 χαριζόμενοι
2516 4218 2727 4283 ἑαυτοῖς
2751 4259 2766 4284 ,
2800 4219 2981 4284 καθὼς
3018 4220 3116 4275 καλ
3151 4223 3178 4276 ό
3211 4220 3343 4285 Θεὸς
3380 4223 3437 4274 ὲν
3470 4220 3688 4291 Χριστῷ

2131 4309 2422 4380 ἐχαρίσατο
2453 4309 2602 4380 ὑμῖν.

2209 4402 2531 4458 Ἐνδύσασθε
2603 4404 2887 4475 σπλάγχνα
2947 4405 3267 4478 οἰκτιρμοῦ,
3311 4405 3685 4477 χρηστότητα,

2129 4513 2193 4540 τη
2203 4496 2648 4566 πεινοφροσύνην,
2683 4497 3084 4568 μακροθυμίαν,
3117 4499 3418 4568 πραότητα.

2201 4588 2274 4640 Τὸ
2301 4587 2417 4642 κατ’
2442 4589 2625 4644 εἰκόνα
2653 4589 2759 4660 ἔχω
2785 4591 2842 4641 ἐν
2865 4588 2942 4660 τῷ
2964 4589 3177 4658 λογικὸς
3202 4586 3341 4642 εῖναι
3361 4605 3374 4618 ο
3400 4589 3459 4642 τό
3485 4589 3542 4642 δὲ
3568 4590 3691 4643 καθ’

2131 4681 2387 4752 ὁμοίωσιν
2418 4681 2637 4752 γίνομαι
2667 4685 2726 4735 ἐν
2755 4683 2833 4750 τῷ
2861 4683 3094 4753 χρηστὸς
3125 4681 3396 4749 γενέσθαι.

2213 4857 2438 4928 Ἀγαθὸν
2476 4858 2804 4930 χρηστότητι
2845 4861 2997 4930 νικᾷν
3038 4859 3384 4930 θρασύτητα,
3427 4858 3524 4910 καὶ
3568 4857 3690 4927 βελ-

2133 4952 2278 5014 τίους
2313 4951 2487 5005 ποιεῖν
2517 4951 2643 5014 τοὺς
2679 4948 3030 5017 ἀδικοῦντας,
3065 4946 3146 5014 οἷς
3179 4947 3554 5020 καρτεροῦμεν
3585 4946 3688 5001 πά-

2135 5058 2375 5112 σχοντες.
3257 5099 3265 5106 ,

2209 5133 2346 5186 llas:
2379 5133 2476 5201 μὲν
2508 5129 2614 5184 ἴσθι
2645 5131 2898 5202 χρηστὸς,
2930 5129 3090 5184 πλέον
3117 5129 3172 5184 δὲ
3202 5131 3312 5193 τοῖς
3342 5129 3560 5198 ἐγγιν-

2209 5223 2368 5292 Ζήτει
2396 5222 2531 5275 Θεοῦ
2565 5239 2646 5274 σοι
2674 5223 3016 5292 χρηστότητα
3049 5223 3278 5293 χρηστὸς
3303 5220 3400 5276 ὢν.

2210 5315 2276 5368 Τί
2304 5315 2665 5385 χρηστότητος
2693 5313 2868 5384 δόγμα
2901 5313 3341 5384 συντομώτερον;

2215 5405 2464 5468 Τοιοῦτος
2493 5404 2600 5457 ῐσθι
2627 5405 2740 5466 τοῖς
2771 5404 2942 5471 φίλοις
2972 5406 3064 5460 καὶ
3090 5408 3197 5468 τοῖς
3229 5405 3416 5472 πέλας,
3527 5447 3536 5453 .

2220 5497 2377 5562 Οῖους
2407 5495 2613 5568 σεαυτῷ
2639 5495 2823 5551 τούσδε
2849 5496 3137 5566 τυγχάνειν
3164 5495 3356 5559 θέλεις.
