4062 6222
458 353 592 422 1201

1161 364 1335 426 LOCI
1370 360 1907 425 COMMUNES.'-
1951 363 2148 424 PARS
2178 366 2268 430 ΙΙ.
2295 370 2547 437 SERMO
2585 379 2901 441 LXXXIV.

3562 374 3695 439 1202

521 475 636 528 οὐκ
667 474 971 546 εὐεργετῶν
1007 475 1201 548 μόνον,
1234 476 1372 532 ἀλλὰ
1403 477 1501 532 καὶ
1532 477 1777 545 κολάζων
1807 479 2010 548 ἀγαθός

2181 469 2310 539 Non
2341 488 2520 544 solum
2574 492 2721 548 Dens
2761 494 2995 564 benigne
3024 503 3078 551 et
3110 495 3420 551 humaniter
3456 510 3557 548 nos
3584 503 3698 548 tra-

451 566 568 620 ὲστι
601 568 697 622 καὶ
728 568 1107 640 φιλάνθρωπος
1137 571 1168 624 ὁ
1200 569 1350 634 Θεός.
1383 572 1496 625 Καὶ
1527 573 1638 642 γὰρ
1669 574 1726 626 at
1758 572 2010 636 κολάσεις

451 659 616 714 αὐτοῦ
659 661 754 714 καὶ
794 662 851 714 ai
887 662 1148 732 τιμωρίαι
1189 661 1446 733 μέγιστον
1487 663 1805 736 εὐεργεσίας
1846 665 2011 736 μέρος

449 751 610 804 εἰσίν·
643 751 768 806 ἐπεὶ
796 753 889 805 καὶ
922 752 1238 825 ίατρδς,ούχ
1265 755 1394 809 ὅταν
1420 757 1503 819 είς
1530 757 1890 827 παραδείσους
1917 759 2012 813 καὶ

448 843 720 911 λειμῶνας
756 843 922 917 ἐξάγῃ
954 847 1044 900 τὸν
1079 849 1356 917 κάμνοντα
1398 848 1596 918 μόνον,
1631 851 1737 905 οὐδ’
1763 853 1894 906 ὅταν
1928 853 2010 918 είς

405 999 407 1002 γ
450 932 706 1002 βαλανεῖα
744 938 838 990 καὶ
879 936 1259 1010 κολυμϐήθρας
1302 939 1527 1007 ὑδάτων,
1568 941 1708 997 ἀλλὰ
1746 945 1842 999 καὶ
1880 944 2011 998 ὅταν

449 1023 635 1078 ἄσιτον
677 1025 873 1098 κελεύῃ
920 1027 1216 1098 διαμεῖναι,
1261 1031 1390 1087 ὅταν
1433 1033 1629 1104 τέμνῃ,
1667 1033 1794 1088 ὅταν
1839 1017 2012 1104 πικρά

449 1117 704 1189 προσάγῃ
745 1119 1032 1190 φάρμακα,
1071 1123 1192 1176 τότε
1235 1125 1333 1178 καὶ⁸
1378 1127 1559 1197 ἰατρός
1599 1127 1749 1181 ἐστιν
1789 1127 2010 1198 ὁμοίως,

449 1209 546 1260 καὶ
571 1209 672 1278 τὴν
700 1209 866 1263 αὑτοῦ
895 1214 1304 1284 φιλανθρωπίαν
1332 1220 1667 1272 ἐπιδείκνυσι
1703 1220 1888 1275 πλέον.

532 1301 593 1355 ’0
609 1305 691 1445 ὀτῇ
733 1304 893 1374 φύσει
956 1308 1160 1373 ἀγαθὸς
1220 1311 1317 1364 καὶ
1363 1311 1584 1381 ἀγαθῶν
1617 1314 1836 1380 πάντως
1868 1332 2013 1388 παρ-

532 1409 607 1445 :tx
638 1411 690 1445 ς.

451 1407 690 1458 εκτικος.

521 1486 681 1542 ’ῐδιον
709 1491 908 1553 παντὸς
935 1489 1140 1558 ἀγαθοῦ
1169 1491 1228 1546 τδ
1255 1493 1506 1563 ὠφελεῖν.

522 1581 599 1633 Οὐ
625 1582 881 1639 τοσοῦτον
910 1585 938 1639 ὁ
967 1585 1144 1656 λόγος,
1172 1588 1297 1641 ὅσον
1326 1588 1558 1660 χρηστὸς
1577 1590 1778 1662 τρόπος
1805 1592 2018 1647 πείθειν

451 1673 700 1728 δύναται.

524 1760 678 1819 Οἷσιν
705 1769 733 1821 ὁ
759 1769 958 1838 τρόπος
985 1772 1138 1828 ἐστὶν
1163 1773 1447 1848 εὔτακτος,
1481 1780 1746 1834 τουτέοισι
1777 1781 1872 1834 καὶ
1901 1780 2015 1852 βίος

456 1861 841 1916 συντέτακται.

526 1949 700 2021 Τέχνη
729 1953 826 2021 μὲν
851 1955 1160 2026 γνωρίμους
1184 1957 1501 2027 ἐκτησάμην

525 2042 779 2108 Πολλοὺς,
803 2045 892 2098 διὰ
915 2047 1012 2100 τὸν
1029 2049 1230 2119 τρόπον
1257 2049 1313 2104 δὲ
1339 2050 1466 2113 τοὺς
1495 2050 1780 2115 πλείστους
1807 2053 2016 2119 φίλους.

523 2135 897 2224 Θεμιστοκλῆς
938 2141 1136 2210 χωρίον
1168 2142 1364 2196 πωλῶν
1396 2143 1650 2197 ἐκέλευσε
1690 2143 2016 2216 κηρύττειν,

453 2227 536 2281 ὃτι
565 2230 659 2284 καὶ
687 2230 902 2298 γείτονα
932 2233 1168 2302 χρηστὸν
1194 2233 1327 2303 ἔχει.

1043 2415 1262 2470 ΛΟΓΟΣ
1300 2415 1423 2470 HA'.

736 2505 876 2576 Rep!
914 2508 1243 2574 πραΰτητος
1270 2505 1368 2561 καὶ
1395 2508 1728 2574 εὐλαϐείας.

529 2599 794 2662 Εὑλαὸεῖς
827 2602 1031 2653 ποιεῖτε
1059 2600 1184 2662 τοὺς
1218 2601 1366 2663 υἱοὺς
1393 2599 1635 2670 Ἰσραήλ.

541 2691 601 2745 Ὀ
630 2690 916 2758 ἄνθρωπος
941 2692 1149 2762 Μωσῆς
1188 2690 1366 2762 πραῢς
1399 2691 1604 2762 σφόδρα
1630 2690 1781 2762 παρὰ
1810 2692 2018 2756 πάντας

459 2783 802 2852 ἀνθρώπους,
834 2784 961 2846 τοὺς
995 2782 1156 2846 ὄντας
1180 2785 1272 2838 ἐπὶ
1300 2785 1398 2853 τῆς
1431 2784 1558 2852 γῆς.

538 2874 828 2946 Ὀδηγήσει
880 2879 1078 2946 πραεῖς
1104 2877 1166 2930 ἒν
1187 2877 1388 2948 κρίσει,
1420 2876 1623 2942 διδάξει
1649 2880 1844 2949 πραεῖς
1865 2879 2017 2943 ὁδοὺς

457 2968 643 3023 αὐτοῦ.

528 3061 594 3116 ΟΞ
631 3061 686 3115 δὲ
724 3063 917 3132 πραεῖς
945 3061 1415 3135 κληρονομήσουσι
1447 3067 1574 3138 γῆν,
1616 3068 1710 3122 καὶ
1742 3084 2018 3140 κατατρυ-

460 3155 726 3220 φήσουσιν
756 3153 850 3204 ἑ.πὶ
874 3151 1068 3222 πλήθει
1106 3153 1354 3225 εἰρήνης.

543 3243 964 3315 ’Δναλαμὸάνων
996 3248 1193 3314 πραεῖς
1215 3248 1243 3301 ό
1268 3249 1470 3318 Κύριος
1492 3291 1508 3315 ,
1537 3248 1741 3320 ὑψώσει
1783 3253 1940 3320 πρεῖς
1962 3253 2020 3306 ἐν

462 3339 724 3409 σωτηρίᾳ.

535 3430 864 3500 Πραῢθυμος
889 3430 1028 3501 ἀνὴρ
1055 3430 1226 3502 ταχὺς
1252 3432 1458 3502 ἰατρός.

528 3523 794 3592 Κρεῖσσον
839 3521 1163 3591 πραθθυμος
1229 3523 1367 3593 μετὰ
1421 3527 1826 3593 ταπεινώσεως,
1877 3527 1910 3598 ἢ
1963 3528 2034 3592 ὃςε

457 3612 742 3684 διαιρεῖται
773 3612 942 3667 σκῦλα
968 3613 1106 3681 μετὰ
1134 3613 1365 3683 ὕϐρεως.

532 3707 838 3775 Μακάριος,
871 3705 930 3768 ὃς
971 3708 1348 3775 καταπτήσσει
1385 3708 1564 3762 πάντα
1585 3709 1656 3761 δι’
1693 3709 1980 3764 εὐλάϐειαν
2001 3727 2019 3744 °

459 3799 488 3851 ὀ
508 3799 566 3852 δὲ
595 3795 826 3868 σκληρὸς
855 3795 952 3866 τὴν
977 3796 1202 3865 καρδίαν
1227 3799 1551 3865 ἐμπεσεῖται
1573 3802 1780 3864 κακοῖς.

543 3889 860 3956 Ἀπόκρισις
893 3887 1283 3942 ὑποπίπτουσα
1320 3889 1652 3960 ἀποστρέφει
1685 3891 1876 3962 θυμόν.

535 3987 634 4048 ’ος
679 3981 920 4054 φείδεται
980 3981 1130 4053 ῥῆμα
1164 3981 1434 4052 προέσθαι
1491 3984 1747 4056 σκληρὸν,
1789 3986 2020 4056 ἐπιγνώ-

464 4094 606 4146 μων.

529 4161 702 4234 Λόγος
735 4164 975 4237 μαλακὸς
1008 4166 1267 4235 συγκλάει
1320 4166 1485 4221 όστᾶο
1521 4167 1698 4238 πραῢς
1753 4167 1893 4221 ἔστω
1919 4187 2022 4238 μα-

459 4259 658 4330 χητήςο
1885 4261 1887 4264 ⁴

535 4353 756 4417 Τέκνον,
800 4350 858 4402 ἐν
897 4348 1175 4419 πραΰτητι
1204 4349 1274 4402 τὰ
1309 4349 1446 4421 ἔργα
1472 4366 1564 4403 σου
1587 4348 1897 4420 διεξάγαγε,
1925 4349 2019 4406 καὶ

464 4443 570 4498 ὑπὸ
607 4441 893 4511 ἀνθρώπου
917 4439 1108 4493 δεκτοῦ
1137 4441 1492 4514 ἀγαπηθήσῃ.

530 4533 684 4586 Γίνου
712 4533 885 4602 πρᾶος
913 4532 972 4584 ὲν
1005 4531 1292 4601 ἀποκρίσει
1319 4532 1501 4599 λόγου,
1534 4531 1622 4585 ίνα
1645 4533 1906 4602 συνήσῃς.

543 4622 635 4675 Ἐν
663 4620 1015 4692 μακροθυμίᾳ
1055 4618 1292 4687 φθέγγου
1345 4621 1658 4692 ἀπόκρισιν.
1686 4621 1750 4674 Εἰ
1784 4621 1900 4674 ἐστι
1933 4637 2018 4675 σοι

463 4715 700 4780 σύνεσις,
735 4713 1063 4784 ἀποκρίθητι
1099 4711 1177 4781 τῷ
1204 4711 1450 4782 πλησίον.

532 4805 755 4872 Τέκνον,
778 4805 837 4860 ὲν
868 4805 1143 4876 πραΰτητι
1164 4804 1263 4874 τὴν
1282 4804 1462 4876 ψυχήν
1491 4822 1584 4860 σου
1611 4804 1841 4874 δίδαξον.

538 4984 724 5049 Ῥίζας
784 4982 957 5038 ἐθνῶν
1014 4981 1261 5036 καθεῖλεν
1307 4982 1336 5034 ὁ
1365 4978 1587 5051 Κύριος,
1619 4979 1715 5032 καὶ
1752 4979 2016 5050 ἐφύτευσε

463 5080 656 5150 πραεῖς
685 5079 800 5132 ἀντ’
826 5076 1028 5130 αὐτῶν.

535 5168 813 5240 Μακάριοι
868 5167 917 5220 οἱ
953 5167 1168 5236 πραεῖς,
1218 5165 1300 5220 ὅτι
1352 5164 1504 5220 αὐτοὶ
1549 5163 2017 5234 κληρονομήσουσι

468 5259 558 5328 τὴν
587 5259 712 5327 γῆν.
916 5252 925 5260 ’

536 5350 738 5417 Ἀρατε
779 5347 872 5401 τὸν
901 5347 1061 5416 ζυγόν
1095 5365 1197 5418 μου
1229 5348 1314 5414 ἐφ’
1341 5346 1506 5416 ὑμᾶς,
1555 5344 1650 5398 καὶ
1685 5345 1885 5411 μάθετε
1920 5345 2015 5398 ἀπ’

465 5438 596 5508 ἐμοῦ
627 5440 708 5491 ὅτι
761 5439 934 5509 πρᾶός
986 5439 1102 5508 εἰμι
1145 5438 1238 5490 καὶ
1284 5437 1537 5498 ταπεινὸς
1560 5437 1628 5506 τῇ
1673 5435 1890 5506 καρδίᾳ,
1921 5437 2014 5491 καὶ

465 5529 724 5598 εὑρήσετε
750 5529 1061 5584 ἀνάπαυσιν
1081 5531 1200 5592 ταῖς
1234 5527 1433 5597 ψυχαῖς
1464 5527 1640 5596 ὑμῶν.

517 5623 606 5676 ιὈ
631 5618 788 5692 λόγος
842 5623 994 5694 ὑμῶν
1019 5622 1252 5676 πάντοτε
1299 5623 1357 5676 ὲν
1402 5619 1610 5690 χάριτι,
1641 5619 1800 5674 ἅλατι
1847 5620 2016 5691 ἠρτυ-

464 5715 646 5786 μένος,
672 5715 870 5778 ,είδέναι
917 5712 1034 5778 πῶς
1063 5713 1143 5769 δεῖ
1173 5714 1317 5784 ὑμᾶς
1346 5713 1430 5767 ἑνὶ
1456 5711 1673 5782 ἑκάστῳ
1718 5711 2008 5787 ἀποκρίνε-

464 5809 611 5870 σθαι.

2125 585 2236 631 ctat
2263 578 2389 634 dum
2424 581 2702 639 beneﬂciis
2741 601 2842 642 nos
2891 589 3075 654 allicit,
3123 604 3312 644 verum
3359 589 3521 643 etiam
3565 588 3718 640 dum

2125 671 2301 738 punit.
2338 671 2551 729 Etenim
2611 678 3114 736 animadversiones
3177 681 3294 751 ejus
3339 688 3391 733 et
3433 678 3697 748 supplicia

2134 760 2384 818 beneﬁcii
2417 775 2542 821 sunt
2563 781 2688 836 pars
2711 772 2968 836 maxima,
2999 772 3216 841 quando
3237 782 3290 826 et
3320 771 3564 826 medicus
3589 785 3694 824 non

2129 855 2305 909 solum
2341 870 2464 910 cum
2500 857 2554 912 in
2580 857 2770 914 hortos
2803 870 2858 915 et
2891 871 3045 932 prata
3075 864 3259 917 educit
3289 871 3574 933 aegrotum,
3603 872 3700 915 aut

2127 944 2181 999 in
2219 945 2442 1002 balneas
2467 957 2520 1002 et
2549 963 2816 1020 aquarum
2862 952 3121 1020 piscinas,
3173 954 3264 1006 sed
3312 953 3475 1006 etiam
3508 966 3631 1007 cum
3667 966 3699 1006 a

2128 1038 2253 1092 cibo
2279 1040 2554 1097 abstinere
2582 1045 2755 1112 jubet,
2787 1061 2910 1100 cum
2953 1058 3127 1111 secat,
3163 1061 3288 1100 cum
3323 1061 3510 1099 amara
3545 1045 3699 1098 adhi-

2130 1129 2218 1184 bet
2246 1133 2664 1198 medicamenta,
2701 1144 2816 1189 tum
2856 1151 3074 1206 quoque
3121 1150 3274 1204 atque
3319 1144 3402 1190 est
3431 1134 3696 1198 medicus,

2125 1240 2392 1294 suamque
2423 1228 2598 1298 magis
2637 1227 2875 1282 declarat
2906 1228 3318 1281 humanitatem.

2198 1313 2355 1384 Greg.
2395 1315 2562 1386 Nysa.
2593 1315 2694 1383 Qui
2725 1327 2920 1371 natura
2966 1319 3141 1373 bonus
3178 1325 3304 1381 est,
3351 1315 3492 1370 idem
3522 1323 3577 1369 et
3602 1315 3700 1369 bo-

2125 1417 2320 1458 norum
2348 1405 2574 1475 largitor
2597 1407 2824 1460 omnino
2855 1416 2961 1462 est.

2200 1497 2484 1566 Proprium
2521 1497 2791 1553 bonorum
2828 1500 3071 1554 omnium
3121 1508 3205 1554 est
3254 1498 3512 1568 prodesse
3553 1498 3696 1556 aliis.

2198 1588 2316 1646 Non
2345 1600 2457 1646 tam
2507 1593 2694 1660 verba,
2724 1594 2904 1664 [quam
2957 1595 3083 1649 boni
3133 1609 3315 1649 mores
3366 1594 3698 1664 persuadere

2043 1728 2045 1730 .
2128 1693 2380 1752 possunt.

2200 1773 2495 1845 Posidippi.
2527 1775 2767 1841 Quorum
2794 1791 2977 1831 mores
3007 1785 3134 1830 sunt
3163 1775 3449 1842 moderati,
3475 1791 3698 1833 eorum-

2121 1866 2244 1921 dem
2276 1876 2389 1922 tota
2415 1868 2523 1922 vita
2551 1869 2688 1923 bene
2710 1870 3015 1938 composita
3048 1878 3150 1923 est.

2218 1959 2349 2014 Arte
2372 1961 2573 2015 multos
2599 1960 2730 2013 mihi
2765 1960 3076 2021 familiares,

2220 2049 2463 2105 Moribus
2495 2062 2674 2106 autent
2705 2052 2972 2120 plurimos
3012 2053 3220 2108 amicos
3249 2052 3588 2123 comparavi.

2192 2139 2578 2196 Themistoclis.
2619 2141 3017 2197 Themistocles
3055 2143 3317 2212 praedium
3353 2144 3692 2198 venditurus!

2111 2230 2279 2300 jussit
2306 2233 2571 2301 praaconis
2603 2245 2738 2286 voce
2775 2233 3125 2304 promulgari,
3173 2234 3340 2288 etiam
3378 2234 3578 2290 bonum
3612 2235 3694 2290 vi-

2116 2319 2297 2372 cinum
2330 2319 2381 2373 id
2421 2320 2640 2373 habere.

2418 2410 2651 2468 SERMO
2690 2412 2953 2467 LXXXIV
2994 2412 3094 2484 [αι.
3137 2414 3393 2488 XCVIII].

2490 2504 2568 2558 De
2597 2505 2874 2560 clementia
2905 2515 2954 2559 et
2985 2508 3319 2562 verecundia.

2191 2599 2350 2653 Leuit.
2384 2595 2649 2652 Verentes
2675 2606 2728 2651 et
2757 2605 3064 2652 metuentes
3096 2595 3260 2653 facite
3281 2597 3423 2652 ﬁlios
3452 2597 3692 2657 lsraelis.

2190 2689 2355 2743 Num.
2391 2705 2488 2744 xu.
2526 2688 2706 2743 Moses
2748 2696 3072 2743 mansuetus
3103 2702 3267 2758 supra
3295 2702 3484 2743 omnes
3514 2689 3695 2745 homi-

2117 2800 2216 2840 nes
2241 2783 2335 2854 qui
2365 2793 2495 2838 sunt
2522 2783 2575 2836 in
2613 2782 2792 2837 terris.

2187 2876 2337 2930 Psal.
2375 2890 2524 2929 xxiv.
2566 2874 2800 2931 Deducet
2846 2884 2902 2929 et
2935 2881 3254 2930 mansuetos
3297 2873 3352 2930 in
3375 2873 3610 2945 judicio,
3636 2884 3696 2931 et

2117 2971 2332 3027 docebit
2371 2971 2663 3024 clementes
2693 2970 2811 3023 vias
2842 2983 2996 3024 suas.

2189 3063 2346 3118 Miles
2384 3073 2564 3116 autem
2614 3042 3012 3115 haereditabunt
3060 3069 3296 3124 terram,
3350 3059 3506 3131 24],
3539 3068 3595 3117 et
3636 3060 3694 3118 in

2045 3167 2090 3230 ρ
2123 3169 2334 3210 summa
2360 3169 2494 3224 pace
2522 3154 2685 3208 vitam
2712 3163 2872 3224 agent
2901 3169 3022 3207 cum
3058 3153 3355 3222 voluptate.

2196 3248 2481 3316 Excipieus
2511 3249 2806 3304 clementes
2847 3246 3108 3302 Dominus
3162 3245 3404 3309 extollet,
3435 3253 3490 3299 et
3516 3247 3668 3301 salu-

2123 3349 2228 3395 tem
2259 3339 2425 3394 dabit.
2521 3335 2527 3339 ’

2199 3431 2295 3486 Vir
2323 3434 2425 3487 leni
2455 3431 2712 3502 praeditus
2746 3431 2927 3486 animo
2951 3431 3098 3486 celer
3125 3440 3210 3486 est
3243 3432 3502 3486 medicus.

2203 3523 2364 3578 Prov.
2396 3540 2506 3580 xvt.
2539 3522 2771 3578 Prmstat
2805 3523 2909 3577 leni
2939 3539 3060 3578 esse
3090 3523 3273 3578 animo
3305 3540 3426 3609 cum
3460 3521 3684 3577 humili-

2122 3625 2250 3678 tate,
2289 3615 2728 3685 quam'dividere
2748 3615 2920 3683 spolia
2953 3629 3074 3669 cum
3102 3616 3455 3682 contumelia.

2196 3706 2391 3760 Beatus
2418 3705 2511 3774 qui
2559 3705 2856 3774 prudenter
2887 3704 3068 3757 omnia
3099 3703 3293 3760 timet:
3325 3704 3462 3758 duro
3492 3711 3678 3759 autem

2120 3799 2285 3854 corde
2315 3799 2570 3866 pneditus
2605 3797 2804 3851 incidet
2829 3798 2884 3852 in
2916 3797 3078 3850 mala.

2194 3887 2352 3944 Prov.
2378 3904 2470 3943 xv.
2499 3887 2800 3959 Responsio
2828 3887 3097 3944 submissa
3123 3886 3255 3940 iram
3289 3884 3506 3940 avertit.

2189 3981 2292 4047 Qui
2345 3991 2495 4035 cavet
2543 3994 2653 4050 quo
2705 3979 2885 4034 minus
2931 3976 3152 4033 verbum
3205 3976 3416 4032 emittat
3461 3975 3680 4039 durum,

2121 4075 2360 4145 prudens
2384 4081 2488 4126 est.

2201 4165 2318 4218 laet
2340 4174 2393 4220 et
2417 4163 2572 4218 Prov.
2603 4179 2730 4219 xxv.
2761 4160 2935 4218 Mollis
2961 4164 3140 4218 oratio
3180 4160 3478 4232 confringit
3510 4175 3634 4218 ossa
3662 4178 3678 4227 ;

2120 4259 2267 4314 mitis
2293 4268 2408 4312 esto
2437 4266 2722 4326 pugnator.

2196 4338 2364 4401 Eccli.
2403 4346 2526 4409 Fili,
2558 4347 2611 4401 in
2641 4346 2860 4400 leuitate
2889 4345 2973 4399 l'ac
2993 4359 3157 4415 opera
3183 4352 3276 4400 tua
3317 4343 3590 4414 perlicias,
3620 4352 3678 4400 et

2120 4440 2188 4495 ab
2224 4439 2443 4493 homine
2470 4448 2717 4506 spectato
2743 4437 3007 4504 diliget-is.

2051 4499 2097 4555 θ
2195 4531 2323 4586 Esto
2350 4532 2484 4585 lenis
2505 4499 2564 4582 in
2593 4499 2965 4598 responsione,
2990 4536 3048 4581 ut
3071 4526 3362 4596 intelligas.

2185 4623 2319 4678 Cum
2369 4621 2629 4690 sapientia
2667 4621 2731 4673 da
2785 4633 3126 4689 responsum.
3181 4619 3236 4674 Si
3269 4619 3679 4689 intelligentiam

2117 4712 2307 4774 habes,
2355 4710 2618 4778 responde
2648 4709 2912 4780 proximo.

2185 4802 2347 4858 Eccli.
2377 4820 2431 4860 x.
2457 4803 2582 4868 Fili,
2604 4803 2660 4858 in
2690 4802 2908 4858 lenitate
2924 4803 3163 4858 animum
3186 4811 3337 4857 tuum
3360 4805 3682 4856 monstrato.

2119 4896 2316 4967 (Alias,
2340 4895 2580 4959 δόξασον,
2605 4894 2656 4947 id
2687 4904 2770 4948 est
2790 4895 3076 4965 glori/ica.)

2186 4984 2326 5040 Ibid.
2351 4985 2580 5040 Radices
2596 4987 2837 5056 gentium
2865 4985 3101 5040 detraxit
3125 4982 3408 5050 Dominus,
3438 4992 3492 5039 et
3524 4985 3578 5039 in
3599 4985 3683 5040 lo-

2116 5087 2237 5130 cum
2263 5073 2475 5126 illarum
2504 5074 2764 5141 plantavit
2792 5080 3127 5128 mansuetos.
3219 5073 3224 5079 ’

2196 5165 2382 5220 Matth.
2416 5179 2468 5219 v.
2517 5164 2665 5220 Beati
2713 5167 3026 5232 clementes,
3078 5163 3336 5237 quoniam
3385 5166 3486 5236 ipsi
3518 5173 3678 5220 terrae
3748 5195 3754 5202 ι

2115 5256 2485 5311 baereditatem
2529 5255 2764 5324 capient.

2189 5347 2382 5404 Matth.
2421 5364 2495 5402 χι.
2553 5348 2795 5418 Accipite
2840 5346 3028 5418 iugum
3059 5361 3237 5400 meum
3273 5360 3436 5412 super
3464 5360 3583 5412 vos,
3611 5361 3674 5402 ac

2111 5457 2177 5496 ex
2214 5458 2298 5496 me
2332 5440 2542 5502 discite,
2574 5441 2826 5507 quoniam
2853 5440 2998 5493 mitis
3018 5453 3138 5492 sum
3166 5447 3220 5491 et
3242 5438 3461 5493 humilis
3487 5438 3670 5506 corde,

2111 5542 2166 5587 et
2199 5531 2394 5585 animis
2419 5531 2613 5586 vestris
2645 5531 2944 5600 requietem
2972 5529 3273 5583 invenietis.

2182 5620 2385 5677 (Σοιοεε.
2433 5639 2504 5677 ιν.
2552 5623 2745 5678 Sermo
2795 5629 2974 5677 vester
3005 5634 3219 5688 semper
3259 5619 3312 5674 in
3345 5623 3669 5690 gratia,sale

2112 5713 2384 5775 conditus,
2429 5722 2487 5766 ut
2518 5711 2974 5780 quemadmodum
3012 5711 3305 5781 unicuique
3337 5715 3668 5785 respondere

2111 5805 2380 5868 convenit,
2405 5802 2612 5858 sciatis.
