4062 6222
384 346 520 414 1205

1149 347 1317 408 LOCI
1345 347 1782 414 COMMUNES.
1802 372 1870 382 —
1893 347 2085 408 PARS
2111 348 2195 408 Il.
2236 346 2490 408 SERMO
2523 347 2841 408 LXXXVI.
2875 384 2883 389 ο

3478 343 3622 408 1Ξοίῖ

451 465 560 520 Καὶ
585 458 653 534 ἦν
688 461 926 533 Ἐφραϊμ
957 459 1032 522 ὡς
1065 458 1360 528 περιστερὰ
1392 459 1578 522 ἄνους,
1611 458 1686 532 μὴ
1731 459 1968 531 Ξχουσαι

2106 457 2238 514 Osee
2290 474 2392 517 vn.
2425 459 2489 514 Et
2517 469 2634 516 erat
2663 442 2916 530 prraim
2947 455 3096 520 velut
3127 454 3378 514 columba
3409 459 3612 516 stolida

382 558 629 624 καρδίαν.

451 643 668 698 Γίνεσθε
704 645 956 716 φρόνιμοι
995 645 1074 709 ὡς
1107 647 1159 700 oi
1208 643 1382 715 ὄφεις,
1441 642 1534 696 καὶ
1571 642 1828 711 ἀκέραιοι
1859 641 1936 703 ὡς

383 737 437 790 αί
467 737 806 808 περιστεραί.
1439 759 1462 778 ο

461 827 522 880 '0
557 827 744 898 λύχνος
787 827 882 883 τοῦ
913 827 1160 898 σώματός
1206 826 1355 880 ἐστιν
1388 825 1418 879 ό
1464 823 1770 897 ὀφθαλμός.
1813 822 1940 878 Ἐὰν

382 915 475 973 οὖν
503 921 532 973 ὁ
581 919 856 989 ὀφθαλμός
887 937 980 976 σου
1016 916 1218 984 ἁπλοῦς
1271 913 1329 992 ᾗ,
1377 915 1498 972 ὅλον
1529 915 1594 970 τὸ
1644 915 1803 985 σῶμά
1844 930 1940 969 σου

382 1010 638 1079 φωτεινόν
665 1009 837 1066 ἔσται.

444 1102 646 1166 Διττῶς
672 1103 898 1173 νοοῦμεν
926 1102 1023 1173 τὴν
1047 1103 1284 1158 ἀκακίαν
1301 1119 1316 1133 ·
1345 1103 1380 1174 ἢ
1411 1101 1519 1172 γὰρ
1547 1101 1689 1156 κατὰ
1706 1101 1806 1172 τὴν
1833 1101 1942 1154 ἀπὸ

380 1193 475 1262 τῆς
501 1193 774 1264 ἁμαρτίας
827 1194 1174 1264 ἀλλοτρίωσιν
1201 1193 1448 1266 λογισμῷ
1477 1191 1940 1263 κατορθουμένην,

380 1284 472 1337 καὶ
493 1284 579 1338 διὰ
616 1288 832 1355 μακρᾶς
867 1287 1143 1358 προσοχῆς
1195 1288 1288 1341 καὶ
1316 1287 1548 1355 μελέτης
1574 1285 1684 1339 τῶν
1721 1284 1943 1354 ἀγαθῶν

379 1372 539 1426 οἱονεὶ
567 1373 663 1444 τὴν
715 1375 871 1444 ῥίζαν
927 1379 1025 1446 τῆς
1065 1375 1264 1443 κακίας
1315 1377 1677 1446 ἐκτεμόντεςο
1716 1375 1750 1445 ἢ
1803 1374 1946 1428 κατὰ

382 1464 635 1537 στέρησιν
667 1468 836 1538 αὐτῆς
887 1467 1148 1537 παντελῆ,
1177 1469 1275 1539 τὴν
1303 1469 1398 1523 τοῦ
1434 1470 1644 1524 ἀκάκου
1673 1485 1946 1540 προσηγο-

381 1555 506 1625 ρίαν
533 1554 816 1626 δεχόμεθα.
853 1558 957 1610 Καὶ
981 1559 1142 1613 πάλιν
1181 1558 1384 1612 ἀκακία
1411 1559 1560 1612 ἐστὶν
1591 1559 1624 1628 ή
1657 1561 1824 1629 μήπω
1851 1557 1945 1612 τοῦ

381 1647 551 1701 κακοῦ
589 1650 872 1720 ἐμπειρία,
906 1651 992 1704 διὰ
1037 1651 1265 1720 νεότητα
1295 1651 1618 1721 πολλάκιςῆ
1651 1649 1769 1719 βίου
1804 1650 1948 1714 τινὸς

373 1741 745 1810 ἐπιτήδευσιν,
779 1743 1020 1814 ἀπείρως
1056 1742 1221 1798 τινῶν
1250 1743 1388 1813 πρός
1415 1759 1568 1808 τινας
1601 1745 1803 1807 κακίας
1832 1743 1948 1796 δια-

2044 559 2100 604 et
2134 565 2328 604 carens
2367 552 2546 606 corde.

2123 639 2318 698 Matth.
2342 657 2406 721 'x.
2458 643 2645 698 Estote
2697 644 2990 714 prudentes
3026 643 3174 702 sicut
3223 649 3530 713 serpentes,
3560 651 3617 696 et

2043 733 2322 803 simplices
2349 743 2408 789 ut
2442 736 2726 790 columbae.

2119 826 2308 880 Matth.
2368 844 2443 882 vi.
2489 826 2736 884 Lucerna
2769 828 3020 898 corporis
3073 829 3148 884 tui
3181 837 3264 884 est
3312 827 3528 884 oculus.
3558 827 3614 881 Si

2046 918 2212 991 igitur
2267 919 2462 975 oculus
2494 929 2622 976 tuus
2671 920 2899 990 simplex
2956 921 3140 987 fuerit,
3179 929 3355 982 totum
3412 935 3615 990 corpus

2046 1022 2200 1070 tuum
2232 1013 2468 1067 lucidum
2497 1014 2624 1068 erit.

2115 1103 2176 1161 S.
2227 1104 2441 1160 Basilii.
2472 1104 2768 1174 Dupliciter
2803 1104 3169 1160 innocentiam
3229 1104 3618 1174 intelligimus;

2046 1205 2142 1251 aut
2187 1196 2332 1250 enim
2367 1196 2436 1251 ab
2467 1195 2793 1251 alienatione
2841 1210 2870 1250 a
2913 1205 3135 1264 peccato
3160 1236 3175 1257 .
3225 1211 3350 1265 qua:
3403 1195 3619 1248 ratione

2048 1289 2325 1360 dirigitur,
2363 1303 2428 1343 ac
2459 1304 2554 1357 per
2605 1289 2816 1358 longam
2876 1288 3233 1342 attentionem
3273 1297 3328 1346 et
3356 1285 3621 1342 exercita-

2049 1379 2252 1435 tionem
2284 1380 2550 1435 bonorum
2584 1381 2741 1450 quasi
2776 1381 2955 1436 radice
2989 1380 3246 1434 vitiorum
3272 1378 3494 1444 excisa;
3526 1385 3623 1430 aut

2049 1486 2115 1528 ex
2141 1473 2452 1529 omnimoda
2481 1473 2698 1529 malitia:
2734 1473 3042 1543 privatione
3090 1471 3353 1537 simplicis
3381 1481 3434 1526 et
3459 1473 3619 1524 inno-

2051 1563 2226 1618 conisis
2260 1562 2681 1632 appellationem
2733 1563 3049 1632 accipimus.
3084 1561 3152 1616 Et
3194 1574 3404 1622 rursus,
3462 1558 3624 1613 inno-

2052 1652 2235 1708 centia
2266 1659 2349 1706 est
2371 1666 2437 1707 ea
2462 1667 2582 1722 quae
2609 1651 2735 1706 mali
2759 1653 3006 1721 imperita
3025 1661 3132 1718 est,
3155 1660 3215 1705 ut
3238 1665 3379 1720 saepe
3403 1657 3624 1719 propter

2055 1751 2264 1798 aetatem
2289 1741 2604 1813 iuvenilem,
2635 1753 2729 1798 aut
2753 1753 2970 1812 propter
3000 1744 3122 1798 vita:
3152 1759 3324 1812 genus
3373 1743 3621 1798 nonnulli

382 1835 672 1902 κειμένων,
706 1829 818 1887 οἷον
859 1837 888 1888 ό
939 1836 1068 1898 παῖς
1089 1835 1188 1890 οὐκ
1233 1831 1377 1888 οἶδεν
1419 1835 1818 1906 ὑπερηφανίαν,
1848 1835 1949 1888 οὐκ

2073 1834 2285 1903 mperiti
2316 1833 2769 1904 suntaliquarum
2802 1834 3216 1902 improbitatum
3243 1844 3296 1888 et
3324 1833 3579 1900 vitiorum
3604 1849 3623 1893 ς

381 1921 491 1980 οἶδε
522 1925 670 1980 δόλον
710 1925 743 1996 ἢ
785 1927 1156 1996 ῥᾳδιουργίαν.
1193 1925 1336 1989 Τούς
1384 1926 1664 1989 τοιούτους
1709 1927 1954 1988 ἀκάκους

381 2015 634 2086 λέγομεν,
662 2017 760 2086 οὐχ
786 2017 862 2079 ὡς
887 2019 951 2071 ὲκ
989 2018 1362 2094 προαιρέσεως
1393 2017 1590 2080 κακίας
1615 2017 1957 2086 κεχωρισμέ-

383 2124 530 2172 νους,
580 2106 694 2160 ἀλλ’
718 2109 792 2170 ὡς
822 2108 988 2177 μήπω
1021 2110 1099 2170 είς
1129 2109 1328 2175 πεῖραν
1368 2108 1468 2180 τῆς
1498 2108 1742 2177 πονηρᾶς
1790 2106 1956 2171 ἕξεως

387 2201 743 2268 ἀφιγμένους.
777 2201 1184 2272 Χαρακτηρίζει
1215 2201 1310 2257 οὐν
1340 2200 1434 2256 τὸν
1477 2202 1685 2259 ἄκακον
1717 2202 1752 2272 ἠ
1786 2202 1956 2256 ἁπλό-

398 2309 497 2364 της
525 2292 620 2345 τοῦ
653 2292 876 2362 τρόπου.

462 2475 536 2529 Τὸ
569 2473 771 2528 ἁπλοῦν
794 2474 890 2528 καὶ
931 2473 1116 2527 ἄδολον
1148 2473 1242 2527 τοῦ
1275 2473 1440 2546 ﬂeam;
1495 2472 1735 2538 εὐκόλως
1769 2472 1962 2540 ἐξαγο-

395 2567 542 2639 ρεύει
567 2568 635 2622 τὰ
662 2568 949 2637 ἀπόρρητα
978 2567 1078 2636 τῆς
1107 2566 1313 2650 ψυχῆς.

483 2657 818 2725 Ἀφύλακτον
847 2659 882 2728 ἡ
933 2656 1189 2726 ἁπλότης,
1242 2657 1334 2710 καὶ
1365 2655 1566 2728 ἥκιστα
1608 2653 1808 2710 κακίαν
1835 2655 1966 2724 ὐφο-

401 2749 557 2819 prima
581 2747 642 2801 τὸ
667 2741 863 2810 κακίας
893 2747 1199 2817 ἐλεύθερον.

465 2839 640 2910 Βραδὺ
666 2839 801 2910 πρὸς
825 2839 1079 2894 ὑπόνοιαν
1110 2837 1280 2892 κακοῦ
1306 2839 1366 2893 τὸ
1389 2838 1525 2909 πρὸς
1545 2836 1749 2894 κακίαν
1778 2835 1965 2917 δυσκί-

400 2951 582 3003 νητον.
1255 2985 1259 2987 ,

472 3026 546 3078 Τὸ
577 3026 657 3090 είς
688 3025 885 3080 κακίαν
914 3028 1012 3098 οὐχ
1070 3024 1288 3094 ἕτοιμον
1316 3022 1437 3076 οὐδὲ
1472 3024 1554 3086 είς
1587 3021 1844 3076 ὑπόνοιαν
1877 3019 1969 3072 εὐ-

403 3115 584 3186 χερές.

403 3315 577 3368 τερον.

479 3391 884 3462 Χαρακτηρίζει
913 3391 1006 3445 τὸν
1037 3391 1242 3446 ἄκακον
1271 3391 1304 3462 ὴ
1338 3389 1579 3460 ἁπλότης
1601 3390 1696 3444 τοῦ
1730 3390 1911 3460 λόγου.

487 3481 554 3536 Ἦ
603 3483 840 3555 ἁπλότης
885 3483 1189 3554 τιμιωτέρα
1208 3483 1355 3554 παρὰ
1396 3482 1537 3552 Θεῷ.
1579 3481 1655 3537 Τὸ
1687 3481 1808 3552 γὰρ’
1837 3498 1972 3536 παν-

407 3575 625 3645 οῦργον,
683 3577 732 3628 εί
755 3576 849 3628 καὶ⁴
877 3574 1064 3628 δεκτόν
1095 3591 1224 3627 ποτε
1257 3576 1317 3628 ὲν
1343 3576 1457 3637 τοῖς
1491 3574 1630 3628 κατὰ
1652 3572 1784 3626 Θεὸν
1809 3588 1974 3625 σπου-

409 3667 702 3735 δάσμασιν,
733 3665 849 3721 ἀλλ’
871 3665 1122 3736 οὐδαμῶς
1145 3669 1226 3730 είς
1260 3666 1460 3736 ἀρετῆς
1495 3665 1723 3719 εὐωδίαν
1746 3662 1974 3718 καταλο-

411 3760 769 3830 γισθήσεται.⁸

989 3891 1206 3946 ΛΟΓΟΣ
1246 3888 1385 3956 nq'.

414 4030 555 4102 Περὶ
602 4031 973 4100 πανούργου,
1028 4029 1129 4082 καὶ
1164 4027 1409 4102 Δσβοαιίου,
1435 4025 1533 4079 καί
1577 4023 1836 4081 σκολιοῦ
1867 4025 1976 4078 τὸν

1068 4099 1314 4167 τρόπον,

499 4214 898 4284 Ἐξολοθρεύσει
926 4211 1131 4279 Κύριος
1161 4211 1342 4266 πάντα
1378 4212 1449 4266 τὰ
1495 4211 1653 4284 χείλη
1707 4210 1775 4265 τὰ
1803 4211 1974 4276 δόλια,

415 4310 666 4379 γλῶσσαν
697 4306 1008 4379 μεγαλοῤῥή
1020 4321 1172 4372 μονα.
1854 4385 1858 4390 ⁵

489 4403 563 4454 Τὸ
592 4401 765 4468 στόμα
802 4415 895 4452 σου
945 4395 1238 4449 ἐπλεόνασε
1276 4394 1500 4457 κακίας,
1545 4393 1637 4448 καὶ
1669 4395 1701 4464 ἡ
1757 4394 1980 4461 γλῶσσά

420 4513 514 4549 σου
546 4491 875 4562 περιέπλεκε
908 4488 1239 4556 δολιότητας.

495 4587 721 4650 Ἀνδρες
767 4584 1016 4654 αἱμάτων
1065 4581 1162 4633 καὶ
1208 4580 1513 4651 δολιότητος
1540 4579 1601 4634 οὐ
1641 4579 1718 4651 μὴ
1753 4579 1980 4651 ήμισεύ-

425 4695 560 4732 σωσι
587 4677 687 4739 τὰς
719 4674 936 4745 ἡμέρας
971 4672 1174 4725 αὐτῶν.

499 4765 687 4836 Κύριε,
719 4766 880 4835 eam
907 4763 1006 4832 τὴν
1057 4762 1238 4832 ψυχήν
1267 4779 1370 4831 μου
1397 4759 1505 4815 ἀπὸ
1533 4761 1755 4832 χειλέων
1784 4762 1987 4815 ἀδίκων

427 4859 523 4912 καὶ
551 4857 658 4912 ἀπὸ
681 4855 931 4925 γλώσσης
974 4855 1177 4914 δολίας.

497 4950 910 5018 Διεστραμμένη
941 4930 1140 5013 καρδία
1172 4943 1512 4998 τεκταίνεται
1548 4944 1726 4995 κακά’
1756 4944 1814 4994 ὲν
1844 4959 1987 4994 παν·
2061 4937 2082 4950 “

429 5045 485 5097 τὶ
520 5040 698 5110 καιρῷ
727 5043 754 5093 ό
782 5039 1021 5100 τοιοῦτος
1049 5035 1293 5106 ταραχὰς
1341 5033 1624 5102 συνίστησι
1673 5033 1825 5086 πόλει
1852 5047 1867 5061 ⁸
1901 5034 1989 5088 διὰ

427 5133 587 5188 τοῦτο
611 5131 868 5196 ἐξαπίνης
896 5130 1113 5199 ἔρχεται
1139 5129 1174 5199 ἡ
1205 5125 1451 5181 ἀπώλεια
1485 5123 1673 5192 αὐτοῦ,
1703 5125 1786 5177 ὄτι
1807 5124 1990 5206 ,χαίρει

430 5227 599 5278 πᾶσιν
623 5219 705 5285 οἷς
743 5223 892 5291 μισεῖ
913 5219 944 5272 6
972 5219 1126 5282 Θεός.

504 5318 666 5383 Λόγοι
691 5313 901 5366 ἁσεσῶν
931 5313 1116 5368 δόλιοι.

503 5405 688 5476 Ψυχαὶ
713 5403 935 5458 δικαίων
970 5402 1276 5455 πλανῶνται
1312 5394 1715 5469 ἐνηὰμαρτίαις.

514 5501 574 5553 '0
603 5497 815 5562 σκολιὸς
841 5495 935 5550 ἐπὶ
963 5497 1026 5548 τὸ
1053 5492 1252 5548 ἑαυτοῦ
1289 5492 1466 5563 στόμα
1506 5491 1663 5561 φορεῖ
1693 5489 1793 5560 τὴν
1845 5488 1994 5542 ἀπώ-

431 5592 602 5643 λειαν.

516 5674 681 5752 ’Ἀνὴρ
712 5678 921 5744 σκολιὸς
956 5677 1327 5746 διαπέμπεται
1358 5675 1531 5743 κακὰ,
1557 5672 1651 5728 καὶ
1677 5671 1993 5744 διαχωρίζει

435 5776 640 5847 φίλους.

478 3169 561 3260 ire.
574 3206 772 3270 κακίας
799 3203 1086 3279 ἐλεύθερον
1117 3205 1212 3261 καὶ
1246 3205 1549 3276 ὐφορᾶσοαι
1579 3205 1779 3261 κακίαν
1803 3205 1968 3278 ἁργό-
1993 3169 2036 3227 c

2060 1936 2119 1979 ιιι
2144 1941 2281 1996 puer
2301 1940 2412 1981 non
2437 1927 2588 1980 novit
2611 1925 2944 1994 superbiam,
2981 1940 3090 1980 non
3141 1925 3290 1979 novit
3317 1924 3503 1980 dolum
3531 1933 3624 1978 aut
3713 1984 3716 1988 ,

2058 2017 2375 2074 versutiam.
2404 2016 2562 2072 Tales
2613 2017 2890 2084 simplices
2946 2016 3149 2071 dicere'
3185 2016 3462 2079 solemus,
3517 2030 3625 2070 non

2059 2107 2204 2175 quod
2231 2122 2294 2161 ex
2319 2107 2569 2164 instituto
2597 2123 2627 2162 a
2675 2109 2821 2164 malo
2849 2115 2904 2164 et
2935 2107 3066 2162 vitio
3094 2108 3206 2162 sint
3231 2108 3495 2176 separati,
3529 2109 3624 2162 sed

2060 2199 2200 2269 quod
2257 2203 2496 2256 nondum
2551 2201 2826 2258 senserint
2880 2208 2976 2257 aut
3013 2200 3225 2269 experti
3258 2201 3368 2255 sint
3422 2199 3621 2254 malam

2061 2291 2225 2347 animi
2253 2290 2615 2349 atl‘ectionem.
2645 2292 2867 2350 Format
2917 2290 3081 2363 ω
3131 2291 3301 2363 igitur
3328 2291 3627 2362 simplicem

2064 2397 2274 2435 morum
2311 2383 2655 2452 simplicitas.

2137 2473 2464 2545 Simplicitas
2492 2485 2545 2532 et
2591 2491 2772 2532 mores
2807 2475 3031 2532 minime
3071 2476 3244 2532 dolosi
3274 2476 3432 2532 fat-ile
3461 2475 3633 2532 animi

2063 2577 2272 2623 secreta
2300 2582 2367 2622 en
2376 2569 2608 2622 untiant.

2138 2658 2406 2731 Tlteologi.
2473 2660 2695 2716 incauta
2755 2668 2838 2716 est
2902 2660 3264 2728 simplicitas,
3298 2658 3630 2729 minimeque

2066 2755 2192 2808 mali
2221 2753 2519 2824 quidquam
2551 2755 2884 2824 suspicatur,
2918 2755 3010 2824 qui
3043 2770 3074 2810 a
3110 2755 3251 2810 malo
3286 2755 3421 2810 liber
3441 2763 3552 2810 est.

2136 2846 2346 2902 Tardus
2376 2855 2462 2902 est.
2505 2847 2571 2900 ad
2602 2847 2728 2902 mali
2764 2847 3156 2918 suspicionem,
3201 2847 3294 2917 qui
3333 2845 3405 2902 ad
3427 2844 3631 2901 maiu-

2066 2953 2210 3008 δἐι-ε
2246 2936 2562 3008 impellitur.

2137 3029 2237 3096 Qui
2268 3031 2334 3084 ad
2366 3031 2568 3085 tnalnm
2601 3030 3007 3101 suscipiendum
3041 3040 3266 3101 paratus
3300 3045 3406 3085 non
3447 3038 3555 3097 est,
3585 3029 3634 3084 is

2068 3137 2138 3176 ne
2166 3121 2233 3177 ad
2262 3121 2388 3175 mali
2421 3121 2638 3191 quidem
2665 3120 3036 3191 suspicionem
3069 3121 3248 3177 facilis
3266 3130 3370 3177 est.

2147 3211 2209 3270 S.
2247 3211 2516 3283 Chrysa“.
2547 3211 2647 3281 Qui
2679 3229 2711 3269 a
2743 3213 2886 3269 malo
2937 3213 3072 3269 liber
3095 3224 3200 3286 est,
3234 3215 3280 3270 is
3313 3216 3381 3268 ad
3429 3214 3639 3268 malum.

2075 3305 2462 3373 suspicandum
2499 3305 2725 3359 tardior.

2147 3392 2425 3465 Orationis
2451 3395 2778 3464 simplicitas
2804 3395 3106 3467 simplicem
3129 3398 3393 3456 declarat.

2147 3484 2206 3540 S.
2235 3485 2442 3555 ϐυτ-ἰαί.
2472 3485 2687 3542 Maximi
2713 3497 2796 3543 est
2819 3489 2975 3557 pretii
3017 3491 3158 3559 apud
3187 3490 3352 3545 Deum
3376 3493 3640 3563 simplici-

2075 3589 2194 3642 tas;
2229 3593 2352 3632 nam
2388 3579 2488 3633 etsi
2519 3580 2757 3654 versutia
2803 3579 3088 3650 aliquoties
3131 3598 3240 3636 non
3266 3583 3510 3654 rejicitur
3563 3585 3622 3640 in

2077 3684 2257 3723 rerutn
2330 3669 2639 3722 divinarum
2671 3649 2688 3672 ⁶
2717 3649 2934 3735 studiis,
2978 3649 3398 3740 haudquaquam
3454 3685 3633 3731 tamen

2077 3761 2130 3816 in
2159 3759 2374 3816 virtutis
2394 3759 2758 3815 suaveolentis
2788 3774 3075 3815 numerum
3106 3772 3420 3832 reponetur.

2404 3891 2636 3949 δεεΜο
2698 3891 2961 3946 LXXXVI
3007 3893 3106 3965 [αι.
3139 3893 3328 3967 xm:-

2077 4030 2419 4095 Decernite,
2440 4037 2488 4082 et
2517 4029 2715 4096 doloso,
2751 4039 2796 4082 et
2825 4032 3080 4099 perversis
3115 4032 3343 4085 moribus
3391 4032 3639 4103 praedito.
3703 4016 3707 4026 I

2149 4211 2298 4268 Paul.
2339 4226 2415 4266 at.
2459 4211 3226 4282 DisperdetDominusomnia
3256 4175 3399 4268 labia
3449 4215 3635 4271 dolosa

2079 4313 2133 4359 et
2162 4305 2398 4374 linguam
2424 4303 2708 4371 magniﬁca
2739 4303 3068 4373 loquentem.

2150 4395 2224 4452 Os
2259 4406 2412 4450 tuum
2453 4397 2657 4450 malitia
2691 4397 3034 4462 redundavit,
3063 4403 3120 4450 et.
3153 4394 3335 4468 lingua
3369 4407 3459 4454 tua
3484 4383 3642 4456 dolos

2004 4500 2059 4561 ι)
2083 4487 2398 4543 connexuit.

2157 4580 2263 4633 Viri
2288 4579 2618 4648 sanguinarii
2649 4587 2704 4634 et
2733 4578 2908 4635 dolosi
2941 4580 3224 4636 dimidium
3272 4581 3398 4636 vitae
3425 4592 3640 4653 tempus

2087 4688 2193 4725 non
2222 4673 2546 4741 implebunt.

2156 4765 2374 4831 Libera,
2410 4765 2657 4833 Domine,
2684 4781 2713 4821 a
2747 4765 2905 4820 labiis
2939 4766 3142 4836 iniquis
3173 4765 3408 4819 animam
3449 4783 3648 4833 meam,

2089 4866 2142 4911 et
2171 4873 2200 4910 a
2229 4857 2405 4926 lingua
2436 4858 2646 4911 dolosa.

2159 4946 2480 5002 Salomonis.
2528 4947 2849 5004 Perversum
2898 4964 2993 5004 cor
3040 4946 3424 5002 architectatnr
3454 4948 3593 5003 mala
3627 4938 3684 5004 τ’

2090 5039 2146 5094 in
2197 5040 2342 5092 omni
2399 5049 2640 5108 tempore
2689 5041 2813 5094 talis
2877 5041 3066 5096 turbas
3133 5039 3366 5095 suscitat
3413 5041 3646 5108 civitati,

2091 5132 2444 5201 quamobrem
2473 5142 2696 5199 repente
2721 5131 2896 5185 aderit
2920 5130 3219 5185 internecio
3255 5131 3394 5202 ejus,
3427 5131 3571 5202 quod
3602 5131 3651 5186 is

2091 5222 2344 5279 omnibus
2368 5222 2663 5276 delertetur
2687 5239 2807 5292 qua:
2835 5224 2949 5276 odit
2983 5222 3146 5278 Dens.

2163 5311 2454 5365 Sermones
2491 5310 2780 5379 impiorum
2818 5311 3086 5368 insidiosi.

2163 5401 2344 5455 Animi
2370 5401 2638 5472 justorum
2663 5411 2848 5455 errant
2876 5401 2930 5454 in
2959 5401 3216 5470 peccatis.

2172 5493 2380 5548 Pravus
2407 5491 2464 5546 in
2486 5507 2581 5547 ore
2610 5508 2713 5546 suo
2737 5491 2841 5546 fert
2863 5492 3108 5546 exitium.

2171 5669 2266 5728 Vir
2297 5687 2495 5743 pravus
2530 5666 2767 5724 immittit
2795 5665 2955 5734 mala,
2977 5675 3031 5722 et
3061 5665 3322 5722 dissociat
3349 5665 3576 5722 anticus.
