4062 6222
481 335 618 402 1201

556 455 966 530 Pravigpravas
994 454 1112 512 vias
1133 454 1299 511 mittit
1325 453 1488 544 Deus.

547 637 840 694 Sermones
855 638 1216 704 {adulatorum
1246 639 1458 704 molles,
1487 639 1582 694 sed
1613 638 1836 696 intimas
1869 651 2050 709 partes

365 743 368 747 λ
476 727 699 785 feriunt.

547 822 830 877 Tortuosis
862 822 966 878 viis
983 823 1269 878 ambulans
1294 823 1681 893 implicabitur.

549 914 678 973 Luc.
707 931 818 970 xw.
864 916 984 972 Filii
1046 917 1210 988 hujus
1262 917 1446 973 saeculi
1482 916 1533 969 in
1571 931 1772 986 genere
1798 932 1901 973 suo
1925 918 2051 974 (iliis

475 1006 614 1063 lucis
644 1016 774 1062 sunt
812 1009 1217 1078 prudentiores.

542 1095 602 1154 8-.
634 1096 850 1152 Basilii.
881 1097 998 1152 Dno
1024 1098 1293 1169 signiﬁcat
1320 1098 1484 1151 astuti
1510 1097 1833 1152 vocabulum
1865 1103 1882 1150 1
1913 1095 2052 1150 alter

473 1192 620 1247 enim
652 1192 719 1246 ad
742 1192 1047 1247 nocendum
1083 1191 1212 1246 aliis
1250 1191 1471 1244 solertia
1503 1189 1708 1260 ingenii
1755 1197 1916 1244 utens
1947 1190 2050 1243 im-

474 1285 676 1355 probus
730 1294 815 1340 est
865 1303 878 1340 :
905 1284 1040 1339 alter
1071 1283 1229 1337 laude
1261 1284 1480 1351 dignus,
1531 1285 1620 1353 qui
1651 1291 1812 1338 acute
1838 1292 1894 1338 et
1922 1298 2050 1349 pru-

473 1378 668 1432 denter
696 1377 800 1431 sibi
831 1379 1296 1430 accommodatum
1331 1377 1531 1429 bonum
1587 1377 1810 1445 reperit,
1861 1374 2048 1429 dolosa

475 1481 654 1525 autem
693 1481 748 1525 et
775 1469 1032 1524 insidiosa
1080 1469 1425 1523 incommoda
1457 1479 1508 1523 et
1566 1468 1893 1523 detrimenta
1927 1483 2049 1538 quae

473 1565 542 1619 ab
574 1564 692 1620 aliis
741 1563 1060 1626 aﬂ'eruntur,
1116 1562 1370 1617 declinat.
1421 1560 1663 1618 Observa
1722 1562 1889 1633 igitur
1917 1561 2047 1616 dili-

473 1667 662 1724 genter
685 1657 896 1712 astutia:
922 1655 1274 1716 vocabulum,
1305 1670 1367 1709 ac
1390 1655 1633 1709 medium
1664 1653 1954 1723 quemdam
1995 1653 2046 1707 id

476 1751 678 1805 habere
702 1750 940 1805 habitum
965 1749 1236 1819 intelligo;
1264 1764 1369 1818 qua
1394 1749 1489 1818 qui
1528 1763 1595 1802 ex
1634 1748 1889 1803 instituto
1913 1761 2045 1801 sano

1741 342 2063 404 ANTONII
2100 343 2452 406 MELISSIE

2082 464 2126 518 Α
2229 460 2372 528 Πρὸς
2399 477 2526 525 τους
2573 460 2820 524 σκολιοὺς
2869 459 3090 522 σκολιὰς
3135 457 3292 520 ὀδοὺς
3327 457 3651 512 ἀποστέλλει
3699 459 3733 512 ὀ

3591 337 3731 402 1203

2160 552 2314 616 Θεὸς.

2223 646 2388 713 Λόγοι
2419 649 2722 718 κερκὼπων
2753 645 3016 718 μαλακοί·
3049 639 3201 700 οὗτοι
3230 642 3290 697 δὶ
3319 641 3618 697 τύπτουσιν
3652 643 3740 704 είς

2152 739 2357 806 ταμεῖα
2383 739 2728 810 σπλάγχνων.

2235 831 2298 887 Ὀ
2331 832 2568 896 σκολιαῖς
2620 835 2763 896 ὁδοῖς
2797 831 3243 902 ἐμπορευόμενος
3293 827 3735 899 ἑμπλακήσεται.

2224 928 2289 980 Οί
2322 926 2428 979 υίοὶ
2455 924 2551 979 τοῦ
2573 927 2770 988 αίῶνος
2793 923 2987 977 τούτου
3014 920 3416 994 φρονιμώτεροι
3445 920 3586 990 ὑπὲρ
3607 921 3737 983 τοὺς

2154 1017 2304 1080 υἱοὺς
2329 1014 2424 1068 τοῦ
2461 1015 2638 1084 φωτὸς
2667 1015 2750 1077 είς
2773 1014 2872 1083 τὴν
2902 1015 3098 1082 γενεὰν
3136 1013 3318 1066 αὐτῶν
3352 1013 3519 1064 εἰσιν.

2224 1108 2330 1161 Δύο
2376 1108 2692 1176 σημαίνειὴ
2723 1106 2819 1159 τοῦ
2864 1107 3219 1173 πανούργου
3266 1101 3630 1176 προσηγορία.
3672 1102 3738 1156 Ὀ

2156 1201 2254 1271 μὲν
2291 1201 2400 1271 γὰρ
2432 1202 2523 1254 ἐπὶ
2559 1200 2732 1273 βλάϐῃ
2766 1200 2974 1270 ἐτέρων
3012 1203 3080 1270 τῇ
3108 1197 3322 1267 ἐπινοίᾳ
3358 1197 3731 1267 κεχρημένος,

2153 1295 2388 1364 πονηρός
2415 1309 2430 1323 ·
2462 1296 2489 1347 ὁ
2524 1294 2581 1346 δὲ
2607 1292 2894 1357 ἐπαινετὸς
2917 1291 3246 1363 πανοῦργος,
3277 1290 3442 1356 ὀξέως
3480 1287 3578 1342 καὶ
3608 1305 3739 1342 συν-

2151 1388 2286 1452 ετῶς
2316 1388 2378 1440 τὺ
2415 1389 2617 1441 οἰκεῖον
2645 1386 2853 1455 ἀγαθὸν
2881 1385 3240 1456 ἐξευρίσκων,
3274 1384 3369 1436 καὶ
3402 1383 3503 1444 τὰς
3538 1381 3737 1443 δολίως

2151 1479 2246 1531 καὶ
2269 1476 2570 1542 ἐπιϐούλως
2600 1477 2733 1547 παρ’
2767 1477 2972 1546 ἑτέρων
3003 1475 3210 1546 βλάϐας
3243 1473 3397 1544 αὐτῷ
3423 1490 3740 1543 σκευωρου-

2122 1617 2130 1623 .
2154 1575 2322 1642 μένας
2354 1572 2794 1643 ἀποδιδράσκων.
2823 1570 3070 1642 Πρόσεχε
3131 1565 3226 1623 οὖν
3252 1567 3498 1637 ἁκριόῶς
3530 1566 3610 1636 τῷ
3630 1567 3739 1635 τῆς

2151 1663 2492 1733 πανουργίας
2519 1663 2769 1733 ὀνόματι,
2794 1663 2887 1715 καὶ
2911 1662 3150 1730 γίνωσκε
3181 1660 3263 1713 ὅτι
3291 1659 3428 1729 μέση
3459 1658 3543 1719 τίς
3573 1659 3733 1709 ἐστιν

2151 1755 2301 1820 ἕξις·
2359 1755 2481 1809 καθ’
2530 1757 2598 1826 ἢν
2647 1757 2675 1808 ὁ
2738 1756 2836 1824 μὲν
2884 1755 2951 1806 ὲκ
2981 1751 3355 1821 προαιρέσεως
3400 1747 3590 1818 ὑγιοῦς
3635 1747 3734 1800 ἐπ’

475 1844 542 1898 ad
583 1842 866 1897 utilitatem
918 1841 1151 1911 proximi
1186 1840 1272 1895 sui
1325 1855 1455 1895 usus
1489 1839 1673 1904 fuerit,
1729 1837 2050 1909 probandus

2154 1849 2395 1923 ὠφελείᾳ
2420 1850 2529 1906 τῶν
2553 1820 2789 1920 ’πλησίον
2816 1849 2951 1920 αὐτῇ
2983 1848 3329 1920 κεχρημένος
3353 1845 3674 1906 ἀπόδεκτος.
3699 1843 3732 1894 ὁ

476 1947 603 1992 est:
650 1944 705 1989 at
731 1933 824 2003 qui
862 1933 1351 2010 adproximorum
1403 1931 1701 2001 perniciem
1739 1946 1860 1985 eam
1894 1945 2049 1985 exer-

478 2036 586 2087 cet,
647 2024 1113 2087 condemnandus,
1161 2021 1308 2092 quod
1339 2037 1402 2076 ea
1434 2030 1551 2077 arte
1577 2032 1842 2091 tanquam
1869 2020 2050 2090 perdi-

477 2119 644 2172 tionis
673 2114 836 2188 244
866 2115 1158 2170 occasione
1187 2123 1241 2169 et
1272 2114 1494 2168 materia
1533 2124 1740 2168 utatur.

549 2207 695 2278 Fuge
717 2210 1030 2261 varietatem
1062 2213 1116 2260 et
1166 2205 1619 2274 multiplicitatem
1646 2203 1846 2272 ingenii
1873 2243 1886 2256 .
1922 2202 2052 2258 Ser-

479 2317 614 2371 pens
648 2299 793 2354 enim
835 2297 1024 2354 varius
1061 2298 1132 2353 ob
1167 2297 1221 2353 id
1263 2297 1332 2353 ad
1379 2297 1712 2367 serpendum
1762 2299 2053 2353 damnatus

479 2402 585 2450 est.

559 2488 723 2543 Dolus
749 2499 831 2543 est
859 2487 1152 2544 curiositas
1179 2485 1378 2539 vitiosa
1413 2483 1479 2538 ad
1513 2482 1787 2553 parandas
1821 2481 2050 2538 insidias
2123 2508 2150 2564 χ

479 2591 705 2655 parata,
754 2596 878 2636 cum
918 2580 1042 2650 quis
1082 2577 1208 2633 boni
1245 2576 1448 2646 aliquid
1481 2591 1590 2645 pra:
1634 2590 1693 2630 se
1723 2575 1862 2641 fert,
1893 2576 2056 2648 idque

479 2674 636 2746 quasi
669 2687 851 2729 escam
899 2666 1188 2741 praetendit
1217 2674 1278 2722 ut
1308 2665 1535 2720 insidias
1565 2673 1765 2721 struat.

550 2851 774 2910 Occulta
795 2849 1002 2907 malitia
1030 2857 1113 2905 est
1133 2847 1495 2919 perniciosior
1535 2862 1700 2918 quam
1735 2857 1942 2919 aperta.

550 3034 818 3091 Philonis.
843 3032 1052 3099 Quibus
1082 3032 1226 3086 vires
1272 3028 1474 3085 desunt
1502 3027 1801 3098 tyrannicis
1827 3027 1982 3095 viris,
2019 3029 2053 3082 ii

481 3145 595 3186 rem
627 3139 749 3186 astu
792 3139 846 3183 et
875 3125 1088 3181 insidiis
1116 3125 1438 3180 moliuntur.

731 3263 964 3319 SERMO
1020 3259 1311 3317 Lxxxvn
1364 3259 1466 3332 [αι.
1509 3254 1805 3326 LXXXII].
1860 3218 1866 3228 ’

484 3400 562 3456 De
589 3415 723 3471 puro
752 3400 908 3453 corde
933 3409 980 3471 et
1011 3395 1439 3471 cogitationibus.
1472 3402 1524 3471 et
1555 3391 1620 3445 de
1655 3390 1721 3442 iis
1748 3390 1838 3460 qui
1868 3404 2060 3458 puram

961 3468 1153 3522 habent
1186 3467 1594 3522 conscientiam.

551 3585 654 3641 Job
714 3599 886 3640 xxv".
936 3582 1054 3638 Non
1092 3584 1387 3654 loquentur
1419 3584 1591 3648 labia
1651 3599 1769 3639 mea
1828 3583 1930 3654 legi
1968 3581 2064 3635 ad-

482 3693 669 3744 versa,
695 3693 798 3736 nec
834 3677 1020 3734 anima
1049 3678 1250 3749 iniusta
1283 3677 1672 3732 meditabitur.

554 3771 760 3829 Porum
799 3788 897 3829 cor
927 3787 1109 3827 meum
1148 3770 1354 3837 verbis,
1387 3780 1442 3827 et
1482 3772 1757 3843 sagacitas
1793 3769 2060 3826 labiorum

484 3883 731 3924 meorum
766 3882 902 3938 pura
938 3865 1226 3935 intelliget.
1992 3940 1995 3943 _

560 3961 710 4017 Psal.
744 3977 930 4018 xxxvr.
967 3959 1364 4016 Laudabuntur
1393 3974 1586 4015 omnes
1617 3956 1713 4028 qui
1744 3957 1911 4013 corde
1934 3962 2062 4010 sunt

483 4065 658 4110 1³0οε0.

555 4147 667 4202 Res
697 4146 938 4216 pretiosa
969 4145 1050 4199 vir
1081 4146 1311 4216 integer.

555 4237 716 4292 Prov.
768 4254 844 4294 Iv.
892 4236 1054 4293 Omni
1101 4236 1362 4292 cautione
1408 4252 1505 4293 cor
1559 4245 1779 4294 servato
1813 4256 1828 4293 :
1860 4254 1927 4296 ex
1958 4239 2065 4295 hoc

488 4331 636 4387 enim
674 4342 805 4386 sunt
836 4331 1024 4388 exitus
1057 4333 1206 4387 vitae.

557 4424 665 4480 Cor
698 4424 798 4480 viri
828 4439 984 4495 aequa
1014 4426 1235 4496 cogitet,
1273 4433 1334 4481 ut
1365 4439 1396 4480 a
1425 4423 1536 4478 Deo
1565 4438 1793 4494 gressus
1824 4422 1948 4494 ejus
1979 4422 2066 4479 di-

485 4518 764 4588 rigantur.

551 4610 926 4684 Cogita-tiones
958 4613 1229 4682 iustorum
1260 4613 1469 4684 judicia
1503 4623 1656 4670 sunt.

554 4703 628 4760 Ut
650 4705 911 4772 probatur
932 4716 1219 4774 argentum
1244 4715 1296 4762 et
1327 4723 1520 4764 aurum
1549 4707 1602 4760 in
1647 4703 1869 4760 fornace
1897 4702 2068 4772 ignis,

485 4799 566 4856 sic
596 4799 764 4854 corda
787 4799 960 4855 electa
991 4799 1136 4866 apud
1171 4800 1368 4855 Deum.

554 4892 998 4963 ﬂagitationibus
1035 4895 1152 4951 suis
1182 4893 1495 4963 implebitur
1527 4910 1612 4948 Vir
1644 4893 1860 4948 bonus.

557 5071 673 5128 Viae
702 5074 844 5143 vitae,
875 5075 1103 5132 consilia
1132 5076 1429 5148 sapientis.

559 5163 748 5238 Diligit
789 5165 1053 5220 Dominus
1082 5167 1251 5222 corda
1283 5167 1452 5239 pura,’
1473 5181 1538 5223 ac
1572 5165 1649 5223 illi
1682 5165 1893 5234 accepti
1943 5171 2069 5219 sunt

485 5272 700 5321 omnes,
738 5256 833 5327 qui
864 5256 999 5312 tales
1023 5269 1151 5311 sunt
1189 5267 1248 5312 ut
1283 5259 1607 5328 reprehendi
1647 5273 1754 5313 non
1785 5257 2016 5328 possint.

559 5350 730 5405 Eccli.
764 5365 828 5406 ιι.
880 5349 1111 5405 Ambula
1159 5349 1210 5403 in
1258 5348 1441 5406 cordis
1475 5351 1552 5404 tui
1599 5351 1688 5405 via
1720 5348 1841 5404 sine
1878 5361 2066 5416 repre-

489 5443 771 5508 hensione,
805 5450 860 5496 et
893 5442 1033 5498 scito
1066 5453 1118 5498 te
1145 5443 1198 5496 in
1236 5441 1497 5498 omnibus
1542 5443 1626 5497 his
1666 5441 1962 5496 adductum
1998 5438 2066 5493 iri

490 5553 520 5590 a
555 5538 782 5593 Domino
815 5538 868 5593 in
897 5538 1191 5606 judicium.

559 5628 737 5686 Eccli,
765 5649 989 5689 xxxvm.
1020 5634 1258 5691 Remove
1288 5635 1430 5690 iram
1463 5650 1495 5691 a
1523 5632 1690 5691 corde
1717 5639 1835 5694 tuo.
1865 5641 1923 5686 et
1952 5645 2066 5684 ma—

493 5719 663 5773 litiam
698 5725 901 5791 repelle
933 5741 963 5778 a
992 5741 1155 5781 carne
1183 5739 1297 5782 tua.

567 5809 766 5866 Beatos
789 5831 952 5884 quem
981 5833 1115 5875 suus
1150 5820 1365 5878 animus
1395 5837 1504 5878 non
1538 5819 1896 5878 condemnat.

2157 1941 2212 1996 δὲ
2258 1941 2352 1995 ἐπὶ
2395 1941 2568 2016 βλάϐῃ
2609 1943 2719 1997 τῶν
2762 1943 2936 2004 πέλας
2989 1940 3505 2012 μεταχειριζόμενος
3556 1935 3740 2006 αὐτὴν

2158 2033 2634 2102 κατεγνωσμένος,
2671 2032 2897 2104 ἀφορμῇ
2950 2030 3087 2102 πρὸς
3116 2029 3395 2086 ἀπώλειαν
3428 2027 3507 2098 τῷ
3536 2028 3740 2096 επιτηο

2157 2123 2248 2176 δεύ
2259 2142 2388 2194 ματι
2416 2122 2720 2194 χρώμενος.

2227 2217 2400 2286 Φεῦγε
2431 2216 2494 2269 τὸ
2546 2215 2888 2270 παντοδαπὸν
2936 2214 3034 2267 καὶ
3058 2210 3405 2266 πολλαπλοῦν
3461 2210 3556 2266 τοῦ
3607 2211 3741 2278 τρό-

2160 2324 2284 2361 που.
2331 2307 2389 2360 ’0
2415 2307 2537 2374 ὅτις
2575 2306 2820 2370 ποικίλος
2851 2306 2939 2359 διὰ
2965 2306 3121 2360 τοῦτο
3150 2305 3244 2358 καὶ
3284 2304 3478 2375 ἕρπειν
3520 2304 3739 2359 κατεδι-

2161 2400 2361 2470 κάσθη.

2229 2492 2390 2557 Δόλος
2419 2493 2534 2546 ἐστὶ
2568 2493 2632 2547 τὸ
2659 2494 2725 2547 ἐκ
2773 2492 2974 2556 κακίας
3013 2492 3152 2563 πρὸς
3183 2492 3476 2562 έπιῦουλὴν
3501 2492 3734 2563 περίερ-

2165 2601 2262 2652 γον
2285 2600 2300 2614 ·
2333 2585 2460 2637 ὅταν
2488 2601 2570 2647 τις
2598 2585 2805 2653 ἀγαθόν
2839 2601 2893 2636 τι
2919 2583 3427 2655 σχηματισάμενος,
3459 2585 3549 2635 καὶ
3577 2583 3739 2634 τοῦτο

2161 2675 2348 2746 ὥσπερ
2379 2675 2570 2744 δέλεάρ
2602 2693 2656 2728 τι
2689 2676 2934 2748 προθεὶς,
2961 2676 3049 2729 διὰ
3075 2673 3233 2729 τοῦτο
3273 2675 3343 2729 τὰ
3384 2674 3484 2746 τῆς
3511 2673 3734 2727 ἐπιδου-

2160 2769 2260 2839 λῆς
2287 2770 2724 2839 κατεργάσηται.

2231 2861 2584 2916 Λανθάνουσα
2615 2861 2858 2934 πονηρία
2897 2864 3001 2935 τῆς
3039 2851 3581 2934 προκεκηρυγμενης
3610 2859 3736 2930 βλα-

2162 2958 2464 3028 ϐερωτέρα.

2231 3045 2329 3112 Οἷς
2361 3051 2515 3120 ἰσχὺς
2553 3051 2614 3103 ού
2648 3051 2912 3120 πρόσεστι
2949 3049 3062 3103 τῶν
3109 3049 3210 3113 τὰς
3260 3048 3456 3118 φύσεις
3475 3056 3738 3118 ’τυραννι-

2164 3143 2295 3210 κῶν,
2320 3143 2680 3213 πανουργίαις
2707 3147 2805 3206 τὰς
2833 3143 3134 3208 ἐπιϐουλὰς
3165 3139 3554 3211 κατορθοῦσιν.

2761 3239 2981 3336 ΛΟέΟΣ
3029 3281 3149 3334 ﬂZ'.

2163 3425 2306 3494 Περὶ
2337 3423 2602 3492 καθαρᾶς
2649 3421 2920 3494 καρδίας,
2961 3421 3060 3475 καὶ
3094 3419 3235 3494 *τῶν
3271 3413 3605 3494 gloriamur,
3643 3412 3737 3468 και

2420 3491 2539 3548 τῶν
2575 3492 2863 3559 συνειδὸς
2889 3491 3155 3562 καθαρὸν
3181 3491 3470 3559 ἐχόντων.

2234 3609 2309 3664 υύ
2335 3609 2562 3681 λαλήσει
2588 3607 2659 3662 τὰ
2691 3607 2842 3679 χείλη
2875 3623 2979 3678 μου
3007 3606 3213 3678 ἄνομα,
3237 3603 3359 3658 οὐδὲ
3383 3605 3418 3672 ἡ
3453 3602 3602 3672 ψυχή
3639 3617 3739 3669 μου

2166 3704 2455 3774 μελετήσει
2495 3703 2679 3758 ἄδικα.
2924 3726 2927 3727 ν

2234 3795 2469 3867 Καθαρὰ
2509 3795 2709 3867 καρδία
2755 3813 2857 3867 μου
2895 3795 3131 3866 ῥήμασι,
3169 3792 3386 3857 σύνεσις
3424 3791 3484 3846 δὲ
3516 3786 3743 3860 χειλέων

2166 3907 2269 3961 μου
2299 3889 2517 3958 καθαρὰ
2546 3890 2756 3959 νοήσει.

2246 3983 2736 4054 Ἐπαινεθήσονται
2765 3983 2969 4046 πάντες
2999 3983 3048 4036 οἱ
3078 3983 3259 4047 εὐθεῖς
3283 3985 3350 4056 τῇ
3381 3984 3603 4057 καρδίᾳ.

2233 4164 2437 4235 κτῆμα
2467 4163 2652 4235 τίμιον
2683 4161 2824 4234 ἀνὴρ
2849 4163 3118 4233 καθαρός.

2236 4256 2393 4328 Πάσῃ
2423 4254 2638 4326 φυλακῇ
2679 4255 2838 4327 τήρει
2868 4253 2966 4324 τὴν
3009 4253 3266 4326 καρδίαν·
3297 4254 3365 4308 ὲκ
3397 4255 3507 4327 γὰρ
3537 4253 3747 4327 ταύτης

2165 4346 2335 4414 ἔξοδοι
2365 4349 2536 4419 ζωῆς.

2238 4440 2453 4511 Καρδὶα
2503 4441 2697 4511 ἀνδρὸς
2745 4441 3048 4509 λογιζέσθω
3081 4442 3288 4511 δίκαια,
3335 4444 3423 4498 ἶνα
3472 4443 3584 4497 ἀπὸ
3610 4440 3748 4498 Θεοῦ

2101 4547 2142 4603 υ
2169 4525 2439 4598 διορθωθῇ
2473 4528 2541 4581 τὰ
2566 4527 2887 4600 διαδήματα
2909 4531 3104 4588 αὑτοῦ.

2238 4621 2508 4691 Λογισμοὶ
2548 4623 2774 4676 δικαίων
2801 4623 3070 4692 κρίματα.

2242 4714 2456 4783 ’Ὠσπερ
2481 4713 2843 4785 δοκιμάζεται
2879 4719 2936 4769 έν
2965 4717 3186 4787 καμίνῳ
3219 4718 3458 4790 ἄργυρος
3484 4720 3586 4776 καὶ
3617 4739 3751 4795 χρυ-

2170 4805 2281 4868 σὸς,
2310 4802 2482 4858 οὕτως
2509 4804 2769 4859 ἑκλεκταὶ
2801 4805 3020 4871 καρδίαι
3051 4807 3204 4874 παρὰ
3229 4807 3371 4878 Θεῷ.

2252 4893 2387 4946 Ἀπὸ
2411 4892 2521 4946 τῶν
2559 4893 2945 4965 διανοημάτων
2976 4895 3142 4951 αὑτοῦ
3191 4897 3570 4968 πλησθήσεται
3605 4902 3747 4974 ἀνὴρ

2167 4983 2391 5053 ἀγαθός.

2250 5077 2397 5130 Ὀδοὶ
2432 5076 2578 5145 ζωῆς
2605 5067 2955 5147 διανοήματα
2988 5075 3182 5145 σοφοῦ.

2252 5171 2472 5241 Ἀγαπᾷ
2505 5169 2709 5239 Κύριος
2762 5169 2918 5234 ὁσίας
2963 5167 3217 5240 καρδίας·
3266 5169 3447 5224 δεκτοὶ
3492 5171 3553 5225 δὲ
3602 5172 3749 5242 αὑτῷ

2169 5263 2370 5326 πάντες
2395 5261 2640 5334 ἄμωμαι.
2813 5282 2824 5289 ’

2240 5355 2542 5424 Περιπάτει
2595 5355 2656 5406 ὲν
2711 5352 2854 5418 ὁδοῖς
2901 5353 3128 5425 καρδίας
3192 5372 3286 5408 σου
3341 5354 3598 5427 ἄμωμος,
3653 5355 3748 5411 καὶ

2169 5447 2342 5518 γνῶθι
2375 5447 2458 5500 ὅτι
2490 5449 2584 5500 ἐπὶ
2620 5448 2757 5501 πᾶσι
2800 5445 3014 5510 τούτοις
3041 5446 3162 5513 ἄξει
3193 5464 3252 5501 σε
3278 5450 3308 5502 ὁ
3337 5448 3470 5512 Θεὸς
3517 5451 3598 5514 εκ
3633 5449 3747 5521 κρε-

2171 5558 2278 5593 σιν.

2254 5633 2592 5701 Ἀπόστησον
2623 5631 2806 5702 θυμὸν,
2827 5633 2938 5687 ἀπὸ
2983 5635 3214 5707 καρδίας
3249 5652 3367 5706 σου,
3399 5636 3498 5690 καὶ
3531 5636 3746 5707 πάραγε

2174 5725 2444 5795 πονηρίαν
2474 5724 2583 5780 ἀπὸ
2617 5724 2820 5796 σαρκός
2851 5742 2972 5781 σου.

2243 5820 2554 5891 Μακάριος,
2581 5813 2641 5874 οὗ
2669 5819 2731 5874 οὐ
2761 5821 3013 5892 κατέγνω
3035 5825 3069 5895 ἡ
3095 5823 3244 5898 ψυχὴ
3277 5821 3466 5886 αὐτοῦ.
