4062 6222
418 314 553 378 1209

1110 316 1275 374 LOCI
1302 315 1735 377 COMMUNES.
1771 341 1842 354 --
1880 318 2070 379 PARS
2103 319 2180 381 II.
2223 316 2476 380 SERMO
2515 319 2906 384 LXXXVIII.

3494 319 3632 386 1210

488 430 762 502 Μακάριοι
809 431 862 486 οί
891 431 1126 503 καθαροὶ
1179 435 1248 504 τῇ
1278 433 1499 506 καρδίᾳ,
1550 435 1635 489 ότι
1670 437 1825 490 αὐτοὶ
1876 437 1970 492 τὸν

2137 435 2331 494 Matth.
2364 453 2415 492 v.
2470 437 2620 494 Beati
2669 455 2804 509 puro
2825 437 3012 504 corde,
3044 437 3171 508 quia
3212 437 3313 508 ipsi
3352 439 3518 494 Deum
3551 441 3630 493 vi-

417 525 548 578 Θεὸν
576 524 815 594 ὄψονται.

503 617 566 671 Ἦ
595 617 862 688 καύχησις
893 617 1050 688 ἡμῶν
1090 615 1228 688 αῦτη
1273 616 1412 683 ἐστὶ,
1455 617 1516 672 τὸ
1545 619 1845 691 μαρτύριον
1871 621 1974 690 τῆς

421 709 778 778 συνειδήσεως
806 708 983 779 ἡμῶν,
1028 709 1111 763 ὅτι
1140 709 1199 762 ἐν
1240 708 1490 780 ἁγιότητι
1529 711 1624 763 καὶ
1651 709 1973 784 είλικρινείᾳ

418 801 576 865 Θεοῦ,
606 801 705 855 οὐκ
752 804 811 855 ἐν
838 802 1001 870 σοφίᾳ
1044 801 1302 871 σαρκικῇ,
1347 799 1483 854 ἀλλὰ
1523 802 1583 855 ἐν
1622 803 1806 873 χάριτι
1835 805 1970 859 Θεοῦ

419 895 837 965 ἀνεστράφημεν
868 897 927 949 ἐν
959 893 1035 965 τῷ
1065 894 1278 964 κόσμῳ,
1313 894 1716 964 περισσοτέρως
1750 897 1807 952 δὲ
1835 898 1974 969 πρὸς

419 985 584 1054 ὕμᾶς.

502 1077 767 1142 Ἀδε)φοὶ,
808 1078 1175 1149 προσεύχεσθε
1227 1084 1357 1150 περὶ
1406 1083 1583 1153 ἡμῶν.
1627 1081 1973 1150 Πεποίθαμεν

419 1169 528 1235 γὰρ
559 1169 640 1222 ὅτι
686 1168 859 1239 καλὴν
896 1171 1203 1241 συνείδησιν
1251 1174 1469 1245 ἔχομεν,
1513 1174 1573 1229 ἐν
1604 1175 1740 1228 πᾶσι
1791 1170 1976 1239 καλῶς

417 1259 661 1324 θέλοντες
688 1261 1142 1333 ἀναστρέφεσθαι.

498 1351 626 1406 Ἐὰν
655 1354 689 1421 ἡ
716 1354 914 1423 καρδία
939 1354 1097 1424 ἡμῶν
1123 1355 1198 1427 μὴ
1222 1357 1603 1427 καταγινώσκῃ
1634 1355 1815 1427 ήμῶν,
1839 1357 1977 1429 ’παῤ⁸

421 1442 614 1511 ρησίαν
652 1443 846 1513 ἔχομεν
893 1445 1029 1516 πρὸς
1073 1445 1164 1499 τὸν
1190 1447 1343 1515 Θεὸν,
1387 1449 1478 1501 καὶ
1511 1447 1539 1502 δ
1570 1448 1667 1500 ἐὰν
1713 1447 1973 1512 αίτῶμεν,

418 1534 769 1604 λαμϐάνομεν
818 1535 951 1606 παρ’
1003 1537 1192 1603 αὐτοῦ,
1242 1539 1324 1592 ὅτι
1378 1538 1478 1605 τὰς
1533 1538 1756 1602 ἐντολὰς
1811 1538 1975 1593 αὐτοῦ

420 1624 718 1693 τηροῦμεν,
751 1627 846 1679 καὶ
885 1627 956 1680 τὰ
993 1628 1201 1698 ἀρεστὰ
1233 1627 1464 1682 ἐνώπιον
1497 1629 1659 1682 αὐτοῦ
1690 1629 1974 1698 ποιοῦμεν.

497 1717 718 1785 Πρῶτον
754 1719 1091 1788 μακαριστὸν
1120 1719 1181 1772 τὸ
1210 1720 1268 1773 ἐν
1298 1721 1363 1791 τῇ
1391 1719 1602 1792 διανοίᾳ
1631 1721 1788 1790 ἡμῶν
1809 1720 1976 1773 καθα-

2071 526 2298 584 debnnL

2142 619 2206 675 ιι
2237 621 2363 682 Cor.
2393 637 2435 677 ι.
2471 621 2733 677 Gloriatio
2761 631 2942 677 nostra
2973 622 3086 676 htec
3114 630 3218 686 est,
3256 621 3627 698 testimonium

2073 714 2417 772 conscientia:
2451 721 2673 776 nostrae,
2711 713 2853 779 quod
2882 715 2936 767 in
2972 715 3264 768 sanctitate
3290 723 3344 768 et
3396 713 3630 768 sinceri-

2072 817 2181 862 tate
2213 806 2331 872 Dei,
2367 805 2562 860 nonin
2605 804 2872 876 sapientia
2925 805 3151 868 carnali,
3205 806 3299 860 sed
3347 807 3400 860 in
3451 805 3625 874 gratia

2071 898 2168 954 Dei
2214 900 2267 954 in
2320 896 2523 953 mundo
2571 895 2771 952 versati
2822 911 3039 964 sumus,
3091 897 3189 953 sed
3242 899 3412 952 multo
3461 899 3633 968 magis

2071 991 2218 1061 apud
2250 1005 2370 1046 vos.

2145 1081 2385 1148 Fratres,
2418 1080 2719 1151 precamini
2769 1096 2870 1152 pro
2913 1082 3092 1138 nobis.
3134 1081 3466 1138 Conﬁdimus
3492 1083 3634 1136 enim

2074 1181 2171 1230 no’s
2197 1177 2390 1229 bonam
2424 1174 2817 1232 conscientiam
2843 1175 3064 1240 habere,
3087 1176 3140 1229 in
3174 1174 3426 1229 omnibus
3457 1175 3631 1228 bone-

2073 1274 2154 1321 ste
2189 1266 2400 1322 versari
2429 1266 2699 1322 volentes.

2142 1355 2304 1411 Joan.
2356 1356 2414 1413 Si
2445 1372 2542 1412 cor
2574 1366 2820 1412 nostrum
2867 1373 2975 1412 non
3021 1355 3351 1411 condemnat
3408 1374 3526 1424 nos,
3565 1360 3630 1413 ad

2075 1447 2243 1502 Deum
2296 1448 2467 1503 libere
2509 1449 2845 1516 accedimus,
2893 1461 2944 1504 et
2982 1451 3239 1522 quidquid
3277 1451 3531 1518 petimus,
3571 1453 3639 1506 ab

2075 1537 2166 1592 illo
2194 1538 2492 1608 accipimus
2519 1557 2534 1594 :
2560 1539 2689 1609 quia
2714 1551 2984 1610 praecepta
3010 1541 3132 1611 ejus
3160 1556 3462 1608 servamus,
3488 1558 3639 1611 quaa-

2077 1641 2182 1696 qne
2211 1626 2290 1681 illi
2324 1637 2478 1697 grata
2510 1638 2663 1694 sunt,
2692 1628 2950 1684 facimus.

2149 1719 2211 1774 S.
2251 1719 2461 1776 Basilii.
2493 1720 2733 1776 Primum
2769 1722 3254 1791 bealissimumque
3293 1731 3376 1777 est
3409 1722 3553 1792 quod
3584 1724 3636 1776 in

427 1782 766 1878 ρὸνξέπειδη
797 1782 923 1877 ῥίζα
965 1809 1074 1863 τῶν
1119 1811 1209 1864 διὰ
1261 1782 1362 1865 τοῦ
1401 1782 1974 1882 σώματος’-ἐνεργειῶν

2078 1809 2236 1880 245
2265 1814 2428 1866 corde
2459 1824 2645 1868 nostro
2674 1829 2866 1882 purum
2902 1831 2916 1868 :
2945 1815 3071 1882 quia
3112 1814 3262 1868 radix
3290 1823 3374 1869 est
3396 1815 3634 1868 omnium

420 1897 480 1950 τὸ
502 1898 560 1950 ἐν
585 1901 650 1968 τῇ
683 1899 880 1970 καρδίᾳ
909 1899 1208 1970 βούλευμα.

491 1986 747 2059 Καθαρὸς
795 1992 862 2060 τῇ
895 1991 1094 2062 καρδίᾳ
1140 1992 1288 2046 ἐστὶν
1344 1993 1372 2046 6
1430 1992 1506 2063 μὴ
1565 1992 1976 2065 λαμϐανόμενος

421 2080 615 2135 ἐαυτοῦ
648 2082 740 2135 ἐπὶ
769 2083 987 2155 ἐντολῆς
1014 2084 1148 2139 Θεοῦ
1180 2085 1462 2158 ἀθετήσει.

491 2173 605 2227 Οὐκ
648 2175 708 2226 ἐν
737 2178 956 2246 μικροῖς
984 2175 1047 2230 τὸ
1094 2177 1343 2244 εὐσεϐὲς,
1385 2179 1508 2234 οὐδὲ
1539 2182 1598 2234 ἐν
1629 2179 1709 2252 τῷ
1740 2182 1979 2250 κατηφεῖ

419 2264 479 2317 τὸ
511 2265 818 2335 φιλόσοφον,
846 2267 961 2322 ἀλλ’
983 2269 1042 2322 ἐν
1065 2268 1243 2340 ψυχῆς
1269 2273 1608 2344 στερρότητι,
1629 2273 1724 2325 καὶ
1742 2272 1979 2337 διανοίας

420 2355 781 2426 καθαρότητι,
818 2359 912 2412 καὶ
958 2359 1160 2431 γνησίᾳ
1186 2363 1252 2432 τῇ
1293 2362 1434 2431 πρὸς
1483 2361 1544 2416 τὸ
1572 2362 1737 2417 καλὸν
1770 2362 1975 2418 γεύσει.

492 2538 656 2591 Οὐδὲν
683 2536 853 2603 οὕτως
886 2541 1036 2610 ἡμᾶς
1064 2537 1375 2608 εὐφραίνειν
1405 2535 1617 2607 εῐωθεν,
1643 2539 1718 2604 ὡς
1743 2540 1981 2608 συνειδὸς

419 2629 662 2701 καθαρὸν
690 2631 785 2684 καὶ
814 2631 1028 2693 ἐλπίδες
1056 2629 1289 2698 ἀγαθαί.

493 2721 566 2776 Τὸ
596 2722 832 2786 συνειδὸς
884 2722 1258 2794 ἀγαλλόμενον
1310 2726 1753 2794 συγκαλλωπίζει
1801 2726 1980 2798 ἐαυτῷ

422 2814 517 2867 καὶ
563 2814 623 2866 τὸ
657 2813 970 2884 πρόσωπον,
1003 2815 1097 2867 καὶ
1157 2815 1312 2886 ἄρδει
1367 2818 1466 2880 τὰς
1499 2820 1734 2889 παρειὰς
1791 2819 1827 2890 ἡ
1879 2819 1981 2888 τῆς

423 2902 602 2972 ψυχῆς
649 2904 938 2973 εὐρωστία,
974 2906 1067 2957 καὶ
1116 2905 1212 2974 οὐχ
1242 2906 1427 2969 ἁπλῶς
1459 2906 1670 2978 εἴρηται
1698 2910 1776 2980 τῷ
1809 2911 1977 2982 σοφῷο

426 2993 664 3064 Καρδίας
695 2996 1126 3065 εὐφραινομὲνης
1151 2997 1440 3064 πρόσωπον
1469 2999 1672 3054 θάλλει.

2076 1899 2322 1966 corporis
2349 1901 2628 1954 actionum
2657 1901 2840 1958 cordis
2878 1903 3194 1958 consilium.

2150 1988 2297 2042 Puro
2347 1991 2512 2044 corde
2565 2000 2651 2045 est
2686 1992 2733 2046 is
2781 1991 2957 2061 quise
2985 1993 3162 2061 ipsum
3213 2006 3322 2046 non
3367 1992 3640 2048 convincit

2075 2090 2467 2149 praeceptorum
2497 2079 2590 2134 Dei
2620 2089 2957 2150 contemptu.

2146 2169 2412 2241 Theologi.
2443 2169 2562 2227 Non
2593 2181 2680 2228 est
2736 2172 2932 2242 pietas~
2965 2172 3020 2227 in
3082 2187 3246 2229 renus
3308 2174 3510 2244 parvis,
3544 2189 3644 2228 nec

2078 2261 2367 2334 philosoph
2391 2278 2421 2317 a
2472 2263 2525 2318 in
2563 2265 2744 2320 vultus
2773 2265 3122 2332 demissione,
3153 2265 3249 2320 sed
3271 2264 3328 2320 in
3351 2264 3515 2319 animi
3547 2264 3642 2318 ﬂr-

2079 2355 2269 2409 mitate
2297 2363 2352 2410 et
2381 2355 2726 2423 cogitationis
2775 2356 3010 2425 puritate
3048 2365 3105 2411 et
3144 2371 3268 2412 vera
3314 2357 3382 2412 ad
3418 2371 3504 2413 res
3549 2359 3644 2411 bo-

2078 2453 2262 2500 nestas
2291 2446 2675 2516 propensione.

2149 2535 2293 2590 Nihil
2313 2548 2398 2592 est
2421 2537 2567 2607 quod
2598 2536 2678 2592 sic
2722 2552 2822 2594 nos
2858 2537 3129 2593 delectare
3178 2537 3371 2601 soleat.
3412 2547 3470 2592 nt
3498 2554 3629 2595 con-

2079 2625 2307 2682 scientia
2336 2643 2472 2698 pura
2495 2641 2549 2684 et
2577 2643 2700 2699 spes
2724 2629 2887 2685 bona.

2152 2719 2502 2775 Conscientia
2542 2720 2662 2775 laeta
2699 2730 2753 2776 et
2780 2721 3059 2777 exsultans
3109 2719 3210 2776 sibi
3235 2720 3396 2775 etiam
3437 2719 3642 2776 vultum

2079 2809 2311 2865 hilarem
2336 2811 2532 2874 reddit,
2561 2827 2622 2868 ac
2647 2827 2813 2881 genas
2838 2812 2978 2882 rigat
3004 2811 3172 2867 animi
3205 2811 3346 2866 bona
3373 2811 3644 2876 valetudo,

2082 2914 2182 2954 nec
2230 2900 2349 2955 sine
2410 2915 2574 2956 causa
2617 2901 2823 2956 dictum
2874 2909 2958 2957 est
3008 2918 3038 2955 a
3071 2901 3370 2972 sapiente:
3419 2898 3522 2956 Ubi
3553 2915 3647 2956 eor

2081 2997 2296 3052 laetatur
2327 2997 2510 3052 vultus
2541 2996 2799 3055 ﬂorescit.

496 3084 560 3137 Oi.
603 3084 846 3154 λαμπροὶ
877 3085 976 3156 τὴν
1025 3086 1327 3156 συνείδησιν
1362 3089 1469 3144 υἱοὶ
1507 3092 1685 3161 φωτὸς
1725 3093 1818 3146 καὶ
1844 3092 1977 3162 ἠμέ-

2084 3088 2241 3160 Greg.
2278 3088 2441 3160 Nysa.
2500 3088 2602 3154 Qui
2655 3090 2912 3159 praclara
2954 3097 3084 3144 sunt
3123 3087 3482 3153 conscientia,
3540 3087 3637 3142 ﬁlii

425 3195 524 3249 ρας
554 3179 954 3248 ἀναγορεύοντα
963 3200 1000 3234 ι.

494 3269 606 3340 Οὐχ
639 3271 672 3338 ἡ
715 3271 824 3323 τῶν
854 3273 1104 3343 πράξεων
1138 3277 1317 3348 ἀποχὴ
1365 3276 1567 3330 δικαιοῖ
1619 3273 1712 3328 τὸν
1764 3274 1979 3344 πιστὸν,

421 3360 538 3414 ἀλλ’
568 3361 600 3432 ἡ
630 3362 738 3417 τῶν
767 3363 988 3420 ἐννοιῶν
1037 3367 1230 3435 ἁγνεία
1275 3367 1369 3423 καὶ
1416 3365 1735 3438 είλικρίνεια
1780 3367 1980 3438 ἀκραι-

422 3452 577 3523 φνήςο

492 3547 600 3599 Καὶ
628 3545 780 3616 λόγος
819 3547 1076 3620 καθαρὸς,
1119 3551 1213 3604 καὶ
1245 3551 1357 3622 βίος
1387 3552 1743 3624 ἀκηλίδωτος,
1787 3553 1981 3624 θρόνος

420 3641 512 3692 καὶ
533 3640 661 3704 ναός
688 3642 836 3694 ἐστιν
861 3641 1112 3712 ἀληθινὸς
1137 3644 1232 3698 τοῦ
1261 3645 1421 3700 Θεοῦ.

502 3732 754 3788 Ἀπαθῶν
783 3736 876 3787 καὶ
901 3736 1155 3806 καθαρῶν
1185 3738 1332 3790 ἐστιν
1363 3739 1396 3809 ἡ
1429 3738 1696 3809 σωτηρία.

489 3907 733 3977 Σώφρων
763 3909 961 3979 καρδία
993 3909 1156 3982 λιμὴν
1191 3911 1595 3984 θεωρημάτων.

493 4000 607 4053 Οὐκ
648 4001 951 4075 ἐκριζωτὴς
983 4002 1092 4058 τῶν
1140 4004 1352 4071 παθῶν,
1407 4005 1522 4060 ἀλλ’
1568 4007 1982 4080 ἀνταγωνιστής

421 4091 571 4144 ἐστιν
601 4093 629 4144 ό
658 4091 940 4163 λογισμός.

506 4179 833 4252 Ἐπειδήπερ
877 4182 1126 4254 ἀοράτως
1172 4184 1250 4247 είς
1298 4184 1391 4238 τὸν
1440 4185 1540 4256 τῆς
1570 4185 1748 4257 ψυχῆς
1803 4185 1982 4259 χῶρον
2046 4207 2057 4216 ·

421 4271 687 4326 εἰσδύεται
713 4275 742 4326 ό
771 4272 924 4336 Θεὸς,
957 4273 1470 4345 παρασκευάζωμεν
1504 4277 1596 4331 τὸν
1626 4279 1792 4331 τόπον
1835 4280 1981 4332 ἐκεῖ·

421 4379 510 4416 νον
530 4362 603 4424 ῶς
629 4363 802 4417 ἔνεστι
829 4363 1133 4428 κάλλιστον,
1159 4365 1474 4437 ἀξιόχρεων,
1501 4368 1821 4441 ἐνδιαίτημα
1842 4371 1978 4424 Θεοῦ

2082 3181 2222 3237 lucis
2240 3189 2295 3237 et
2321 3181 2426 3236 diei
2455 3182 2841 3252 praedicantur.

2125 3273 2262 3352 ‘Non
2291 3272 2593 3328 facinorum
2627 3272 2957 3328 abstinentia
2983 3270 3192 3328 ﬁdelem
3225 3269 3506 3341 justiﬁeat,
3551 3267 3647 3326 sed

2078 3362 2467 3435 cogitationum
2487 3363 2710 3420 castitas
2735 3373 2788 3420 et
2809 3378 2944 3434 pura
2966 3361 3272 3418 sinceritas.

2148 3539 2336 3595 Oratio
2388 3549 2588 3615 casta,
2618 3549 2673 3596 et
2724 3542 2834 3594 vita
2889 3541 3036 3594 nulla
3107 3540 3229 3595 labe
3278 3537 3645 3594 contaminata

2081 3631 2312 3705 tbrpnus
2351 3639 2406 3685 et
2433 3647 2618 3686 verum
2649 3629 2742 3684 Dei
2789 3632 3050 3700 templum
3085 3639 3187 3687 est.

2153 3719 2388 3792 Evagrii.
2443 3720 2602 3778 Salus
2651 3733 2735 3776 est
2766 3736 2953 3775 eorum
3000 3721 3094 3790 qui
3143 3717 3647 3791 perturbationibus

2080 3822 2265 3869 carent
2288 3825 2341 3868 et
2370 3815 2491 3884 puri
2521 3820 2672 3888 sunt.

2149 3906 2382 3974 Iosephi.
2427 3904 2536 3959 Cor
2571 3891 2878 3971 temperans
2903 3900 3267 3956 doctrinarum
3321 3909 3512 3972 portus
3540 3909 3643 3956 est.

2149 3996 2266 4052 Non
2284 3995 2626 4066 exstirpatrix
2651 3993 3123 4064 perturbationum
3149 4002 3256 4060 est,
3282 3994 3375 4056 sed
3396 3991 3647 4047 adversa-

2081 4091 2186 4145 trix
2218 4089 2380 4143 ratio.

2153 4178 2418 4234 Philonis.
2460 4177 2597 4244 Quia
2658 4176 2812 4231 nobis
2861 4191 2972 4230 non
3014 4173 3336 4230 'videntibus
3387 4175 3440 4229 in
3477 4173 3644 4228 animi

2081 4271 2259 4327 locum
2283 4273 2448 4325 intrat
2479 4269 2645 4332 Deus,
2674 4283 3039 4338 praeparemus
3068 4265 3242 4322 locum
3277 4264 3452 4328 illum,
3483 4280 3645 4334 quam

2083 4364 2210 4419 licet
2246 4361 2674 4432 pulcherrimum
2717 4367 2770 4413 et
2800 4359 3052 4413 idoneum
3099 4356 3358 4421 maxime,
3404 4358 3645 4408 futurum

419 4453 804 4525 γενησόμενον.
859 4453 922 4507 El
969 4454 1026 4511 δέ
1077 4456 1175 4528 μὴ,
1231 4457 1453 4529 λήσεται
1503 4437 1850 4529 μεταναστὰς
1901 4466 1981 4526 είς

2085 4452 2184 4508 Dei
2209 4452 2600 4507 habitaculum.
2628 4448 2725 4502 Sin
2751 4461 2930 4508 secus,
2953 4444 3115 4501 nobis
3141 4460 3250 4500 non
3283 4437 3647 4500 sentientibus

420 4547 608 4615 ἕτερον
635 4541 786 4598 οἷκον
816 4546 844 4598 6
877 4543 1030 4609 Θεός.

494 4629 657 4698 Οἶκος
683 4634 816 4689 Θεοῦ
861 4635 1026 4706 σοφοῦ
1070 4636 1296 4693 διάνοια³
1343 4638 1533 4694 τούτου
1568 4641 1814 4695 καλεῖται
1849 4641 1981 4703 Θεὸς

426 4727 571 4791 ἰδίως
598 4729 627 4780 6
669 4728 780 4781 τῶν
811 4731 1164 4800 συμπάντων,
1197 4730 1272 4794 ὥς
1304 4749 1470 4803 φησιν
1497 4733 1527 4785 ό
1559 4735 1867 4806 προφήτης,
1908 4733 1981 4795 ὡς

422 4818 554 4882 Θεὸς
582 4821 950 4890 ἐμπεριπατεῖ
980 4818 1070 4876 οἷα
1097 4820 1379 4893 βασιλείῳ.
1773 4837 1778 4846 “

506 4911 833 4980 Ὀφθαλμοῖς
866 4912 966 4982 μέν
1012 4912 1082 4966 τὰ
1129 4915 1188 4966 ἐν
1218 4913 1435 4984 φανερῷ
1461 4915 1557 4968 καὶ
1604 4917 1674 4968 τὰ
1721 4918 1779 4968 ἐν
1827 4919 1986 4988 χερσὶ

422 5001 922 5072 κακιταλαμὸόινεται⁸
969 5003 1230 5074 λογισμὸς
1259 5004 1316 5056 δέ
1356 5004 1615 5076 ἀκέραιος
1649 5003 1840 5074 φθάνει
1892 5008 1984 5060 καὶ

423 5095 562 5164 πρὸς
584 5093 654 5147 τὰ
680 5094 883 5164 ἀόρατα
911 5095 1006 5149 καί⁵
1043 5095 1324 5166 μέλλοντα.

1013 5273 1228 5327 ΛΟΓΟΣ
1268 5274 1398 5327 ﬂH'.

424 5403 564 5472 Περὶ
613 5403 860 5471 καρδίας
912 5403 1198 5474 πονηρᾶς,
1247 5405 1346 5459 καί
1379 5405 1730 5474 συνειδότος
1775 5406 1980 5465 κακοῦ.

507 5539 603 5593 Ἐκ
644 5539 752 5592 τῶν
805 5537 1052 5612 κρυφίων
1107 5557 1209 5610 μου
1240 5539 1538 5612 καθάρισόν
1592 5559 1683 5614 με,
1733 5543 1829 5596 καὶ
1877 5545 1985 5600 ἀπὸ

426 5631 720 5699 ἀλλοτρίων
755 5631 940 5699 φεῖσαι
970 5627 1064 5681 τοῦ
1094 5629 1281 5684 δούλου
1311 5647 1428 5686 σου.

497 5717 914 5795 Διεστραμμένη
941 5723 1136 5795 καρδία
1165 5724 1503 5783 τεκταίνεται
1534 5727 1700 5782 κακά.
1774 5723 1776 5726 ’

2084 4546 2137 4599 in
2179 4543 2340 4598 aliam
2373 4541 2596 4597 domum
2620 4538 2763 4593 Deus
2794 4537 3072 4608 migrabit.

2154 4635 2359 4692 Domus
2389 4633 2486 4688 Dei
2519 4629 2780 4703 cogitatio
2809 4630 3097 4701 sapientis,
3128 4643 3192 4684 ac
3224 4627 3389 4697 hujus
3425 4629 3646 4698 proprie

2086 4737 2308 4782 vocatur
2332 4726 2504 4793 Deus,
2534 4725 2628 4794 qui
2653 4725 3038 4778 universorum
3067 4729 3153 4777 est
3184 4722 3264 4792 (ut
3292 4721 3466 4790 inquit
3525 4735 3650 4790 pro-

2083 4820 2295 4890 pheta),
2320 4819 2464 4889 quod
2492 4816 2636 4872 Deus
2665 4827 2916 4885 tanquam
2949 4815 3001 4869 in
3030 4815 3176 4884 regia
3212 4813 3266 4866 in
3295 4827 3357 4865 ea
3389 4811 3646 4868 ambulet.

2153 4912 2343 4968 Oculis
2392 4925 2512 4981 quae
2558 4918 2743 4979 aperta
2791 4917 2939 4974 sunt,
2994 4919 3223 4974 quaeque
3279 4903 3334 4958 in
3397 4905 3648 4960 manibus

2084 5014 2232 5069 sunt,
2250 5002 2786 5073 comprehenduntur
2815 5016 2832 5066 ;
2861 4998 2955 5053 sed
2983 4997 3122 5053 ratio
3157 4999 3370 5053 sincera
3396 5007 3647 5068 penetrat

2085 5098 2250 5154 etiam
2280 5110 2400 5165 qua:
2431 5095 2533 5148 sub
2563 5094 2753 5149 oculos
2791 5105 2898 5144 non
2929 5092 3130 5144 cadunt
3156 5099 3209 5144 et
3239 5090 3420 5145 futura
3453 5099 3600 5144 sunt.

2279 5260 2282 5264 Δ
2341 5269 2574 5327 SERMO
2605 5267 2914 5325 LXXXVIII
2949 5268 3053 5342 [αι.
3096 5266 3405 5341 LXXXIII].
3465 5335 3467 5346 Ι

2230 5410 2306 5464 De
2337 5409 2495 5464 corde
2528 5417 2755 5476 versuto,
2781 5407 2944 5477 deque
2994 5407 3138 5460 mala
3170 5407 3506 5462 conscientia.

2163 5543 2313 5600 Psal.
2368 5559 2519 5598 xvul.
2566 5543 2643 5598 Ex
2682 5541 2917 5597 occultis
2969 5540 3108 5596 meis
3150 5555 3316 5613 purga
3346 5558 3455 5612 me,
3491 5551 3548 5600 et
3573 5539 3646 5600 ab

2089 5635 2283 5691 alienis
2312 5652 2474 5707 parce
2496 5650 2652 5690 servo
2673 5645 2787 5688 tuo.

2156 5720 2316 5784 Prov.
2352 5743 2427 5786 vr.
2456 5726 2757 5784 Distortum
2779 5737 2875 5783 cor
2894 5722 3105 5790 perﬁcit
3130 5721 3292 5779 mala.
