4032 6214
436 341 565 410 1211

502 459 608 527 Qui
639 457 778 513 duro
807 457 971 513 corde
995 456 1252 529 pmditus
1285 463 1390 520 est,
1419 451 1470 508 ei
1497 451 1640 507 bona
1660 463 1774 505 non
1799 446 1982 504 obtiu-
2021 448 2069 506 Δ

472 565 588 607 ιιιιι.

472 571 588 607 ιιιιι.

434 571 466 624 Β
507 645 564 698 in
604 642 768 697 corde
800 639 942 694 bono
969 639 1317 708 conquiescet
1343 634 1638 706 sapientia;
1663 642 1719 688 at
1743 631 1800 687 in
1831 628 1995 688 corde

435 734 802 800 insipientium
833 747 939 784 non
968 730 1330 800 dignoscitur.

507 827 830 894 insipientes
857 825 998 878 mala
1028 825 1081 877 in
1115 825 1299 878 animo
1325 823 1593 877 volutant.

507 918 651 973 Dnro
679 919 841 971 corde
866 918 1123 987 prmditns
1154 916 1207 969 in
1245 916 1496 972 miserias
1527 913 1746 968 incidet.

515 1004 836 1062 Detestanda
868 1013 952 1074 est
978 1003 1121 1074 apud
1168 1003 1454 1058 Dominum
1495 1002 1679 1071 iniqua
1716 999 1994 1071 cogitatio.

504 1095 666 1149 Mich.
699 1110 756 1150 ιι.
790 1094 1012 1149 Molesta
1033 1096 1365 1165 cogitabant,
1395 1104 1448 1148 et
1473 1081 1614 1148 mala
1641 1093 2000 1162 designabant

438 1190 492 1243 in
525 1188 795 1242 cubilibus
839 1188 976 1253 suis,
1010 1197 1067 1242 et
1117 1187 1276 1243 simul
1313 1197 1374 1241 ut
1411 1186 1685 1250 illuxerat,
1721 1199 1787 1239 ea
1831 1184 1996 1256 perti-

384 1270 386 1272 ’
437 1282 676 1336 ciebant.
1518 1273 1525 1284 ’

505 1373 668 1444 246
695 1365 806 1428 ινα.
839 1369 1210 1438 Cogitationes
1242 1382 1430 1422 eorum
1463 1367 1850 1438 sanguinaria.

506 1461 685 1516 Eluito
712 1478 739 1515 a
767 1461 970 1514 ntalitta
1011 1475 1106 1513 eor
1135 1468 1288 1513 tuum
1336 1474 1351 1510 ι
1380 1474 1672 1527 quousque
1703 1459 1920 1511 tandem
1946 1457 2000 1510 in

436 1553 618 1609 animo
651 1551 770 1604 volu
782 1550 928 1605 tabis
962 1551 1253 1606 doloreset
1279 1547 1599 1606 molestias?

501 1729 628 1796 Sap.
665 1728 880 1785 Stultus
911 1731 1077 1786 stulta
1106 1730 1374 1800 loquitur,
1397 1739 1454 1785 et
1488 1745 1582 1785 cor
1610 1729 1728 1801 ejus
1753 1730 1808 1784 in
1851 1730 2000 1785 vanis

436 1825 703 1877 elaborat.

513 1916 699 1970 Prava:
731 1915 1089 1984 cegitationes
1114 1931 1148 1970 ra
1177 1916 1288 1970 Deo
1309 1917 1626 1986 seiungunt.

504 2001 674 2060 Eccli.
712 2021 793 2062 Ill.
824 2006 932 2060 Cor
961 2009 1158 2060 durum
1191 2009 1506 2076 gravabitur
1532 2008 1819 2062 molestiis.

509 2101 579 2158 Ut
611 2104 662 2158 in
686 2105 926 2157 motione
974 2103 1140 2158 cribri
1190 2112 1432 2156 remanet
1483 2103 1620 2168 faex,
1649 2104 1728 2158 sic
1781 2101 2010 2172 rejecta—

445 2205 627 2252 menta
654 2195 896 2251 hominis
921 2195 977 2250 in
1013 2195 1350 2267 cogitatione
1386 2196 1580 2266 ipsius.

511 2289 585 2346 Ut
627 2304 756 2344 vasa
808 2288 960 2359 ﬁguli
1003 2289 1200 2359 probat
1260 2287 1477 2353 (ornas,
1541 2290 1620 2344 sic
1693 2288 2012 2344 distrahitur

442 2381 607 2437 homo
637 2381 1054 2450 in'cogitatione
1087 2395 1214 2436 sua.

518 2469 836 2525 Matth.°xv.
873 2468 1146 2539 Quidquid
1177 2469 1344 2523 intrat
1368 2470 1421 2524 in
1450 2485 1530 2535 os,
1565 2469 1622 2524 in
1648 2467 2010 2524 ventricuium

443 2563 745 2629 descendit,
775 2572 831 2617 et
860 2563 914 2616 in
949 2577 1239 2618 secessum
1267 2563 1487 2634 ejicitur
1513 2581 1530 2617 :
1563 2562 1708 2633 quod
1741 2572 1921 2616 autem
1947 2577 2013 2614 ex

445 2672 542 2712 ore
568 2656 701 2720 exit,
726 2670 794 2710 ex
817 2655 978 2710 corde
1009 2654 1393 2724 proﬁciscitur,
1427 2663 1592 2724 atque
1621 2655 1674 2708 id
1702 2655 2018 2722 coinquinat

449 2745 756 2811 hominem;
803 2757 924 2797 nam
949 2757 1016 2797 ex
1045 2744 1209 2799 corde
1240 2756 1441 2799 exeunt
1498 2761 1682 2815 prava:
1723 2746 2016 2816 cogitatio-

447 2851 569 2901 nes,
622 2835 822 2900 caedes,
886 2832 1174 2901 adulteria,
1219 2839 1604 2904 scortatioues,
1655 2836 1818 2901 furta,
1879 2835 2014 2890 falsa

451 2926 785 2992 testimonia,
835 2925 1126 2981 maledicta
1169 2945 1185 2984 :
1234 2929 1350 2983 haec
1385 2940 1513 2984 sunt
1561 2946 1684 3000 qua:
1735 2929 2013 2986 hominem

449 3018 725 3090 impurum
751 3011 1004 3078 reddunt.

519 3112 600 3168 Ex
629 3113 813 3170 cordis
843 3115 1180 3172 abundantia
1205 3131 1268 3172 os
1293 3115 1556 3187 loquitur.

523 3294 648 3350 Jac.
679 3312 758 3352 ιν.
825 3296 1139 3369 Bepurgate
1177 3313 1398 3362 manus,
1432 3299 1706 3368 scelerati,
1737 3301 2020 3373 puriﬁcate

454 3389 643 3456 corda,
671 3389 903 3458 duphcis
933 3391 1100 3445 animi
1132 3391 1406 3449 homines.

534 3480 798 3553 Thcologi.
849 3480 986 3536 Illud
1034 3482 1207 3538 solum
1259 3498 1370 3539 non
1399 3493 1574 3556 potest
1603 3486 1820 3553 evitari,
1853 3487 2024 3544 inter-

456 3589 585 3628 num
611 3582 663 3627 et
696 3574 748 3628 in
786 3575 942 3629 nobis
971 3575 1104 3642 ipsis
1128 3576 1291 3630 silum
1327 3577 1582 3632 tribunal.
1937 3635 1942 3639 ,

532 3666 667 3721 Cum
714 3678 871 3738 turpe
927 3668 1134 3736 aliquid
1194 3669 1422 3739 cogitas,
1465 3671 1777 3743 complures
1829 3675 2024 3730 adesse

436 3759 862 3813 'existimato'ac
892 3759 1066 3829 teipse
1092 3770 1390 3816 reveretur.

525 3850 681 3924 Grcg.
721 3850 879 3923 Nysa.
917 3850 1114 3906 Malum
1147 3869 1269 3908 esse
1299 3854 1354 3908 in
1381 3853 1496 3924 ipsa
1527 3855 1702 3911 solum
1745 3856 2025 3915 voluntate

458 3943 694 4011 positum
744 3953 851 4012 est,
892 3959 1141 4015 saepeque
1180 3946 1316 4001 satis
1338 3957 1425 4002 est
1469 3948 1536 4002 ad
1565 3949 1680 4004 vitii
1724 3948 2018 4019 perfectio-

460 4051 582 4091 nem
619 4036 896 4106 cngitatio.

535 4124 712 4195 Ipsum
764 4141 858 4196 per
893 4141 954 4182 se
993 4127 1194 4180 malum
1238 4143 1504 4198 nusquam
1546 4131 1818 4201 reperitur
1869 4143 2024 4188 extra

459 4217 792 4272 voluntatem
827 4218 1079 4287 privatim
1129 4219 1471 4286 subsistens,
1535 4224 1631 4278 sed
1662 4233 1776 4278 tum
1807 4225 2025 4280 demum

462 4317 806 4378 procreatur,
838 4325 964 4363 cum
996 4310 1179 4364 animo
1207 4312 1541 4369 instituimus
1573 4314 1729 4370 illud.

1682 331 2000 396 ANTONII
2037 328 2381 394 MELISSA!

3527 317 3664 384 1212

2173 448 2237 502 '0
2270 445 2700 518 σκληροκάρδιος
2727 442 2790 497 οῦ
2821 440 3060 512 συναντᾷ
3078 438 3328 509 ἀγαθοῖς.

2186 622 2276 678 Ἐν
2303 621 2498 692 καρδία
2531 621 2710 691 ἀγαθῇ
2737 625 3108 673 αναπαυσεται
3144 615 3330 688 σοφίαν
3353 616 3415 670 ἒν
3438 614 3497 670 δὲ
3523 631 3663 684 καρ-

2099 714 2188 786 δίᾳ
2220 715 2468 784 ἀφρόνων
2495 713 2552 766 οὐ
2587 710 3026 779 διαγινώσκεται.

2171 806 2235 859 οι
2261 805 2490 872 ἄφρονες
2520 800 2915 871 διαλογιοῦνται
2937 799 3108 855 κακά.

2181 898 2243 951 Ὃ
2271 896 2502 967 σκληρὸς
2529 897 2598 967 τῇ
2627 894 2824 966 καρδίᾳ
2850 895 3174 963 ἐμπεσεῖται
3206 893 3416 955 κακοῖς.

2173 989 2456 1057 Βδέλυγμα
2483 987 2671 1056 Κυρίῳ
2695 985 2950 1053 λογισμὸς
2979 985 3184 1045 ἄδικος.

2185 1081 2463 1150 Ἐγένοντο
2505 1079 2843 1148 λογιζόμενοι
2887 1080 3110 1140 κόπους.
3157 1078 3250 1131 καὶ
3303 1076 3663 1146 ἐργαζόμενοι

2101 1177 2249 1232 κακὰ
2271 1178 2332 1228 ὲν
2359 1178 2478 1237 ταῖς
2504 1173 2711 1236 κοίταις
2743 1172 2940 1239 αὐτῶν,
2961 1172 3054 1225 καὶ
3078 1171 3195 1241 ἃμα
3225 1174 3287 1242 τῇ
3321 1171 3504 1241 ἡμέρᾳ
3531 1184 3664 1221 συνο

2104 1271 2318 1324 ετέλουν
2346 1269 2506 1323 αῦτὰ.

2173 1364 2238 1418 Ολί
2265 1364 2602 1432 διαλογισμοὶ
2635 1363 2812 1418 αὐτῶν
2841 1360 3092 1430 λογισμοὶ
3117 1357 3429 1426 ἀποφόνων.

2187 1456 2488 1509 Ἀπόπλυνε
2535 1455 2652 1509 ἀπὸ
2703 1455 2901 1517 κακίας
2959 1452 3060 1524 τὴν
3112 1450 3337 1520 καρδίαν
3393 1466 3509 1512 σου,
3572 1446 3666 1500 ἵνα

2103 1548 2304 1619 σωθῇς·
2337 1549 2442 1610 ἕως
2493 1548 2623 1600 πότε
2670 1547 3010 1617 ὑπάρχωσιν
3061 1544 3123 1599 ’ἐν
3180 1543 3266 1596 σοὶ⁸
3318 1540 3666 1609 διαλογισμοὶ

2103 1643 2282 1693 πόνων
2313 1656 2403 1693 σου
2418 1655 2435 1706 ;

2191 1731 2250 1786 ’0
2286 1732 2466 1802 μωρὸς
2489 1732 2650 1802 μωρὰ
2674 1729 2920 1802 λαλήσει,
2946 1729 3041 1784 καὶ
3069 1731 3103 1801 ἡ
3133 1728 3331 1798 καρδία
3359 1722 3524 1780 αὐτοῦ
3561 1723 3671 1794 μά-

2021 1807 2076 1866 ’Β
2102 1841 2234 1878 ταια
2261 1825 2506 1894 πονήσει.

2179 1915 2392 1969 Σκολιοὶ
2423 1915 2671 1995 λογισμοὶ
2700 1913 3026 1985 χωρίζουσιν
3052 1911 3161 1968 ἀπὸ
3188 1909 3344 1968 Θεοῦ.

2178 2008 2390 2078 Καρδία
2417 2007 2630 2078 σκληρὰ
2668 2007 3064 2079 βαρυνθήσεται
3090 2006 3296 2068 πόνοις.
3342 1996 3348 2002 ’

2195 2098 2280 2149 Ἐν
2315 2099 2569 2166 σείσματι
2613 2099 2867 2152 κοσκίνου
2919 2097 3166 2168 διαμένει
3221 2094 3443 2167 κοπρία,
3490 2092 3670 2156 οὕτως

2113 2189 2361 2245 σκύϐαλα
2388 2189 2676 2263 ἀνθρώπου
2705 2192 2763 2242 ιν
2785 2189 3030 2260 λογισμῷ
3057 2189 3246 2244 αὐτοῦ.

2181 2283 2355 2352 Σκεύη
2409 2283 2698 2354 κεραμέως
2742 2284 3027 2354 δοκιμάζει
3074 2283 3326 2354 κάμινος,
3372 2287 3469 2340 καὶ
3513 2301 3676 2357 περι-

2114 2378 2366 2447 σπασμὸς
2393 2375 2686 2447 ἀνθρώπου
2714 2380 2773 2433 ὲν
2801 2377 3136 2447 διαλογισμῷ
3163 2377 3352 2432 αὐτοῦ.

2183 2464 2300 2520 Πᾶν
2333 2467 2398 2520 τὸ
2423 2467 2879 2538 εἰσπορευόμενον
2912 2469 2992 2530 είς
3011 2470 3070 2521 τὸ
3098 2468 3272 2537 στόμα
3306 2469 3388 2531 εὶς
3419 2469 3518 2540 τὴν
3547 2488 3671 2523 κοι-

2116 2561 2236 2614 λίαν
2267 2562 2455 2630 χωρεῖ,
2504 2561 2598 2613 καὶ
2650 2563 2732 2622 είς
2775 2559 3065 2630 ἀφεδρῶνα
3111 2560 3454 2616 ἐκϐάλλεταιο
3501 2563 3564 2616 τὸ
3618 2565 3677 2616 δὲ

2117 2649 2555 2719 ἐκπορευόμενον
2604 2651 2669 2702 ἐκ
2699 2647 2795 2702 τοῦ
2852 2649 3124 2718 στόματος
3179 2651 3250 2704 ἐκ
3301 2652 3401 2721 τῆς
3450 2653 3674 2724 καρδεας

2116 2739 2418 2810 ἑξέρχεται,
2446 2741 2666 2795 κακεῖνο
2695 2744 2868 2794 κοινοῖ
2893 2745 2986 2796 τὸν
3019 2742 3325 2812 ἄνθρωπον
3351 2746 3416 2798 ἐκ
3443 2744 3553 2815 γάρ
3575 2745 3678 2814 τῆς

2119 2833 2351 2903 καρδίας
2397 2831 2712 2902 ἐξέρχονται
2758 2835 2986 2904 πονηροὶ
3033 2835 3304 2905 λογισμοὶ,
3337 2837 3509 2906 φόνοι.
3553 2855 3674 2906 μοι·

2115 2929 2280 2996 χείαι,
2314 2927 2585 2996 πορνεῖαι,
2622 2925 2843 2990 κλοπαὶ,
2887 2927 3373 2998 ψευδομαρτυρίαι,
3427 2928 3677 3002 βλασφη-

2121 3021 2258 3090 μίαι·
2293 3019 2468 3073 ταῦτά
2490 3021 2606 3073 ίστι
2634 3019 2705 3074 τὰ
2731 3020 3010 3074 κοινοῦντα
3037 3022 3128 3076 τὸν
3156 3022 3462 3092 ἄνθρωπον.

2200 3112 2298 3168 Ἐκ
2348 3111 2445 3168 τοῦ
2497 3113 2933 3186 περισσεύματος
2989 3115 3090 3186 τῆς
3141 3116 3365 3187 καρδίας
3418 3117 3570 3172 λαλεῖ
3615 3119 3680 3173 τὸ

2125 3203 2320 3274 στόμα.

2193 3295 2541 3366 Καδαρίσατε
2575 3297 2676 3360 τὰς
2696 3297 2904 3368 χεῖρας,
2934 3297 3270 3369 ἁμαρτωλοὶ,
3297 3299 3556 3369 ἁγνίσατε
3580 3304 3680 3367 τὰς

2119 3389 2376 3460 καρδίας,
2393 3389 2630 3461 δίψυχοι.

2193 3469 2365 3533 Τοῦτο
2417 3481 2576 3548 μόνον
2605 3481 2706 3532 οὐκ
2749 3480 2865 3534 ἐστι
2895 3480 3201 3552 διαφυγεῖν,
3237 3483 3298 3536 τὸ
3327 3483 3476 3539 ἔνδον
3495 3486 3596 3540 καὶ
3624 3488 3682 3540 ὲν

2121 3574 2254 3644 ἡμῖν
2283 3573 2465 3634 αὐτοῖς
2493 3573 2865 3644 δικαστήριον.

2196 3663 2366 3719 Ὅταν
2395 3665 2526 3718 ποτὲ
2556 3665 2780 3735 αἰσχρὸν
2806 3668 3016 3738 ἑννοῇς,
3048 3667 3238 3738 νόμιζε
3273 3668 3502 3735 πολλοὺς
3531 3687 3681 3743 παρ-

2124 3759 2285 3823 εἶναι,
2322 3758 2416 3811 καὶ
2443 3757 2670 3812 σεαυτὸν
2698 3759 2981 3828 ὲντρέπου.

2195 3850 2268 3902 Τὸ
2306 3849 2559 3918 γενέσθαι
2603 3851 2771 3904 κακὸν
2803 3853 2861 3906 ἐν
2889 3851 2968 3922 τῷ
2998 3852 3319 3924 προελάσθαι
3349 3855 3514 3924 μόνον
3544 3856 3684 3910 ἀπό-

2125 3959 2323 3998 κειται·
2360 3945 2456 3999 καὶ
2481 3944 2686 4016 ἤρκεσε
2719 3943 2984 4008 πολλάκις
3011 3949 3150 4018 πρὸς
3177 3948 3458 4002 τελείωσιν
3482 3951 3684 4014 κακίας

2119 4035 2154 4088 ό
2178 4036 2456 4106 λογισμός.

2195 4131 2338 4184 Αὐτὸ
2375 4128 2467 4182 οῦν
2513 4128 2634 4182 καθ’
2676 4130 2842 4184 ἑαυτὸ
2881 4131 3003 4184 κατ’
3055 4132 3191 4186 ίδίαν
3234 4135 3536 4192 ὑπόστασιν
3579 4141 3686 4205 ἔξω

2129 4223 2502 4295 προαιρέσεως
2537 4221 2772 4292 οὐδαμοῦ
2821 4223 2883 4276 τὺ
2931 4224 3100 4277 κακὸν
3141 4227 3458 4296 εὑρίσκεται
3499 4233 3688 4303 κείμε-

2129 4334 2238 4382 νον,
2272 4317 2304 4388 ἢ
2338 4317 2602 4386 ὑφεστὼς.
2639 4315 2775 4370 ἀλλὰ
2806 4317 2926 4370 τότε
2974 4320 3054 4381 είς
3090 4319 3304 4388 γένεσιν
3352 4324 3684 4394 παράγεται,

2127 4411 2257 4464 ’ὅταν
2281 4409 2529 4479 ἑλώμεθα
2560 4409 2710 4462 αὐτό.
3353 4400 3359 4407 ’

533 4487 690 4542 Nulla
743 4504 827 4544 res
874 4504 1028 4559 aeque
1081 4485 1420 4561 impudentes
1487 4489 1619 4546 facit
1669 4502 1833 4564 atque
1883 4495 2022 4550 mala

2199 4501 2364 4556 Οὐδὲν
2387 4501 2559 4565 οὕτως
2588 4501 2937 4573 ἀναίσχυντον
2963 4504 3128 4573 ποιεῖ,
3146 4504 3222 4569 ὡς
3249 4507 3487 4578 πονηρόν
3512 4527 3694 4568 συνει-

464 4580 819 4635 conscientia.

535 4671 597 4727 S.
633 4671 846 4744 ('yrilli.
877 4671 1208 4743 Principium
1239 4682 1295 4729 et
1334 4674 1489 4730 radix
1516 4687 1568 4731 et
1621 4678 1778 4747 quasi
1823 4676 1946 4735 fons
1973 4688 2028 4736 et

461 4765 763 4834 procreatio
790 4778 1098 4819 nostrarum
1128 4766 1598 4834 perturbationum
1657 4779 1742 4823 est
1813 4770 1878 4823 ad
1913 4785 2029 4825 ma-

464 4857 575 4911 lum
607 4871 912 4926 propensus
939 4855 1230 4924 appetitus,
1257 4855 1324 4909 ad
1353 4842 1499 4926 ipsas
1527 4858 1766 4914 iuvitans
1791 4871 2024 4915 mentem

468 4967 532 5006 ac
563 4950 743 5020 primo
769 4949 1058 5019 praestigiis
1089 4949 1345 5015 illudens,
1391 4960 1579 5021 postea
1619 4952 1726 5005 vim
1762 4951 2027 5010 adhibens

465 5041 879 5097 et'concutiens.

541 5130 820 5199 Siquidem
863 5128 998 5184 fumi
1044 5145 1218 5196 more,
1249 5131 1334 5185 vel
1365 5131 1528 5186 etiam
1573 5135 2027 5203 quemadmodum

462 5235 692 5292 vapores
719 5218 944 5290 quidam
975 5219 1269 5274 insitarum
1306 5222 1639 5294 voluptatum
1669 5228 1940 5296 appetitus
1973 5227 2028 5280 in

463 5313 625 5369 nobis
654 5323 979 5367 nascuntur.
1013 5309 1120 5364 Sed
1156 5313 1247 5380 qui
1285 5324 1594 5383 temperans
1628 5329 1713 5370 est
1759 5329 1815 5371 et
1853 5319 2026 5380 fortis.

462 5418 645 5460 motus
673 5405 939 5475 increpat,
970 5419 1070 5463 nec
1112 5407 1324 5474 longius
1367 5410 1620 5476 progredi
1655 5410 1806 5476 sinit,
1843 5409 2031 5464 faciles

461 5497 712 5553 inﬁrmos
743 5497 921 5553 adnue
951 5497 1378 5567 perturbationis
1410 5509 1592 5556 metus
1611 5509 1852 5572 superat.
1877 5500 2029 5556 lners

463 5599 645 5644 autem
676 5600 730 5645 et
773 5591 1050 5662 negligens
1081 5591 1418 5662 voluptatum
1466 5593 1736 5664 principia
1768 5594 2028 5660 admittit,

468 5681 627 5748 quasi
679 5682 1036 5748 cogitationes
1082 5685 1273 5749 nudas,
1321 5700 1555 5755 cumque
1606 5686 1919 5756 permiserit
1971 5687 2024 5742 in

469 5769 820 5827 latidudinem
846 5774 1122 5842 progredi,
1154 5775 1529 5833 difﬁcillimum
1573 5779 1680 5835 erit
1727 5779 1981 5836 resistere
2011 5796 2025 5834 :

2123 4592 2233 4657 δός.

2208 4681 2379 4754 ’Δρχὴ
2408 4683 2502 4735 καὶ
2538 4681 2662 4752 ῥίζα
2684 4683 2779 4736 καὶ
2806 4679 2920 4740 οἷον
2953 4687 3124 4757 πηγὴ,
3158 4691 3255 4744 καὶ
3288 4691 3548 4762 γέννησις
3578 4693 3693 4746 τῶν

2126 4776 2184 4829 ὲν
2203 4777 2334 4845 ἡμῖν
2358 4776 2473 4827 ἐστι
2502 4774 2692 4829 παθῶν
2719 4776 2752 4846 ἡ
2782 4777 2916 4847 πρὸς
2943 4781 3140 4835 κακίαν
3166 4779 3370 4854 δρεξις,
3393 4783 3484 4836 ἐπ’
3505 4784 3692 4848 αὐτοῖς

2128 4867 2368 4922 καλοῦσα
2422 4867 2515 4919 τὸν
2572 4867 2716 4934 νοῦν,
2780 4871 2876 4922 καὶ
2935 4874 3410 4944 καταγοητεύουσα
3467 4877 3571 4944 μὲν
3632 4879 3693 4932 ἐν

2129 4959 2342 5030 ἀρχαῖς,
2403 4947 2702 5029 βιαζομένη
2753 4959 2810 5012 δὲ
2863 4962 3003 5030 μετά
3055 4963 3215 5017 τοῦτο
3288 4967 3383 5020 καὶ
3422 4969 3693 5038 κατασεί-

2128 5067 2281 5105 ουσα.

2203 5145 2425 5199 Καπνοῦ
2459 5145 2556 5216 μὲν
2581 5149 2688 5216 γὰρ
2714 5145 2893 5214 δίκην,
2924 5146 2957 5217 ἢ
2992 5148 3086 5200 καὶ
3113 5147 3302 5219 ὥσπερ
3324 5151 3468 5213 τινὲς
3501 5153 3688 5222 ἀτμοὶ,

2129 5236 2235 5288 τῶν
2265 5234 2522 5305 ἐμφύτων
2552 5237 2754 5306 ἡδονῶν
2781 5236 3096 5307 ἀνίσχουσιν
3125 5241 3182 5290 ἐν
3208 5241 3340 5308 ἡμῖν
3370 5242 3429 5293 αἱ
3459 5242 3692 5312 ὀρέξεις.

2130 5326 2242 5381 ἀλλ’
2270 5330 2296 5380 ὁ
2334 5329 2432 5397 μὲν
2463 5329 2696 5399 σώφρων
2726 5333 2820 5383 καὶ
2854 5332 3104 5393 νεανικὸς
3129 5333 3358 5404 ἐπιτιμᾷ
3384 5337 3502 5398 τοῖς
3539 5338 3692 5407 κινή-

2132 5437 2284 5490 μασι,
2314 5422 2409 5474 καὶ
2439 5421 2748 5491 περαιτέρω
2779 5422 3064 5492 προελθείν
3091 5425 3190 5477 οὐκ
3217 5427 3304 5494 ἐᾷ’
3332 5421 3380 5494 ᾧ
3404 5427 3500 5480 καὶ
3531 5427 3692 5499 ἀδρα-

2129 5512 2215 5574 νὲς
2240 5512 2298 5565 ὃν
2325 5513 2405 5566 ἔτι
2429 5513 2486 5565 τὸ
2513 5513 2683 5578 πάθος
2708 5513 2937 5584 ἣττηται
2963 5515 3182 5587 ῥᾳδίωςο
3212 5517 3242 5570 ὁ
3271 5518 3328 5572 δέ
3356 5535 3421 5587 γε
3449 5520 3691 5592 ῥᾴθυμος

2130 5607 2225 5657 καὶ
2274 5603 2732 5674 κατημελημένος
2780 5605 3082 5677 είσδὲχεται
3126 5608 3230 5678 μὲν
3277 5610 3377 5673 τὰς
3429 5611 3543 5665 τῶν
3569 5613 3690 5682 ἡδο⁴

2130 5695 2236 5749 νῶν
2289 5696 2488 5766 ἀρχὰς,
2534 5696 2608 5759 ὡς
2652 5697 2862 5761 ἐννοίας
2909 5698 2994 5752 ἔτι
3039 5698 3221 5769 ψιλὰς,
3273 5701 3578 5772 ἐπιτρέψας
3630 5702 3686 5756 δι

2138 5782 2418 5854 προελθεῖν
2445 5784 2521 5848 είς
2581 5785 2798 5854 πλάτος,
2847 5786 3284 5859 δυσχερεστάτην
3314 5793 3542 5860 εὑρήσει
3587 5795 3682 5858 τὴν
