4062 6222
419 308 558 375 1213

1095 316 1266 378 LOCI
1304 315 1749 386 COMMUNES.
1787 342 1858 357 --
1891 316 2088 380 PARS
2122 320 2203 383 II.
2246 320 2504 382 SEBMO
2541 323 2864 388 LXXXIX.

3502 326 3635 391 1214

418 431 752 484 ἀντίστασιν.
792 428 853 484 '0
879 431 989 498 γὰρ
1020 428 1289 500 repetition;
1331 429 1427 484 καὶ
1463 428 1878 499 προηττημένος
1906 431 1972 483 οὑ

2079 445 2199 485 nam
2226 432 2321 501 qui
2345 442 2472 489 ante
2501 442 2695 502 captus
2719 443 2881 493 estet
2908 436 3020 506 iam
3048 446 3372 507 occupatus,
3425 436 3472 490 is
3495 451 3633 491 con-

419 522 527 575 τῶν
564 521 711 577 ἱδίων
733 523 849 576 ἐστὶ
900 521 1222 593 θελημάτων
1262 520 1468 590 κύριος,
1515 521 1863 575 ὑποκείσεται
1921 521 1979 577 δὲ

423 615 648 683 μᾶλλον,
714 614 963 685 καθάπερ
1026 614 1132 668 τινὶ
1196 612 1480 686 βαρόἀρῳ,
1543 613 1622 685 τῷ
1691 615 1977 684 νικήσαντι

418 707 602 762 Ιπάθει.

501 801 570 854 Ἦ
597 798 840 870 ἁμαρτία
867 798 966 852 οὑκ
986 799 1048 853 ἑν
1073 797 1267 868 μόναις
1294 798 1361 852 ἂν
1388 813 1599 868 γένοιτο
1634 800 1757 862 ταῖς
1787 799 1976 852 ἐπιθυ-

422 895 595 963 μίαις,
637 891 755 946 ἀλλ’
798 896 856 946 ἑν
901 894 1024 954 ταῖς
1065 891 1326 945 έκόάσεσι
1356 891 1464 945 τῶν
1493 890 1972 961 ἀποτελεσμάτων.

421 988 530 1040 Καὶ
562 988 665 1046 ἕως
696 985 794 1055 μὲν
819 984 966 1039 ἔστιν
995 985 1051 1037 ὲν
1073 983 1227 1038 ὠδίσι
1263 983 1357 1037 τοῦ
1390 983 1482 1040 νοῦ
1508 984 1570 1039 τὸ
1601 984 1791 1051 κακὸν,
1820 981 1978 1036 ούπω

421 1077 629 1147 νέκρωσ
638 1094 703 1140 ις,
731 1074 884 1129 οὖπω
916 1075 1163 1137 θάνατος.

493 1172 557 1223 Ai
589 1170 832 1237 συνεχεῖς
875 1169 1210 1238 ὑπομνήσεις
1239 1169 1339 1238 τῆς
1362 1165 1505 1221 κατά
1550 1166 1612 1223 τὸ
1638 1166 1807 1230 πάθος
1841 1183 1976 1235 φανο

421 1265 631 1329 τασίας,
666 1262 876 1326 τύπους
912 1261 1347 1331 έγχαράττουσαι
1391 1260 1629 1329 τρανεῖς,
1676 1258 1974 1330 βλάπτωσι

418 1354 515 1424 τὴν
543 1352 806 1417 διάνοιαν,
834 1354 930 1406 καὶ
957 1352 1015 1422 (ἀ
1044 1351 1306 1422 ἥκουσαν)
1338 1350 1510 1422 αὑτὴν
1537 1349 1797 1415 πολλάκις
1821 1366 1977 1420 περι-

417 1444 732 1515 τρέπουσινο
786 1445 845 1499 ἐν
876 1445 931 1498 δὲ
966 1444 1177 1525 τούτοις
1210 1444 1476 1512 σωτήριον
1521 1442 1753 1524 ᾐφυγίγ
1802 1441 1866 1497 τὸ
1917 1441 1975 1496 δὲ

417 1540 893 1610 ὑπομνήσκεσθαι,
943 1541 1039 1591 καὶ
1088 1538 1458 1607 ἀναγγέλλειν.
1519 1537 1615 1591 καὶ
1655 1535 1970 1601 ἀναπολεῖν,

418 1635 617 1704 κρατεῖ
638 1632 734 1687 καὶ
757 1629 1036 1685 δουλοῦται
1067 1629 1254 1701 βιαίως
1282 1630 1375 1682 τὸν
1399 1628 1547 1685 νοῦν.

492 1724 583 1795 Τῷ
633 1726 732 1794 μὲν
789 1722 987 1793 ἀγνοίᾳ
1032 1720 1127 1775 τοῦ
1186 1720 1495 1792 κρείττονος
1550 1719 1975 1791 διαμαρτάνοντι

2083 521 2329 577 siliorum
2385 539 2608 580 suorum
2666 540 2774 582 non
2837 539 2922 587 est
2968 529 3246 597 dominus,
3303 529 3413 583 imo
3466 528 3638 595 magis

2082 614 2291 675 victrici
2332 616 2727 688 perturbationi
2760 619 2914 690 quasi
2963 618 3198 675 barbaro
3251 619 3415 674 alicui
3470 619 3639 686 subji-

2081 706 2274 769 cietur.

2148 798 2434 859 Peccatum
2486 819 2594 859 non
2646 804 2758 861 erit
2801 806 2858 860 in
2895 803 3034 876 ipsis
3069 804 3205 860 solis
3232 804 3639 874 cupiditatibus,

2078 892 2174 948 sed
2196 892 2253 947 in
2308 895 2442 965 ipsis
2496 896 2817 954 ell‘ectorum
2869 898 3227 965 exitibus;ac
3248 898 3485 967 qmmdiu
3526 898 3642 964 qui-

2076 986 2198 1043 dem
2218 996 2302 1042 est
2324 989 2524 1043 malum
2550 991 2603 1044 in
2626 999 2807 1048 mente
2828 992 3183 1063 parturieite,
3212 990 3452 1045 nondum
3481 989 3640 1059 247

2077 1090 2159 1137 θοι
2186 1080 2499 1149 exstinctio,
2522 1083 2765 1137 nondum
2792 1098 2963 1137 mors.

2145 1167 2404 1223 Philonis.
2427 1168 2701 1240 Perpetua;
2720 1174 3122 1226 recordationes
3142 1179 3194 1226 et
3220 1168 3638 1241 imaginationes

2058 1258 2543 1326 ‘perturbationum
2565 1259 2742 1315 claras
2763 1260 2978 1328 species
3003 1259 3379 1329 imprimentes
3403 1266 3637 1311 tuentem

2077 1351 2297 1416 laedunt,
2326 1360 2381 1406 et
2403 1352 2679 1407 cedentem
2711 1366 2853 1420 sepe
2882 1352 3029 1406 illam
3058 1360 3391 1421 pervertunt.
3428 1352 3485 1403 lu
3520 1350 3641 1406 istis

2077 1445 2239 1515 igitur
2265 1445 2425 1500 rebus
2450 1445 2705 1499 salutaris
2734 1457 2817 1500 est
2846 1445 2969 1514 fuga
3003 1464 3017 1500 :
3050 1447 3319 1499 recordari
3349 1455 3552 1506 autem,
3583 1454 3639 1497 et

2077 1537 2132 1591 in
2154 1552 2250 1591 ore
2299 1538 2518 1601 habere,
2571 1551 2638 1592 ac
2698 1539 2750 1592 in
2800 1539 2987 1595 animo
3044 1539 3314 1603 volutare,
3370 1536 3422 1590 id
3470 1536 3633 1589 vincit

2074 1638 2132 1686 et
2161 1628 2426 1685 violenter
2453 1637 2691 1687 mentem
2723 1629 2775 1683 in
2806 1631 3118 1684 servitutem
3152 1632 3364 1700 redigit.

2142 1716 2394 1774 Peccauti
2435 1719 2653 1775 virtutis
2698 1719 3040 1789 ignoratione
3083 1720 3236 1774 venia
3287 1728 3474 1788 parata
3523 1733 3642 1773 esse

423 1794 720 1887 συγγνώμη
766 1815 1189 1886 παρεισέρχεται
1211 1827 1226 1842 ο
1274 1814 1302 1866 ὁ
1338 1812 1393 1866 δὲ
1428 1812 1739 1883 ἐξεπίτηδες
1771 1812 1972 1867 ἀδικῶν

2079 1809 2237 1865 debet
2263 1828 2279 1868 :
2307 1819 2362 1865 at
2387 1813 2479 1882 qui
2508 1814 2574 1867 de
2606 1813 2876 1869 industria
2910 1813 3166 1880 iniuriam
3219 1814 3365 1879 facit,
3409 1828 3642 1868 excusa-

421 1911 717 1978 ἀπολογίαν
746 1909 848 1963 οὐκ
893 1909 1028 1979 ἔχει,
1060 1905 1426 1978 προεαλωκὼς
1466 1907 1527 1961 ἐν
1567 1905 1647 1977 τῷ
1679 1905 1980 1969 συνειδότος

422 2003 777 2073 δικαστηρίῳ.

491 2097 585 2167 Τῷ
611 2096 758 2149 ἔνδον
802 2094 988 2165 οἰκείῳ
1024 2092 1364 2164 δικαστηρίῳ
1391 2092 1500 2158 πᾶς
1531 2092 1725 2164 ἄφρων
1751 2091 1978 2147 ἁλίσκε-

416 2207 535 2245 ται.

456 2209 697 2350 αξξίδονὴ
724 2280 784 2332 οὑ
838 2276 1138 2349 παρέχεται
1181 2275 1365 2341 πόνον,
1412 2273 1536 2328 οὐδε
1577 2272 1757 2343 λῠπην
1808 2271 1976 2344 χαράν

414 2373 545 2426 οὑδὲ
578 2372 883 2442 κατήφειαν
911 2366 1244 2438 εὐφροσύνη.

1018 2503 1234 2559 ΛΟΓΟΣ
1256 2500 1380 2558 Πθ’.

661 2619 803 2691 Περὶ
834 2614 1141 2688 ὑπομονῆς
1173 2615 1272 2673 καὶ
1295 2615 1731 2686 μακροθυμίας.

492 2734 629 2791 Eine
686 2734 868 2797 Δαυτδ,
922 2734 1122 2803 ’Δφετε
1154 2698 1266 2786 ’τδν
1292 2730 1455 2802 Σεμετ
1517 2731 1977 2803 καταράσασθαι,

422 2833 503 2887 δτι
538 2828 692 2885 εἶπεν
732 2830 879 2901 αὑτῷ
925 2831 954 2883 ὁ
992 2829 1145 2894 Θεὸς,
1197 2829 1251 2882 εί
1300 2845 1418 2890 πως
1468 2828 1571 2882 ίδοι
1628 2827 1834 2898 Κύριος
1880 2827 1980 2898 τὴν

421 2925 751 2979 ταπείνωσίν
806 2940 929 2994 μου,
988 2923 1084 2977 καὶ
1134 2921 1455 2991 ἑπιστρέψει
1508 2938 1598 2992 μοι
1649 2920 1829 2990 ἀγαθὰ
1858 2921 1981 2977 ἀντὶ

422 3021 520 3089 τῆς
548 3016 793 3087 κατάρας
832 3015 1021 3071 αὑτοῦ.

2078 1903 2281 1961 tionem
2307 1919 2413 1959 non
2442 1904 2645 1970 habet,
2682 1905 2881 1977 quippe
2921 1905 3009 1975 qui
3061 1906 3225 1975 prius
3256 1905 3466 1977 judicio
3513 1919 3643 1963 con-

2079 1996 2319 2051 scientiae
2346 1997 2637 2052 damnatus
2663 1999 2755 2053 sit.

2149 2088 2369 2145 lnteruo
2406 2103 2472 2143 ac
2515 2087 2821 2145 domestico
2852 2089 3063 2165 judicio
3109 2088 3338 2161 quilibet
3381 2092 3644 2163 insipiens

2074 2178 2385 2234 damnatur.

2152 2269 2292 2326 Nili.
2313 2271 2570 2342 Voluptas
2586 2272 2828 2329 dolorem
2854 2287 2959 2326 non
2978 2271 3219 2339 exhibet,
3238 2286 3339 2328 nec
3356 2288 3642 2331 maerorem

2074 2362 2355 2433 gaudium,
2383 2378 2482 2417 nec
2511 2364 2786 2421 tristitiam
2817 2364 3020 2420 lwtitia.

2388 2482 2618 2537 SERMO
2656 2482 2921 2539 LXXXIX
2957 2484 3052 2557 [aL
3092 2484 3330 2560 LXXII].

2233 2598 2304 2656 De
2332 2601 2589 2671 patientia
2626 2613 2672 2655 et
2708 2602 2947 2668 lenitate,
2981 2601 3061 2655 vel
3087 2602 3513 2672 longanimitate.

2149 2724 2216 2783 11
2243 2726 2372 2797 Reg.
2401 2742 2509 2784 ενι.
2543 2722 2742 2789 Sinite,
2768 2721 3147 2795 inquitDavid,
3174 2724 3457 2781 maledicta
3476 2724 3639 2796 jaciat

2082 2817 2284 2882 Semei,
2326 2819 2466 2887 quod
2496 2817 2635 2873 Deus
2687 2816 2789 2885 ipsi
2824 2814 3069 2885 jusserit,
3094 2815 3142 2871 si
3188 2832 3292 2887 qua
3318 2818 3526 2873 ratione
3549 2819 3646 2874 Dos

2080 2911 2260 2967 minus
2294 2910 2652 2979 abjectronem
2679 2922 2852 2963 meam
2879 2905 3076 2973 videat,
3097 2915 3155 2961 et
3183 2906 3248 2961 ad
3290 2923 3376 2963 me
3424 2908 3643 2965 redeant

2082 3004 2223 3060 bona
2255 3017 2353 3071 pro
2380 2999 2755 3056 exsecratione
2783 2999 2965 3055 istius.

503 3112 627 3166 Ἐὰν
676 3110 1005 3181 ὑπομείνῃς,
1054 3108 1082 3160 ὀ
1120 3106 1333 3177 καρπός
1386 3100 1483 3159 σόυ
1543 3105 1695 3161 ἔσται
1744 3106 1803 3159 ὲν
1848 3106 1978 3175 ἀγα-

2151 3093 2252 3150 Job
2306 3109 2441 3148 xxu.
2474 3092 2529 3147 Si
2557 3091 2767 3163 patiens
2798 3090 2986 3157 fueris,
3007 3090 3218 3150 fructus
3247 3104 3375 3150 tuus
3405 3094 3458 3148 in
3488 3093 3636 3150 bonis

416 3209 559 3269 θοῐς.

493 3298 700 3361 Πάντες
729 3295 778 3351 oi
805 3292 1167 3364 ὑπομένοντες
1201 3292 1288 3358 σὲ,
1329 3290 1527 3362 Κύριε,
1558 3289 1618 3342 οὑ
1668 3287 1745 3360 μὴ
1791 3303 1988 3345 κειται-κ

424 3393 766 3465 σχυνθιῖκσινᾶ
1826 3450 1831 3461 ν

506 3484 830 3552 ’Υπὸμεινον
880 3481 976 3534 τδν
1007 3478 1246 3551 Κύριον,
1280 3478 1378 3532 καὶ
1424 3476 1657 3544 φύλαξον
1705 3472 1803 3546 τὴν
1858 3472 1980 3527 ὁδὸν

426 3576 613 3641 αὑτοῦ,
652 3577 748 3630 καὶ
784 3574 991 3644 ὑψώσει
1024 3589 1084 3626 σε
1126 3570 1224 3625 τοῦ
1268 3568 1818 3640 κατακληρονομῆσαι
1849 3565 1975 3635 γῆν.

504 3748 670 3821 Ἀνὴρ
698 3748 961 3817 φρόνιμος
989 3743 1159 3798 πολλά
1185 3742 1472 3812 ὑποφέρει.

495 3839 866 3911 Μακρόθυμος
896 3836 1034 3908 ἀνὴρ
1078 3833 1411 3889 κατασϐέσει
1439 3832 1672 3904 κρίσεις,
1702 3834 1730 3886 ὁ
1761 3831 1820 3886 δὲ
1852 3830 1977 3886 ἀσε-

423 3936 523 4006 6ὴς
554 3934 754 4003 ἐγείρει
785 3930 1004 4002 μᾶλλον.
1311 3994 1319 4005 κ

495 4027 860 4096 Μακρόθυμος
884 4024 1025 4093 ἀνὴρ
1056 4020 1225 4085 πολὺς
1247 4022 1305 4074 ὲν
1326 4020 1585 4091 φρονήσει
1619 4021 1669 4073 ’ὁ
1695 4017 1755 4073 δὲ
1789 4017 1975 4087 ὀλιγὸ-

423 4122 591 4191 ψυχος
626 4117 837 4188 ἰσχυρὸς
868 4115 1080 4186 ἄφρων.
1408 4118 1417 4123 ’

488 4213 787 4281 Κρείσσων
814 4210 952 4280 ἀνὴρ
982 4206 1331 4277 μακρόθυμος
1357 4192 1601 4277 ίσχυροῦν
1623 4204 1653 4256 δ
1673 4202 1731 4258 δὲ
1758 4201 1978 4274 κρατῶν

426 4305 596 4378 ὀργῆς
643 4302 913 4371 κρείσσων
957 4298 1464 4368 καταλαμϐάνοντος
1520 4297 1697 4351 πόλιν.

507 4396 630 4449 Ἐὰν
667 4392 967 4463 ὑστερήσῃ,
999 4390 1286 4459 ὑπόμεινον
1334 4387 1517 4452 αὑτὸν,
1561 4388 1646 4440 ὃτι
1682 4386 1977 4457 ἐρχόμενος

424 4488 567 4559 ἥξει,
588 4488 686 4540 καὶ
707 4486 766 4539 οὐ
790 4486 1015 4556 χρονιεῖ.
1410 4556 1419 4559 Α
1680 4490 1687 4497 ’

512 4580 836 4648 ’Υπόμεινόν
864 4593 953 4647 με,
983 4575 1134 4642 λέγει
1170 4556 1495 4642 Κύρως,’ὲν
1515 4568 1701 4643 ἡμέρᾳ
1738 4568 1980 4625 ἀναστὰ-

430 4671 566 4735 σεώς
595 4689 695 4741 μου
730 4672 808 4733 είς
845 4668 1161 4741 μαρτύριον.
1421 4653 1426 4663 ’

501 4762 749 4833 Χρηστδς
780 4760 985 4832 Κύριος
1027 4761 1141 4821 τοῖς
1185 4755 1544 4827 ὑπομένουσιν
1573 4754 1752 4826 αὑτὺνι
1774 4757 1834 4809 ιν
1862 4771 1987 4809 και-

431 4854 510 4926 ρῷ
533 4854 765 4923 θλίψεως
796 4890 811 4918 ,
845 4855 938 4907 καὶ
968 4848 1249 4920 γινώσκων
1279 4847 1405 4911 τοὺς
1430 4845 1863 4916 εὐλαϐουμένους
1888 4842 1989 4897 αὑ-

426 4943 539 4995 τόν.

498 5034 560 5086 Οί
610 5033 974 5102 ὑπομένοντες
1026 5032 1117 5084 τὸν
1170 5028 1378 5100 Κύριον
1429 5024 1758 5089 ἀλλάξουσιν
1801 5023 1980 5094 ίσχὺν,

427 5128 899 5197 πτεροφυήσουσιν
943 5122 1019 5186 ὡς
1054 5123 1235 5187 ἀετοὶ,
1261 5119 1597 5191 δραμοῦνται
1647 5116 1744 5172 καὶ
1781 5116 1844 5171 οὑ
1896 5133 1988 5172 κο-

430 5222 685 5275 πιάσουσι
708 5258 724 5285 ,
759 5215 1073 5288 βαδιοῦνται
1105 5215 1201 5268 καὶ
1235 5216 1296 5266 οὑ
1330 5211 1705 5268 πεινάσουσιν.

510 5398 740 5468 ’Δγαθδς
781 5395 989 5467 Κύριος
1036 5394 1152 5456 τοῖς
1194 5392 1563 5461 ὑπομένουσιν
1589 5351 1774 5444 αὑτύν.

497 5489 735 5555 Τεκνία,
794 5484 1261 5557 μακροθυμήσατε
1305 5483 1409 5553 τὴν
1462 5478 1803 5534 ἐπελθοῦσαν
1853 5480 1985 5552 ὑμῖν

427 5580 616 5635 ὀργήν.

460 5597 646 5734 ρϊὲϊύς
671 5667 865 5739 καιροῦ
913 5665 1161 5733 ἀνέξεται
1214 5664 1600 5736 μακρόθυμοςν
1635 5663 1728 5719 καὶ
1757 5663 1983 5734 ὕστερον

438 5760 693 5819 ἀναδύσει
725 5758 870 5823 αὑτῷ
892 5758 1221 5825 εὐφροσύνη,
1257 5757 1362 5824 ἕως
1395 5756 1591 5828 καιροῦ
1623 5754 1823 5829 κρύψει
1854 5756 1982 5823 τοὺς

2084 3186 2481 3244 numerabitur.

2155 3278 2308 3334 Psal.
2373 3292 2455 3334 nt.
2511 3274 2830 3347 Quicunque
2874 3276 3142 3346 patienter
3194 3287 3247 3331 te
3311 3282 3640 3345 exspectant.

2084 3372 2328 3440 Domine,
2348 3371 2384 3427 ii
2409 3384 2683 3440 nunquam
2702 3368 2965 3426 dedecore
2980 3369 3298 3428 alﬁcientur.

2159 3465 2314 3520 Prov.
2342 3479 2452 3519 xtv.
2486 3463 2755 3519 Patienter
2773 3462 3059 3516 Dominum
3080 3469 3410 3529 exspectato.
3432 3468 3486 3514 et
3505 3458 3639 3513 viam

2083 3557 2202 3625 ejus
2232 3555 2540 3618 obsonato,
2575 3562 2629 3608 et
2655 3553 2768 3621 ipse
2800 3562 2853 3607 te
2877 3552 3115 3613 extollet.
3148 3562 3209 3607 ut
3234 3562 3432 3606 terrain
3470 3552 3639 3621 possi-

2079 3648 2236 3703 deas.

2153 3736 2398 3793 Prudens
2424 3735 2590 3791 multa
2622 3732 2744 3787 fert.

2152 3827 2282 3883 Leni
2309 3828 2491 3881 animo
2519 3824 2777 3893 praeditus
2800 3821 2919 3878 lites
2940 3833 3195 3879 accensas
3216 3819 3530 3890 etsunguit,
3547 3822 3639 3877 sed

2085 3920 2286 3988 impius
2317 3915 2487 3985 magis
2512 3916 2734 3969 excitat.

2154 4009 2506 4081 Longanimis
2541 4006 2785 4062 'mnltum
2833 4003 3133 4075 prudentiae
3177 4002 3381 4061 habet:
3415 4004 3639 4074 pusilla-

2084 4104 2246 4161 nimis
2278 4110 2457 4156 autem
2485 4097 2641 4154 valde
2672 4097 2872 4153 stultus
2900 4104 3003 4151 est.

2154 4194 2314 4249 Lenis
2341 4190 2467 4246 forti
2497 4196 2716 4261 praestat
2740 4204 2755 4242 :
2788 4198 2844 4243 et
2869 4187 2962 4243 ira:
2986 4184 3076 4256 qui
3102 4184 3334 4256 inperat
3355 4185 3527 4255 major
3554 4198 3642 4242 est.

2086 4289 2301 4343 urbium
2335 4293 2723 4355 expugnatam.

2159 4377 2392 4433 Nahum.
2430 4375 2486 4431 Si
2526 4373 2841 4437 tardaverit,
2897 4382 3075 4424 tamen
3119 4378 3449 4441 exspectato,
3505 4371 3635 4443 quia

2011 4476 2063 4543 Ι)
2088 4480 2236 4527 certo
2267 4468 2470 4533 veniet,
2502 4481 2603 4522 nec
2634 4461 3071 4532 procrastinabit.

2156 4564 2420 4633 Exspecta
2467 4576 2574 4623 me,
2606 4558 2780 4627 inquit
2809 4557 3085 4622 Dominus,
3114 4557 3169 4613 in
3226 4556 3315 4614 die
3365 4573 3640 4616 resurrec-

2084 4655 2251 4711 tionis
2274 4667 2408 4708 meze
2437 4652 2491 4705 in
2521 4648 2912 4705 testimonium.

2156 4743 2389 4799 Halach.
2422 4757 2503 4798 ιιι.
2538 4740 2811 4808 Benignus
2834 4746 2921 4796 est
2952 4737 3214 4795 Dominus
3240 4739 3304 4792 iis
3338 4738 3429 4808 qui
3461 4738 3638 4807 ipsum

2085 4843 2408 4908 exspectant
2455 4848 2580 4889 cum
2628 4843 2971 4902 premuntur,
3020 4842 3075 4888 et
3110 4831 3357 4901 agnoscit
3392 4831 3640 4903 timentes

2084 4946 2230 4985 eum.
2466 4986 2491 5008 ι

2159 5020 2272 5077 Ira.
2305 5036 2394 5075 ιι..
2425 5017 2529 5084 Qui
2561 5016 2850 5072 Dominum
2880 5021 3145 5083 spectant,
3172 5012 3316 5069 vires
3358 5022 3639 5068 renovatas

2086 5114 2393 5182 accipient;
2426 5110 2727 5180 aquilarum
2759 5121 2912 5162 more
2952 5106 3355 5161 rennvabuutur
3390 5105 3468 5159 eis
3493 5105 3591 5158 ala:
3620 5121 3637 5159 :

2086 5214 2330 5271 current,
2354 5215 2458 5257 nec
2484 5200 2854 5271 fatigabuutur
2883 5214 2899 5252 :
2929 5195 3371 5259 deatnbulabunt,
3389 5208 3487 5249 nec
3511 5208 3638 5249 esu-

2086 5298 2250 5354 πίθοι.

2157 5390 2340 5446 Bonus
2368 5396 2453 5443 est
2480 5385 2741 5442 Dominus
2771 5384 2839 5441 iis
2857 5384 2949 5453 qui
2986 5381 3162 5451 ipsum
3193 5384 3533 5447 exspectant.

2154 5481 2388 5537 Baruch.
2418 5494 2492 5536 tv.
2522 5477 2727 5544 Filioli,
2754 5476 2946 5531 leniter
2985 5472 3121 5529 ferte
3161 5470 3298 5527 iram
3349 5483 3512 5539 super
3543 5481 3639 5525 vos

2086 5586 2391 5631 venturam.

2156 5667 2322 5723 Eccli.
2355 5666 2433 5721 Ad
2471 5676 2683 5732 tempus
2714 5658 3031 5729 patientiam
3065 5654 3340 5727 praestabit
3362 5652 3470 5708 leni
3500 5667 3639 5723 prae-

2086 5762 2229 5818 ditus
2279 5760 2483 5825 animo,
2533 5763 2720 5827 postea
2755 5752 2804 5809 ci
2857 5752 3114 5811 ederetur
3162 5749 3367 5813 laetitia,
3403 5758 3640 5819 tempore
