4062 6222
531 351 664 416 1215

1759 347 2073 410 ΑΝΤΟΝΙΙ
2111 347 2454 409 ΜΕΙᾸΞΞΒ

3607 341 3750 406 1216

524 469 826 537 pDStulante
851 465 1145 521 occultabit
1171 478 1452 521 sermones
1498 480 1652 532 suos,
1695 473 1750 520 et
1781 458 2073 519 multorum

2174 462 2365 531 λόγους
2388 458 2575 526 αὑτοῦ,
2605 448 2700 514 καὶ
2728 457 2884 529 χείλη
2917 455 3128 552 πολλξῖιν
3161 455 3551 528 ἑκδιηγήσεται
3586 458 3748 525 σύνε-

522 562 683 616 labiis
715 558 1054 614 enarrabitur
1085 557 1370 626 prudentia
1401 556 1541 626 eius.

599 656 702 720 Qui
732 662 976 707 metuunt
1009 651 1319 712 Dominum.
1357 660 1658 721 praeparant
1703 653 1914 706 animas
1938 665 2086 714 suas,

523 762 589 801 ac
621 749 672 800 itt
703 754 992 814 conspectu
1020 744 1134 813 ejus
1183 744 1543 800 humiliabunt
1587 743 1796 798 animas
1840 757 1990 809 suas,
2035 756 2090 802 et

528 840 747 895 lenitate
772 847 990 892 utentur
1025 852 1198 907 usque
1241 837 1306 890 ad
1342 845 1554 906 tempus
1596 834 1922 890 visitationis
1950 833 2086 902 ejus.

583 1025 746 1096 248
775 1023 897 1084 Fili.
925 1024 970 1077 si
988 1024 1189 1078 servire
1207 1019 1436 1074 Domino
1457 1018 1716 1083 instituis,
1741 1018 1806 1072 ad
1840 1016 2092 1072 tentatio-

515 1135 635 1172 nem
664 1120 905 1171 animum
947 1125 1096 1169 tuum
1139 1121 1431 1184 praeparato
1464 1129 1480 1167 :
1511 1125 1714 1167 rectum
1746 1125 1841 1166 cor
1868 1109 2086 1173 habeto,

513 1219 568 1264 et
593 1211 902 1277 perdurato.

589 1301 716 1355 Vide
741 1316 805 1354 ne
842 1300 1062 1354 festines
1092 1306 1332 1364 tempore
1371 1292 1692 1349 calamitatis
1725 1299 2076 1362 ;exspectato

517 1394 782 1461 patienter
812 1393 998 1453 Deum,
1025 1405 1088 1444 ac
1109 1388 1183 1442 illi
1207 1386 1582 1453 adhaerescito,
1606 1395 1663 1440 ut
1691 1384 1755 1440 ad
1782 1394 2083 1440 extremum

517 1485 651 1537 bene
682 1483 775 1536 tibi
804 1483 980 1536 cedat.

591 1573 834 1629 Lenitate
867 1576 919 1628 itt
947 1573 1321 1645 respondendo
1345 1571 1528 1626 utitor.

585 1665 1015 1737 Haudquaquam
1049 1666 1282 1720 tardabit
1318 1664 1577 1732 patientia
1607 1661 1704 1732 pii.

589 1759 752 1813 Eccli.
781 1776 835 1812 x.
868 1759 970 1824 Qui
1004 1758 1399 1825 perseverarint
1421 1770 1589 1825 usque
1610 1754 1663 1808 in
1702 1752 1886 1818 finem,
1920 1752 1967 1808 is
1999 1766 2088 1809 sa-

520 1850 688 1903 lutem
747 1858 1129 1915 consequetur.

589 1935 717 1988 Luc.
753 1952 864 1990 XXI.
887 1934 1149 1991 Patientia
1179 1945 1354 1992 vestra
1384 1937 1638 2004 nitentes,
1666 1936 1936 2007 possidete
1956 1933 2078 1988 ani-

516 2043 631 2080 mas
655 2036 880 2082 vestras.

588 2112 775 2183 Ephes.
811 2133 882 2171 tv.
919 2115 1155 2173 Obsecro
1183 2133 1300 2184 vos,
1328 2116 1550 2182 fratres,
1577 2131 1675 2186 ego
1701 2116 1790 2186 qui
1834 2117 2080 2187 captivus

511 2224 628 2262 sum
657 2216 708 2260 et
741 2207 950 2261 vinctus
977 2206 1189 2262 Domini
1213 2209 1453 2271 nomine,
1487 2213 1567 2270 ut,
1614 2205 1772 2260 sicuti
1805 2211 1890 2259 est
1917 2219 2078 2259 voca-

511 2300 656 2352 tione
685 2309 856 2352 vestra
881 2300 1124 2370 dignum,
1152 2297 1438 2352 atubuletis
1459 2311 1583 2352 cum
1611 2295 1756 2350 omni
1786 2296 2075 2362 modestia,

513 2391 924 2446 mansuetudine
970 2399 1023 2447 et
1052 2391 1296 2460 lenitate,
1327 2390 1563 2446 ferentes
1601 2403 1696 2444 vos
1737 2387 1963 2444 invicem
2021 2388 2076 2444 in

512 2486 796 2545 citaritate.

583 2571 768 2626 Facite
787 2587 853 2626 ne
875 2579 1104 2627 vestram
1131 2572 1186 2626 in
1209 2570 1440 2626 dicendo
1457 2571 1761 2626 libertatem
1787 2568 2078 2636 amittatis,

512 2681 632 2734 qum
651 2680 896 2733 magnam
926 2665 1085 2719 habet
1105 2665 1430 2718 mercedem.
1456 2663 1719 2720 Patientia
1745 2663 1888 2717 enim
1911 2661 2066 2716 vobis

515 2773 648 2825 opus
669 2767 769 2820 est,
796 2768 857 2811 ttt
879 2757 1137 2812 voluntati
1160 2757 1352 2811 divinae
1373 2755 1823 2826 obtemperantes,
1848 2755 2078 2824 promis-

515 2849 694 2902 siones
725 2849 1023 2918 accipiatis.

585 2941 777 2995 Certus
823 2951 906 2996 est
948 2955 1169 2996 sermo:
1202 2941 1244 2996 si
1284 2941 1608 2996 commortui
1655 2956 1865 3007 sumus,
1883 2939 2074 2994 convi-

514 3047 702 3086 ventus
749 3033 957 3087 etiam:
1016 3033 1060 3086 si
1103 3031 1342 3103 patimur
1405 3033 1704 3103 patienter,
1759 3048 1865 3086 una
1909 3032 2072 3086 etiam

515 3124 882 3191 regnabitnus.

2193 575 2279 610 σιν
2309 556 2496 610 αὑτοῦ.

2260 655 2324 707 Οἱ
2357 651 2678 722 φοϐούμενοι
2719 650 2810 704 τὸν
2852 650 3054 720 Κύριον
3110 649 3461 716 ἐτοιμάσουσι
3494 649 3598 712 τὰς
3647 648 3746 717 ψυ-

2189 746 2289 816 χὰς
2324 744 2539 807 αὑτῶν,
2587 744 2682 796 καὶ
2735 741 2966 795 ἐνώπιον
2997 739 3164 794 αὑτοῦ
3207 738 3611 792 ταπεινώσουσι
3653 739 3746 804 τὰς

2186 835 2364 906 ψυχὰς
2397 834 2596 898 αὐτῶν,
2628 833 2722 887 καὶ
2752 833 3268 904 μακροθυμήσουσιν
3298 831 3403 893 ἓως
3445 831 3745 900 ἐπισκοπῆς

2187 925 2373 980 αὑτοῦ.

2258 1017 2479 1078 Τέκνον,
2521 1019 2570 1070 εί
2607 1017 2883 1088 προσέρχῃ
2931 1015 3204 1068 δουλεύειν
3243 1013 3323 1083 τῷ
3357 1014 3570 1082 Κυρίῳ,
3601 1012 3746 1064 ἑτοί-

2191 1125 2360 1179 μασον
2395 1109 2494 1178 τὴν
2543 1108 2722 1179 ψυχήν
2756 1127 2849 1163 σου
2905 1110 2983 1170 εἰς
3019 1109 3354 1178 πειρασμόν·
3389 1105 3615 1159 εὑθυνον
3637 1104 3749 1174 ’τὴν

2185 1199 2412 1268 καρδίαν
2451 1218 2568 1265 σου,
2595 1201 2690 1256 καὶ
2717 1202 3078 1270 καρτέρησον.

2255 1293 2350 1364 Μὴ
2382 1295 2626 1364 σπεύσῃς
2683 1296 2740 1346 ὲν
2799 1294 2984 1363 καιρῷ
3035 1292 3374 1361 ἐπαγωγῆςο
3432 1292 3614 1358 μεῖνον
3653 1288 3750 1358 τὴν

2184 1387 2483 1455 ἀναμονὴν,
2517 1386 2612 1439 καὶ
2672 1385 2967 1455 κολλήθητι
3024 1384 3192 1453 αὐτῷ,
3229 1384 3320 1435 καὶ
3356 1383 3432 1452 μὴ
3480 1382 3750 1447 ἀποστῇς,

2187 1476 2278 1531 ἴνα
2328 1473 2570 1546 αὑξηθῇς
2599 1474 2686 1529 ἐπ’
2713 1478 2958 1546 ἐσχάτων
3000 1492 3120 1529 σου.

2267 1569 2360 1622 Ἐν
2395 1569 2752 1640 μακροθυμίᾳ
2781 1570 3021 1637 φθέγγου
3055 1570 3374 1640 ἀπόκρισιν.

2255 1662 2330 1716 Οὑ
2373 1661 2448 1732 μὴ
2477 1662 2859 1734 καθυστερήσῃ
2891 1661 3138 1732 ὑπομονὴ
3179 1660 3456 1723 εὐσεϐοῦς.

2269 1753 2328 1807 '0
2355 1753 2657 1826 ὑπομείνας
2691 1756 2772 1818 είς
2811 1755 2988 1820 τέλος,
3029 1750 3182 1816 οὗτος
3205 1755 3531 1826 σωθήσεται.

2258 1933 2346 1987 Ἑν
2363 1936 2428 2006 τῇ
2460 1935 2706 2007 ὑπομονῇ
2730 1935 2886 2004 ὑμῶν
2906 1935 3180 2006 κτήσασθε
3209 1937 3309 2000 τὰς
3339 1937 3518 2008 ψυχὰς
3550 1939 3745 2009 ὑμῶν.

2249 2109 2564 2180 Παρακαλῶ
2590 2111 2756 2176 ὑμᾶς,
2797 2109 3037 2178 ἀδελφοὶ,
3060 2109 3169 2178 ἐγὼ
3195 2114 3223 2164 6
3263 2113 3483 2181 δέσμιος
3522 2115 3584 2166 ἐν
3624 2115 3747 2169 Κυ-

2181 2203 2301 2274 ρίῳ,
2347 2203 2512 2270 ἀξίως
2537 2204 2914 2274 περιπατῆσαι
2949 2205 3047 2274 τῆς
3077 2204 3324 2275 κλήσεως
3359 2201 3423 2278 ἧς
3452 2206 3746 2277 ἐκλήθητε,

2131 2287 2138 2296 ’
2180 2294 2319 2362 μετά
2364 2296 2546 2362 πάσης
2607 2293 3110 2365 ταπεινοφροσύνης
3157 2297 3250 2350 καὶ
3291 2298 3616 2368 πραότητος,
3641 2317 3744 2366 με-

2175 2386 2246 2440 τά
2291 2388 2702 2460 μακροθυμίας,
2745 2388 3068 2458 ἀνεχόμενοι
3116 2387 3363 2458 ἀλλήλων
3413 2391 3472 2442 ὲν
3522 2391 3742 2464 ἀγάπῃ.

2247 2564 2338 2635 Μὴ
2363 2565 2676 2637 ἀποϐάλητε
2702 2567 2803 2635 τὴν
2826 2562 3139 2634 παρρησίαν
3161 2563 3474 2634 ὑμῶν,ἧτις
3505 2567 3617 2638 ἔχει
3642 2587 3740 2638 με.

2174 2657 2350 2727 γάλην
2383 2658 2826 2727 μισθαποδοσίαν.
2865 2653 3177 2724 ’Υπομονῆς
3201 2655 3310 2725 γὰρ
3339 2657 3494 2726 ἔχετε
3522 2660 3740 2729 χρείαν,

2174 2748 2267 2802 ἴνα
2296 2749 2356 2802 τὸ
2389 2749 2598 2820 θέλημα
2620 2748 2716 2802 τοῦ
2750 2748 2886 2802 Θεοῦ
2916 2748 3270 2817 ποιήσαντες,
3299 2751 3602 2823 κομίσησθε
3632 2755 3736 2818 τὰς

2173 2841 2530 2910 ἐπαγγελίας.
2693 2827 2697 2831 ’

2246 2935 2443 2997 Πιστὸς
2481 2939 2509 2991 6
2557 2939 2734 3007 λόγος.
2783 2939 2848 2991 Et
2877 2939 2986 3012 γὰρ
3013 2932 3488 3010 συναττεθᾶνομεν,
3516 2943 3610 2995 καὶ
3639 2959 3734 2996 συ-

2174 3027 2433 3099 ζήσομεν·
2469 3032 2522 3120 εί
2548 3033 2914 3104 ὑπομένομεν,
2951 3036 3048 3088 καὶ
3094 3034 3626 3107 συμϐασιλεύσομεν.

583 3212 756 3268 Omne
780 3214 1029 3283 gaudium
1055 3215 1378 3279 existimate,
1402 3215 1597 3271 fratres
1630 3215 2072 3285 mei‘praadilecti,

2255 3208 2439 3261 Πᾶσαν
2468 3209 2646 3278 χαρὰν
2687 3211 2992 3282 ἡγήσασθε,
3028 3213 3249 3283 ἀδελφοί
3287 3231 3387 3283 μου
3433 3214 3731 3286 ἀγαπητοὶ,

519 3305 564 3357 si
602 3304 653 3356 itt
682 3305 1005 3359 tentationes
1035 3306 1212 3361 varias
1252 3305 1570 3370 iucideritis,
1613 3307 1745 3361 illud
1780 3321 1886 3359 non
1919 3305 2075 3375 igno-

515 3406 697 3450 rantes
724 3435 739 3459 ,
800 3396 1171 3464 probationem
1215 3397 1337 3452 fidei
1384 3406 1575 3452 vestra:
1612 3397 1882 3468 patientia:
1919 3398 2078 3453 οπεο-

512 3486 703 3539 tricent
753 3498 874 3540 esse
927 3502 944 3540 :
992 3486 1250 3555 patientia
1298 3496 1475 3541 autem
1525 3482 1824 3557 perfectum
1885 3486 2076 3542 habeat

512 3592 672 3644 opus,
703 3586 755 3630 ttt
789 3577 1011 3645 perfecti
1038 3577 1160 3631 sitis
1181 3586 1236 3632 et
1259 3577 1473 3648 integri,
1502 3577 1644 3631 nulla
1667 3592 1726 3630 re
1751 3578 2071 3647 indigentes.

583 3654 898 3737 Beatus'qui
932 3677 1169 3723 tentatur
1220 3677 1274 3724 et
1307 3668 1577 3739 patienter
1603 3667 1708 3723 fert
1740 3685 1754 3722 :
1793 3670 1916 3739 quia
1947 3683 2072 3738 pro-

513 3759 672 3814 batus
713 3776 835 3815 cum
897 3759 1079 3826 fuerit,
1129 3760 1252 3815 vita:
1302 3775 1560 3816 coronam
1610 3759 1860 3829 accipiet,
1904 3775 2070 3830 quam

515 3849 659 3907 Deus
689 3852 760 3908 iis
790 3853 1058 3924 promislt,
1089 3853 1182 3923 qui
1213 3853 1441 3922 diligunt
1469 3854 1668 3922 ipsum.

581 4023 642 4077 11
702 4025 846 4079 Petr.
911 4040 971 4081 tt.
1005 4025 1117 4080 Hoc
1144 4027 1317 4096 gratia
1376 4034 1477 4091 est,
1547 4025 1594 4082 si
1624 4027 1763 4083 bona
1791 4029 2070 4086 conscien-

512 4117 582 4171 tia
616 4117 739 4186 quis
765 4117 978 4172 dolores
1004 4117 1240 4186 patiatur
1282 4118 1486 4187 inique.
1532 4117 1664 4184 Quae
1709 4121 1850 4176 enim
1898 4121 2066 4190 gloria

2173 3297 2302 3351 ὅταν
2324 3301 2650 3368 πειρασμοῖς
2704 3303 3047 3371 περιπέσητε
3109 3302 3397 3364 ποικίλοις,
3436 3305 3734 3370 γινώσκον-

2174 3407 2268 3453 τες
2310 3392 2398 3443 ὅτι
2435 3392 2680 3462 δοκίμιον
2714 3392 2866 3463 ὑμῶν
2909 3395 3005 3462 τῆς
3047 3393 3282 3456 πίστεως
3331 3395 3731 3464 κατεργάζεται

2175 3483 2487 3552 ὑπομονὴν,
2548 3483 2581 3553 ή
2633 3485 2689 3538 δὲ
2747 3487 2995 3556 ὑπομονὴ
3052 3488 3216 3557 ἔργον
3262 3486 3470 3540 τέλειον
3516 3488 3731 3557 ἐχέτω,

2174 3576 2261 3630 ἵνα
2309 3573 2408 3648 ἦτε
2458 3578 2650 3632 τέλειοι
2703 3580 2798 3633 καὶ
2849 3580 3157 3652 ὁλόκληροι,
3213 3585 3270 3636 ὲν
3322 3583 3518 3653 μηδενὶ
3545 3581 3731 3636 λειπόο

2174 3682 2347 3736 μενοι,

2241 3758 2527 3829 Μακάριος
2554 3760 2694 3833 ἀνὴρ
2726 3762 2784 3826 ὃς
2816 3764 3081 3832 ὑπομένει
3115 3765 3440 3838 πειρασμόν
3476 3766 3558 3819 ὅτι
3588 3767 3730 3820 δόκι-

2184 3866 2282 3917 μος
2321 3851 2608 3920 γενόμενος
2633 3852 2861 3925 λήψεται
2890 3857 2981 3910 τὸν
3011 3859 3270 3924 στέφανον
3313 3861 3411 3928 τῆς
3454 3859 3624 3928 ζωῆς,
3667 3859 3728 3912 6v
3828 3914 3838 3926 ,

2169 3941 2535 4010 ἐπηγγείλατο
2572 3947 2600 3998 ὁ
2624 3945 2756 4010 Θεὸς
2787 3948 2900 4011 τοῖς
2929 3949 3216 4016 ἀγαπῶσιν
3246 3951 3424 4004 αὑτὸν.

2252 4033 2424 4089 Τοῦτο
2474 4037 2662 4107 χάρις,
2703 4038 2751 4090 εί
2807 4037 2893 4092 διὰ
2952 4041 3250 4114 συνείδησιν
3316 4043 3529 4112 ἀγαθὴν
3595 4046 3726 4098 ὑπο-

2168 4127 2322 4197 φέρει
2376 4145 2462 4192 τις
2522 4127 2738 4192 λύπας,
2796 4130 3018 4200 πάσχων
3086 4132 3304 4195 ἀδίκως.
3365 4136 3523 4186 Ποῖον
3595 4136 3723 4205 ὑμῖν

509 4218 615 4273 est,
679 4211 722 4263 si
777 4218 1062 4278 peccantes
1105 4209 1349 4280 colaphis
1391 4211 1658 4266 caedimini
1699 4222 1751 4266 et
1783 4214 2068 4282 patimini?

2174 4218 2340 4287 κλέος,
2374 4220 2424 4272 εί
2469 4218 2870 4291 ἁμαρτάνοντες
2903 4223 2997 4274 καὶ
3048 4225 3465 4294 κολαφιζόμενοι
3520 4229 3722 4299 dmps-

509 4299 614 4354 Sed
639 4301 682 4354 si
707 4299 1105 4355 henefacientes
1124 4300 1352 4355 cruciati
1375 4302 1639 4371 patienter
1659 4301 1835 4367 fertis,
1855 4303 1907 4358 id
1935 4318 2066 4360 sane

2174 4327 2284 4363 νετε
2309 4327 2326 4379 ;
2371 4310 2510 4364 Ἀλλ’
2544 4313 2594 4364 εί
2653 4312 3109 4380 ἀγαθοποιοῦντες
3137 4317 3230 4370 καὶ
3259 4319 3562 4389 πάσχοντες
3589 4324 3718 4375 ὑπο-

507 4402 717 4462 gratutn
746 4399 829 4448 est
861 4391 990 4447 Deo.

579 4482 634 4537 Si
663 4483 840 4552 justus
869 4485 960 4539 vix
988 4485 1218 4540 salutem
1264 4485 1638 4556 consequitur,
1682 4485 1980 4544 sceleratus
2007 4495 2063 4543 et
2093 4501 2157 4556 η·

508 4574 707 4643 impius
739 4575 828 4628 ubi
857 4576 1230 4645 comparebit?

577 4657 634 4721 S.
654 4667 873 4737 Ignatii.
891 4665 1144 4722 Firmiter
1164 4669 1292 4722 dum
1313 4668 1560 4733 caederis,
1585 4677 1645 4725 ut
1692 4671 1850 4728 incus
1895 4681 2058 4728 stato.

2167 4401 2382 4472 μένετε,
2425 4401 2584 4458 τοῦτο
2615 4405 2774 4474 χάρις
2803 4405 2953 4474 παρὰ
2985 4406 3123 4475 Θεῷ.

2245 4491 2309 4544 El
2362 4491 2392 4544 6
2422 4492 2630 4556 δίκαιος
2675 4493 2829 4562 μόλις
2887 4493 3142 4562 σώζεται,
3191 4497 3221 4550 6
3270 4499 3596 4570 ἁμαρτωλὸς
3627 4505 3717 4559 καὶ

2161 4581 2364 4654 ἀσεϐὴς
2391 4583 2494 4636 ποῦ
2523 4584 2771 4654 φανεῖται
2795 4603 2812 4653 ;

2249 4674 2425 4741 Στῆκε
2452 4674 2528 4738 ὡς
2565 4675 2760 4746 ἄκμων
2802 4680 3155 4751 τυπτόμενος.
3192 4683 3448 4751 Μεγάλου
3479 4685 3715 4756 ἀθλητοὺ

504 4756 764 4811 Generosi
794 4765 876 4810 est
905 4756 1120 4810 athleta:
1147 4756 1278 4812 caedi
1303 4767 1360 4812 et
1389 4759 1637 4815 vincere:
1670 4765 1902 4817 maxime
1931 4778 2061 4818 vero

2174 4763 2284 4817 ἐστι
2312 4764 2568 4837 δέρεσθαι
2618 4770 2716 4820 καὶ
2747 4771 2901 4840 νικᾷν
2923 4787 2940 4802 ’
2985 4771 3220 4840 μάλιστα
3259 4775 3313 4827 δὲ
3361 4777 3551 4830 ἕνεκεν
3583 4779 3716 4832 Θεοῦ

502 4858 723 4917 prOpter
756 4848 922 4902 Deum
977 4847 1135 4901 nobis
1167 4848 1348 4902 omnia
1407 4849 1624 4906 ferenda
1657 4861 1804 4918 sunt,
1840 4863 1897 4908 ut
1940 4853 2057 4924 ipso

505 4951 598 4964 ιιι...
629 4936 758 4964 1⁵...ηιο
1754 4939 1779 4964 ο

2174 4855 2341 4909 πάντα
2391 4857 2535 4928 ἡμᾶς
2592 4859 2882 4930 ὑπομένειν
2929 4860 3029 4928 δεῖ,
3085 4864 3172 4916 ἵνα
3225 4868 3318 4919 καὶ
3372 4869 3536 4932 αὐτὸς
3571 4871 3710 4941 ήμᾶς

503 4951 600 4990 nos
628 4936 780 4992 ferat.

574 5028 851 5083 Patiemer
893 5029 985 5084 alii
1017 5031 1153 5086 alios
1183 5017 1304 5086 cum
1337 5031 1750 5089 mansuetudine
1790 5034 2056 5104 patimini,

503 5131 562 5178 ut
585 5135 799 5190 semper
829 5119 969 5176 Deus
995 5137 1092 5176 vos
1118 5123 1313 5178 leniter
1343 5122 1499 5178 ferat.

515 5259 528 5275 .
571 5212 628 5269 S.
660 5212 870 5268 Basilii.
906 5211 1009 5279 Qui
1028 5214 1354 5270 demissione
1376 5215 1541 5270 animi
1559 5231 1686 5272 suas
1705 5217 2057 5289 cOgitationes

2165 4946 2453 5020 ὑπομείνῃ.

2153 5051 2165 5072 ·
2243 5037 2661 5108 Μακροθυμεῖτε
2719 5040 2840 5110 μετ’
2880 5041 3121 5113 ἀλλήλων
3156 5046 3213 5098 ἐν
3249 5050 3542 5119 πραΰτητι,
3577 5051 3650 5115 ὡς
3681 5055 3706 5105 6

2161 5127 2292 5190 Θεὸς
2330 5129 2449 5198 μεθ’
2482 5129 2642 5200 ήμῶν
2673 5130 2984 5196 διαπαντός.

2245 5219 2306 5273 Ὀ
2366 5223 2431 5294 τῇ
2495 5229 2964 5300 ταπεινοφροσύνῃ
3001 5233 3126 5294 τοὺς
3163 5231 3358 5286 ἑαυτοῦ
3415 5232 3709 5307 λογισμοὺς

498 5308 889 5378 ριίειηυιιὶθινίι,
923 5307 1064 5377 apud
1099 5307 1264 5362 Deum
1297 5307 1474 5364 minus
1501 5311 1785 5365 dedecoris
1814 5312 2054 5368 inveniet

2174 5310 2557 5381 τροκατασχὼν
2591 5314 2772 5367 πᾶσαν
2802 5317 3029 5386 ἀτιμίαν
3072 5320 3331 5376 ιλάττονα
3364 5324 3590 5396 εὑρήσει
3615 5327 3706 5396 τῆς

497 5417 656 5468 quam
701 5415 884 5456 revera
916 5401 1111 5454 habeat
1141 5417 1155 5453 :
1189 5415 1253 5456 ac
1275 5415 1343 5455 ex
1371 5403 1628 5471 patientia
1659 5403 1764 5458 sibi
1796 5419 2052 5459 coronam

2174 5400 2458 5471 ἱληθείας·
2493 5405 2589 5459 καὶ
2631 5406 2723 5461 τὸν
2775 5408 2882 5462 ἀπὸ
2927 5413 3026 5481 τῆς
3075 5413 3361 5487 ὑπομονῆς
3390 5419 3706 5488 προξενήσει

496 5495 727 5561 parabit,
760 5494 984 5550 alterius
1011 5495 1275 5551 insaniam
1299 5509 1412 5549 suae
1443 5495 1752 5552 securitatis
1781 5505 1836 5551 et
1858 5497 2055 5566 quietis

2174 5493 2332 5564 εαυτῷ
2363 5493 2626 5563 στέφανον
2654 5538 2669 5563 ,
2720 5498 2820 5569 τὴν
2857 5500 3048 5572 ἑτέρου
3105 5505 3306 5573 μανίαν
3337 5510 3597 5581 ἀφορμὴν
3630 5509 3705 5562 οι-

495 5598 718 5640 causam
747 5586 971 5642 faciens.

565 5674 700 5728 Cum
740 5675 903 5744 igitur
931 5678 995 5730 ad
1025 5678 1266 5734 convicia
1297 5679 1561 5746 incitaris,
1590 5680 1761 5748 teipse
1808 5681 1862 5736 in
1901 5681 2047 5752 judi-

2154 5584 2308 5647 κείας
2339 5587 2640 5656 ἀσφαλείας
2670 5589 3011 5661 ποιούμενος.

2241 5678 2306 5730 '0
2365 5677 2430 5749 if.
2487 5679 2639 5752 ὅταν]
2701 5681 2794 5735 οὑν
2845 5701 2928 5738 σοι
2973 5688 3168 5759 κινηθῇ
3216 5693 3244 5744 6
3290 5693 3388 5764 τῆς
3434 5693 3699 5767 λοιδορίας

491 5763 636 5818 ciunt
675 5763 967 5822 adductum
1007 5769 1314 5826 existimato
1346 5788 1362 5826 :
1395 5782 1576 5828 utrum
1625 5771 1691 5826 ad
1737 5772 1903 5828 Deum
1956 5790 2053 5845 per

2174 5774 2483 5844 τειρασμὸς,
2541 5775 2726 5848 νόμιζε
2759 5778 3043 5847 ⁴κρίνεσθαι
3103 5785 3296 5839 ἑαυτὸν
3342 5763 3696 5855 πότεροννδιὰ
