4032 6214
377 211 510 279 1217

1072 225 1243 288 LOCI
1279 226 1715 293 COMMUNES.
1753 254 1826 269 —
1861 231 2054 294 PARS
2095 235 2181 296 II.
2216 234 2470 301 SERMO
2510 241 2832 305 LXXXIX.

3457 249 3597 316 1218

374 329 757 403 μακροθυμίας
792 339 1188 411 προσχωρήσῃς
1216 340 1294 410 τῷ
1324 342 1463 412 Θεῷ,
1500 341 1535 413 ἦ
1564 342 1653 397 διὰ
1696 345 1796 413 τῆς
1837 343 1911 416 ὀρ

2038 346 2313 404 lenitatem
2361 366 2683 411 accessurus
2725 356 2828 424 sis,
2882 371 2950 412 an
3005 372 3104 428 per
3147 359 3480 428 iracundiam
3529 365 3596 419 al

369 421 471 494 γῆς
500 423 808 498 ἀποτρέχῃς
840 431 974 500 πρὸς
1003 430 1099 483 σὺν
1124 433 1440 502 ἀντίπαλον.

460 513 587 574 Τοῖς
619 515 810 569 εὑσεϐἐ
819 537 902 572 σιν
925 521 1247 587 ἀγωνισταῖς
1276 523 1564 594 προλαϐὼν
1586 527 1613 579 6
1640 528 1928 599 προφήτης

371 603 656 671 ὑπέδειξεν
686 609 745 661 ὲν
775 610 917 681 ἀρχῇ
946 612 1040 666 τοῦ
1080 613 1300 684 ψαλμοῦ
1350 615 1412 669 τὸ
1449 618 1714 688 μακάριον
1747 621 1922 687 τέλος,

367 697 458 750 ἵνα
513 701 580 771 τῇ
638 701 814 755 ἐλπίδι
852 703 958 756 τῶν
989 707 1370 777 ἀποκειμένων
1419 710 1641 778 ἀγαθῶν
1700 713 1924 778 ἀλύπως

367 791 464 844 τοῦ
514 792 630 863 βίου
674 795 742 848 τὰ
773 796 994 865 ἀλγεινὰ
1025 799 1300 868 φέρωμενο
1329 800 1473 856 οὕτω
1499 804 1595 857 καὶ
1620 806 1924 877 ὁδοιπόροις

366 887 630 956 τραχεῖαν
659 888 1204 962 όδὸντπορευομένοις
1233 898 1326 948 καὶ
1371 894 1641 950 δύσϐατον
1676 899 1923 967 κουφίζει

365 977 457 1028 τὸν
485 978 704 1049 μόχθον,
736 981 1043 1050 ἐπιτήδειον
1095 984 1280 1048 αὑτοῖς
1327 986 1698 1056 προσδοκηθὲν
1752 1006 1924 1044 κατα-

364 1068 587 1136 γώγιον.
625 1071 716 1125 Διὸ
752 1073 846 1125 καὶ
871 1075 898 1126 6
938 1075 1113 1138 κοινὸς
1144 1077 1236 1130 τοῦ
1268 1075 1731 1152 βίου’διορθωτὴς,
1763 1084 1791 1136 6
1819 1083 1920 1154 μὲ-

363 1176 467 1228 γας
504 1159 845 1226 διδάσκαλος,
877 1167 939 1217 τὸ
967 1166 1190 1237 Πνεῦμα
1234 1167 1333 1238 τῆς
1386 1171 1642 1241 ἀληθείας
1671 1214 1686 1239 ,
1723 1175 1905 1243 σοφῶς

363 1251 458 1304 καὶ
489 1253 749 1323 ἐντέχνως
783 1257 910 1320 τοὺς
953 1258 1180 1327 μισθοὺς
1236 1261 1590 1332 προεϐάλετο,
1624 1264 1712 1317 ἵνα
1745 1266 1917 1337 ὑπερ-

363 1341 664 1407 κύπτοντες
685 1347 810 1410 τοὺς
837 1347 895 1398 ὲν
923 1349 1085 1419 χερσὶ
1129 1340 1358 1418 πόνους,
1400 1356 1466 1424 τῇ
1514 1354 1726 1427 διανοίᾳ
1770 1342 1912 1428 πρὸς

361 1435 461 1506 τὴν
503 1437 800 1493 ἀπόλαυσιν
833 1442 939 1494 τῶν
988 1443 1220 1497 αἰωνίων
1269 1447 1492 1514 ἀγαθῶν
1544 1449 1916 1521 ἐπειγώμεθα.

431 1529 506 1582 Οὑ
531 1532 640 1601 γὰρ
660 1535 688 1584 6
709 1533 932 1603 ἀπορῶν
954 1535 1061 1588 τῶν
1087 1537 1402 1607 ἀναγκαίων
1425 1543 1770 1611 καρτερικὸς,
1801 1544 1917 1598 ἀλλ’

361 1625 390 1676 6
436 1612 516 1676 ἐν’
546 1623 779 1695 ἀφθονίᾳ
833 1625 935 1696 τῆς
985 1628 1337 1694 ἀπολαύσεως
1391 1634 1746 1706 ὲγκαρτερῶν
1801 1638 1917 1702 τοῖς

361 1715 416 1770 δε
427 1720 576 1781 ινοῖς.

431 1811 728 1881 Σωφρόνων
773 1811 982 1883 ἀνδρῶν
1026 1814 1088 1868 τὸ
1138 1815 1214 1886 μὴ
1258 1817 1523 1882 κινδύνοις
1575 1823 1923 1894 ὲπιρρίπτειν

361 1902 611 1966 ἑαυτούς·
641 1903 907 1971 γενναίων
937 1903 996 1957 δὲ
1035 1905 1132 1959 καὶ
1160 1906 1462 1976 φιλοσόφων
1491 1911 1553 1965 τὸ
1580 1914 1922 1982 ἐμπεσόντας

363 1998 554 2067 φέρειν
582 1996 862 2062 γενναίως.

438 2088 597 2143 Ἐστι
628 2107 682 2143 τι
713 2091 865 2161 παρά
890 2089 967 2158 τῷ
1000 2091 1155 2162 μύθῳ
1175 2094 1357 2161 φυτὸν,
1389 2095 1418 2148 ὃ
1449 2095 1630 2152 θάλλει
1652 2100 1919 2168 τεμνόμε-
1951 2084 1953 2086 η

357 2196 471 2244 νον,
511 2182 605 2234 καὶ
657 2183 794 2252 πρὸς
843 2183 933 2236 τὸν
966 2182 1184 2253 σίδηρον
1217 2186 1568 2256 ἀγωνίζεται,
1605 2193 1701 2245 καὶ
1735 2194 1806 2264 (εί
1838 2195 1920 2248 δεῖ

357 2274 600 2344 ποιητῶν
657 2275 976 2345 μεμνῆσθαι
1021 2276 1204 2346 λόγου)
1241 2277 1456 2347 θανάτῳ
1503 2280 1592 2350 ζῇ,
1645 2285 1740 2338 καὶ
1774 2288 1916 2356 τομῇ

355 2365 574 2432 φύεται,
610 2366 705 2419 καὶ
761 2364 986 2432 αὒξεται
1033 2365 1443 2436 δαπανώμενον.
1497 2371 1682 2426 Ταῦτα
1729 2375 1828 2444 μὲν
1889 2378 1917 2431 ό

359 2456 548 2520 μῦθος,
596 2457 690 2510 καὶ
730 2458 764 2525 ἠ
814 2458 1112 2527 αὑτονομία
1165 2459 1259 2512 τοῦ
1312 2460 1629 2530 πλάσματος
1661 2482 1675 2496 ·
1710 2467 1830 2537 ἐμοὶ
1857 2469 1916 2524 δὲ

352 2544 503 2597 δοκεῖ
538 2545 724 2613 σαφῶς
753 2546 966 2600 τοιοῦτο
997 2544 1142 2603 εἷναί
1168 2565 1221 2602 τι
1254 2548 1284 2601 6
1324 2551 1636 2620 φιλόσοφος,
1669 2555 1726 2618 ὃς
1765 2558 1913 2612 εύδο-

359 2638 514 2705 κιμεῖ
563 2639 676 2701 τοῖς
735 2625 957 2702 πάθεσι,
1009 2641 1101 2693 καὶ
1153 2639 1312 2710 ὓλην
1345 2644 1546 2714 ἀρετῆς
1589 2649 1915 2703 ποιεῖταιτά

351 2727 607 2799 λυπηρὰ,
647 2730 745 2784 καὶ
787 2733 902 2794 τοῖς
951 2732 1214 2795 ἐναντίοις
1267 2735 1755 2805 ὲγκαλλωπίζεται,
1807 2743 1915 2814 μή-

349 2838 408 2873 τε
454 2823 564 2884 τοῖς
603 2821 796 2886 δεξιοῖς
827 2821 1014 2886 ὅπλοις
1060 2824 1160 2894 τῆς
1208 2824 1556 2898 δικαιοσύνης
1585 2831 1900 2902 αἰρόμενος,

355 2913 981 2982 μήτε.τοῖς·ἀριστεροῖς
1009 2918 1418 2985 καμπτόμενος’
1452 2921 1569 2973 ἀλλ’
1597 2924 1625 2976 ό
1657 2925 1819 2987 αὑτὸς
1852 2929 1909 2981 ἐν

2026 440 2400 498 adversarium
2430 461 2703 504 recurras.

2108 530 2270 602 249
2291 531 2401 589 Ρὶἱε
2448 539 2806 595 certatoribus
2874 541 3137 612 Propheta
3200 545 3322 601 inde
3371 562 3400 600 a
3447 548 3602 617 prin-

2033 621 2174 690 cipio
2201 622 2402 680 Psalmi
2436 627 2788 685 beatitudinis
2821 632 2980 689 ﬁnem
3014 638 3273 706 ostendit,
3332 648 3387 692 ut
3432 639 3602 694 bono-

2025 730 2142 770 rum
2165 731 2259 784 spe
2287 717 2593 774 futurorum
2629 725 2902 782 molestias
2930 728 3052 784 vitae
3106 743 3214 784 non
3267 742 3486 802 gravate
3524 733 3602 788 fe-

2030 822 2238 864 ramus.
2291 808 2383 865 Sic
2412 823 2465 866 et
2494 813 2598 868 iter
2655 813 2969 879 facientium
3019 821 3257 878 laborem
3303 841 3505 894 asperae
3547 837 3601 880 et

2021 900 2312 958 salebrosa:
2339 903 2436 960 vite
2462 904 2601 960 levat
2630 911 2898 965 commodi
2929 917 3262 983 exspectatio
3284 917 3595 974 diversorii.

2021 989 2289 1056 Quocirca
2326 997 2630 1052 communis
2655 998 2779 1054 vitae
2803 1010 2998 1068 rector,
3043 1015 3098 1059 et
3130 1022 3360 1076 magnus
3410 992 3602 1064 doctor

2022 1080 2262 1152 Spiritus
2291 1086 2380 1142 ille
2402 1088 2667 1155 veritatis,
2688 1093 2962 1161 sapienter
2988 1105 3042 1150 et
3069 1110 3185 1152 arte
3215 1101 3447 1155 maxima
3465 1117 3601 1171 prae-

2021 1179 2127 1231 mia
2159 1181 2460 1250 proposuit,
2491 1191 2550 1237 ut
2582 1183 2722 1238 ultra
2755 1185 2967 1242 labores
2987 1190 3271 1247 etdolores
3300 1203 3600 1262 praesentes

2001 1271 2436 1339 prespicientes,
2455 1276 2785 1345 cogitatione
2805 1295 3159 1350 properemus
3181 1285 3248 1340 ad
3269 1287 3600 1356 sempiterna

2017 1361 2158 1418 bona
2193 1363 2536 1434 perfruenda.

2086 1546 2203 1603 Non
2221 1548 2362 1604 enim
2382 1565 2563 1606 rerum
2581 1555 3008 1611 necessariarum
3029 1572 3194 1629 egens
3215 1560 3428 1629 patiens
3473 1568 3554 1616 est
3577 1603 3595 1630 ,

2021 1636 2116 1693 sed
2140 1637 2234 1708 qui
2267 1638 2319 1694 in
2353 1639 2685 1698 abundantia
2744 1643 3316 1718 voluptatumperfert
3371 1649 3594 1706 malum.

2092 1813 2532 1882 Temperantium
2558 1828 2639 1875 est
2667 1837 2774 1876 non
2809 1825 2946 1879 sein
3005 1827 3246 1896 pericula
3296 1831 3592 1900 conjicere,

2023 1904 2119 1960 sed
2151 1906 2371 1962 fortium
2393 1917 2446 1964 et
2472 1911 2915 1983 philosophorum
2931 1927 3037 1984 est,
3056 1919 3104 1974 si
3121 1919 3427 1988 inciderint,
3452 1922 3593 1980 ferre

2021 1993 2249 2052 fortiter.

2098 2086 2361 2161 Theologi.
2388 2091 2486 2149 Est
2509 2093 2564 2149 in
2597 2095 2831 2162 fabulis,
2865 2099 3103 2169 plantam
3136 2104 3425 2172 quamdam
3453 2121 3594 2167 esse.

2018 2191 2138 2246 quae
2169 2195 2290 2233 cum
2321 2183 2582 2240 inciditur
2643 2189 2929 2256 germinet,
2981 2207 3211 2263 quaeque
3264 2209 3387 2250 cum
3445 2196 3594 2252 ferro

2017 2279 2227 2325 certare
2261 2272 2492 2342 dicatur,
2525 2291 2589 2331 ac
2623 2278 2667 2332 si
2720 2290 3000 2348 poetarum
3039 2287 3208 2342 'more
3257 2287 3403 2357 loqui
3435 2289 3585 2352 licet.

2017 2375 2134 2430 qua}
2168 2371 2338 2416 morte
2371 2365 2533 2430 vivat,
2560 2376 2612 2421 et
2635 2367 2899 2424 incisione
2918 2385 3196 2435 nascatur.
3244 2387 3296 2431 et
3340 2393 3592 2440 consum-

2019 2453 2210 2522 ptiune
2243 2469 2528 2526 augeatur.
2559 2458 2705 2515 Talis
2741 2463 2868 2516 mihi
2892 2465 3102 2520 videtur
3149 2482 3272 2524 esse
3293 2475 3508 2541 sapiens
3539 2484 3594 2528 et

1993 2543 2389 2614 philosophus,
2425 2549 2516 2618 qui
2539 2549 2592 2604 in
2616 2554 3117 2618 perturbationibus
3139 2559 3437 2616 claritatem
3457 2577 3591 2616 con-

2014 2636 2261 2702 sequitur
2298 2652 2316 2703 ;
2347 2637 2432 2692 cui
2461 2639 2676 2697 virtutis
2711 2645 2934 2698 materia
2977 2652 3060 2700 est
3090 2647 3357 2715 molestia,
3411 2661 3466 2706 et
3490 2653 3590 2706 ad-

2012 2726 2184 2781 versis
2217 2731 2459 2784 ornatior
2490 2731 2748 2799 redditur,
2785 2751 2887 2791 nec
2903 2736 3384 2807 dexterisjustitiae
3417 2743 3588 2800 armis

2013 2817 2246 2884 tolliturz,
2297 2836 2397 2878 nec
2444 2824 2682 2881 sinistris
2743 2827 2975 2884 flectitur
3029 2841 3122 2885 aut
3171 2831 3452 2900 dejicitur,
3492 2838 3586 2890 sed

2012 2908 2154 2966 idem
2178 2926 2390 2983 semper
2417 2926 2594 2971 manet
2619 2934 2723 2974 non
2757 2921 2972 2986 iisdem,
2993 2911 3087 2980 aut
3104 2925 3266 2980 etiam
3285 2928 3584 2997 probatior,

350 3004 464 3065 τοῖς
495 3003 596 3056 οὑκ
627 3005 809 3066 αὐτοῖς
840 3005 1110 3075 διαμένων
1157 3011 1266 3073 ἀεὶ,
1315 3009 1347 3078 ἢ
1396 3015 1493 3066 καὶ
1519 3014 1906 3102 δοκιμώτερος,

2011 3005 2462 3073 quemadmodum
2492 3022 2682 3065 aurum
2735 3012 2790 3067 in
2819 3013 3059 3072 fornace;

348 3092 538 3164 ῶσπερ
571 3095 627 3147 ὲν
654 3095 868 3165 καμίνῳ
896 3098 1114 3167 χρυσὸς,
1147 3101 1560 3172 εὑρισκόμενος.

417 3186 635 3241 Βέλτιον
664 3187 758 3241 τοῦ
792 3190 990 3257 τάχους
1027 3193 1060 3261 ὴ
1099 3193 1454 3265 μακροθυμία
1477 3236 1494 3264 ,
1537 3199 1632 3252 καὶ
1678 3199 1778 3269 τῆς
1812 3202 1910 3256 αὑ·

349 3278 566 3340 θαδείας
594 3281 627 3348 ἠ
655 3281 1088 3347 συγκατάϐασις.

436 3373 668 3442 Ἀγαθὸν
697 3375 1029 3446 χρηστότητι
1075 3378 1230 3449 νικᾷν
1261 3381 1574 3450 θρασύτητα
1599 3425 1614 3449 ,
1653 3384 1746 3438 καὶ
1785 3384 1908 3455 βελ-

346 3464 496 3527 τίους
521 3461 698 3519 ποιεῖν
719 3467 846 3529 τοὺς
877 3467 1218 3534 ἀδικοῦντας.
1252 3466 1335 3536 οἷς
1379 3475 1755 3548 καρτεροῦμεν
1787 3479 1898 3533 πά-

347 3573 591 3626 σχοντες.
863 3618 866 3622 λ

414 3645 584 3700 Οὐδὲν
617 3648 966 3720 ίσχυρότερον
997 3651 1107 3704 τῶν
1140 3652 1320 3707 πάντα
1351 3655 1542 3725 φέρειν
1573 3657 1829 3727 ἑτοίμων.

425 3740 680 3809 Ἀργοῦσι
730 3743 824 3794 καὶ
866 3743 916 3794 οί
962 3742 1042 3812 τῷ
1089 3743 1281 3812 κόσμῳ
1324 3748 1779 3815 προστετηκότες,
1808 3752 1904 3806 καὶ

345 3831 522 3902 πολλῷ
579 3831 742 3886 πλέον
791 3833 869 3904 τῷ
921 3833 1041 3904 Θεῷ
1079 3835 1440 3889 δουλευόντων
1485 3852 1501 3867 ·
1529 3838 1665 3892 ἀλλά
1713 3842 1903 3910 μισθὸς

345 3924 525 3989 αὑτοῖς
551 3927 611 3978 τὸ
637 3925 843 3993 ἀλγείν’
877 3927 1009 3996 ἡμῖν
1043 3926 1099 3980 δὲ
1125 3927 1222 3980 καὶ
1248 3928 1310 3982 τὺ
1342 3930 1574 4001 πάσχειν
1605 3931 1896 4002 ἔμμισθον,

342 4018 466 4072 ὅταν
492 4019 580 4072 διὰ
615 4019 707 4072 τὸν
733 4019 866 4072 Θεὸν
892 4019 1280 4090 καρτερῶμεν.

422 4112 513 4182 Μὴ
547 4110 832 4180 γενώμεθα
859 4111 1035 4164 δοῦλοι
1066 4111 1247 4174 κακοὶ,
1296 4111 1620 4180 ἀγαθύνοντι
1656 4114 1754 4184 μὲν
1783 4115 1896 4183 ἐξο-

342 4203 731 4274 μολογούμενοι
751 4203 828 4271 τῷ
853 4204 1096 4275 Δεσπότῃ
1121 4220 1134 4234 ο
1169 4204 1475 4258 παιδεύοντι
1504 4205 1583 4272 δὲ,
1617 4209 1690 4277 μὴ
1724 4225 1895 4280 προσ-

2080 3181 2269 3240 Melior
2300 3186 2498 3246 lenitas
2518 3190 2817 3261 celeritate,
2841 3204 2896 3251 et
2924 3209 3226 3254 consensus
3255 3213 3418 3269 quam
3446 3215 3578 3257 con-

2007 3279 2270 3332 tumacia.
3435 3358 3441 3364 _

2081 3369 2219 3426 Utile
2248 3384 2332 3428 est
2363 3373 2645 3431 audaciam
2679 3380 3101 3438 mansuetudine
3121 3382 3364 3451 vincere,
3391 3395 3444 3440 et
3465 3402 3579 3441 me-

2005 3461 2166 3517 liores
2193 3466 2416 3521 reddere
2448 3469 2704 3537 injuriam
2731 3470 3012 3540 facientes,
3049 3491 3174 3546 qua
3225 3478 3386 3534 nobis
3409 3480 3577 3548 finie-

2013 3561 2208 3607 runtur
2233 3557 2502 3625 patienter
2531 3558 2775 3616 ferendo.

2069 3643 2216 3698 Nihil
2247 3654 2330 3700 est
2356 3646 2549 3703 fortius
2582 3649 2647 3702 iis
2679 3652 2769 3718 qui
2793 3650 2941 3707 ferre
2969 3654 3355 3722 omnia‘parati
3417 3671 3567 3718 sunt.

2070 3734 2260 3790 Dolent
2283 3739 2446 3792 etiam
2482 3741 2571 3807 qui
2605 3741 2722 3796 orbi
2751 3742 2990 3812 praefecti
3013 3754 3157 3809 sunt,
3172 3757 3237 3804 ac
3267 3751 3435 3806 multo
3457 3769 3574 3808 ma-

1995 3817 2083 3897 gis
2111 3843 2272 3897 quam
2312 3829 2405 3898 qui
2436 3829 2546 3886 Deo
2569 3832 2834 3897 serviunt,
2866 3837 2960 3890 sed
2992 3838 3273 3906 praemium
3324 3841 3430 3897 illis
3485 3853 3571 3901 est

2000 3920 2154 3976 dolor
2189 3940 2204 3977 :
2234 3923 2394 3979 nobis
2426 3939 2553 3979 vero
2581 3925 2745 3982 etiam
2779 3929 2911 3997 pati,
2951 3945 3059 3985 non
3089 3942 3241 3989 caret
3294 3938 3570 4006 mercede,

2000 4013 2295 4068 dummodo
2329 4025 2553 4087 propter
2582 4016 2747 4073 Deum
2776 4021 3070 4090 patiamur.

2068 4103 2370 4162 Videndum
2397 4117 2481 4164 est
2509 4126 2576 4166 ne
2599 4114 2740 4167 servi
2804 4106 2929 4168 mali
2985 4117 3159 4173 simus
3192 4135 3208 4175 :
3239 4129 3293 4176 et
3337 4122 3567 4194 benigne

1997 4198 2215 4267 quidem
2246 4199 2465 4257 facienti
2499 4203 2728 4261 Domino
2763 4207 2948 4276 gratia:
2975 4224 3005 4263 a
3039 4211 3197 4268 nobis
3230 4223 3357 4269 sunt
3404 4231 3569 4287 agen-

339 4296 634 4366 τιθέμενοι.
666 4295 859 4348 Καίτοι
916 4293 1045 4347 ποτὲ
1105 4297 1351 4364 κρεῖσσον
1375 4297 1561 4364 ὑγείας
1589 4300 1771 4368 πόνος,
1802 4303 1897 4356 καὶ

2008 4291 2078 4346 lae
2109 4309 2125 4360 ;
2154 4301 2209 4348 et
2233 4295 2534 4367 castigante
2562 4299 2724 4352 etiam
2755 4315 2838 4362 eo.
2863 4316 2968 4357 non
2991 4319 3128 4374 aegre
3148 4302 3563 4370 ferendumest.

349 4385 595 4455 ὑπομονὴ
631 4383 891 4445 ἀνέσεως,
922 4383 1014 4436 καὶ
1049 4384 1339 4455 ἐπίσκεψις
1369 4386 1647 4455 ἀμελείας.

405 4562 570 4616 Οὑδὲν
601 4559 773 4624 οὕτως
816 4559 1132 4632 αἰδεσίμους
1184 4564 1351 4630 ποιεῖ,
1390 4564 1466 4628 ὡς
1503 4565 1897 4637 ὑϐριζομένους

337 4657 545 4724 φέρειν.

408 4747 673 4815 Καθάπερ
693 4747 806 4809 τοῖς
836 4746 1184 4816 μετανοοῦσιν
1224 4748 1256 4816 ἠ
1286 4747 1379 4801 τοῦ
1441 4748 1576 4803 Θεοῦ
1614 4752 1892 4823 μακροθυ-

338 4839 438 4910 μία
475 4839 772 4910 ὡφέλιμος,
823 4838 970 4892 οὕτω
1019 4840 1132 4904 τοῖς
1175 4839 1475 4903 ἀνενδότοις
1507 4843 1604 4895 καὶ
1635 4843 1894 4916 σκληροῖς

304 4932 598 5001 -μειζόνων
628 4931 838 5000 γίνεται
873 4932 1148 4986 κολάσεων
1174 4931 1470 5002 πρόφασις.

404 5025 568 5086 Ἐθος
615 5025 693 5094 τῷ
730 5023 848 5094 Θεῷ
881 5024 956 5094 μὴ
1003 5026 1066 5077 ὲκ
1117 5025 1420 5095 προοιμίων
1446 5027 1514 5080 τὰ
1545 5025 1692 5082 δεινά
1725 5044 1892 5082 κατα·
1937 5045 1942 5050 ‘

328 5119 499 5182 λύειν,
533 5117 648 5172 ἀλλ’
688 5119 815 5171 ὅταν
848 5119 1139 5189 κορυφωθῇ
1191 5118 1223 5189 ἥ
1259 5118 1492 5191 αὐξηθῇ,
1537 5123 1669 5175 ὅταν
1703 5121 1890 5195 σχεδὸν

331 5212 497 5283 μηδὲν
540 5209 960 5279 ὑπολελειμένον
1078 5211 1175 5281 τῆς
1224 5211 1334 5264 τῶν
1375 5213 1756 5283 πολεμούντων
1785 5231 1889 5269 κα-

334 5305 485 5370 κίας,
521 5304 648 5355 τότε
683 5301 892 5372 ἀθρόως
934 5301 1108 5355 πάντα
1142 5303 1468 5371 μεταϐάλλει
1503 5305 1594 5358 ἐπὶ
1622 5307 1682 5360 τὸ
1719 5307 1889 5381 γαλη-

330 5395 456 5459 νδν,
505 5396 599 5448 καὶ
655 5392 790 5463 πρὸς
842 5391 1286 5462 ἀπροσδοκήτους
1337 5395 1489 5459 τινὰς
1523 5400 1887 5465 καταστάσεις

330 5486 468 5540 αὑτά
495 5485 836 5556 πραγμάτων
867 5486 1013 5554 ἀγει.

401 5578 572 5631 Ὅταν
602 5593 687 5640 τις
735 5577 1040 5648 ἐπηρεάζῃ,
1091 5576 1165 5648 μὴ
1211 5576 1347 5646 πρὸς
1379 5579 1546 5633 αὑτὸν
1575 5579 1714 5654 ῐδης,
1746 5584 1883 5640 ἀλλά

336 5669 472 5738 πρὸς
503 5667 594 5723 τὸν
629 5666 884 5724 κινοῦντα
910 5665 1158 5737 δαίμονα,
1193 5668 1287 5721 καὶ
1317 5668 1416 5738 τὴν
1448 5667 1616 5741 ὀργὴν
1660 5671 1882 5729 ἅπασαν

1997 4383 2207 4439 Etenim
2250 4396 2470 4457 praestat
2521 4389 2806 4459 aliquoties
2867 4394 3159 4450 valetudini
3211 4399 3452 4467 morbus,
3509 4413 3564 4458 et

1998 4477 2255 4547 patientia
2288 4479 2618 4544 remissioni,
2649 4490 2703 4535 et
2733 4483 2900 4536 animi
2936 4484 3164 4541 intentio
3194 4489 3556 4562 negligentiae.

2068 4566 2130 4622 S.
2155 4567 2428 4638 Chrysost.
2455 4567 2612 4623 Nulla
2646 4585 2732 4626 res
2752 4587 2904 4642 aeque
2934 4575 3066 4630 facit
3092 4581 3446 4648 venerabiles,
3474 4593 3560 4641 at-

1995 4672 2098 4726 que
2121 4657 2370 4726 injuriam
2396 4661 2687 4716 sustinere.

2065 4748 2528 4814 Quemadmodum
2560 4753 2951 4822 paenitentibus
2997 4758 3178 4813 divina
3211 4762 3427 4828 prodest
3480 4763 3558 4819 le-

1994 4840 2160 4903 nitas,
2192 4841 2272 4896 sic
2298 4841 2588 4897 obstinatis
2613 4854 2669 4899 et
2697 4846 3069 4915 pertinacibus
3096 4853 3342 4918 graviora
3403 4854 3557 4911 affert

1993 4933 2276 5002 supplicia.

2064 5023 2213 5081 Solet
2247 5027 2390 5084 Deus
2417 5043 2525 5083 non
2560 5043 2590 5083 a
2619 5030 2892 5101 principio
2943 5032 3084 5088 mala
3136 5045 3401 5106 avertere,
3456 5040 3552 5095 sed

1987 5107 2117 5172 cum
2144 5134 2316 5189 usque
2340 5121 2406 5176 ad
2433 5137 2702 5176 summum
2721 5124 2966 5180 venerint
2983 5136 3038 5182 et
3091 5130 3378 5197 creverint,
3431 5146 3553 5185 cum

1991 5209 2102 5265 fere
2127 5212 2263 5266 nihil
2308 5211 2632 5268 intentatum
2657 5213 2822 5270 fuerit
2841 5217 2910 5272 ab
2936 5217 3215 5285 hostibus,
3235 5230 3343 5274 tum
3394 5221 3556 5277 simul

1991 5303 2170 5362 omnia
2199 5304 2253 5358 in
2304 5319 2570 5360 summam
2607 5308 3051 5379 tranquillitatem
3085 5311 3366 5376 convertit,
3393 5311 3558 5384 250

1988 5409 2054 5450 ac
2079 5405 2268 5464 praeter
2321 5400 2564 5453 omnium
2592 5401 3048 5470 exspectationem
3070 5417 3160 5457 res
3182 5402 3329 5473 ipsas
3350 5407 3553 5475 Optime

1989 5487 2271 5542 constituit
2295 5495 2350 5542 et
2371 5489 2571 5547 ﬁrmat.

2055 5577 2190 5632 Cum
2220 5578 2340 5649 quis
2388 5587 2438 5636 te
2482 5580 2725 5646 offendit,
2782 5584 2891 5637 noli
2942 5583 3010 5639 ad
3059 5585 3233 5654 ipsum
3287 5586 3552 5658 aspicere,

1989 5671 2081 5726 sed
2115 5670 2183 5728 ad
2215 5674 2510 5729 dasuionem
2541 5673 2929 5744 impellentem.
2959 5683 3011 5734 et
3040 5677 3176 5734 iram
3211 5687 3376 5735 totam
3407 5682 3460 5735 in
3491 5681 3553 5737 il-
