4062 6222
569 280 703 344 1219

1800 278 2113 341 ANTONII
2151 278 2491 349 MELISSUS

3646 287 3794 354 1220

558 402 669 455 tum
702 394 981 462 effundite,
1012 394 1157 453 illius
1182 406 1361 454 autem
1386 398 1645 456 miserere
1675 398 1766 469 qui
1799 414 1829 454 a
1866 401 2109 455 dammae

2215 388 2572 457 κανε⁹ζκείνου
2622 403 2857 459 κένωσον
2882 418 2899 437 ⁸
2927 404 3089 460 αύτδν
3136 403 3196 458 δέ
3249 404 3343 458 καὶ
3370 402 3516 459 ἐλέει
3552 404 3657 459 τδν
3690 406 3799 460 θ’

559 494 870 563 impellitur.

630 586 748 642 Non
778 589 921 643 enim
952 588 1127 645 solum
1160 589 1285 642 dum
1325 584 1450 641 boni
1481 583 1683 653 aliquid
1717 581 1969 646 facimus,
2020 581 2115 636 sed
2180 632 2183 633 ν

556 681 717 735 etiam
748 679 877 734 dum
913 681 1035 734 mali
1066 680 1299 752 patimur
1352 676 1578 746 aliquid,
1643 689 1837 743 magna
1894 674 2113 744 praemia

556 782 867 843 exspectare
901 774 1159 828 debemus
1189 789 1204 826 :
1236 772 1286 827 id
1320 772 1462 842 quod
1504 768 1675 824 Jobus
1728 767 1984 832 ostendit,
2020 767 2113 834 qui

557 882 622 921 ex
653 865 808 920 malis
838 865 1067 921 etrebus
1084 865 1323 920 adversis
1342 862 1511 934 magis
1530 876 1691 933 quam
1714 876 1743 916 a
1768 869 1911 914 recte
1936 858 2112 925 factis,

558 960 738 1015 clarus
772 961 966 1015 evasit.

631 1054 788 1109 Nulla
820 1052 1059 1121 profecto
1096 1067 1182 1105 res
1209 1062 1313 1115 est,
1348 1062 1468 1119 quae
1513 1056 1621 1101 tam
1682 1036 2019 1112 splendidos
2041 1039 2119 1096 ef-

560 1148 705 1203 ﬁciat
732 1156 785 1199 et
816 1144 1114 1199 imitatione
1140 1144 1352 1211 dignos,
1390 1156 1451 1195 ac
1500 1140 1656 1195 bonis
1708 1147 1764 1193 et
1821 1134 2117 1191 commodis

557 1237 758 1294 aliiciat
780 1236 1100 1301 innumeris,
1133 1248 1293 1303 quam
1327 1231 1506 1287 multae
1526 1240 1579 1286 et
1603 1231 1767 1283 variae
1793 1228 2117 1283 tentationes

556 1338 613 1384 et
643 1326 983 1392 atiiictiones,
1017 1325 1278 1396 pericula,
1320 1324 1562 1386 labores,
1596 1321 1833 1377 tristitiae
1855 1326 1908 1374 et
1939 1318 2116 1373 conti-

557 1434 748 1479 nenter
774 1422 985 1478 insidiis
1014 1422 1191 1492 appeti
1216 1420 1297 1475 vel
1313 1420 1378 1474 ab
1396 1420 1461 1474 iis
1484 1418 1576 1489 qui
1593 1417 1811 1472 minime
1828 1413 2112 1478 debebant,

554 1520 649 1589 sed
680 1518 861 1573 omnia
891 1516 1086 1570 leniter
1112 1514 1277 1568 ferre.

626 1607 897 1679 Quidquid
932 1607 1076 1662 enim
1106 1620 1134 1659 a
1158 1616 1481 1675 quocunque
1506 1599 1701 1669 injuste
1732 1598 1989 1668 patimur,
2023 1600 2117 1649 aut

553 1704 619 1756 ad
646 1710 991 1772 peccatorum
1024 1696 1400 1752 remissionem
1452 1693 1596 1747 Deus
1644 1691 1801 1745 nobis
1859 1690 2115 1758 injuriam

554 1795 698 1849 illam
727 1795 981 1864 imputat,
1016 1798 1108 1843 aut
1137 1789 1203 1841 ad
1266 1785 1537 1841 mercedis
1593 1783 2109 1837 remunerationem.

621 1886 720 1952 Qui
750 1882 1037 1939 meditatas
1062 1882 1222 1935 habet
1239 1876 1583 1941 alﬂictiones,
1608 1891 1712 1931 non
1733 1874 1970 1930 fastidiet
1990 1888 2111 1929 cum

550 1978 905 2048 opprimetur.

622 2068 680 2123 S.
720 2065 856 2122 Nili.
883 2064 1242 2141 Contemnere
1271 2070 1324 2115 et
1383 2058 1526 2114 nolle
1582 2058 1692 2126 pati
1754 2055 2087 2112 calamitates

552 2175 758 2230 magnae
780 2168 836 2213 et
862 2152 1022 2211 varia:
1043 2162 1125 2209 est
1150 2150 1475 2222 insipientia:
1507 2148 1804 2219 proprium.

624 2252 959 2324 Pytltagorw.
1012 2247 1255 2317 Magnam
1288 2260 1406 2299 eam
1467 2242 1712 2311 peritiam
1772 2239 2099 2307 existimato,

552 2361 647 2416 per
671 2358 835 2412 quant
872 2339 1013 2394 ferre
1038 2337 1214 2408 possis
1248 2334 1598 2404 imperitiam.

619 2428 884 2503 Glyconis.
917 2427 1074 2483 Notio
1097 2427 1192 2483 Dei
1224 2441 1317 2495 per
1343 2424 1614 2480 lenitatem
1629 2431 1683 2477 et
1697 2421 2037 2478 clementiam
2058 2420 2113 2478 in

552 2525 798 2579 homines
819 2520 1149 2576 declaratur.

621 2613 922 2671 Metrodori.
943 2610 1172 2683 Sperate
1187 2625 1293 2666 non
1307 2606 1469 2666 debes
1486 2617 1616 2665 utea
1629 2623 1749 2680 qua:
1762 2608 1869 2664 liun
1880 2618 1919 2678 t,
1935 2617 2116 2681 quem‘

550 2708 835 2764 admodum
892 2705 1031 2760 velis
1089 2702 1222 2757 flant
1287 2720 1301 2758 :
1365 2702 1459 2759 sed
1508 2705 1968 2775 quemadmodum
2026 2718 2114 2762 res

550 2801 680 2872 ipsa:
704 2798 974 2862 accidunt,
1009 2795 1080 2850 ita
1114 2795 1362 2866 accipere
1385 2795 1570 2850 debes.

616 2889 848 2960 Iosephi.
876 2886 1017 2942 Nihil
1073 2896 1181 2940 tam
1232 2886 1416 2956 plagas
1471 2884 1746 2956 reprimit,
1804 2902 1967 2957 quam
2020 2902 2113 2944 eas

549 2984 690 3039 ferre
718 3001 731 3037 :
758 2991 810 3036 et
841 2981 1093 3050 injuriam
1122 2977 1497 3048 accipientium
1520 2978 1776 3047 patientia
1798 2980 1983 3048 quieta
2032 2979 2116 3037 in-

545 3070 744 3141 juriam
784 3069 1114 3126 facientibus
1144 3067 1401 3137 pudorem
1427 3066 1601 3123 ali‘ert.

931 3179 1164 3237 senno
1214 3178 1735 3254 xctptnxan.

655 3274 734 3329 De
781 3290 881 3329 non
909 3273 1231 3343 patientibus
1264 3281 1311 3326 et
1342 3273 1518 3325 animo
1544 3289 1705 3342 parvo
1740 3273 2003 3342 praeditis.

618 3432 892 3489 Salomon.
930 3428 1102 3485 Parvo
1131 3428 1313 3485 animo
1336 3426 1594 3501 praeditus
1636 3429 1792 3487 valde
1841 3438 1927 3487 cst
1970 3431 2105 3490 insi-

548 3540 721 3597 piens.

616 3615 795 3673 Animi
825 3614 1001 3670 virum
1050 3613 1262 3683 angusti
1294 3612 1417 3687 quis
1448 3613 1584 3670 ferat
1613 3613 1639 3669 ἲ

621 3710 788 3767 Eccli.
818 3727 875 3767 tt.
915 3706 1007 3766 Vae
1035 3710 1187 3765 vobis
1236 3711 1329 3781 qui
1377 3710 1692 3780 patientiam
1745 3710 2057 3781 perdidistis
2092 3714 2105 3768 ι

545 3806 673 3877 quid
712 3803 920 3862 facietis
944 3819 1064 3859 cutn
1091 3802 1351 3859 Dominus
1379 3802 1445 3856 ad
1477 3818 1561 3859 res
1603 3802 1971 3876 inspiciendas
2014 3814 2104 3863 ve-

548 3899 659 3953 niet
692 3896 716 3952 ?

612 3988 671 4047 S.
697 3989 905 4045 Basilii.
926 3986 981 4043 Si
1012 3987 1261 4043 irasceris
1284 3984 1627 4052 convicianti,
1651 3986 1891 4042 convicia
1919 4002 2113 4058 appro-

546 4083 702 4137 basti.
752 4081 889 4147 Quid
931 4079 1076 4134 enim
1112 4080 1191 4133 ira
1242 4075 1749 4148 insipientius?Sin
1793 4094 1919 4134 vero
1976 4078 2113 4135 nihil

545 4172 781 4227 moveris
802 4171 958 4236 iram,
993 4169 1243 4239 injuriam
1272 4168 1555 4225 facientem
1623 4168 1830 4240 pudore
1860 4169 2109 4240 effecisti,

552 4265 733 4334 reipsa
786 4261 1197 4333 temperantiam
1221 4259 1597 4317 manifestans.

613 4353 967 4410 Evidenttbus
990 4351 1322 4423 argumentis
1347 4352 1604 4408 Dominus
1634 4364 1819 4411 noster
1836 4355 2112 4425 patientiae

2215 494 2420 548 ἐκείνου
2461 495 2798 566 κινούμενον.

2286 585 2360 639 Οὐ
2392 587 2501 655 γάρ
2535 587 2595 639 τὸ
2640 587 2865 658 ποιῆσαί
2918 604 2972 639 τι
3023 586 3259 657 χρηστὸν
3302 588 3488 657 μόνον,
3519 589 3667 642 ἀλλά
3696 592 3796 644 καὶ

2214 677 2276 731 τὸ
2307 680 2500 732 παθεῖν
2532 697 2583 731 τι
2613 680 2782 733 κακὸν
2842 680 3044 744 πολλάς
3089 680 3203 750 ἔχει
3245 680 3346 744 τάς
3371 680 3664 750 ῖάμοιϐᾱςο
3700 686 3795 733 καὶ

2214 768 2482 824 δείκνυσιν
2515 770 2658 835 Ἰὼϐ,
2700 773 2811 827 ἀπὸ
2837 774 2947 825 τῶν
2978 773 3323 843 παθημάτων
3355 773 3562 844 μᾶλλον
3608 774 3648 844 ἢ
3682 775 3796 827 ἀπὸ

2215 862 2323 915 τῶν
2351 862 2791 935 κατορθωμάτων
2824 866 3208 937 εὐδοκιμήσας.

2287 1046 2452 1101 Οὐδὲν
2468 1047 2576 1115 γάρ
2596 1046 2737 1101 οὕτω
2754 1048 3039 1120 λαμπροὺς
3066 1049 3214 1103 ποιεῖ
3237 1050 3329 1103 καὶ⁸
3355 1048 3672 1118 ζηλωτοὺς,
3700 1051 3796 1101 καὶ

2222 1137 2436 1209 μυρίων
2480 1139 2823 1211 ἐμπίπλησιν
2872 1140 3092 1209 ἀγαθῶν
3115 1180 3131 1207 ,
3170 1140 3244 1204 ὡς
3281 1140 3618 1211 πειρασμῶν
3660 1142 3794 1211 πλῆο

2220 1232 2333 1293 θος,
2367 1233 2457 1284 καὶ
2503 1232 2780 1297 κίνδυνοι,
2832 1234 2926 1287 καὶ
2960 1234 3137 1296 πόνοι,
3170 1236 3265 1286 καὶ
3309 1233 3566 1303 ἀθυμίαι,
3598 1236 3701 1286 καὶ
3731 1236 3793 1287 τὸ

2218 1323 2483 1393 διηνεκῶς
2544 1324 3035 1391 ἐπιϐουλεύεσθαι,
3088 1327 3188 1379 καὶ
3223 1327 3355 1398 παρ’
3409 1320 3489 1381 ῶν
3529 1326 3794 1396 οὐδαμῶς

2219 1416 2406 1487 ἐχρῆν,
2443 1418 2537 1471 καὶ
2575 1417 2766 1490 πράως
2800 1416 3015 1473 ἅπαντα
3043 1419 3255 1490 φέρειν.

2290 1602 2467 1671 Ὅπερ
2516 1602 2623 1673 γὰρ
2654 1600 2720 1655 ἂν
2770 1599 3031 1672 πάθωμεν
3062 1600 3260 1663 ἀδίκως
3298 1599 3431 1667 παρ’
3459 1598 3722 1662 ὁτουοῦν,
3756 1598 3788 1668 ἦ

2222 1694 2303 1756 εἰς
2334 1694 2749 1763 ἁμαρτημάτων
2792 1694 3035 1749 διάλυσιν
3085 1696 3113 1748 ὀ
3157 1694 3287 1757 Θεὶς
3322 1694 3455 1763 ἡμῖν
3504 1692 3790 1762 λογίζεται

2218 1787 2319 1857 τὴν
2346 1787 2557 1841 ἀδικίαν
2583 1786 2823 1857 ἐκείνην,
2858 1786 2890 1857 ἢ
2927 1787 3008 1850 είς
3042 1785 3239 1855 μισθοῦ
3272 1786 3567 1840 ἀντίδοσιν.

2300 1877 2361 1934 ’0
2388 1879 2777 1951 μεμελετηκὼς
2830 1878 3114 1934 θλίϐεσθαι
3164 1879 3288 1933 ούδέ
3338 1878 3789 1948 ἀποδυσπετήσει

2218 1970 2353 2039 πρὸς
2382 1970 2440 2024 τὸ
2470 1969 2772 2034 πιέζεσθαι.

2290 2063 2364 2116 Τὸ
2391 2064 2673 2133 ὀλιγωρεῖν
2707 2065 2801 2118 καλ⁸
2834 2065 2912 2136 μὴ
2936 2064 3116 2120 θέλειν
3150 2066 3451 2135 ὑπομένειν
3484 2050 3790 2141 συμφοράς

2222 2155 2462 2226 μεγάλης
2493 2156 2590 2210 κα)⁸
2617 2156 2869 2225 ποικίλης
2906 2157 3223 2228 ἀφροσύνης
3262 2159 3419 2213 ῐδιον.

2287 2246 2547 2317 Μεγάλην
2581 2247 2829 2301 παιδείαν
2884 2250 3096 2318 νόμιζε,
3133 2250 3201 2305 δι’
3240 2246 3306 2323 ἧς
3335 2251 3560 2321 δυνήσει
3589 2253 3787 2323 φέρειν

2218 2336 2597 2395 ἀπαιδευσίαν.

2290 2429 2494 2494 Γνῶσις
2524 2431 2657 2486 Θεοῦ
2683 2432 2772 2487 διά
2796 2434 3177 2506 μακροθυμίας
3214 2436 3310 2489 καὶ
3339 2434 3652 2505 πραότητος
3697 2438 3783 2500 εἰς

2218 2520 2388 2593 ἀνδρα
2428 2523 2781 2594 γνωρίζεται.

2288 2616 2380 2686 Μὴ
2409 2616 2561 2688 ζήτει
2591 2619 2841 2687 γενέσθαι
2870 2619 2941 2675 τά
2983 2619 3245 2692 γινόμενα
3274 2621 3352 2686 ὡς
3392 2619 3596 2687 θέλεις,
3640 2620 3785 2675 ἀλλά

2221 2705 2343 2763 θέλε
2388 2707 2465 2775 ὡς
2508 2708 2577 2765 ἂν
2614 2710 2685 2765 τὰ
2728 2712 2987 2783 γινόμενα
3012 2712 3254 2785 γίνηται.

2287 2887 2454 2943 Ούδέν
2507 2888 2650 2945 οὕτω
2694 2890 2795 2957 τάς
2842 2891 3058 2963 πληγάς
3091 2893 3427 2959 ἀναστέλλει,
3462 2894 3541 2958 ὡς
3582 2895 3640 2947 τὸ
3681 2894 3781 2963 φέ-

2223 2995 2374 3050 ρειν’.
2408 2980 2508 3034 καὶ
2558 2981 2619 3035 τὸ
2671 2981 2782 3037 τῶν
2827 2984 3197 3056 ἀδικουμένων
3227 2985 3457 3058 ἡσύχιον
3506 2989 3618 3051 τοῖς
3648 2988 3779 3041 ἀδι-

2143 3102 2188 3165 c
2220 3069 2377 3127 κοῦσι
2407 3072 2615 3143 γίνεται
2645 3073 2933 3148 διατροπή.

2828 3193 3048 3249 ΛΟΓΟΣ
3099 3200 3157 3264 ι.

2212 3280 2353 3349 Περὶ
2395 3281 2515 3337 τῶν
2542 3279 2629 3353 μὴ
2674 3285 3119 3355 ὑπομενόντων,
3152 3288 3295 3343 ἀλλ’
3329 3289 3777 3362 ὀλιγοψυχούνο

2926 3371 3066 3411 των.

2295 3440 2642 3514 Ὀλιγόψυχος
2680 3444 2894 3515 ἰσχυρὸς
2915 3446 3129 3517 ἄφρων.

2292 3617 2638 3690 Ὀλιγόψυχον
2667 3622 2833 3692 ἄνδρα
2860 3624 2942 3689 τίς
2969 3626 3183 3682 ὑποίσει
3219 3647 3234 3697 ;

2268 3711 2417 3766 Οὐαὶ
2460 3711 2587 3781 ὑμῖν
2616 3716 2725 3780 τοῖς
2754 3716 3123 3774 ἀπολωλεκόσι
3155 3722 3253 3791 τὴν
3293 3723 3648 3798 ύπομοντήνι
3684 3730 3772 3782 καὶ

2211 3798 2265 3851 τί
2294 3799 2573 3871 ποιήσετε,
2601 3803 2727 3857 ὅταν
2758 3806 3155 3879 ὲπισκέπτηται
3184 3811 3420 3885 Κύριοςς

2293 3979 2421 4034 Ἐὰν
2451 3980 2713 4055 ὀργισθῇς
2740 3986 2881 4041 κατὰ
2908 3984 3001 4041 τοῦ
3030 3987 3462 4061 λοιδορήσαντος,
3512 3997 3777 4052 ἐϐεϐαίω-

2214 4087 2309 4133 σας
2346 4071 2414 4125 τά
2445 4071 2646 4143 ὀνείδη.
2692 4074 2757 4128 Τί
2794 4078 2902 4147 γὰρ
2946 4077 3111 4149 ὀργῆς
3157 4082 3594 4156 ἀφρονέστερον;
3652 4092 3779 4143 Ἐὰν

2212 4162 2268 4217 δέ
2299 4166 2486 4238 μείνῃς
2519 4167 2809 4241 ἀόργητος,
2840 4170 3083 4242 ᾔσχυνας
3113 4175 3205 4229 τὸν
3253 4176 3575 4249 ὑϐρίσαντα,
3628 4184 3776 4255 ἔργῳ

2211 4258 2309 4329 τὴν
2335 4259 2689 4333 σωφροσύνην
2715 4263 3143 4335 ἐπιδειξάμενος.

2281 4347 2360 4401 Δι’
2386 4349 2631 4419 ἐναργῶν
2656 4352 3072 4425 ὑποδειγμάτων
3112 4359 3141 4410 ὁ
3185 4357 3385 4427 Κύριος
3429 4361 3587 4433 ἡμῶν
3613 4366 3773 4417 ἐπαξ-

550 4445 690 4499 viant
728 4442 883 4499 nobis
916 4442 1261 4508 monstravit,
1296 4442 1488 4497 leniter
1545 4456 1934 4516 mansueteque
1984 4461 2108 4516 per-

2210 4440 2396 4496 δευσεν
2437 4443 2587 4513 ἡμᾶς
2635 4446 2734 4516 τὴν
2778 4446 2877 4517 τῆς
2930 4449 3206 4520 ὑπομονῆς
3262 4451 3401 4517 ὀδδν,
3438 4456 3634 4525 πράως
3677 4462 3770 4511 καὶ

543 4533 833 4589 cutientem
867 4531 1065 4598 ferens,
1101 4532 1343 4603 nihilque
1378 4547 1438 4589 se
1468 4546 1842 4589 commovens.
1867 4532 2106 4592 Effector

544 4624 687 4678 enim
721 4621 842 4678 cmli
870 4629 1138 4691 terraeque
1172 4633 1225 4676 et
1256 4623 1520 4679 Dominus
1555 4623 1623 4677 ab
1650 4625 1906 4681 omnibus
1957 4642 2107 4682 crea-

547 4715 614 4770 tis
642 4713 971 4778 adorandus,
1006 4713 1096 4783 qui
1128 4713 1281 4768 fulcit
1310 4714 1493 4769 omnia
1520 4714 1687 4769 verbo
1716 4717 1932 4773 virtutis
1970 4733 2106 4784 sum,

540 4822 664 4862 eum
689 4822 718 4861 a
741 4822 849 4877 quo
868 4807 1023 4878 alapa
1050 4821 1223 4861 caesus
1248 4804 1442 4872 fuerat,
1478 4806 1891 4879 haudquaquam
1920 4810 2102 4867 vivum

542 4901 611 4955 ad
637 4898 793 4968 251
826 4898 1136 4953 inferendos
1165 4898 1479 4953 dehiscente
1524 4905 1667 4953 terra
1722 4898 1961 4968 demisit,
2008 4901 2105 4958 sed

550 4992 762 5044 monuit
790 4999 846 5045 et
868 4988 1077 5053 docuit,
1106 4989 1331 5045 dicens:
1376 4987 1467 5043 «Si
1500 4992 1645 5044 male
1697 5004 1818 5045 sum
1873 4992 2103 5059 locutus,

550 5087 750 5135 testare
780 5078 847 5135 de
878 5079 1020 5134 malo
1056 5096 1069 5133 :
1098 5080 1180 5135 sin
1218 5088 1397 5134 autem
1430 5079 1585 5143 bene,
1618 5094 1717 5135 cur
1742 5095 1828 5137 me
1850 5083 2014 5139 caedis
2044 5086 2100 5137 τι

544 5172 605 5229 Si
638 5172 780 5227 enim
834 5158 1167 5227 assuefactus
1190 5170 1356 5225 fueris
1377 5172 1617 5226 omnium
1637 5183 1938 5242 postremus
1960 5189 2103 5241 esse,

545 5261 997 5337 quemadmodum
1031 5269 1353 5333 praeceptum
1402 5270 1483 5317 est
1526 5261 1760 5329 Domini,
1823 5279 2100 5336 nunquam

545 5341 934 5427 indignaberis,
965 5356 1120 5427 quasi
1152 5362 1341 5425 prazter
1356 5355 1670 5425 dignitatem
1701 5358 1796 5413 tibi
1825 5359 2103 5427 contingat

546 5450 767 5518 injuria.

616 5536 878 5608 Theologi.
916 5536 993 5592 Ex
1020 5538 1085 5593 iis
1114 5536 1207 5608 qui
1239 5545 1538 5603 tentantur,
1564 5538 1652 5593 alii
1684 5536 1818 5592 mihi
1850 5537 2099 5593 videntur

546 5626 601 5680 in
628 5643 832 5683 morem
864 5627 1261 5684 levissimorum
1285 5627 1587 5701 lapillorum
1614 5638 1669 5685 et
1699 5629 1941 5684 inanium
1972 5643 2101 5685 con-

547 5714 826 5774 chularum
859 5718 995 5788 rapi,
1024 5735 1085 5774 ac
1115 5734 1180 5775 ne
1206 5720 1272 5776 ad
1302 5720 1685 5779 brevissimum
1718 5721 1933 5792 quidem
1956 5729 2099 5778 tem-

2208 4533 2478 4603 ἀκινήτως
2536 4535 2790 4605 ἐχόμενος
2842 4538 2937 4592 τοῦ
2993 4540 3306 4605 τύπτοντος.
3353 4543 3413 4600 Ὀ
3447 4547 3555 4616 γάρ
3605 4550 3768 4619 οὐρα-

2208 4623 2299 4678 νοῦ
2328 4626 2420 4678 καὶ
2449 4627 2548 4695 γῆς
2581 4628 2807 4699 ποιητὴς
2838 4632 2933 4684 καὶ
2971 4631 3266 4701 Δεσπότης,
3312 4635 3341 4687 ὀ
3387 4637 3538 4707 παρά
3586 4640 3765 4709 πάσης

2205 4717 2303 4786 τῆς
2335 4716 2565 4781 κτίσεως
2592 4722 3086 4801 προσκυνούμενος,
3113 4726 3142 4779 ὀ
3166 4726 3346 4798 φέρων
3372 4730 3441 4782 τὰ
3474 4731 3656 4785 πάντα
3688 4733 3764 4799 τῷ

2208 4808 2414 4878 ῥήματι
2445 4811 2547 4881 τῆς
2588 4810 2869 4882 δυνάμεως
2920 4815 3106 4883 αὐτοῦ,
3157 4818 3279 4887 ούχὶ
3335 4818 3514 4884 ζῶντι
3549 4821 3761 4893 ἔπεμψε

2204 4898 2298 4951 τὸν
2323 4899 2630 4971 ῥαπίσαντα
2652 4904 2731 4965 είς
2760 4906 2851 4957 τὸν
2879 4903 3033 4978 ᾂδην,
3065 4906 3166 4976 τῆς
3198 4909 3300 4979 γῆς
3334 4910 3757 4987 ὑπορραγείσηςο

2206 4990 2321 5044 ἀλλ’
2347 4993 2617 5047 ἐνουθέτει
2642 4997 2737 5049 καὶ
2765 4996 3032 5065 ἐδίδασκε,
3071 4999 3267 5069 λέγων’
3299 5022 3318 5054 ι
3348 5003 3413 5057 Ei
3442 4987 3546 5074 μὶν
3579 5008 3758 5072 κακῶς

2204 5080 2462 5153 ἐλάλησα,
2490 5084 2839 5157 μαρτύρησον
2878 5090 3007 5160 περὶ
3029 5090 3124 5144 τοῦ
3159 5092 3353 5147 κακοῦν
3381 5095 3431 5147 εί
3460 5096 3521 5149 δὲ
3557 5097 3755 5161 καλῶς,

2204 5175 2257 5227 τί
2293 5190 2361 5245 με
2389 5176 2606 5247 δέρεις;
2645 5195 2663 5229 ι
2712 5178 2838 5233 Ἐἀν
2867 5182 2978 5251 γὰρ
3007 5181 3229 5255 ἐθισθῇς
3273 5188 3489 5240 πάντων
3537 5190 3756 5260 ἔσχατος

2204 5260 2363 5332 εἶναι,
2408 5268 2550 5322 κατά
2576 5267 2675 5341 τὴν
2692 5270 2909 5342 ἐντολὴν
2955 5273 3049 5327 τοῦ
3070 5276 3292 5346 Κυρίου,
3337 5278 3537 5334 οὔποτε
3590 5286 3752 5349 ἀγαν-

2201 5359 2478 5427 ακτήσεις,
2511 5358 2587 5425 ὡς
2630 5364 2758 5432 παρ’
2818 5363 2976 5428 ἀξίαν
3023 5366 3123 5431 τῆς
3155 5367 3361 5439 ὕϐρεως
3399 5374 3749 5445 ἀπαντώσης.

2268 5539 2390 5593 Τῶν
2417 5543 2822 5612 πειραζομένων
2849 5547 2897 5599 οί
2928 5547 3029 5617 μὲν
3060 5547 3279 5603 ἐδόκουν
3320 5515 3407 5617 μοι
3435 5548 3511 5613 ῶς
3538 5554 3604 5604 τὰ
3631 5566 3747 5604 κου·
3770 5548 3782 5561 ’

2202 5631 2407 5698 φότατα
2435 5634 2530 5685 καὶ
2591 5633 2767 5689 ἀπνοα
2817 5636 2927 5690 τῶν
2972 5639 3282 5712 καχλήκων,
3323 5643 3560 5695 καὶτῶν
3589 5658 3746 5711 κηρυ-

2205 5723 2336 5777 κίων
2366 5726 2796 5795 παρασύρεσθαι,
2830 5731 2923 5784 καὶ
2951 5731 3071 5785 οὐδέ
3104 5734 3297 5801 μικῴν
3326 5734 3570 5805 ἀντέχειν
3604 5734 3733 5799 πρὸς
