4032 6214
396 226 531 297 1221
1210 243 1378 305 LOCI
1416 244 1852 308 COMMUNES.
1889 246 2161 310 ‘PAiiS
2193 250 2287 321 Ii.
2316 252 2571 320 SERMO
2606 258 2756 327 XCI,
3508 257 3643 321 1222

390 343 489 406 τὰς
503 344 783 440 *ἐπηρείας
800 347 1092 419 δυνάμενα·
1126 352 1247 406 οὐδὲ
1275 354 1385 426 γὰρ
1411 354 1629 426 ἔχουσιν
1652 358 1712 412 ιν
1741 357 1943 421 ἑαυτοῖς

2054 372 2157 431 pus
2190 362 2452 419 iusultum
2484 370 2758 424 sustinere
2791 384 2948 440 posse
2980 384 2995 423 :
3053 381 3233 438 neque
3288 367 3435 422 enim
3491 368 3547 421 in
3583 383 3645 421 se

391 435 736 530 στερρότητα
762 440 859 493 καὶ
887 442 1051 512 βάρος
1076 442 1337 513 λογισμοῦ
1367 447 1642 518 σώφρονος
1669 450 1761 503 καὶ
1788 466 1943 522 πρόιτε

2066 452 2348 522 possident
2377 457 2604 515 rationis
2636 435 2945 530 temperatae
2976 435 3303 514 soiiditatem
3355 467 3409 513 et
3461 458 3642 528 gravi-

387 527 682 582 πίπτουσιν
706 531 1122 598 ἀντιϐαίνοντος.
1144 538 1207 590 0i
1235 538 1293 590 δὲ
1311 533 1475 594 ..εἶναι
1499 541 1698 609 πέτρα,
1730 544 1827 611 τῆς
1854 545 1943 597 πέ-

2068 554 2254 612 tatem,
2287 562 2407 616 quae
2432 551 2652 606 casibus
2683 527 3021 607 irruentibus
3077 552 3327 605 obsistat.
3359 527 3477 604 Alii
3517 564 3645 603 vero

387 634 524 688 τρας
558 618 777 690 ἐκείνης
812 619 976 688 ditat,
1018 622 1103 689 ἐφ’
1130 618 1201 695 ἦς
1248 624 1582 697 βεϐήκαμεν,
1613 630 1710 682 καὶ
1752 628 1819 701 ῆν
1866 627 1943 683 λαε

2064 635 2564 698 sitniles'videutur
2596 654 2782 713 petra’,
2815 646 2901 699 illa
2940 656 3088 716 petra
3123 646 3267 716 digni
3299 644 3352 699 in
3388 661 3493 714 qua
3527 655 3641 698 sta-

386 709 679 780 τρεύομεν·
714 712 831 765 ὅσοι
862 714 1139 787 φιλοσόφῳ
1175 717 1450 788 χρώμενοι
1486 719 1762 790 λόγῳ,καὶ
1792 721 1943 792 ὕπερ-

2061 746 2203 794 mus,
2234 746 2507 804 quamque
2535 736 2788 801 colimus,
2829 738 3143 808 quicunque
3168 739 3381 792 ratione
3429 744 3643 790 utentes

392 802 794 873 αναδεσηκότες
821 806 927 875 τὴν
949 807 1063 861 τῶν
1104 808 1317 862 πολλῶν
1358 811 1741 880 ταπεινότητα,
1778 813 1943 867 πάντα

2060 821 2341 889 sapientia)
2364 802 2629 888 studiosa,
2659 827 2805 897 vulgi
2834 802 3113 883 excellunt
3169 829 3552 887 humilitatem,
3586 836 3641 880 et

387 895 649 965 φέρουσιν
701 896 969 961 ἀσείστως
1021 902 1116 954 καὶ
1162 902 1487 966 ἀτινάκτως,
1534 904 1629 956 καὶ
1660 903 1943 971 διαγελῶσι

2057 914 2237 967 omnia
2272 912 2455 970 ferunt
2493 932 2650 981 atquo
2683 920 2867 972 animo
2925 928 2980 973 et
3040 918 3296 981 infracto,
3344 935 3407 974 ac
3463 919 3642 973 rident

388 988 664 1060 μᾶλλον,ἦ
700 989 911 1045 ἐλεοῦσι
936 992 1064 1056 τοὺς
1098 994 1432 1064 σειομένους,
1460 996 1522 1049 τὸ
1549 998 1647 1067 μὲν
1680 997 1785 1050 ὑπὸ
1809 997 1943 1066 φιλο-

2058 1007 2250 1076 magis,
2286 1023 2449 1077 quam
2486 1011 2818 1066 miserentur
2856 1012 3016 1078 alios,
3048 1016 3140 1085 qui
3169 1021 3437 1067 vexantur
3465 1030 3478 1064 :
3508 1011 3639 1066 illud

388 1081 602 1149 σοφίας,
645 1082 706 1135 τδ
734 1083 794 1137 δὲ
817 1084 921 1138 ὑπὸ
951 1084 1382 1157 φιλανθρωπίας.
1410 1090 1576 1143 Αὐτοὶ
1613 1090 1670 1143 δὲ
1694 1091 1805 1144 τῶν
1836 1092 1943 1145 αἰσ-

2056 1113 2153 1167 per
2186 1100 2611 1169 philosophiam,
2649 1104 2749 1157 hoc
2778 1119 2906 1157 vero
2938 1119 3033 1171 per
3066 1081 3493 1159 humanitatem.
3537 1105 3638 1173 ipsi

384 1172 536 1243 χρῶν
582 1173 823 1228 τίθενται
866 1176 1080 1232 ἀπόντα
1140 1180 1239 1249 μὲν
1290 1180 1359 1234 τά
1392 1181 1539 1235 δεινά
1581 1185 1952 1252 περιφρονεῖν,

388 1264 593 1334 μᾶλλον
614 1265 670 1318 δὲ
698 1265 867 1337 μηδὲν
890 1267 1119 1333 οἴεσθαι,
1146 1271 1431 1341 παρόντων
1460 1273 1519 1326 δὴ
1546 1274 1838 1344 ἡττᾶσθαι,
1861 1275 1954 1327 καὶ

384 1356 560 1412 ταῦτά
594 1376 759 1413 τινων
802 1360 914 1413 τῶν
957 1364 1383 1433 παρερχομένων
1409 1378 1425 1395 ·
1460 1368 1557 1420 καὶ
1611 1366 1709 1419 τοῦ
1758 1368 1952 1440 καιροῦ

388 1448 488 1519 μὲν
515 1449 621 1515 ἔξω
651 1451 984 1521 φιλοσοφεῖν,
1018 1454 1075 1507 ὲν
1104 1452 1163 1507 δὲ
1191 1458 1310 1520 ταῖς
1344 1457 1555 1527 χρείαις
1592 1458 1953 1528 ἀφιλοσόφους

387 1542 696 1610 φαίνεσθαιο
745 1544 936 1615 ὥσπερ
982 1534 1053 1601 ἂν
1103 1548 1159 1603 ετ
1206 1565 1289 1613 τις
1339 1552 1534 1605 ἑαυτὸν
1583 1554 1792 1620 νομίζει
1843 1553 1951 1607 τῶν

384 1632 655 1704 ἀθλητῶν.
692 1636 829 1707 μηδὲ
855 1638 1200 1695 καταὸαίνων
1226 1641 1307 1706 είς
1334 1643 1396 1696 τδ
1426 1644 1659 1711 στάδιον,
1683 1646 1716 1716 ἢ
1755 1645 1951 1714 κυϐερ-

2055 1198 2234 1244 autent
2254 1200 2410 1262 turpe
2426 1194 2759 1262 existimant,
2773 1211 2893 1267 qua).
2911 1197 3105 1251 absunt
3128 1197 3366 1266 pericula
3398 1205 3640 1250 contem-

2056 1296 2184 1335 nere
2215 1291 2268 1336 ct
2303 1283 2458 1338 nihili
2481 1286 2781 1349 aestimare,
2840 1288 3199 1355 praesentibus
3256 1286 3526 1356 superari,
3585 1293 3639 1339 et

2056 1374 2355 1438 praesertim
2391 1378 2877 1443 prastereuutibus:
2903 1389 2956 1433 et
2981 1382 3159 1434 nonin
3189 1388 3430 1447 tempore
3466 1377 3640 1447 philo-

2055 1465 2300 1533 Snphari,
2330 1466 2537 1535 iuipso
2581 1476 2761 1523 autem
2823 1488 2925 1525 usu
2976 1471 3333 1541 philosophia:
3385 1479 3636 1541 expertes

2054 1555 2406 1624 deprehendi,
2445 1568 2703 1626 tanquam
2742 1564 2784 1615 si
2817 1564 2943 1631 quis
2974 1580 3032 1617 se
3067 1565 3197 1617 velit
3230 1563 3487 1617 athletam
3538 1580 3635 1617 ax-

2057 1648 2314 1713 istitnari,
2349 1651 2441 1719 qui
2486 1667 2761 1721 utinquam
2801 1655 2853 1707 in
2889 1656 3120 1710 stadium
3149 1656 3513 1715 descenderit,
3541 1665 3635 1709 aut

386 1725 554 1794 νήτην
587 1727 695 1780 τῶν
723 1730 1048 1801 εὐδοκίμων,
1083 1734 1143 1787 ἐν
1170 1733 1274 1804 μὲν
1302 1737 1423 1798 ταῖς
1453 1736 1657 1799 εὐδίαις
1679 1739 1744 1807 τῇ
1781 1736 1943 1807 τέχνῃ

2049 1742 2324 1810 egregium
2358 1743 2773 1812 gubernatorem
2809 1748 2899 1815 qui
2933 1748 2985 1801 in
3064 1751 3354 1802 serenitate
3409 1764 3634 1817 magnos

386 1820 916 1893 μεγαλοφρονοῦντα,
951 1827 1010 1879 ὲν
1034 1826 1095 1880 ὀὶ
1121 1829 1242 1892 ταῖς
1287 1827 1481 1893 ζάλαις
1529 1827 1785 1899 μεθιέντα
1817 1830 1947 1893 τοὺς

386 1912 603 1979 οἴακας.

452 2007 526 2059 Τὸ
551 2008 840 2082 ὀλιγωρεῖν
866 2014 965 2067 καὶ
1000 2013 1075 2083 μὴ
1123 2013 1304 2068 θέλειν
1332 2014 1627 2084 ὑπομένειν
1656 2014 1947 2086 συμφορὰς

382 2100 627 2173 μεγάλης
654 2109 751 2158 καὶ
783 2105 1035 2178 ποικίλης
1059 2106 1378 2177 ἀφροσύνης
1415 2107 1571 2162 ἴδιον.
1776 2093 1790 2105 ’

975 2200 1191 2254 ΛΟΓΟΣ
1232 2202 1349 2267 ιιλν.

549 2288 693 2360 Hirpi
719 2293 1026 2359 πολιτείας
1052 2293 1285 2366 σεμνῆς
1317 2296 1415 2349 καί
1439 2294 1741 2361 ὑπακοῆς.

459 2384 763 2442 Ἠκούσατε
796 2389 879 2444 ὅτι
910 2389 1116 2462 ἐρρέθη
1154 2392 1269 2453 τοῖς
1305 2390 1593 2461 ἀρχαίοις·
1637 2389 1946 2461 Ὀφθαλμὸν

379 2478 501 2533 ἀντὶ
540 2479 844 2553 ὀφθαλμοῦ,
884 2482 978 2536 καὶ
1010 2482 1201 2536 ὀδόντα
1251 2482 1369 2536 ἀντὶ
1420 2482 1652 2546 ὀδόντος.
1692 2481 1837 2551 Ἐγὼ
1888 2482 1945 2536 δὲ

377 2573 524 2643 λέγω
551 2574 700 2646 ύμῖν,
734 2575 809 2646 μὴ
851 2575 1167 2645 ἀντιστῆναι
1214 2575 1295 2651 τῷ
1325 2575 1551 2647 πονηρῷ
1578 2591 1594 2607 ο
1634 2574 1751 2629 ἀλλ’
1795 2576 1946 2641 ὅστις

378 2682 441 2719 σε
470 2667 693 2734 ῥαπίσει
748 2668 830 2732 είς
875 2669 976 2737 τὴν
1003 2667 1186 2734 δεξιὰν
1231 2668 1482 2737 σιαγόνα,
1514 2668 1747 2739 στρέψον
1795 2668 1945 2740 αύτῷ

377 2760 475 2813 καὶ
506 2759 608 2829 τὴν
630 2759 797 2833 ἀλλην
820 2776 836 2791 ⁸
872 2761 969 2814 καὶ
991 2761 1066 2831 τῷ
1099 2761 1309 2816 θέλοντί
1338 2779 1421 2815 σοι
1450 2762 1707 2831 κριθῆναι
1730 2762 1826 2815 καὶ
1852 2761 1946 2816 τὸν

378 2850 582 2921 χιτῶνά
611 2870 706 2908 σου
760 2852 946 2907 λαδεῖν
979 2851 1117 2922 ἄφες
1148 2851 1297 2922 αύτῷ
1340 2854 1434 2907 καὶ
1471 2852 1533 2906 τὸ
1565 2854 1818 2924 ἱμάτιονο
1850 2854 1946 2909 καὶ

377 2943 528 3007 ὅστις
576 2961 635 2996 σε
686 2945 1023 3015 ἀγγαρεύσει
1072 2946 1250 3015 μίλιον
1283 2945 1361 3008 ἓν,
1400 2944 1579 3013 ὕπαγε
1626 2946 1746 3017 μετ’
1774 2946 1947 3001 αὑτοῦ

2048 1833 2119 1887 ob
2134 1842 2307 1887 artem
2328 1834 2431 1887 sibi
2456 1844 2638 1890 sumat
2666 1837 2919 1905 spiritus,
2960 1838 3435 1909 intempestatibus
3451 1850 3632 1895 autem

2047 1926 2413 1994 gubernacula
2437 1928 2677 1982 deserat.

2116 2013 2397 2084 Proprium
2416 2027 2501 2073 est
2527 2017 2756 2089 insignis
2787 2020 3050 2082 stultitiae.
3073 2021 3335 2077 adversas
3355 2036 3442 2077 res
3465 2022 3617 2093 parvi

2046 2103 2313 2172 facere,ct
2342 2110 2483 2165 nolle
2507 2125 2629 2165 cum
2653 2113 2908 2169 accidunt
2931 2117 3059 2183 pati.

2514 2201 2746 2258 SERMO
2800 2204 2908 2260 XCI
2932 2206 3030 2278 [aL
3052 2205 3140 2279 οξ.

2225 2290 2299 2346 De
2357 2295 2625 2359 republica
2670 2298 2911 2364 honesta,
2965 2302 3112 2355 etde
3139 2301 3452 2358 abedientia.

2118 2382 2314 2437 Matth.
2351 2400 2403 2440 ν.
2433 2388 2675 2443 Audistis
2738 2392 2940 2445 dictum
2992 2407 3114 2446 esse
3165 2394 3405 2462 antiquis
3445 2409 3459 2447 :
3492 2390 3631 2447 Ocu-

2047 2477 2156 2530 lum
2193 2492 2291 2548 pro
2323 2478 2504 2544 oculo,
2533 2490 2587 2535 et
2619 2481 2835 2536 dentem
2866 2498 2963 2551 pro
3006 2484 3188 2538 dente.
3219 2487 3288 2538 At
3342 2501 3442 2555 ego
3499 2485 3624 2539 dico

2046 2569 2219 2631 vobis.
2242 2585 2351 2625 non
2387 2586 2508 2627 esse
2540 2574 2683 2628 malo
2715 2574 3118 2642 resistendum;
3150 2576 3243 2631 sed
3269 2576 3364 2647 qui
3412 2576 3626 2645 alapam

2048 2660 2141 2715 tibi
2176 2663 2466 2719 incusserit
2490 2665 2543 2719 in
2570 2667 2765 2721 malam
2800 2668 3071 2732 dextram,
3133 2668 3405 2724 obvertito
3457 2670 3506 2724 ei
3565 2680 3621 2723 et

2045 2741 2268 2807 aitet-am
2302 2769 2320 2821 ;
2353 2754 2655 2826 volentique
2684 2766 2864 2813 tecum
2900 2770 3113 2814 certare
3147 2770 3201 2815 et
3237 2762 3478 2815 tunicam
3526 2774 3630 2813 au-

2047 2844 2188 2898 ierre
2231 2855 2396 2909 tuam,
2432 2849 2684 2919 permitte
2711 2858 2765 2903 et
2797 2850 3015 2918 pallium
3049 2868 3064 2908 :
3094 2860 3149 2905 et
3184 2852 3230 2905 si
3264 2853 3385 2919 quis
3419 2864 3471 2907 te
3496 2855 3627 2907 ade-

2048 2935 2188 3004 gerit
2219 2935 2297 2990 ire
2337 2938 2549 2993 initiare
2578 2918 2767 3001 unum,
2801 2954 2926 2994 cum
2961 2957 3026 2996 eo
3084 2942 3192 2995 dno
3253 2942 3459 3010 pergito
3492 2959 3505 2999 :
3540 2957 3631 3011 pe-

380 3035 473 3089 δύο
499 3051 515 3066 ο
546 3035 626 3106 τῷ
671 3035 913 3091 αίτοῦντί
944 3056 1003 3091 σε
1042 3037 1208 3101 δίδου,
1239 3041 1337 3094 καῖ
1363 3037 1443 3109 τῷ
1465 3038 1674 3092 θέλοντι
1706 3039 1814 3093 ἀπὸ
1850 3039 1943 3094 σοῦ

2050 3029 2181 3083 lenti
2219 3042 2248 3082 a
2278 3039 2328 3083 te
2361 3029 2510 3096 dato,
2544 3039 2601 3085 et
2636 3032 2908 3088 volentem
2938 3033 3035 3088 abs
3057 3041 3109 3088 te
3134 3043 3385 3088 mutuum
3412 3048 3629 3088 sumere

376 3130 751 3198 δανείσασθαι,
779 3133 854 3202 μὴ
885 3132 1271 3204 ἀποστραφῇς.

461 3222 593 3278 Ἐἀν
624 3221 710 3286 τίς
742 3239 810 3293 με
838 3223 1054 3295 ἀγαπᾷ,
1083 3224 1175 3277 τὸν
1206 3225 1362 3294 λόγον
1394 3243 1496 3294 μου
1552 3230 1807 3296 τηρήσει,
1848 3226 1944 3281 καὶ

378 3316 408 3369 ό
438 3316 630 3385 Πατήρ
660 3332 761 3384 μου
791 3317 1072 3387 ἀγαπήσει
1113 3319 1296 3381 αὐτὸν,
1328 3321 1424 3373 καὶ
1453 3321 1589 3391 πρὸς
1612 3322 1775 3375 αὑτὸν
1796 3323 1945 3375 ἐλευ-

378 3406 602 3476 σόμεθα,
628 3409 723 3462 καὶ
765 3409 935 3480 μονὴν
967 3411 1099 3480 παρ’
1136 3410 1285 3481 αὐτῷ
1312 3414 1630 3483 ποιήσομεν.

446 3500 631 3553 Ταῦτα
654 3502 857 3554 ποιεῖτε
881 3504 1049 3571 χωρὶς
1073 3504 1403 3572 γογγυσμῶν
1424 3507 1518 3558 καὶ
1547 3505 1953 3577 διαλογισμῶν,

378 3591 549 3665 μηδὲν
576 3593 700 3647 κατ’
725 3593 993 3664 ἐριθείαν,
1018 3594 1051 3664 ἢ
1086 3596 1415 3662 κενοδοξίαν.

440 3779 533 3850 Μὴ
564 3777 946 3848 γογγύζωμεν,
984 3777 1172 3841 καθώς
1203 3794 1347 3841 τινες
1379 3775 1561 3829 αὐτῶν
1603 3775 1934 3847 ἐγόγγυσαν,

379 3874 470 3926 καὶ
498 3870 783 3925 ἀπώλοντο
807 3869 911 3923 ύπὺ
942 3868 1038 3923 τοῦ
1071 3870 1417 3941 ὀλοθρευτοῦ.

447 3966 508 4018 Δί
540 3965 819 4034 γυναῖκες,
844 3962 1215 4017 ὑποτάσσεσθε
1247 3966 1363 4028 τοῖς
1390 3964 1672 4038 ἀνδράσιν,
1702 3964 1777 4030 ὡς
1808 3967 1941 4038 ἀνῆ-

361 4044 466 4110 ’κεν
503 4059 561 4109 ὲν
596 4054 811 4128 Κυρίῳ.
847 4055 913 4112 Oi
962 4056 1177 4128 ἀνδρες.
1211 4059 1463 4125 ἀγαπᾶτε
1497 4059 1596 4124 τάς
1643 4062 1936 4128 γυναῖκας,

374 4149 469 4203 καὶ
523 4152 597 4219 μὴ
636 4150 1001 4220 πικραίνησθε
1036 4149 1174 4220 πρὸς
1220 4151 1412 4216 αύτάς.
1445 4151 1528 4204 Τὰ
1556 4153 1745 4219 τέκνα,
1800 4155 1941 4208 ύπα·

373 4240 564 4295 κούετε
597 4244 710 4305 τοῖς
742 4241 963 4308 γονεῦσι
996 4244 1139 4297 κατά
1193 4244 1404 4298 πάντα·
1438 4244 1595 4298 τοῦτο
1628 4246 1738 4313 γάρ
1790 4248 1939 4299 ἐστιν

373 4334 671 4404 εὐάρεστον
699 4333 777 4402 τῷ
832 4335 1040 4406 Κυρίῳ.
1073 4336 1134 4389 Οί
1165 4335 1423 4404 πατέρες,
1461 4338 1535 4407 μὴ
1566 4336 1839 4407 ἑρεθίςετε
1869 4337 1940 4391 τὰ

2055 3137 2121 3177 ne
2146 3132 2451 3179 arersator.

2122 3216 2180 3271 Si
2211 3218 2334 3286 quis
2375 3232 2460 3272 me
2490 3217 2684 3288 diligit.
2748 3232 3058 3273 sermonem
3119 3232 3301 3273 meum
3364 3218 3625 3281 servabit,

2050 3321 2105 3365 et
2136 3309 2297 3366 Pater
2329 3326 2482 3367 meus
2528 3312 2713 3381 diliget
2741 3327 2887 3378 eum,
2907 3323 2959 3366 et
2988 3312 3053 3366 ad
3080 3328 3203 3367 eum
3235 3312 3536 3375 veniemus,
3575 3322 3631 3367 et

2049 3406 2188 3472 apud
2213 3419 2335 3458 eum
2366 3404 2725 3460 manebimus.

2124 3494 2359 3564 Philipp.
2396 3514 2462 3551 tt.
2495 3496 2619 3552 iia-c
2651 3498 2811 3554 facile
2835 3499 2954 3554 sine
2988 3498 3421 3553 murmuratione
3447 3510 3499 3553 et
3517 3498 3630 3553 dis-

2048 3591 2353 3657 putatione,
2375 3590 2509 3644 nihil
2534 3606 2632 3660 per
2682 3592 3110 3657 contentionem,
3136 3602 3232 3646 aut
3261 3592 3476 3646 inanem
3511 3592 3627 3661 glo-

2050 3680 2211 3733 riam.

2122 3771 2199 3827 Ne
2232 3786 2657 3837 murtuuremus,
2681 3774 2822 3827 sicut
2845 3773 3068 3843 quidam
3098 3774 3317 3828 illorum
3380 3789 3625 3829 murmua

2046 3875 2306 3919 raverunt
2348 3873 2403 3920 et
2430 3864 2621 3934 perditi
2641 3876 2767 3922 sunt
2797 3880 2825 3919 a
2859 3870 3141 3936 pcrtlente.

2118 3952 2345 4018 Uxores,
2370 3956 2629 4025 subjecta:
2660 3957 2791 4011 viris
2824 3966 3017 4019 estote,
3046 3956 3203 4014 sicttti
3223 3956 3378 4011 decet
3407 3965 3626 4025 propter

2050 4044 2512 4114 Dominum-.Viri,
2544 4048 2751 4118 diligite
2782 4049 2943 4119 252
2963 4064 3181 4111 uxores,
3213 4065 3313 4105 nec
3340 4066 3467 4119 erga
3501 4050 3622 4105 illas

2047 4140 2227 4196 acerbi
2262 4141 2397 4198 sitis.
2426 4141 2623 4199 Liberi.
2651 4142 2865 4196 obedite
2896 4142 3212 4211 parentibus
3242 4143 3294 4196 in
3322 4142 3577 4197 omnibus
3603 4183 3621 4207 ,

2045 4235 2172 4305 quia
2212 4235 2317 4289 hoc
2362 4234 2591 4290 Domino
2622 4245 2931 4305 pergratum
2965 4244 3068 4290 est.
3104 4236 3313 4300 Patres,
3338 4236 3503 4290 nolite
3550 4236 3621 4290 li-

2045 4328 2207 4383 beroe
2241 4336 2452 4383 vestros
2479 4326 2712 4388 irritare.
2744 4342 2813 4382 ne
2855 4327 2928 4381 illi
2954 4327 3321 4397 despondeant
3352 4330 3614 4381 animum.

367 4427 533 4478 τέκνα
558 4425 586 4476 ύ
596 4424 730 4493 μῶν,
760 4426 849 4479 ἵνα
885 4427 957 4496 μὴ
986 4426 1287 4493 ἀθυμῶσιν.
1315 4428 1377 4481 0i
1402 4428 1601 4489 δοῦλοι,
1628 4428 1936 4483 ὑπακούετε

2049 4423 2215 4487 Servi,
2245 4424 2472 4492 subjecti
2501 4423 2740 4478 dominis
2762 4422 2980 4477 carneis
3013 4431 3209 4488 estote,
3239 4439 3346 4477 non
3378 4423 3444 4476 ad
3485 4438 3620 4477 acu-

373 4515 519 4569 κατά
551 4516 657 4570 πάν
679 4519 862 4580 τατοῖς
881 4517 1021 4570 κατὰ
1038 4521 1216 4589 σάρκα
1244 4523 1481 4593 κυρίοις,
1490 4521 1564 4592 μὴ
1593 4522 1715 4577 κατ’
1738 4522 1942 4592 ὀφθαλ-

375 4606 710 4675 μοδουλείαν,
771 4608 847 4669 ὡς
903 4607 1393 4681 ἀνθρωπάρεσκοι,
1441 4614 1559 4669 ἀλλ’
1590 4616 1648 4669 ὲν
1675 4615 1939 4685 ἁπλότητι

372 4697 622 4767 καρδίας.
658 4698 984 4767 φοϐούμενοι
1037 4701 1129 4753 τὸν
1178 4702 1344 4754 Θεόν·
1402 4707 1501 4759 καὶ
1552 4710 1665 4761 πᾶν
1711 4707 1740 4760 ὅ
1771 4725 1826 4761 τι
1870 4707 1938 4762 ἂν

376 4793 592 4862 ποιῆτε,
622 4792 685 4846 ὲκ
708 4791 886 4864 ψυχῆς
908 4795 1231 4865 ἐργάζεσθε,
1262 4796 1338 4861 ὡς
1368 4796 1444 4867 τῷ
1480 4799 1691 4870 Κυρίῳ,
1717 4803 1812 4857 καὶ
1835 4802 1938 4856 οὐκ

370 4883 702 4956 ἀνθρώποις,
740 4886 945 4950 εἰδότες
987 4891 1069 4943 ὅτι
1112 4890 1265 4961 παρὰ
1296 4888 1390 4944 τοῦ
1442 4890 1651 4961 Κυρίου
1698 4892 1935 4962 λήψεσθε

368 4977 469 5047 τὴν
500 4977 856 5034 ἀνταπόδοσιν
898 4981 997 5051 τῆς
1026 4982 1410 5057 κληρονομίας.
1443 4982 1507 5038 Οί
1541 4982 1743 5053 κύριοι,
1765 4984 1826 5038 τὸ
1858 4986 1934 5040 δί-

367 5087 523 5126 καιον
550 5072 643 5126 καὶ
667 5072 769 5144 τὴν
798 5071 1019 5147 ίσότητα
1046 5078 1158 5140 τοῖς
1184 5076 1389 5138 δούλοις
1412 5076 1703 5146 παρέχετε,
1736 5077 1937 5143 εἰδότες

366 5164 448 5217 ὅτι
476 5162 572 5218 καὶ
606 5161 763 5234 ὑμεῖς
789 5164 939 5236 ἔχετε
958 5165 1180 5237 »Κύριον
1206 5166 1265 5221 ὲν
1283 5167 1557 5237 οὐρανοῖς.

441 5251 662 5307 Ἀδικον
698 5253 851 5309 οὐδὲν
883 5251 953 5327 ἦν
992 5256 1052 5311 ἐν
1082 5255 1242 5328 χερσί
1272 5273 1395 5328 μου,
1448 5256 1583 5327 εὐχὴ
1610 5255 1667 5310 δέ
1704 5270 1809 5325 μου
1838 5272 1936 5309 κα-

370 5344 536 5413 θαρά.

443 5439 505 5492 0i
539 5440 806 5512 ὀφθαλμοί
838 5457 932 5494 σου
958 5440 1096 5512 ὀρθὰ
1122 5439 1491 5509 βλεπέτωσαν,
1517 5438 1587 5494 τά
1604 5438 1662 5494 δὲ
1692 5438 1936 5512 βλέφαρά

371 5546 466 5583 σου
496 5531 701 5585 νευέτω
731 5532 936 5586 δίκαια.

443 5622 542 5687 Ὃς
570 5623 967 5693 ἀναστρέφεται
1013 5624 1246 5695 ἄμωμος
1290 5625 1347 5681 ὲν
1381 5624 1722 5700 δικαιοσύνῃ,
1756 5642 1931 5699 μακα-

370 5714 517 5783 ρίους
543 5716 670 5781 τοὺς
692 5716 888 5781 παῖδας
918 5714 1256 5786 καταλείψει.

2044 4514 2154 4568 lum
2188 4515 2505 4579 servientes,
2537 4516 2694 4584 quasi
2729 4513 2821 4582 qui
2855 4513 3170 4569 hominibus
3230 4515 3443 4583 placere
3502 4523 3620 4569 stn-

2041 4606 2237 4671 deatis,
2263 4607 2357 4662 sed
2389 4606 2441 4659 in
2474 4604 2821 4674 simplicitate
2855 4605 3037 4660 cordis
3071 4604 3234 4660 Deum
3271 4615 3616 4665 metuentes:

2040 4705 2095 4753 et
2124 4698 2385 4767 quidquid
2423 4696 2621 4760 facitis,
2656 4696 2706 4750 id
2746 4713 2811 4752 ex
2848 4698 3032 4752 animo
3096 4699 3319 4767 exsequi
3373 4696 3612 4760 debetis,

2041 4792 2199 4860 quasi
2234 4792 2287 4846 iu
2327 4798 2619 4859 conspectu
2674 4788 2911 4855 Domini,
2971 4804 3075 4843 non
3127 4788 3431 4850 hominum,
3503 4805 3616 4845 non

2040 4882 2362 4952 ignorantes
2398 4881 2642 4935 futurum
2676 4897 2815 4943 esse.
2855 4890 2914 4937 ut
2948 4896 2978 4935 a
3013 4881 3242 4936 Domino
3292 4897 3615 4938 remunera-

2039 4976 2242 5030 tionem
2280 4972 2612 5029 hereditatis
2644 4974 2913 5045 accepturi
2942 4973 3083 5035 sitis.
3117 4974 3270 5041 Quod
3310 4975 3519 5046 justum
3559 4986 3614 5033 et

2036 5082 2252 5137 aequum
2319 5074 2424 5132 est,
2474 5065 2704 5130 domini,
2756 5066 2937 5121 servis
2974 5066 3215 5135 tribuite,
3249 5070 3394 5139 quod
3424 5070 3616 5127 sciatis

2036 5175 2134 5216 vos
2168 5160 2370 5214 habere
2399 5158 2684 5213 Dominum
2716 5157 2771 5211 in
2818 5157 2993 5213 ctelis.

2106 5249 2209 5303 Job
2248 5266 2399 5305 XXXI.
2431 5248 2680 5320 iniquum
2729 5248 2861 5305 nihil
2896 5249 2999 5305 fuit
3052 5254 3104 5306 in
3160 5252 3418 5308 manibus
3450 5254 3612 5322 meis,

2037 5343 2281 5414 precatio
2330 5352 2509 5398 autem
2574 5358 2690 5396 mea
2714 5357 2869 5413 pura.

2108 5433 2267 5490 Prov.
2323 5450 2402 5490 tv.
2443 5432 2595 5489 Oculi
2629 5435 2706 5490 tui
2738 5443 2885 5490 recte
2925 5435 3218 5505 aspiciant,
3253 5448 3307 5495 et
3340 5440 3613 5511 palpebra

2040 5538 2146 5585 tuae
2165 5546 2320 5599 aequa
2356 5544 2567 5591 nutent.

2109 5623 2212 5689 Qui
2239 5626 2356 5681 sine
2385 5632 2809 5699 reprehensione
2840 5636 2896 5691 in
2930 5634 3143 5707 iustitia
3173 5642 3439 5701 versatur,
3473 5633 3614 5690 libe-

2038 5730 2130 5773 ros
2161 5718 2429 5790 relinquet
2452 5723 2657 5779 beatos.
