4062 6222
498 237 632 305 129.3

1761 238 2084 302 ANTONII'
2126 239 2466 301 MELISSA‘J

3587 237 3726 303 i224
3801 227 3810 230 ’

567 350 826 408 Senectus
844 363 1121 420 nonorata,
1150 369 1254 410 non
1277 369 1395 424 qnzc
1419 355 1620 410 multos
1661 353 1822 409 habet
1851 367 2045 413 annos,

2226 351 2405 423 Γῆρας
2453 351 2633 422 τίμιον
2669 352 2730 405 οὑ
2783 352 2844 404 τὺ
2875 351 3277 422 πολυχρόνιον,
3315 351 3440 405 οὐδὲ
3497 353 3727 424 ἀριθμῷ

493 459 594 520 nec
627 461 854 500 numero
884 462 1148 502 annorum
1180 449 1447 504 metienda
1489 458 1604 514 est,
1674 449 1769 504 sed
1820 449 1928 504 vita
1973 447 2054 501 in-

496 537 777 592 taminata.

568 627 862 685 S.'Basilii.
897 630 1215 700 Facldiscas.
1249 648 1282 688 ο
1308 631 1489 699 ιιοῖηο,
1519 647 1582 688 ac
1614 632 1860 688 docearis
1886 646 2051 686 evan-

496 721 719 792 gelicam
748 725 1234 788 conversationem,
1259 725 1532 780 oculorum
1556 723 2054 789 eruditionem,lin—

499 828 617 882 gnat
639 815 1052 879 continentiam,
1076 817 1319 886 corporis
1362 819 1698 884 servitutem,
1735 820 1900 872 animi
1949 821 2054 873 hu-

498 905 800 976 militatem,
818 907 1104 976 puritatem
1125 909 1338 973 mentis,
1355 910 1447 963 irae
1461 910 1897 964 exstinctionem.
1921 911 2054 966 Cum

497 973 701 1066 aliquid
753 973 850 1052 abs
879 1007 929 1052 te
975 998 1227 1066 exigitur,
1259 1001 1420 1054 etiam
1472 1001 1704 1071 amplius
1730 1004 1896 1058 adde:
1930 1019 2054 1059 cum

499 1086 782 1143 fraudatus
802 1089 992 1151 fueris,
1019 1088 1282 1159 judicium
1315 1106 1384 1144 ne
1401 1093 1596 1162 petito:
1619 1094 1663 1147 si
1697 1103 1746 1149 te
1767 1095 1888 1162 quis
1919 1097 2055 1161 odit,

496 1187 708 1237 amato:
732 1178 776 1233 si
811 1182 1172 1252 persequitur,
1206 1182 1502 1238 sustineto:
1529 1185 1574 1238 si
1603 1185 1866 1242 conviciis
1928 1203 2056 1257 pro-

495 1269 719 1331 scindit,
751 1271 1053 1328 obsecrato.

568 1360 792 1418 Factum
825 1366 1049 1421 tacitum
1082 1366 1226 1423 dicto
1274 1378 1491 1438 praestat
1517 1369 1740 1427 infecto.

569 1454 742 1512 Nemo
773 1457 890 1512 sine
910 1459 1125 1515 actione
1151 1461 1323 1517 adhuc
1354 1463 1611 1532 probatus
1635 1474 1738 1531 est,

565 1549 636 1601 At
669 1548 874 1619 absque
893 1550 1071 1606 verbis
1091 1562 1278 1622 argute
1298 1554 1523 1623 prolatis
1551 1571 1710 1625 quam
1745 1556 1984 1626 plurimi.

567 1638 686 1695 Non
707 1642 848 1697 enim
872 1641 1234 1713 loquentibus,
1263 1646 1358 1701 sed
1390 1656 1536 1702 recte
1563 1648 1867 1704 viventibus
1886 1647 2056 1717 gratia

1713 1738 1930 1811 [debetu
1942 1755 1986 1794 r.

576 1821 681 1876 Ubi
730 1837 822 1878 res
878 1823 1009 1894 ipsae
1033 1836 1368 1894 comparent,
1401 1827 1558 1898 longa
1604 1845 1944 1897 supervacua
1977 1837 2070 1884 est

497 1913 696 1966 oratio.
829 1916 834 1922 ‘

572 2002 635 2058 S.
668 2002 942 2074 Cltrysost.
978 2003 1099 2060 Vita
1156 2009 1429 2077 potentior
1471 2010 1716 2064 oratione
1777 2009 2067 2077 verbisque

503 2112 716 2161 mores,
743 2108 795 2151 et
831 2112 1054 2166 operum
1115 2097 1508 2158 demonstratio
1546 2103 1833 2158 verborum
1868 2103 2068 2160 doctri-

502 2203 586 2241 na:
609 2188 976 2257 praeponitur.

575 2279 802 2348 Philipp.
837 2297 911 2348 n;
945 2281 1093 2337 Psal.
1119 2299 1180 2340 ιι.
1215 2283 1357 2340 Audi
1393 2283 1716 2355 Apostolum
1769 2286 2063 2353 dicentem,

505 2368 647 2425 Cum
675 2371 868 2426 timore
897 2381 948 2425 et
990 2383 1225 2428 tremore
1266 2386 1498 2430 vestram
1541 2377 1780 2444 ipsorum
1833 2378 2063 2433 salutem

504 2461 730 2516 eilicite:
763 2463 942 2517 omnia
969 2463 1128 2520 facite
1153 2467 1270 2521 sine
1309 2469 1830 2524 murmurationibus
1851 2479 1904 2524 et
1951 2469 2066 2524 dis-

431 2599 436 2604 .
505 2554 897 2623 putationibus,
934 2566 988 2610 nt
1020 2557 1142 2613 sitis
1191 2557 1466 2628 simplices
1500 2574 1565 2614 ac
1607 2559 1741 2616 tales
1770 2560 1838 2615 de
1862 2561 2064 2630 quibus

505 2645 762 2715 conqueri
801 2649 970 2715 possit
996 2663 1176 2712 nemo,
1209 2649 1300 2704 ﬁlii
1334 2651 1423 2704 Dei
1457 2653 1574 2706 sine
1615 2653 2062 2723 reprehensione.

506 2734 647 2799 Quin
691 2737 851 2790 etiam
877 2748 1050 2802 ,vates
1089 2739 1277 2806 David,
1305 2741 1538 2809 Servite,
1573 2743 1772 2812 inquit,
1836 2744 2066 2798 Domino

505 2844 626 2881 cum
663 2838 830 2895 metu,
871 2833 996 2901 quia
1022 2832 1218 2904 ubique
1242 2843 1324 2889 est
1356 2833 1684 2901 Deus,audit
1717 2837 1922 2899 omnia.
1953 2853 2069 2891 om-

508 2923 595 2974 nia
625 2921 788 2988 videt,
835 2940 942 2978 non
970 2926 1129 2981 modo
1185 2942 1248 2983 ea
1283 2945 1402 2999 quae
1448 2941 1682 3000 aguntur
1710 2941 1762 2986 et
1782 2931 2064 2996 dicuntur,

507 3029 693 3068 verum
713 3016 874 3072 etiam
907 3034 970 3072 ea
991 3019 1172 3074 omnia
1203 3036 1320 3090 quae
1350 3023 1402 3076 in
1437 3023 1692 3080 cordibus
1729 3024 2063 3088 volutantur,

2162 443 2298 498 ἑτῶν
2325 447 2623 516 μετρεῖται,
2646 445 2780 499 ἀλλά
2815 429 2927 516 βίος
2952 445 3302 514 ἀκηλίδωτος.

2239 624 2417 688 Μάθε,
2439 623 2717 693 ἄνθρωπε,
2747 623 3026 694 διδάχθητι
3050 622 3150 693 τὴν
3171 622 3540 694 εὐαγγελικὴν
3574 623 3731 676 πολι·-

2161 717 2334 785 τείαν,
2388 717 2682 788 ὀφθαλμῶν
2733 717 3043 788 ἀκρίϐειαν,
3070 713 3328 786 γλώσσης
3373 715 3732 786 ἐγκράτειαν,

2164 808 2416 879 σώματος
2457 809 2849 878 δουλαγωγίαν,
2903 809 3159 881 φρόνημα
3183 809 3466 872 ταπεινὸν,
3511 809 3733 871 ἑννοίας

2165 899 2546 970 καθαρότητα,
2609 902 2780 972 ὀργῆς
2857 902 3185 971 ἀφανισμόν.
3251 900 3734 972 ’Δγγαρευόμενος

2162 992 2322 1046 πλέον
2355 993 2540 1056 ἐπίθες
2567 1032 2583 1057 ,
2614 992 2971 1064 ἀπατώμενος
3002 995 3078 1064 μὴ
3110 993 3360 1060 δικάζου,
3392 992 3736 1063 μισούμενος

2161 1083 2374 1150 ἀγάπα,
2407 1084 2730 1156 διωκόμενος
2769 1085 2986 1156 ἀνέχου,
3017 1085 3506 1157 βλασφημούμενος
3546 1102 3737 1156 παρα·

2161 1176 2338 1234 κάλοι.

2305 1359 2552 1427 Ἀφωνον
2577 1357 2738 1428 ἔργον
2762 1361 3014 1429 κρεῖσσον
3041 1359 3320 1430 ἀπράκτου
3349 1359 3534 1428 λόγου.

2303 1449 2428 1504 Βίου
2464 1451 2564 1515 μὲν
2593 1451 2769 1514 οὐδείς
2803 1450 3014 1506 πώποθ’
3054 1453 3244 1523 ὑψώθη
3272 1452 3393 1523 δίχα
3416 1467 3432 1482 ⁸

2300 1544 2474 1611 Λόγου
2503 1543 2562 1598 δὲ
2587 1543 2771 1598 πολλοὶ
2799 1543 2894 1598 τοῦ
2918 1545 3100 1609 καλῶς
3133 1545 3502 1615 ψοφουμένου.

2306 1636 2381 1690 Οὐ
2409 1637 2519 1707 γὰρ
2546 1636 2874 1705 λαλούντων,
2903 1638 2964 1692 εὖ
2997 1637 3257 1706 βιούντων
3283 1639 3326 1692 δ’
3353 1641 3386 1710 ή
3419 1641 3606 1710 χάρις.

2965 1728 3272 1800 (Τὴεοίοθὲ.)

2241 1820 2585 1892 Φαινομένων
2617 1821 2794 1893 εργων
2819 1822 3076 1887 περιττόν
3108 1824 3227 1876 ἐστι
3255 1822 3624 1894 μακρολογία.

2239 2004 2574 2074 Βίοςλόγου
2629 2003 3022 2072 δυνατώτερος,
3061 2004 3158 2059 καὶ
3215 2005 3410 2076 τρόποι
3438 2004 3734 2075 ῥημάτων,

2168 2097 2264 2150 καὶ
2299 2100 2332 2167 ἡ
2367 2098 2456 2151 διὰ
2492 2098 2598 2151 τῶν
2649 2096 2829 2168 ἔργων
2859 2096 3118 2162 ἐπίδειξις
3153 2099 3253 2170 τῆς
3282 2097 3374 2152 διὰ
3403 2097 3512 2152 τῶν
3559 2098 3735 2166 λόγων

2165 2189 2539 2253 διδασκαλίας.

2243 2284 2514 2337 ’Ἄκουσον
2561 2282 2655 2338 τοῦ
2688 2283 3013 2340 Ἀποστόλου
3063 2283 3312 2353 λέγοντος
3333 2297 3349 2316 ⁸
3419 2283 3573 2339 Μετὰ
3630 2282 3735 2350 φό-

2165 2375 2260 2428 ϐου
2307 2375 2402 2430 καὶ
2429 2376 2632 2445 τρόμου
2671 2374 2769 2445 τὴν
2815 2375 3028 2430 ἑαυτῶν
3067 2377 3346 2446 σωτηρίαν
3377 2374 3731 2444 κατεργάζε-

2174 2468 2267 2522 σθε
2292 2482 2308 2497 ⁸
2342 2467 2518 2543 πάντα
2542 2468 2744 2521 ποιεῖτε
2767 2470 2933 2537 χωρὶς
2962 2467 3291 2536 γογγυσμῶν
3336 2467 3429 2520 καὶ
3492 2466 3735 2533 διαλογι·

2174 2561 2351 2630 σμῶν,
2402 2561 2491 2614 ἵνα
2536 2562 2764 2629 γένησθε
2809 2561 3088 2630 ἄμεμπτοι
3133 2560 3227 2614 καὶ⁵
3245 2559 3518 2629 ἀκέραιοι,
3567 2559 3736 2611 τέκνα

2164 2653 2298 2707 Θεοῦ
2357 2654 2652 2724 ἀμώμητοι.
2734 2653 2895 2706 Ἀλλά
2957 2655 3053 2707 καὶ
3111 2653 3140 2706 ὁ
3213 2652 3502 2714 θεσπέσιος
3569 2650 3734 2703 ante

2164 2763 2330 2816 φησι·
2373 2746 2700 2800 Δουλεύσατε
2726 2746 2803 2815 τῷ
2855 2746 3048 2816 Κυρίῳ
3101 2747 3162 2798 ἐν
3216 2745 3387 2815 φόϐῳ.
3448 2741 3732 2811 Πανταχοῦ

2163 2837 2272 2910 γάρ
2302 2838 2566 2907 πάρεστιν
2623 2841 2650 2892 ὁ
2680 2839 2834 2904 Θεὸς,
2870 2839 3050 2892 πάντα
3093 2834 3307 2904 ἀκούει,
3333 2836 3511 2890 πάντα
3536 2836 3636 2906 ὁρᾷ
3662 2836 3731 2888 οὗ

2163 2930 2234 2985 τά
2261 2934 2611 3004 πραττόμενα
2650 2933 2814 3002 μόνον
2873 2933 2966 2984 καὶ
3001 2930 3292 3001 λεγόμενα,
3343 2929 3480 2984 ἀλλά
3532 2930 3625 2980 καὶ
3653 2927 3728 2980 ea

2165 3026 2222 3078 ὲν
2250 3023 2497 3092 καρδίαις
2541 3022 2786 3086 ἅπαντα,
2816 3023 2912 3076 καὶ
2958 3022 3028 3076 τά
3059 3023 3119 3076 ὲν
3150 3021 3228 3091 τῷ
3259 3019 3413 3090 βάθει
3444 3022 3545 3090 τῆς
3583 3036 3727 3088 καρ-

507 3105 592 3160 vel
631 3123 751 3175 qua:
795 3118 922 3163 sunt
952 3111 1004 3165 in
1041 3112 1205 3167 fundo
1233 3115 1592 3184 cordiszipse
1645 3115 1788 3170 enim
1845 3127 1931 3171 est
1975 3133 2067 3171 cu-

2170 3117 2307 3173 δίαε.
2343 3115 2602 3185 Κριτικὸς
2641 3116 2762 3190 ,γάρ
2795 3116 2942 3169 ἐστιν
2979 3114 3332 3186 ἐνθυμήσεων
3372 3114 3469 3168 καὶ
3517 3111 3735 3166 ἐννοιῶν

514 3199 800 3266 piditatum
852 3210 909 3258 et
951 3204 1337 3274 cositationum
1392 3206 1763 3275 cordisjudex
1791 3218 1845 3263 et
1877 3210 2068 3279 cogni-

513 3298 617 3344 tor.

584 3382 744 3456 253
782 3383 840 3440 S.
901 3383 1040 3442 Nili.
1076 3385 1553 3452 Prxslantioribus
1597 3389 1901 3461 subiectum
1947 3407 2072 3450 esse

517 3476 860 3532 utilissimum
915 3492 1020 3537 est.

589 3569 801 3624 inlini'a
829 3581 956 3626 sunt
987 3572 1127 3628 mala
1157 3589 1278 3644 quae
1304 3575 1707 3632 commaculant
1736 3579 2005 3642 animmn,
2042 3592 2076 3633 a

516 3663 713 3732 quibus
734 3679 796 3720 ex
804 3667 1022 3736 purgari
1046 3675 1101 3721 et
1121 3667 1231 3723 elui
1258 3667 1480 3723 omnino
1503 3684 1608 3724 non
1643 3671 1800 3726 licet:
1828 3687 2078 3728 necessa-

517 3759 602 3811 rio
636 3757 776 3812 enim
820 3758 1198 3828 relinquuntur
1227 3761 1410 3823 cuivis,
1427 3762 1638 3818 mortali
1697 3767 1907 3832 sordes,
1958 3780 2079 3834 quin

516 3849 747 3906 leviores
800 3849 915 3908 lieri
972 3865 1137 3922 posse
1205 3854 1477 3922 videntur,
1509 3856 1622 3912 tolli
1647 3869 1828 3914 autem
1853 3860 2077 3916 omnino

517 3957 627 3998 non
663 3952 911 4013 possunt.

593 4032 1122 4104 Obedientiajuncta
1171 4036 1519 4092 continentiae
1549 4037 1631 4093 vel
1663 4037 1868 4096 bestias
1922 4039 2078 4096 subi—

520 4129 617 4196 git.

971 4235 1201 4292 SERMO
1247 4236 1383 4292 xcn
1445 4236 1543 4310 [αι.
1573 4237 1659 4311 ο].

529 4354 601 4407 De
631 4352 898 4422 republica
918 4354 1280 4422 vituperanda,
1309 4363 1358 4406 et
1380 4352 1786 4407 inobedientibus
1816 4369 1878 4406 ac
1909 4355 2079 4410 rebel-

594 4425 756 4489 libus,
784 4423 944 4493 deque
996 4426 1060 4479 iis
1088 4425 1177 4492 qui
1207 4423 1434 4478 moribus
1465 4424 1822 4490 improbandis
1863 4427 2079 4494 ιιι-ωειἰεὶ
2109 4446 2154 4502 ι)

594 4502 741 4548 sunt.

597 4586 736 4655 Quia
763 4587 1061 4643 noluerunt
1091 4602 1209 4642 mea
1240 4586 1394 4657 sequi
1439 4587 1685 4653 consilia,
1709 4588 1804 4643 sed
1840 4588 2082 4660 increpa-

529 4683 702 4738 tiones
727 4695 876 4738 meas
911 4679 1240 4746 deriserunt,
1260 4680 1360 4734 vite
1374 4696 1485 4736 sua:
1517 4678 1778 4738 fructibus
1811 4682 2079 4751 fruentur,

529 4783 585 4828 et
628 4770 1020 4844 cupiditatibus
1042 4769 1158 4826 suis
1183 4770 1558 4840 explebuntur.

601 4951 800 5009 Ierem.
843 4949 1050 5022 Populo
1081 4947 1208 5004 huic
1258 4945 1362 5001 fuit
1397 4960 1492 5002 cor
1541 4947 1853 5005 inobediens
1897 4958 1950 5004 et
2002 4963 2086 5005 re-

537 5047 931 5102 bellesomnes
991 5042 1360 5102 inobedientes
1409 5051 1538 5098 sunt
1576 5053 1631 5099 et
1681 5059 1778 5114 per
1835 5045 2086 5116 ambages

535 5139 929 5214 ingrediuntur.

604 5233 686 5291 Ad
731 5247 890 5304 quem
946 5229 1138 5301 loquar
1169 5239 1224 5287 et
1271 5231 1526 5296 testabor,
1588 5238 1644 5285 ut
1693 5229 1916 5285 audiat?
1952 5228 2089 5284 Ecce

539 5343 702 5382 aures
762 5339 949 5381 eorum
1007 5323 1408 5379 incircumcisa:
1475 5333 1624 5390 sunt,
1695 5338 1794 5377 nec
1864 5331 2091 5392 possunt

539 5418 748 5473 audire.

611 5506 803 5562 Exerit.
838 5523 922 5565 ιιι.
953 5507 1056 5574 Qui
1085 5508 1235 5564 audit
1265 5521 1374 5575 me,
1412 5509 1628 5574 audiat;
1659 5515 1715 5562 et
1741 5506 1832 5576 qui
1860 5520 1964 5561 non
1991 5519 2089 5576 pa-

543 5609 644 5662 ret,
692 5614 761 5654 ne
802 5609 1008 5670 pareat.

616 5686 820 5746 Basilii.
849 5690 956 5750 Ubi
977 5689 1290 5758 inimicitiae,
1348 5692 1493 5758 lites,
1539 5692 1656 5754 irae,
1694 5689 2084 5754 contentiones.

2171 3209 2420 3282 καρδίας.

2247 3391 2322 3446 Τὸ
2363 3390 2754 3447 ὑποτάττεσθαι
2782 3392 2894 3456 τοῖς
2928 3389 3238 3462 κρείττοσιν
3282 3386 3735 3458 ὠφελιμώτατον.

2253 3575 2488 3642 Ἀπειρα
2537 3571 2607 3626 τὰ
2636 3569 3150 3641 καταρῤυπαίνοντα
3180 3569 3281 3641 τὴν
3327 3568 3510 3640 ψυχὴν
3569 3569 3736 3631 κακὰ,

2175 3661 2319 3732 ἅπερ
2349 3659 2665 3731 ἐκνίψασθαι
2697 3661 2791 3713 καὶ
2843 3658 3248 3712 ἀπολούσασθαι
3278 3657 3594 3719 ιπαντελῶς
3633 3657 3732 3709 οὐκ

2176 3754 2383 3808 ἔνεστιν
2401 3770 2416 3785 ο
2448 3751 2833 3806 ἀπολείπονται
2862 3752 2970 3822 γὰρ
2995 3750 3056 3815 ἐξ
3083 3751 3328 3819 ἀνάγκης
3365 3751 3532 3802 παντὶ
3555 3748 3733 3819 θνητῷ

2177 3845 2370 3916 κῆρες.
2408 3845 2674 3916 Λωφῆσαι
2735 3843 2834 3915 μὲν
2882 3843 2993 3915 γὰρ
3049 3842 3226 3907 είκδς,
3268 3841 3627 3913 ἀναιρεθῆναι
3680 3840 3737 3892 δὲ

2178 3935 2411 4005 εἰσάπαξ
2443 3938 2743 4010 ἀμήχανον.

2260 4030 2508 4101 ’Υπακοὴ
2572 4030 2712 4101 μετὰ
2769 4026 3094 4096 ἐγκρατείας
3149 4025 3448 4080 ὑποτάσσει
3493 4026 3585 4078 καὶ
3643 4027 3736 4094 θη-

2182 4127 2294 4196 ρία.
2348 4143 2356 4152 ‘

2267 4307 2279 4320 .
2766 4237 2983 4290 ΛΟΓΟΣ
3020 4233 3138 4302 ιιΒ’.

2181 4337 2320 4405 Περὶ
2350 4335 2653 4400 πολιτείας
2696 4333 2946 4405 ψεκτῆς.
2995 4330 3093 4405 καί
3145 4326 3601 4405 ᾀνυποτάκτωνς,
3636 4324 3736 4405 καὶ

2251 4395 2598 4473 ἃπόϐλητον
2629 4395 3025 4474 ’τὸ’ἦθοέ’καί
3075 4400 3216 4465 τοὺς
3262 4397 3517 4467 τρόπους
3561 4395 3736 4465 ἐχόν-

2249 4492 2387 4530 των.

2263 4588 2482 4658 Ἐπειδὴ
2535 4588 2635 4641 οὐκ
2688 4587 2879 4658 ἤθελον
2941 4587 3104 4654 ἐμαῖς
3159 4584 3447 4655 προσέχειν
3496 4580 3735 4652 βουλαῖς.

2182 4683 2553 4751 ὲμυκτήρισαν
2579 4680 2637 4732 δὲ
2679 4681 2846 4749 ἐμοὺς
2885 4679 3139 4747 ἐλέγχους
3161 4693 3177 4709 ο
3209 4673 3497 4744 τοιγαροῦν
3524 4673 3735 4725 ἔδονται

2183 4771 2280 4840 τῆς
2310 4769 2518 4823 ἑαυτῶν
2545 4769 2666 4823 ὁδοῦ
2690 4770 2817 4834 τοὺς
2846 4772 3110 4839 καρποὺς,
3139 4767 3234 4822 καὶ
3260 4768 3357 4838 τῆς
3390 4765 3600 4820 ἑαυτῶν
3619 4768 3734 4819 ἐπι-

2185 4861 2382 4931 θυμίας
2419 4861 2850 4934 πλησθήσονται.
3248 4907 3250 4910 μ

2254 4955 2346 5025 Τῷ
2374 4954 2488 5023 λαῷ
2507 4953 2682 5025 τούτῳ
2706 4953 2936 5026 ἐγενήθη
2968 4953 3164 5024 καρδία
3192 4952 3422 5022 ἀνήκοος
3467 4951 3562 5004 καὶ
3587 4951 3712 5004 ἀπει

2187 5045 2285 5116 θής
2309 5059 2326 5077 ⁸
2357 5046 2557 5107 πάντες
2589 5045 2830 5114 ἀνήκοοι⁹
2862 5043 3218 5114 πορευόμενοι
3257 5042 3507 5103 σκολιῶς.

2257 5228 2402 5300 Πρδς
2427 5228 2549 5282 τίνα
2571 5227 2789 5298 λαλήσω
2815 5231 2912 5284 καὶ
2940 5227 3426 5300 διαμαρτύρωμαι,
3458 5230 3553 5284 καὶ
3583 5227 3720 5284 ἀκοόι

2189 5337 2341 5374 σεται
2363 5337 2379 5388 ;
2422 5320 2552 5374 Ἰδοὺ
2585 5321 2935 5392 ἀπερίτμητα
2965 5321 3035 5374 τὰ
3057 5315 3171 5375 ὦτα
3199 5321 3403 5386 αὐτῶν,
3434 5324 3526 5374 καὶ
3553 5321 3612 5374 οὐ
3646 5321 3728 5374 δύ-

2189 5429 2377 5467 νανται
2414 5410 2654 5464 ἀκούειν.

2277 5503 2336 5559 ’0
2387 5504 2598 5559 ἀκούων
2631 5520 2734 5574 μου
2786 5503 3050 5570 ἀκουέτω,
3094 5504 3190 5558 καὶ
3230 5504 3258 5556 ὁ
3305 5501 3546 5555 ἀπειθῶν
3589 5502 3725 5554 ἀπει-

2191 5597 2372 5653 θείτω.

2261 5689 2436 5744 Ὅπου
2470 5688 2677 5753 ἔχθραι,
2717 5687 2886 5752 ἔοεις,
2941 5687 3122 5750 θυμοὶ.
3177 5686 3546 5750 φιλονεικεῐαι.
3581 5681 3726 5750 0995-
