4062 6222
356 225 489 288 12ἶ3

1177 233 1342 294 1.0(‘1
1387 236 1824 302 COMMUNES.
1856 267 1920 277 -
1952 244 2148 304 PARS
2176 247 2257 308 ΙΙ.
2299 250 2558 312 SERMO
2597 254 2762 314 XCV.

3473 251 3607 312 1234

434 334 500 388 'H
536 336 591 388 δὲ
625 336 828 408 ἀληθὴς
864 339 958 392 καὶ
987 341 1167 395 τελεία
1202 344 1420 416 ὑπακοὴ
1451 346 1558 399 τῶν
1591 347 1918 418 ὑποχειρίων
1947 401 1951 409 ε

2090 358 2358 415 Caeterum
2394 376 2521 416 vera
2568 371 2622 418 et
2669 361 2908 431 perfecta
2944 361 3314 430 subjectorum
3344 375 3473 432 erga
3500 361 3603 415 du”

354 428 494 496 πρὸς
528 428 621 481 τὸν
653 430 1065 501 καθηγούμενον
1099 434 1159 486 ἔν
1191 434 1365 506 τούτῳ
1398 436 1677 492 δείκνυται
1699 481 1715 505 ,
1752 441 1813 493 ἐν
1844 440 1924 510 τῷ

2029 457 2239 504 etorem
2271 451 2583 506 obedientia
2618 428 2807 507 in‘hoc
2835 428 3161 519 ostenditur,
3203 459 3271 519 ut
3295 428 3602 527 nonvsolum

358 519 432 589 μὴ
466 519 624 589 μόνον
641 520 752 574 τῶν
772 522 990 576 ἀτόπων
1012 524 1151 578 κατά
1174 526 1274 596 τὴν
1302 543 1367 579 συ
1377 528 1619 598 μϐουλὴν
1641 528 1739 583 τοῦ
1764 549 1928 601 προε-

296 679 303 687 θ
357 611 560 675 στῶτος
587 612 909 681 ἀπέχεσθαι,
937 616 1072 669 ἀλλά
1104 617 1239 687 μηδὲ
1265 619 1404 673 αὐτά
1436 620 1502 673 τά
1530 623 1793 677 ἐπαινετά
1822 642 1928 693 χω-

293 693 316 784 ;
354 702 439 771 pl;
479 707 578 775 τῆς
618 704 830 760 ἐκείνου
870 707 1098 777 γνώμης
1138 711 1333 765 ποιεῖν.
1370 711 1435 765 Ἦ
1476 713 1584 781 γὰρ
1627 716 1927 784 ἐγκράτεια

299 768 316 886 ξ
354 768 451 850 καὶ
485 768 636 851 πάσα
670 800 704 867 ἠ
743 768 1030 871 σωματικίι
1052 768 1434 856 ’,κακοπάθεια
1643 768 1697 857 τι
1733 768 1928 875 γρησί-

300 890 314 946 ,⁴
357 904 474 955 μως
504 887 617 957 ἔχει
639 905 655 921 ο
685 890 801 943 ἀλλ’
824 891 920 944 ὲάν
944 909 1028 953 τις
1052 895 1173 955 ταῖς
1198 892 1358 957 ἰδίαις
1386 897 1587 964 ὁρμαῖς
1614 896 1926 950 ἀκολουθῶν

354 978 679 1047 τὸοάρέσκον
706 981 857 1050 αὐτῷ
887 986 1037 1054 ποιῇ,
1070 985 1167 1038 καὶ
1196 985 1622 1049 συμϐουλεύοντι
1651 987 1726 1056 τῷ
1760 1004 1927 1060 προε-

357 1068 524 1121 στῶτί
568 1088 620 1123 τι
672 1072 747 1141 μὴ
793 1072 1072 1142 πείθηται,
1122 1077 1306 1144 μεῖζον
1356 1077 1450 1130 τοῦ
1500 1078 1925 1149 κατορθώματος

354 1158 508 1211 ἔσται
534 1161 596 1212 τὸ
624 1162 1132 1234 πλημμελούμενον.
1158 1167 1216 1222 '0
1241 1168 1349 1239 γάρ
1377 1171 1833 1241 ἀντιτασσόμενος
1858 1178 1924 1246 τῇ

355 1250 577 1323 ἐξουσίᾳ
604 1258 669 1325 τῇ
702 1259 795 1311 τοῦ
826 1258 963 1312 Θεοῦ
995 1261 1228 1332 διαταγῇ
1264 1263 1566 1334 ἀνθέστηκε
1591 1281 1606 1296 ’
1644 1267 1737 1319 καὶ
1769 1269 1798 1320 ὁ
1826 1269 1926 1337 τῆς

356 1340 604 1411 ὑπακοῆς
649 1348 838 1414 μισθὸς
888 1349 1093 1419 μείζων
1133 1353 1230 1406 τοῦ
1276 1355 1419 1408 κατά
1459 1355 1560 1427 τὴν
1599 1358 1926 1427 ἐγκράτειαν

359 1434 902 1508 ὲπικατορθώματος.

437 1529 501 1581 Ἦ
532 1529 762 1601 ἄσκησις
791 1535 889 1604 τῆς
922 1536 1065 1590 κατά
1097 1537 1158 1590 τὸ
1193 1538 1527 1607 Εὐαγγέλιον
1557 1540 1650 1595 τοῦ
1683 1543 1923 1614 Χριστοῦ
2011 1518 2017 1523 ’

2024 538 2091 591 ab
2110 538 2378 603 absurdis,
2400 541 2642 609 pne-fecti
2672 542 2910 596 consdio
2932 542 3401 611 obtemperantes,
3430 539 3605 595 absti—

2027 638 2214 695 neant,
2245 633 2341 686 sed
2365 632 2529 686 etiam
2579 641 2638 687 ιιι
2670 649 2737 686 ne
2770 634 2860 690 illa
2887 634 3105 704 quidem
3151 648 3271 703 quae
3307 631 3603 687 laudabilia

2027 732 2160 776 sunt
2215 722 2336 779 sine
2388 723 2534 779 illius
2582 727 2815 781 consilio
2858 726 3186 793 suspiciant.
3240 724 3594 787 Continentia

2027 815 2170 867 enim
2206 831 2271 867 ac
2300 816 2507 892 qumvis
2535 818 2838 887 corporalis
2866 818 3088 871 aﬂlictio
3117 816 3183 871 ad
3220 815 3424 886 aliquid
3456 814 3606 869 utilis

2027 914 2112 959 cst
2149 924 2162 961 :
2200 907 2294 961 sed
2325 908 2368 962 si
2400 907 2544 976 quis,
2595 909 2846 978 proprios
2879 908 3150 978 appetitus
3169 921 3425 976 sequens,
3457 904 3602 974 quod

2027 999 2130 1055 sibi
2164 998 2361 1069 placet,
2387 999 2553 1071 258
2577 999 2762 1065 faciat,
2786 1008 2839 1053 et
2860 998 3115 1066 praelecto
3138 997 3423 1052 consilium
3449 996 3605 1050 danti

2030 1108 2136 1146 non
2167 1091 2530 1160 obtemperet,
2579 1093 2756 1160 majus
2787 1091 2893 1146 erit
2937 1098 3245 1160 peccatum,
3282 1102 3444 1157 quam
3487 1086 3602 1145 olli-

2033 1185 2207 1239 ciutn.
2262 1182 2361 1249 Qui
2396 1184 2539 1239 enim
2571 1184 2771 1238 resistit
2804 1183 3077 1253 potestati,
3130 1180 3223 1233 Dei
3272 1178 3601 1232 ordinationi

2029 1274 2234 1328 resistit
2266 1291 2281 1328 :
2312 1288 2377 1328 ac
2402 1274 2729 1329 obedientia:
2766 1274 3043 1345 prxmium
3073 1286 3235 1342 quam
3262 1269 3606 1325 continenter

2028 1367 2157 1423 facti
2195 1366 2373 1437 majus
2398 1376 2500 1424 est.

2099 1549 2433 1605 Exercitatio
2460 1548 2581 1603 vita:
2606 1563 2671 1603 ex
2698 1545 2991 1615 Evangelio
3018 1542 3219 1598 Christi
3251 1540 3512 1595 inStitutm
3544 1548 3606 1592 ut

354 1618 490 1687 πρὸς
520 1619 611 1672 τὸν
642 1621 775 1674 Θεὸν
806 1624 1220 1698 εὐαρεστήσεως
1248 1631 1306 1683 ὲν
1337 1632 1401 1701 τῇ
1433 1634 1784 1704 ἀναχωρήσει
1813 1636 1924 1690 τῶν

2032 1642 2137 1696 Deo
2160 1643 2366 1710 accepti
2393 1640 2587 1705 simus,
2613 1640 2729 1693 haec
2757 1646 2838 1693 est
2858 1677 2875 1703 ,
2910 1644 2968 1689 ιιι
2994 1634 3312 1690 secedamus
3337 1631 3415 1685 ab.
3428 1628 3604 1683 omni-

353 1712 638 1780 μεριμνῶν
666 1714 760 1767 τοῦ
793 1716 999 1786 κόσμου
1022 1760 1037 1782 ,
1068 1719 1162 1774 καὶ
1186 1723 1253 1791 τῇ
1284 1723 1542 1776 παντελεῖ
1566 1724 1922 1795 ἀλλοτριώσει

2029 1735 2127 1788 bus
2170 1733 2355 1787 mundi
2385 1731 2848 1797 solicitudiuibus,
2899 1737 2955 1783 et
2983 1727 3211 1783 omnino
3264 1740 3293 1776 a
3345 1721 3602 1777 tentatiu—

348 1801 458 1853 τῶν
482 1804 806 1874 πειρασμῶν
830 1809 963 1877 ἡμῖν
987 1811 1371 1880 κατορθοῦται.
1404 1813 1496 1876 Ὠς
1519 1815 1568 1868 εί
1599 1816 1672 1886 μή
1699 1833 1763 1885 γε
1791 1817 1925 1870 ἀπο-

2029 1826 2188 1881 nibus
2223 1826 2385 1879 alieni
2428 1824 2622 1879 simus.
2658 1821 2791 1876 Nam
2833 1821 2936 1875 nisi
2978 1818 3319 1874 abducamus
3353 1815 3607 1883 nosipsos

330 1895 684 1967 geminat.th
717 1901 946 1964 ἑαυτοὺς
983 1904 1078 1955 καὶ⁵
1113 1905 1442 1971 συγγενείας
1476 1892 1786 1977 σαρκικῆς,
1822 1907 1921 1960 καὶ

2029 1916 2094 1971 ab
2135 1917 2284 1970 omni
2333 1916 2515 1969 carnis
2545 1900 2875 1983 cognatione
2919 1920 2973 1964 et
3017 1910 3146 1963 vitae
3194 1906 3606 1970 communione,

347 1986 636 2051 κοινωνίας
672 1988 821 2057 βίου,
856 1992 1022 2043 οἱονεὶ
1068 1992 1206 2062 πρὸς
1245 1992 1433 2062 ἕτερον
1467 1997 1672 2065 κόσμον
1702 1999 1792 2051 διά
1823 1999 1921 2065 τῆς

349 2076 590 2146 σχέσεως
619 2080 975 2161 μεταδάντες,
1007 2084 1147 2137 κατὰ
1174 2084 1265 2137 τὸν
1293 2088 1569 2140 είπόνταί
1590 2088 1783 2157 Ἦμῶν
1810 2090 1921 2158 γὰρ

347 2170 406 2221 τὸ
440 2171 741 2242 πολίτευμα
776 2175 835 2227 ὲν
864 2175 1113 2244 οὐρανοῖς
1143 2176 1438 2247 ὑπάρχειν»
1466 2179 1750 2250 ἀμήχανον
1774 2182 1923 2249 ἡμᾶς

350 2264 739 2332 περιγενέσθαι
771 2264 867 2317 τοῦ
906 2264 1111 2318 σκοποῦ
1143 2267 1241 2335 τῆς
1261 2268 1415 2337 -πρὸς
1450 2267 1588 2322 Θεὸν
1620 2270 1922 2338 εὐαρεστή-

350 2369 486 2412 asto;
508 2395 521 2413 ,
554 2355 652 2407 τοῦ
685 2356 895 2425 Κυρίου
931 2359 1225 2429 ὁριστικῶς
1260 2361 1509 2424 εἰπόντος
1533 2402 1549 2422 ,
1579 2361 1660 2414 ὅτι
1696 2380 1715 2413 ι
1756 2355 1924 2422 υῦτος

350 2444 460 2507 πᾶς
485 2446 544 2511 ἐξ
576 2446 603 2498 ὑ
612 2447 747 2514 μῶν,
777 2448 836 2511 ὃς
863 2450 961 2502 οὐκ
989 2450 1359 2504 ἀποτάσσεται
1385 2453 1502 2515 τοῖς
1531 2453 1724 2507 ἑαυτοῦ
1752 2453 1927 2521 ὑπάρ-

350 2551 557 2602 χουσιν,
589 2538 650 2590 οὐ
680 2539 905 2593 δύναταί
936 2557 1036 2607 μου
1069 2537 1211 2596 εῖναι
1243 2544 1494 2613 μαθητής
1521 2560 1536 2574 '
1580 2563 1599 2597 ι
1636 2545 1731 2599 καὶ
1758 2544 1927 2611 ἀλλα-ι

350 2624 470 2692 χοῦ,
506 2645 525 2678 ι
560 2627 629 2681 Et
651 2647 733 2693 τις
765 2631 913 2683 θέλει
940 2633 1115 2686 ὀπίσω
1146 2652 1245 2701 μου
1277 2635 1477 2699 ἐλθεῖν,
1505 2637 1919 2708 ἀπαρνησάσθω

350 2717 563 2776 ἔαυτόν.
583 2785 589 2791 ,
608 2743 626 2776 ι
659 2722 925 2795 ’Δρνησις
952 2727 1006 2782 δέ
1037 2727 1186 2781 ἑστιν
1217 2730 1414 2784 ἑαυτοῦ
1444 2732 1479 2801 ἠ
1511 2730 1781 2800 παντελὴς
1808 2732 1920 2783 τῶν

351 2813 730 2880 παρελθόντων
774 2818 935 2889 λήθη,
984 2821 1071 2874 καῖ
1126 2823 1162 2892 ἡ
1206 2823 1317 2877 τῶν
1361 2823 1688 2894 θελημάτων
1733 2823 1927 2877 ἑαυτοῦ

351 2905 726 2979 ἀναχώρησις.

2024 2008 2182 2075 quasi
2214 2006 2280 2059 ad
2314 2005 2546 2059 alterum
2578 2004 2840 2057 mundum
2885 2003 3185 2066 migrantes
3248 2013 3342 2067 per
3377 1995 3606 2050 medita-

2027 2100 2253 2164 tionem,
2303 2105 2599 2167 sequentes
2669 2093 2960 2149 consilium
3035 2091 3202 2149 illius.
3269 2088 3364 2157 qui
3420 2086 3604 2140 dixit:

2030 2210 2049 2243 ι
2092 2189 2290 2245 Nostra
2322 2190 2467 2244 enim
2513 2185 2860 2242 conversatio
2893 2185 2948 2237 in
2993 2183 3149 2237 caelis
3178 2187 3285 2241 est,
3328 2196 3347 2230 ι
3384 2178 3608 2232 omnino

2028 2283 2144 2336 lieri
2180 2281 2394 2348 nequit,
2442 2288 2501 2335 ut
2531 2279 2864 2350 propositum
2897 2285 3174 2329 teneamus
3220 2285 3329 2341 quo
3357 2270 3610 2323 volumus

2032 2373 2140 2427 Deo
2165 2373 2372 2440 accepti
2409 2386 2554 2436 esse,
2590 2384 2714 2424 cum
2745 2368 3009 2421 Dominus
3037 2363 3257 2419 delinite
3304 2361 3454 2415 dicat
3481 2358 3561 2412 sic
3591 2375 3607 2410 :

2036 2483 2055 2515 ι
2096 2461 2420 2532 Quicunque
2463 2477 2529 2517 ex
2579 2460 2732 2515 vobis
2780 2474 2889 2513 non
2934 2456 3116 2510 valere
3158 2452 3387 2522 jusserit
3426 2451 3608 2506 omnia

2029 2569 2151 2617 sua,
2205 2568 2313 2607 non
2351 2560 2531 2620 potest
2563 2564 2717 2603 meus
2749 2562 2872 2603 esse
2898 2544 3227 2614 discipulus.
3274 2560 3293 2592 ι
3333 2540 3396 2593 Ει
3429 2538 3607 2596 alibi:

2037 2664 2056 2696 ι
2099 2644 2154 2698 Si
2208 2642 2336 2713 quis
2367 2657 2454 2696 me
2495 2640 2648 2709 sequi
2698 2638 2837 2702 vult,
2883 2636 3113 2704 abneget
3159 2629 3540 2697 semetipsum.
3584 2647 3603 2677 ι

2029 2736 2330 2804 Abnegatio
2373 2742 2551 2786 autem
2585 2731 2669 2785 sui
2718 2728 2891 2798 ipsius
2936 2734 3022 2781 est
3070 2725 3310 2792 perfecta
3363 2719 3613 2792 praeteri-

2030 2837 2208 2882 torum
2242 2824 2469 2891 oblivio,
2513 2831 2570 2879 et
2611 2838 2640 2877 a
2674 2837 2770 2878 sua
2805 2821 3088 2875 voluntate
3132 2820 3359 2872 omnino
3412 2814 3612 2871 abalie-

2031 2919 2203 2974 natio.

422 3006 496 3058 Τὸ
541 3004 722 3070 μέντοι
765 3022 829 3073 γε
872 3006 1299 3075 ἐπιτεταγμένον
1341 3010 1401 3060 οὗ
1445 3009 1553 3077 χρὴ
1597 3009 1923 3076 ἀντιλέγειν.

2098 3009 2253 3075 Quod
2290 3009 2620 3079 imperatum
2655 3007 2817 3061 fuerit
2860 3014 2911 3061 et
2947 3004 3349 3075 prmscriptum,
3387 3015 3492 3052 non
3529 3008 3615 3049 est

363 3097 426 3150 Ἤ
458 3096 566 3166 γὰρ
596 3097 809 3165 ὑπακοὴ
841 3096 1002 3167 μέχρι
1034 3098 1268 3153 θανάτου
1298 3101 1413 3170 ἔχει
1439 3101 1532 3154 τὸν
1562 3101 1707 3171 ὅρον.

431 3271 632 3342 Ἀρετὴ
679 3270 986 3340 ἀρχομένου
1037 3272 1133 3326 καὶ
1174 3274 1308 3346 τιμὴ
1348 3278 1410 3331 τὸ
1458 3280 1644 3347 μένειν
1685 3281 1782 3333 ἐπὶ
1827 3282 1925 3351 τῆς

352 3364 381 3415 ὕ
392 3362 618 3429 πακοῆς.

433 3454 559 3506 Ἐὰν
586 3453 683 3527 ἔχῃ
716 3440 800 3518 τις
834 3457 1025 3512 πίστιν
1055 3459 1137 3522 είς
1163 3458 1286 3512 τινά
1308 3500 1323 3523 ,
1355 3461 1451 3515 καὶ
1481 3462 1699 3518 δίδωσιν
1730 3466 1926 3522 ἑαυτὸν

350 3548 688 3613 ὑποταγῆναι
717 3548 884 3620 αὐτῷ,
911 3551 972 3603 οὐ
1004 3549 1195 3625 χρείαν
1221 3551 1335 3621 ἔχει
1366 3555 1656 3627 προσέχειν
1683 3559 1927 3624 ἐντολαῖς

348 3638 506 3700 Θεοῦ.
536 3640 670 3693 ἀλλά
697 3640 774 3711 τῷ
805 3639 978 3711 πατρὶ
1006 3642 1172 3695 αὑτοῦ
1204 3649 1510 3714 συγχωρεῖν
1543 3648 1608 3707 τὰ
1641 3648 1927 3718 θελήματα

347 3730 535 3792 αὐτοῦ,
562 3731 657 3784 καὶ
687 3730 941 3799 ἔγκλημα
967 3731 1066 3784 οὐκ
1100 3732 1214 3799 ἔχει
1247 3734 1581 3801 παράλθεοῦ.

428 3824 774 3877 ’Ᾱνάπαυσον
819 3823 912 3876 τὸν
960 3823 1175 3891 πατέρα
1228 3842 1360 3890 σου,
1411 3827 1496 3879 ἶνα
1540 3827 1672 3881 ὅταν
1715 3832 1928 3906 ἀπέλθῃ

349 3915 486 3982 πρὸς
514 3914 749 3981 Κύριον.
782 3913 1147 3986 παρακαλέσῃ
1178 3915 1320 3983 ὑπὲρ
1349 3916 1441 3969 σοῦ
1464 3958 1478 3982 ,
1509 3920 1604 3972 καὶ
1633 3916 1694 3974 εὖ
1728 3939 1810 3977 σοι
1839 3925 1930 3991 γέ-

348 4020 529 4068 νηται.

420 4094 636 4162 Σφόδρα
664 4091 924 4164 ζηλοῦσιν
950 4095 1000 4148 οῖ
1027 4093 1282 4162 δαίμονες
1308 4094 1436 4159 τοῦς
1461 4097 1518 4149 ὲν
1545 4098 1794 4171 ὑποταγῇ
1826 4120 1927 4154 πα-

348 4184 474 4249 τρὸς
508 4184 927 4255 ἀστράπτοντας
947 4227 964 4251 ,
998 4188 1093 4240 καὶ
1124 4186 1405 4257 τρίζουσιν
1437 4189 1560 4242 κατ’
1584 4190 1768 4245 αὐτῶν
1799 4193 1927 4258 τοὺς

345 4277 583 4343 ὀδόντας,
611 4279 692 4332 ὅτι
718 4268 868 4346 ὲντῇ
903 4280 1151 4350 ὑποταγῇ
1179 4281 1278 4349 τὴν
1299 4282 1583 4352 ἀποταγὴν
1605 4284 1926 4356 ἀμερίμνως

348 4363 659 4431 ἐζύγωσαν,
691 4367 816 4422 καθ’
836 4360 912 4420 ὧν
939 4369 1035 4421 καὶ
1066 4370 1368 4440 προφάσεις
1398 4373 1922 4443 ἀκριϐολογοῦντες,

352 4458 702 4527 παροξυσμὸν
724 4459 1007 4527 ἀρτύουσι,
1038 4463 1130 4514 καὶ
1154 4465 1219 4532 τῇ
1249 4465 1626 4538 συμϐαινούσῃ
1656 4466 1795 4537 ὀργῇ
1826 4469 1926 4538 τὴν

352 4545 516 4617 μῆνιν
553 4548 953 4618 ὲγγλῦφουσιν,
994 4550 1187 4605 ἔπειτα
1230 4553 1289 4606 δὲ
1329 4558 1423 4610 καὶ
1467 4556 1621 4624 μῖσος
1662 4557 1800 4626 πρὸς
1838 4559 1929 4612 τὸν

347 4635 559 4708 πατέρα
583 4638 643 4691 τὸ
669 4641 792 4693 κατ’
812 4639 993 4708 ὀλίγον
1019 4640 1276 4710 ἕψουσιν.
1304 4643 1383 4708 ώς
1406 4645 1501 4699 ἅτε
1533 4647 1699 4716 δῆθεν
1724 4648 1927 4714 ἀδίκως

346 4728 814 4797 ἐπιπλήττοντος,
861 4732 955 4784 καὶ
997 4733 1141 4786 κατὰ
1186 4736 1483 4804 πρόσωπον
1526 4738 1924 4808 προσέχοντος,

345 4819 432 4871 ἵνα
467 4820 529 4872 ἐκ
564 4820 839 4888 διαφόρων
873 4822 1094 4892 τρόπων
1129 4822 1227 4894 τὴν
1262 4825 1438 4896 ψυχὴν
1475 4830 1926 4899 περιτινάξαντες

344 4911 453 4963 τιῖιν
480 4913 765 4981 πατρικῶν
795 4915 1055 4983 ἀγκαλῶν
1085 4918 1450 4988 σκορπίσωσι.

431 5092 489 5145 Ὀ
528 5092 737 5160 βάλλων
780 5093 973 5147 ἑαυτὸν
1016 5098 1095 5159 είς
1141 5099 1389 5170 ὑπακοὴν
1432 5104 1685 5176 πατέρων
1727 5107 1924 5175 ἀμερι-

348 5180 510 5247 μνίαν
540 5184 636 5236 καὶ
663 5184 972 5239 ἀνάπαυσιν
1001 5187 1136 5257 ἔχει.

923 5278 1141 5332 ΛΟΓΟΣ
1175 5285 1305 5350 squ

834 5369 973 5437 Περὶ
1031 5373 1430 5441 προεστῶτος.

420 5455 755 5519 ’Υπεύθυνος
794 5456 888 5513 οὖν
928 5464 1076 5517 ἐστιν
1129 5467 1157 5518 ὁ
1202 5469 1445 5533 ἐφεστὼς
1483 5474 1548 5541 τῇ
1595 5474 1919 5547 ἀδελφότητι

341 5546 641 5617 ἀγρυπνεῖν
668 5548 805 5621 ὑπὲρ
835 5551 940 5604 τῶν
968 5552 1159 5624 ψυχῶν
1189 5557 1388 5623 αὐτῶν,
1424 5563 1515 5615 καὶ
1546 5569 1818 5636 μεριμνᾷν
1849 5546 1916 5623 τὰ

342 5638 478 5704 πρὸς
530 5640 801 5713 σωτηρίαν
849 5643 1050 5714 αὐτῶν,
1087 5647 1160 5712 ὡς

2029 3100 2392 3155 recusandum
2431 3118 2444 3153 :
2481 3113 2603 3152 nam
2633 3095 2944 3152 obedientia
2974 3096 3056 3149 vel
3083 3095 3149 3148 ad
3186 3102 3415 3147 mortem
3440 3103 3613 3159 usque

2028 3193 2362 3248 extenditur.

2105 3285 2165 3339 S.
2200 3278 2475 3354 Clirysost.
2517 3282 2703 3338 Virtus
2731 3281 2962 3352 subjecti
2992 3290 3046 3336 et
3077 3279 3251 3335 honor
3281 3287 3368 3333 est
3397 3279 3451 3332 in
3484 3277 3618 3333 obe-

2026 3376 2229 3430 dientia
2265 3376 2585 3443 persistere.

2101 3466 2155 3520 Si
2188 3468 2312 3535 quis
2345 3468 2503 3521 ﬁdem
2530 3468 2694 3521 habet
2726 3467 2780 3520 in
2810 3466 3069 3534 aliquem.
3097 3483 3160 3520 ac
3185 3464 3426 3534 seipsum
3451 3461 3617 3516 tradit

2031 3557 2105 3609 illi
2135 3555 2560 3623 subjiciendum,
2594 3556 2728 3608 nihil
2757 3557 2804 3609 ei
2837 3565 2917 3608 est
2943 3572 3102 3625 opus,
3130 3565 3189 3609 ut
3212 3553 3486 3607 mandatis
3517 3551 3611 3605 Dei

2030 3655 2264 3699 mentem
2291 3644 2586 3710 adhibeat,
2615 3644 2707 3699 sed
2739 3654 2797 3697 ιιι
2819 3646 2954 3713 patri
2985 3661 3087 3698 suo
3118 3659 3279 3699 omne
3312 3641 3610 3696 voluntatis

2030 3751 2142 3792 suae
2165 3735 2409 3790 studium
2430 3736 2661 3798 deferat,
2680 3741 2734 3789 et
2756 3735 2895 3802 apud
2926 3735 3093 3787 Deum
3119 3733 3348 3787 crimine
3375 3730 3613 3784 vacabit.

2100 3827 2283 3882 Reﬁce
2316 3834 2522 3895 patrem
2560 3837 2734 3892 tuum,
2774 3834 2833 3881 ut
2867 3841 2993 3881 cum
3028 3826 3095 3879 ad
3133 3821 3612 3879 Dominumabic~

2030 3920 2122 3985 rit,
2153 3933 2250 3988 pro
2281 3927 2331 3973 te
2357 3927 2532 3987 roget,
2569 3925 2624 3972 et
2658 3918 2751 3972 tibi
2783 3918 2921 3972 bene
2951 3918 3044 3972 sit.

2102 4098 2471 4154 Vehementer-
2500 4098 2738 4153 oderunt
2765 4098 3042 4152 daemones
3068 4111 3162 4152 eos
3193 4096 3286 4166 qui
3319 4096 3372 4150 in
3403 4092 3615 4158 subiec-

2033 4192 2181 4245 tione
2227 4190 2401 4260 patris
2453 4189 2722 4253 eminent,
2773 4198 2828 4243 et
2882 4188 3150 4242 adversus
3205 4201 3303 4241 eos
3359 4183 3615 4239 dentibus

2034 4283 2310 4349 frendent,
2368 4284 2514 4352 quod
2580 4299 2705 4337 cum
2778 4280 3085 4336 obediculia
3156 4278 3614 4347 renuntiationcm

2032 4376 2449 4446 copulaverunt,
2518 4374 2682 4444 idque
2743 4373 2892 4430 omni
2965 4371 3315 4427 solicilutline
3392 4370 3610 4436 posita:

2032 4467 2292 4523 adversus
2325 4482 2486 4537 quos,
2509 4465 2797 4521 meditatas
2843 4464 3083 4518 rationes
3110 4460 3610 4525 comminiscentcs,

2034 4559 2401 4613 irritationem
2456 4559 2771 4619 instituunt.
2814 4572 2878 4609 ac
2910 4556 3001 4610 ira:
3043 4555 3153 4624 jam
3189 4554 3389 4608 innata:
3418 4553 3612 4622 adjun-

2031 4658 2165 4719 gunt
2208 4648 2573 4710 iracundiam,
2618 4648 2817 4702 deinde
2861 4648 3023 4701 etiam
3073 4647 3258 4701 odium
3307 4645 3363 4698 in
3405 4653 3610 4712 patrem

2030 4743 2293 4813 paulatim
2343 4752 2609 4809 coquunt,
2639 4742 2798 4811 quasi
2845 4749 3000 4810 pater
3032 4741 3225 4819 inique,
3253 4737 3524 4806 objurget,
3557 4742 3612 4787 et
3660 4768 3665 4771 -

2030 4850 2322 4904 personam
2353 4833 2640 4901 resilieiat,
2699 4844 2757 4889 ut
2806 4851 2869 4889 ex
2913 4831 3311 4888 dis~ideutibus
3365 4827 3610 4881 moribus

2029 4928 2274 4980 animum
2326 4925 2582 4994 agitatum
2614 4943 2680 4980 ex
2726 4928 2873 4981 ulnis
2905 4923 3150 4995 paternis
3181 4929 3456 4976 extortum
3500 4918 3611 4973 dis-

2030 5018 2233 5086 sipent.
2670 5001 2685 5015 ’

2101 5108 2374 5166 Daret/rei.
2410 5111 2512 5176 Qui
2544 5127 2601 5165 se
2635 5112 2687 5165 in
2722 5116 2935 5178 patrum
2961 5105 3327 5161 obedientiam
3354 5102 3608 5158 commit-

2029 5201 2112 5265 tit,
2148 5216 2342 5257 sceurc
2369 5211 2422 5255 et
2441 5203 2622 5270 quiete
2652 5201 2804 5255 vivit.

2298 5278 2301 5279 ί
2371 5292 2605 5349 SERMO
2642 5295 2793 5350 xcv:
2852 5294 2948 5367 [ιιί.
2984 5290 3261 5362 CLXXII}.

2637 5388 2708 5441 De
2737 5391 3000 5459 prmfecto.

2097 5476 2158 5530 S.
2192 5474 2404 5535 Basilii.
2460 5477 2531 5531 Ex
2590 5479 2786 5533 olliirio
2846 5481 3108 5533 incumbit
3174 5479 3427 5549 prmfeclo
3500 5479 3610 5534 fre-

2025 5579 2164 5621 trum
2191 5571 2487 5638 sodalitati,
2517 5583 2575 5626 ut
2606 5573 2789 5640 vigilet
2836 5588 2931 5639 pro
2971 5572 3173 5625 animis
3205 5585 3414 5637 crurum,
3445 5587 3507 5625 ac
3536 5573 3603 5628 de

1217 5649 1377 5721 λόγον
1428 5654 1761 5712 ἀποδώσων·
1822 5662 1916 5717 καὶ

2029 5662 2193 5718 5..lute
2222 5665 2462 5735 ipsorum
2493 5665 2563 5722 sit
2595 5666 2864 5733 solicitus,
2898 5667 3051 5738 quasi
3085 5666 3175 5735 «ιτιί
3212 5666 3483 5723 rationem
3527 5668 3594 5723 sit
