4062 6222
334 344 337 347 γ
402 247 528 313 ιειι

409 467 437 517 6
467 466 565 533 τῆς
597 468 834 528 ἀνέσεως
869 467 1085 537 καιρός.
1119 467 1216 519 Διὰ
1253 466 1482 534 θλίψεως
1518 466 1665 535 ἡμᾶς
1696 464 1987 531 τελειωθῆ⁴

412 577 501 612 ναι
540 561 658 612 δεῖο
697 562 745 613 εί
784 562 877 614 καὶ
921 562 996 631 μὴ
1040 561 1279 628 διωγμός
1319 561 1460 624 ἐστι,
1503 558 1641 629 μηδὲ
1684 558 1890 626 θλίψεις
1928 556 1985 607 αί

415 652 538 704 καθ’
568 652 809 723 ἐκάστην
862 654 1077 723 ἡμέραν
1134 653 1265 720 ἡμῖν
1321 650 1760 719 συμπίπτουσαι.
1815 649 1877 701 Εἰ
1930 646 1987 699 δὲ

414 741 616 802 ταύτας
664 744 724 794 οὐ
774 744 1035 812 φέρομεν,
1089 741 1251 810 σχολῇ
1294 757 1357 804 γε
1402 739 1617 799 ὲκείνας
1663 737 1987 804 ἐνέγκαιμεν

412 831 497 884 ἄν.
538 832 881 899 ιῐῙειρασμδς
915 831 1057 899 ὑμᾶς
1091 830 1191 881 οῦκ
1222 826 1414 896 εἱληφε
1435 866 1451 891 ,
1486 824 1746 896 φησὶν,εί
1782 823 1858 891 μὴ
1889 821 1986 873 άν-

415 922 742 992 θρώπινος.»
783 923 1086 992 Εὑχώμεθα
1122 921 1216 975 οῦν
1246 922 1324 990 τῷ
1348 919 1466 989 Θεῷ
1490 919 1566 988 μὴ
1608 915 1869 969 εἰσελθεῖν
1905 916 1982 976 εἰς

414 1017 719 1085 πειρασμόν
744 1032 756 1045 ·
791 1015 1124 1076 εἰσελθόντες
1153 1014 1210 1068 δὲ
1242 1014 1501 1082 φέρωμεν
1532 1007 1819 1077 γενναίως.

1236 256 1401 317 LOCl
1447 256 1896 322 connexus.
1940 282 2008 292 —
2045 238 2237 318 ms
2268 257 2350 315 ιι.
2384 258 2640 318 SERMO
2669 259 2728 318 c.

410 376 646 444 πύκτης,
673 375 760 428 ὅτε
788 376 845 429 ἐν
871 374 1045 443 ἀγῶνί
1075 375 1214 438 ἐστι,
1244 366 1551 438 ξενοπαθεῖξ
1579 374 1810 445 Ἕτερος
1839 376 1989 426 ἐστιν
2019 382 2059 432 Α
2093 388 2188 425 nec
2239 387 2348 443 ttnq

3537 257 3671 318 131⁵2

2646 374 2731 429 ,ξιξ
2782 375 3116 431 admiremur
3166 383 3262 428 aut
3304 386 3661 442 stupeaiuus;

2101 478 2223 513 nam
2260 479 2438 530 neque
2461 466 2631 533 pugil,
2663 467 2794 520 dum
2826 466 2878 520 in
2901 467 3199 521 certamine
3233 477 3339 532 est,
3374 468 3661 520 adversum

2094 550 2297 619 aliquid
2334 554 2434 606 sibi
2466 555 2717 610 accidere
2755 556 3001 610 miratur.
3053 555 3170 612 Non
3228 557 3352 621 hoc,
3386 557 3479 611 sed
3513 556 3663 609 aliud

2094 650 2175 697 est
2212 645 2563 699 recreationis
2597 656 2835 714 tempus.
2885 648 2983 702 llic
3018 662 3152 701 sane
3193 648 3245 701 in
3277 648 3665 701 afflictionibus

2096 734 2360 804 perfectio
2412 735 2574 790 nobis
2630 738 3002 805 conquirenda
3054 748 3175 803 est;
3232 754 3543 808 quanquam
3588 738 3663 790 illi

2097 843 2260 881 easus
2292 843 2431 894 quos
2467 831 2780 897 experimur
2813 830 3078 898 quotidie.
3108 832 3417 899 persecutio
3441 841 3496 886 et
3526 830 3666 884 affli-

2100 918 2209 969 ctio
2258 918 2365 970 dici
2417 931 2525 969 non
2578 917 2833 972 debeant.
2880 918 3035 982 Quod
3094 919 3136 972 si
3171 929 3350 973 tamen
3406 922 3506 975 hos
3556 935 3663 973 nou

2104 1004 2353 1070 ferimus.
2413 1008 2499 1061 vix
2552 1008 2674 1062 illas
2734 1008 2996 1063 feremus.
3056 1028 3073 1061 ι
3106 1011 3358 1065 'l‘eniatio
3410 1028 3504 1073 vos
3559 1026 3663 1065 nou

414 1108 796 1177 apprehendit,
832 1108 1028 1176 inquit,
1064 1108 1166 1162 nisi
1207 1109 1461 1161 humana.
1502 1121 1521 1155 ι
1560 1103 1855 1157 Precemur
1883 1098 2049 1167 igitur
2076 1114 2105 1153 ε
2139 1100 2246 1154 Deo
2281 1102 2335 1156 in
2402 1104 2758 1158 tentationem
2841 1121 2908 1159 ne
2989 1107 3327 1172 incidamus;
3381 1106 3463 1163 sin
3530 1107 3668 1162 inci-

414 1202 677 1264 derimus,
718 1200 935 1252 fortiter
967 1198 1231 1253 feramus.

484 1290 546 1341 Οἱ
576 1289 645 1340 τὰ
682 1289 901 1358 μαλακά
937 1287 1231 1356 φοροῦντες
1268 1286 1324 1337 ἐν
1356 1284 1468 1345 τοῖς
1503 1281 1675 1343 οἴκοις
1703 1279 1811 1336 τῶν
1846 1280 1994 1350 βασι·

412 1379 550 1432 λέων
583 1380 719 1431 εἰσίν
745 1395 757 1409 °
795 1379 845 1431 οἱ
885 1378 943 1431 δὲ
976 1380 1046 1431 τά
1087 1380 1162 1448 μὴ
1200 1375 1449 1440 τοιαῦτα,
1472 1374 1530 1426 ἐν
1562 1377 1674 1436 τοῖς
1718 1373 1993 1442 οὐρανοῖς.

415 1473 489 1525 Τὸ
528 1471 638 1540 γὰρ
682 1471 925 1538 μαλακὸν
969 1470 1185 1539 ἱμάτιον
1220 1467 1316 1520 καὶ
1347 1467 1446 1535 τὴν
1480 1464 1765 1534 αὐστηρὰν
1810 1462 1995 1516 ἐκλύει

414 1563 631 1631 ψυχὴν,
664 1562 858 1629 διακλᾷ
881 1601 896 1623 ,
926 1561 1140 1627 διαχεῖο
1176 1559 1282 1611 κᾶν
1314 1558 1488 1627 τραχὺ
1526 1556 1667 1625 λάϐῃ
1702 1554 1861 1623 σῶμα
1901 1554 1997 1607 καὶ

419 1653 691 1723 σκληρὸν,
733 1653 940 1720 ταχέως
981 1651 1070 1703 διὰ
1108 1650 1207 1718 τῆς
1247 1647 1708 1719 τρυφεραγωγίας
1753 1646 1997 1715 μαλακὸν

422 1748 569 1797 ποιεῖ
597 1748 688 1798 καὶ
714 1746 959 1806 ἀσθενὲς.
997 1744 1088 1808 Ἓξ
1114 1740 1173 1794 οῦ
1204 1742 1296 1793 καὶ
1323 1742 1378 1793 αἱ
1406 1741 1500 1791 ἐπὶ
1528 1739 1637 1792 τῶν
1664 1739 1850 1809 ἀγρῶν
1876 1754 1997 1806 τρε-

2182 1278 2285 1345 Qui
2336 1280 2482 1335 molli
2521 1282 2719 1337 vestitu
2757 1291 3007 1349 utuntur,
3041 1286 3093 1339 in
3132 1285 3270 1341 aulis
3303 1302 3488 1356 regum
3544 1301 3668 1341 ver-

2096 1382 2323 1440 santur;
2366 1374 2459 1443 qui
2487 1389 2615 1430 vero
2662 1390 2771 1431 non
2826 1377 2919 1432 tali
2973 1378 3167 1433 vestitu
3216 1388 3365 1442 sunt,
3422 1380 3475 1433 in
3512 1380 3668 1433 caelis

2097 1476 2245 1517 sunt.
2332 1463 2463 1518 Nam
2523 1465 2703 1521 mollis
2765 1469 2996 1524 vestitus
3058 1470 3140 1523 vel
3200 1479 3481 1524 austerum
3547 1470 3669 1524 aui-

2098 1570 2246 1608 mum
2297 1557 2619 1613 solutiorem
2667 1557 2846 1623 facit,
2904 1559 3125 1626 frangit,
3174 1561 3460 1627 diffundit;
3513 1571 3569 1616 et
3620 1564 3666 1616 si

2100 1659 2302 1714 corpus
2330 1662 2585 1717 asperum
2619 1659 2675 1705 et
2725 1650 2923 1706 durum
2978 1655 3355 1717 nanciscatur,
3408 1654 3669 1708 continuo

2097 1735 2306 1792 deliciis
2333 1738 2541 1792 emollit
2580 1748 2631 1794 ct
2674 1739 2945 1796 infirmius
2992 1741 3193 1796 reddit.
3242 1742 3319 1797 Ex
3355 1757 3464 1811 quo
3522 1742 3580 1795 lit
3612 1750 3671 1794 ut

421 1838 656 1904 φάμεναι
683 1836 939 1901 γυναῖκες
968 1831 1073 1884 τῶν
1099 1831 1340 1883 ἀστικῶν
1367 1830 1574 1899 ἀνδρῶν
1603 1830 1741 1880 εἰσιν
1772 1828 1992 1896 ἰσχυρό-

2104 1827 2361 1881 muliercs
2397 1844 2519 1898 qua:
2548 1831 2661 1883 ruri
2699 1832 2909 1895 vivunt,
2944 1832 3076 1887 viris
3102 1833 3154 1886 in
3187 1835 3321 1887 urbe
3348 1834 3671 1901 degentibus

420 1942 599 1994 τεραι.
626 1922 734 1976 Τοῦ
756 1923 815 1975 δὲ
840 1927 1087 1990 σώματος
1110 1920 1395 1989 γινομένου
1421 1917 1813 1987 μαλακωτέρου
1837 1917 2001 1982 ἀνάγ-

419 2034 489 2085 κη
524 2016 618 2068 καὶ
649 2016 743 2081 τὴν
773 2012 951 2082 ψυχὴν
985 2012 1377 2064 συναπολαυειν
1406 2011 1505 2079 τῆς
1534 2009 1713 2077 λύμης
1740 2023 1756 2038 ·
1790 2008 1858 2060 τά
1890 2009 2000 2077 γὰρ

420 2108 593 2160 πολλὰ
624 2108 717 2159 καὶ
752 2103 1179 2157 συνδιατίθενται
1210 2103 1377 2171 αὐτῆς
1408 2103 1462 2154 αἱ
1493 2100 1769 2170 ἐνέργειαι
1801 2100 1869 2168 τῇ
1897 2096 1995 2151 τοῦ

428 2199 679 2269 σώματος
709 2196 967 2250 διαθέσει.

494 2377 591 2438 Τίς
631 2375 725 2430 οῦν
765 2378 793 2428 6
833 2374 933 2443 τῆς
974 2374 1172 2435 κακίας
1212 2371 1581 2441 δημιουργόςς
1623 2370 1703 2429 τίς
1744 2367 1801 2421 δὲ
1844 2366 2001 2427 ἄλλος

420 2468 535 2523 ἀλλ’
561 2468 592 2538 ἢ
628 2467 872 2538 ῥᾳθυμία
903 2467 1001 2533 τῆς
1031 2465 1444 2535 προαιρέσεωςς

508 2558 576 2611 Ἦ
604 2558 783 2619 ἄνεσις
813 2558 910 2609 καὶ
939 2558 971 2624 ἠ
1003 2552 1313 2624 ἀμεριμνία
1344 2554 1438 2606 καὶ
1470 2553 1500 2621 ἡ
1530 2553 1839 2614 ἀνάπαυσις
1869 2568 2002 2619 χαυ-

423 2648 576 2701 νοῦσι
604 2647 700 2699 καὶ
725 2647 1001 2715 διαχέουσι
1029 2644 1129 2712 τὴν
1156 2642 1337 2712 ψυχήν
1356 2658 1369 2673 ο
1408 2643 1455 2695 oi
1482 2640 1539 2694 δέ
1574 2639 1874 2708 πειρασμοὶ
1905 2655 2001 2690 συ·-

425 2741 745 2808 σψίγγουσιν
770 2736 940 2807 αὐτὴν
967 2736 1060 2789 καὶ
1094 2735 1306 2787 ἐνοῦσιν
1334 2732 1506 2802 αὐτὴν
1534 2733 1609 2802 τῷ
1641 2731 1781 2801 Θεῷ,
1810 2731 1886 2794 ὡς
1917 2731 2001 2783 λέ-

425 2848 511 2897 γει
554 2833 581 2883 ὁ
624 2829 954 2899 Προφήτηςο
1004 2845 1023 2878 ι
1072 2825 1277 2896 Κύριε,
1314 2827 1371 2877 ἐν
1415 2825 1592 2893 θλίψει
1635 2821 1992 2893 ἐμνήσθημεν

426 2939 543 2978 σου.
582 2940 601 2975 ι

507 3009 635 3061 Ἐὰν
660 3008 775 3079 ἴδῃς
803 3006 993 3057 ἐαυτὸν
1020 3006 1075 3057 ἐν
1102 3003 1277 3074 καιρῷ
1306 3003 1724 3073 ἀναπαυόμενον
1754 3004 1861 3057 άπδ
1890 3004 2001 3056 τῶν

425 3100 639 3160 παθῶν,
672 3100 747 3168 μὴ
776 3095 1073 3168 πιστεύσῃς
1104 3095 1339 3163 σεαυτῷ,
1366 3094 1501 3147 διότι
1530 3094 1841 3147 στέλλουσιν
1869 3097 1996 3148 ἐαυ-

423 3194 551 3252 τοῦς
591 3189 641 3241 οἱ
682 3187 863 3257 ἐχθριὶ
904 3187 1037 3255 πρὸς
1079 3185 1269 3254 καιρὸν
1308 3188 1365 3237 ἐν
1410 3184 1756 3255 πανουργίᾳο
1802 3184 1931 3245 ἴσως
1974 3186 2001 3237 6
2030 3171 2071 3226 ε

429 3282 715 3350 ἅνθρωπος
748 3278 1006 3331 ἀπολύσει
1040 3278 1136 3346 τὴν
1168 3277 1395 3343 καρδίαν
1426 3277 1615 3341 αὑτοῦ,
1650 3276 1885 3345 νομίζων
1913 3278 1999 3329 ὃτι

425 3369 709 3437 ἁνετταῦθη
731 3386 743 3400 ·
784 3370 880 3421 καὶ
914 3367 1071 3435 ἄξει-,ω
1107 3368 1527 3436 εἰσπηδήσουσιν
1564 3366 1656 3419 ἐπὶ
1687 3366 1786 3436 τὴν
1816 3367 2003 3421 ταλαί-

436 3478 619 3527 πωρον
644 3460 844 3530 ψυχὴν,
876 3463 966 3512 καὶ
1000 3460 1266 3512 πάσουσιν
1297 3458 1466 3525 αὐτὴν
1496 3460 1570 3522 ὡς
1601 3459 1904 3529 στρουθίον.

501 3554 623 3614 Τοῖς
663 3551 762 3621 μὲν
795 3554 1078 3620 κοσμικοῐς
1114 3553 1161 3603 σί
1195 3551 1445 3618 δαίμονες
1478 3551 1566 3604 διὰ
1598 3552 1707 3603 τῶν
1740 3550 2004 3620 πραγμά-

428 3662 538 3698 των
576 3643 777 3712 μᾶλλον
811 3641 1147 3704 παλαίουσι,
1185 3643 1297 3703 ταῖς
1330 3641 1385 3692 δὲ
1424 3643 1677 3709 μοναχοῖς
1713 3642 1787 3701 ὡς
1821 3642 1914 3692 ἐπὶ
1945 3640 2005 3691 τὸ

431 3733 679 3786 πλεῖστον
705 3732 791 3784 διὰ
814 3731 922 3783 τῶν
948 3730 1227 3800 λογισμῶν
1255 3747 1268 3760 ο
1300 3729 1641 3798 πραγμάτων
1668 3729 1772 3797 γὰρ
1798 3729 1883 3781 διὰ
1908 3731 2005 3798 τὴν

429 3823 666 3893 ἐρημίαν
701 3820 1041 3890 ἐστέρηνται.
1076 3818 1185 3871 Καὶ
1216 3818 1342 3870 ὅσον
1371 3815 1737 3887 εὐκολώτερον
1763 3815 1824 3867 τὸ
1854 3815 1997 3867 κατὰ

430 3916 668 3967 διάνοιαν
719 3911 1055 3980 ἁμαρτάνειν
1101 3908 1196 3962 τοῦ
1232 3907 1373 3962 κατ’
1406 3907 1693 3977 ἐνέργειαν
1717 3948 1729 3967 ,
1783 3904 2007 3958 τοσοῦτο

432 4000 810 4072 χαλεπώτερος
848 4000 875 4050 6
915 3999 1058 4050 κατὰ
1094 3998 1336 4051 διάνοιαν
1371 3996 1605 4065 πόλεμος
1638 3994 1733 4048 τοῦ
1774 3995 1862 4048 διὰ
1899 3995 2005 4046 τῶν

434 4091 773 4162 πραγμάτων
819 4089 1234 4157 συνισταμένου.
1280 4086 1575 4154 Εῦκίνητον
1616 4084 1724 4156 γάρ
1768 4103 1819 4137 τι
1867 4086 2006 4154 πρᾶ-

434 4199 551 4251 γμα
578 4185 605 4234 6
630 4180 749 4243 νοῦς
772 4218 785 4242 ,
814 4182 906 4231 καὶ
934 4182 1069 4247 πρὸς
1096 4179 1194 4241 τὰς
1223 4194 1453 4249 ανομους
1482 4176 1777 4245 φαντασίας
1804 4174 2004 4228 δυσκά-

436 4274 645 4333 θεκτος.

1038 4382 1257 4435 ΛΟΓΟΣ
1314 4383 1391 4435 P'.

2104 1920 2215 1973 sint
2242 1921 2600 1975 robustiores.
2653 1922 2818 1991 Atqui
2873 1936 3105 1991 corpore
3152 1924 3401 1977 molliore
3436 1924 3668 1987 reddito,

2102 2026 2323 2065 necesse
2359 2022 2443 2066 est
2473 2012 2636 2064 etiam
2671 2014 2915 2066 animum
2973 2013 3119 2067 illius
3147 2013 3515 2083 corruptionis
3548 2030 3672 2070 esse

2104 2103 2446 2171 participem,
2488 2112 2777 2172 propterea
2808 2107 2954 2173 quod
2998 2104 3176 2173 ipsius
3224 2105 3391 2159 animi
3427 2106 3669 2159 actiones

2106 2194 2218 2249 fere
2254 2196 2321 2249 ad
2354 2196 2603 2264 corporis
2638 2197 2986 2251 affectionem
3033 2212 3306 2265 consensu
3342 2208 3534 2253 mutuo
3564 2198 3671 2252 for-

2105 2293 2343 2338 tuentur.

2176 2374 2312 2439 Quis
2366 2374 2527 2444 igitur
2573 2385 2655 2428 est
2716 2374 2834 2429 vitii
2882 2375 3121 2430 artifex?
3174 2377 3298 2448 quis
3358 2377 3497 2434 alias
3561 2380 3669 2435 erit

2106 2480 2265 2534 quam
2305 2465 2603 2519 voluntatis
2626 2466 2874 2519 desidia?

2179 2554 2450 2609 norat/iei.
2523 2556 2840 2623 Remissio,
2898 2555 3192 2623 securitas,
3254 2559 3499 2627 requies,
3557 2560 3672 2614 hare

2103 2644 2388 2699 emolliunt
2415 2653 2467 2698 et
2492 2644 2803 2699 diffundunt
2826 2646 3108 2712 animum;
3141 2648 3466 2703 teutationes
3489 2661 3671 2703 autem

2058 2772 2063 2773 κ
2104 2736 2469 2800 consolidant,
2508 2751 2571 2790 ac
2610 2752 2735 2790 cum
2770 2737 2878 2791 Deo
2908 2737 3287 2806 conjungunt;
3320 2739 3673 2805 quemadmo-

2104 2828 2231 2881 dum
2258 2827 2523 2897 Propheta
2573 2829 2741 2883 dicit:
2775 2848 2791 2880 ι
2828 2826 3079 2896 Domine,
3110 2830 3167 2883 in
3199 2831 3507 2885 calamitate
3556 2848 3672 2888 me-

2107 2920 2367 2975 minimus
2398 2923 2496 2975 tui.
2540 2940 2559 2974 ι

2177 3011 2233 3067 Si
2267 3013 2717 3068 animadverteris
2762 3013 2996 3083 teipsum
3041 3015 3223 3084 aliquo
3274 3024 3516 3083 tempore
3553 3031 3669 3085 per-

2105 3106 2509 3162 turbationibus
2536 3108 2800 3172 solutum,
2840 3108 2959 3161 vide
2994 3122 3061 3162 ne
3112 3120 3165 3162 tu
3216 3109 3311 3162 tibi
3349 3109 3503 3171 fidas,
3544 3110 3671 3177 quia

2106 3209 2299 3269 parant
2328 3214 2389 3255 se
2430 3201 2613 3255 hostes
2643 3200 2707 3251 ad
2739 3184 2953 3268 tempus
2978 3210 3346 3267 opportunum
3386 3202 3673 3263 versutia;

2107 3289 2356 3344 fortassis
2403 3289 2569 3343 homo
2601 3289 2781 3343 soluto
2828 3290 2932 3343 erit
2985 3293 3190 3353 animo,
3245 3293 3429 3344 omnia
3488 3292 3675 3346 sedata

2104 3380 2503 3443 essexredens,
2535 3388 2589 3434 et
2626 3390 2847 3449 repente
2883 3380 2936 3434 in
2992 3383 3247 3437 miserum
3285 3384 3529 3437 animum
3586 3385 3675 3436 in-

2105 3473 2288 3525 silient
2318 3473 2525 3536 hostes,
2555 3481 2609 3525 et
2661 3472 2816 3540 quasi
2855 3474 3235 3539 passerculum
3276 3473 3637 3527 devoraliuut.

2178 3562 2413 3631 Evagrii.
2443 3561 2577 3616 Cum
2618 3564 2909 3617 mundanis
2945 3564 3225 3619 daunones
3277 3583 3373 3634 per
3404 3581 3490 3622 res
3523 3568 3674 3636 ipsas

2107 3652 2279 3722 magis
2328 3654 2620 3716 luctantur,
2672 3667 2796 3706 eum
2850 3655 3133 3710 monachis
3187 3668 3369 3709 autem
3434 3658 3546 3711 fere
3582 3674 3676 3726 per

2109 3744 2379 3797 rationum
2403 3743 2839 3811 disputationes;
2880 3746 3114 3813 negotiis
3144 3746 3288 3798 enim
3338 3756 3385 3799 et
3418 3749 3679 3815 operibus

2108 3844 2326 3902 propter
2349 3833 2701 3889 solitudinem
2726 3836 2891 3889 soluti
2912 3846 3056 3891 sunt.
3087 3838 3154 3891 At
3177 3848 3383 3906 quanto
3407 3840 3567 3909 263
3591 3840 3678 3893 fa-

2106 3926 2266 3978 cilius
2294 3935 2376 3980 est
2422 3935 2603 3979 mente
2633 3941 2884 3995 peccare,
2940 3945 3101 3997 quam
3143 3939 3369 3984 externa
3418 3935 3678 4000 actione,

2108 4025 2258 4069 tanto
2297 4025 2381 4072 est
2410 4018 2576 4071 animi
2620 4018 2819 4073 bellum
2872 4018 3169 4086 difﬁcilius,
3224 4038 3384 4091 quam
3431 4024 3677 4093 ipsarum

2107 4122 2311 4161 rerum.
2341 4106 2433 4163 Est
2470 4109 2612 4163 enim
2643 4126 2794 4163 mens
2825 4110 3081 4179 quiddam
3116 4117 3259 4182 quod
3302 4114 3460 4170 facile
3496 4133 3681 4172 move-

2107 4209 2216 4264 tur,
2252 4209 2303 4255 et
2335 4202 2401 4256 ad
2433 4202 2742 4257 contrarias
2775 4202 2876 4274 legi
2904 4204 3222 4272 phantasias
3253 4206 3539 4263 effrenata.

2494 4397 2727 4451 SERMO
2755 4397 2793 4451 c
2829 4397 2924 4468 [πί.
2958 4397 3281 4473 CLXXXH].

438 4474 573 4541 Περὶ
606 4473 715 4541 τῆς
757 4470 1156 4542 illarumid-stoc
1206 4470 1323 4559 τῶγ
1370 4472 1543 4527 θείων
1594 4470 1699 4525 τοῦ
1741 4467 1998 4537 Χριστοῦ

2107 4484 2179 4539 De
2229 4486 2631 4555 participatione
2685 4467 2977 4538 divinarum
3026 4467 3682 4559 CItrisli-myst'eriamn.

1033 4544 1399 4609 μυστηρίων.

511 4636 608 4698 ’ος
639 4635 707 4688 ἂν
744 4634 899 4704 ἐσθίῃ
929 4634 1020 4686 τὸν
1050 4633 1214 4700 ἄρτον
1259 4635 1468 4697 τοῦτον,
1505 4634 1540 4703 ἢ
1572 4632 1703 4702 πίνῃ
1747 4630 1808 4683 τὸ
1836 4631 2007 4696 ποτή-

440 4747 557 4801 ριον
580 4727 674 4781 τοῦ
726 4729 932 4796 Κυρίου
966 4725 1227 4788 ἀναξίως,
1282 4725 1461 4794 ἔνοχος
1509 4726 1663 4776 ἔσται
1698 4724 1786 4775 τοῦ
1822 4723 2012 4791 σῶμα·

441 4838 531 4883 τος
561 4822 653 4874 καὶ
690 4819 925 4888 αἳματος
952 4817 1043 4870 τοῦ
1079 4818 1304 4885 Κυρίο).
1336 4816 1688 4884 Δοκιμσζέτω
1717 4816 1772 4867 δέ
1808 4815 2016 4883 ἄνθρω·

442 4930 541 4973 στος
584 4914 797 4977 ἐαυτὸν,
851 4912 944 4963 καὶ
982 4910 1155 4970 οῦτως
1191 4912 1253 4960 ἐκ
1288 4908 1381 4959 τοῦ
1418 4911 1583 4976 ἄρτον
1634 4911 1881 4971 ἐσθιέτω,
1924 4910 2019 4961 καὶ

441 5002 504 5051 ἐκ
530 4998 625 5051 τοῦ
656 4998 921 5067 ποτηρίου
960 4999 1183 5049 πινέτω.
1238 4997 1295 5049 'U
1329 4999 1434 5064 γὰρ
1470 4997 1665 5050 ἐσθίων
1696 4998 1790 5050 καὶ
1837 5000 2013 5052 πίνων

440 5091 699 5156 ἀναξίως,
736 5094 908 5158 κρῖμα
934 5090 1108 5156 ἐαυτῷ
1142 5089 1311 5141 ἐσθίει
1340 5093 1434 5141 καὶ
1466 5092 1633 5151 πίνει,
1689 5089 1763 5159 μὴ
1796 5091 2005 5159 διακρίο

443 5199 548 5236 νων
572 5184 633 5233 τὸ
666 5180 826 5249 σῶμα
855 5178 952 5231 τοῦ
984 5180 1219 5249 Κυρίου.

527 5270 821 5338 Ἀθετήσας
848 5284 932 5330 τις
970 5267 1133 5336 νόμον
1162 5268 1429 5329 Μωσέως.
1478 5270 1649 5339 χωρὶς
1706 5270 2010 5340 οἰκτιρμῶν

444 5362 535 5414 ἐπὶ
564 5361 715 5412 δυσὶν
762 5361 796 5429 ἢ
847 5360 997 5428 τρισὶ
1029 5360 1300 5428 μάρτυσιν
1328 5360 1663 5430 ἀποθνήσκει
1690 5376 1705 5389 ’
1742 5364 1895 5433 πόσῳ
1929 5364 2013 5418 60-

376 5517 390 5529 .
445 5454 588 5504 χεῖτε
610 5451 849 5519 χείρονος
884 5449 1248 5518 ἀξιωθήσεται
1278 5451 1547 5517 τιμωρίας
1578 5454 1603 5504 6
1629 5453 1720 5505 τὸν
1747 5454 1874 5506 Υἱὸν
1908 5457 2005 5508 τοῦ

443 5544 579 5596 Θεοῦ
611 5543 1029 5606 καταπατήσας,
1062 5542 1155 5593 καὶ
1200 5542 1257 5594 τὸ
1304 5537 1440 5612 αἴσια
1472 5544 1567 5613 τῆς
1596 5544 1863 5615 διαθήκης
1900 5565 2010 5601 κοι-

442 5638 529 5691 ιὸν
559 5635 931 5705 ἡγησάμενος,
958 5636 1012 5687 ἐν
1046 5628 1088 5702 ᾧ
1119 5635 1376 5705 ἡγιάσθη,
1432 5638 1519 5689 καὶ
1556 5637 1611 5689 τὸ
1653 5638 1871 5707 Πνεῦμα
1905 5642 2003 5710 τῆς

2180 4640 2207 4694 1
2231 4640 2425 4696 Cor.n.
2455 4640 2779 4709 Quicunque
2811 4657 2999 4711 panem
3034 4644 3139 4699 huc
3166 4645 3361 4711 ederit,
3411 4657 3505 4699 aut
3531 4647 3682 4700 bibe--

2116 4729 2184 4783 rit
2213 4730 2468 4798 poculum
2506 4730 2720 4785 Domini
2753 4731 2988 4800 indigne,
3016 4750 3143 4788 reus
3177 4736 3280 4787 erit
3332 4737 3581 4803 corporis
3629 4748 3682 4789 et

2116 4820 2401 4888 sanguinis
2437 4818 2645 4872 Domini
2675 4835 2688 4877 :
2720 4824 2909 4890 probet
2947 4833 3127 4875 autem
3179 4824 3358 4889 seipse
3397 4824 3581 4890 homo,
3619 4842 3682 4879 ac

2122 4911 2201 4965 sic
2237 4912 2302 4965 de
2334 4911 2425 4964 illo
2455 4926 2591 4980 pane
2617 4914 2758 4980 edat,
2787 4921 2840 4967 et
2880 4913 2946 4967 de
2978 4913 3173 4980 poculo
3204 4914 3369 4969 bibat.
3404 4916 3506 4981 Qui
3536 4917 3681 4970 enim

2118 5001 2303 5056 editet
2327 5002 2462 5055 bibit
2491 5004 2727 5070 indigne,
2756 5003 3022 5071 judicium
3052 5005 3153 5057 sibi
3183 5006 3296 5059 edit
3325 5017 3374 5061 et
3398 5007 3553 5075 bibit,
3574 5024 3682 5062 non

2118 5092 2421 5160 dijudicans
2450 5108 2647 5162 corpus
2681 5094 2913 5147 Domini.

2188 5270 2242 5325 Si
2271 5272 2393 5341 quis
2416 5270 2581 5339 legem
2614 5270 2779 5326 Musis
2816 5272 3114 5342 rejecisset,
3133 5271 3250 5326 sine
3280 5273 3681 5341 misericorda,

2116 5362 2327 5418 duobus
2357 5374 2448 5417 aut
2482 5363 2655 5418 tribus
2672 5365 2954 5418 convictus
2995 5364 3249 5429 testibus,
3278 5375 3450 5419 morte
3483 5366 3682 5421 allicie-

2114 5456 2541 5525 hatur:qu:mto
2569 5459 2815 5525 graviore
2867 5456 3064 5523 dignus
3114 5458 3216 5511 erit
3265 5460 3554 5528 supplicio,
3590 5460 3685 5529 qui

2114 5549 2306 5602 Filium
2341 5549 2433 5604 Dei
2486 5550 2840 5612 conculcat-it,
2900 5560 2952 5603 et
2995 5551 3312 5619 sanguinem
3374 5556 3682 5608 testamenti

2114 5658 2453 5697 communem
2480 5644 2717 5705 duxerit,
2757 5658 2851 5712 per
2882 5659 3042 5713 quem
3079 5646 3147 5700 sit
3201 5644 3313 5713 ipsc
3372 5648 3681 5702 sanctifica-
