4062 6222
498 295 642 362 1243
1745 293 2060 362 ANTUNH
2104 299 2452 360 MELISSJE
3637 296 3770 358 illi

496 427 611 482 tus,
633 415 845 488 quique
871 416 1129 487 Spiritum
1155 417 1345 488 gratiae
1403 417 1736 472 contumelia
1792 417 2035 473 aﬂ‘ecerit
2061 417 2070 470 l

2182 420 2408 491 χάριτος
2433 399 2756 493 ἐνυϐρίσας;
2784 422 3023 493 Οἴδαμεν
3044 421 3152 492 γὰρ
3173 420 3270 475 τδν
3293 419 3538 480 είπὸντα,
3566 435 3586 466 ι
3609 415 3772 485 ἐμειὶ

477 504 763 561 -Νονίιιιιιε
779 507 924 561 enim
948 521 1072 560 eum
1095 507 1191 578 qui
1212 506 1384 562 dixit:
1415 524 1435 559 ι
1462 505 1579 560 Mea
1599 515 1684 562 est
1700 505 1959 570 vindicta,
1980 521 2070 573 ego

2182 514 2488 583 ἐκδίκησις,
2523 512 2636 581 ἐγὼ
2678 515 3099 579 ἀνταποδώσω,
3136 532 3156 565 ι
3209 512 3360 580 λέγει
3397 512 3636 580 Κύριος·
3673 509 3769 560 καὶ

498 599 824 664 retribuam,
848 599 981 654 dicit
1013 600 1296 654 Dominus.
1328 613 1347 652 ι
1385 601 1463 654 Ac
1490 614 1725 654 rursus:
1763 617 1782 651 ι
1821 597 2070 654 Dominus

2181 605 2370 670 πάλιν,
2403 624 2422 657 ι
2455 607 2662 679 Κύριος
2691 607 2872 678 κρινεῖ
2899 607 2995 660 τὸν
3039 605 3169 658 λαδν
3197 602 3368 660 αὑτοῦ
3392 619 3408 634 ’
3438 601 3678 672 φοϐερὸν
3706 599 3771 654 τὸ

496 690 770 756 iudicabit
814 690 1069 761 populum
1120 707 1279 748 suum
1312 709 1327 747 :
1361 692 1608 748 terribile
1635 701 1720 747 est
1747 690 1990 746 incidere
2023 691 2079 746 ln

505 795 700 834 manus
726 779 819 834 Dci
852 781 1107 837 viventis.
1148 799 1168 834 ι

573 868 633 924 S.
657 870 872 935 Basilii.
911 870 1191 938 Impurum
1238 873 1675 942 appmpinquarc
1725 873 1932 929 sanctis
1962 889 2082 945 my-

506 961 694 1016 steriis
742 962 820 1015 vel
854 977 917 1016 ex
955 961 1136 1018 Veteri
1178 963 1531 1017 Testamento
1583 965 1916 1021 horrendum
1962 981 2082 1020 esse

495 1050 761 1120 judicium
797 1053 1076 1106 docemur.
1105 1052 1261 1118 Quod
1297 1053 1342 1107 si
1377 1054 1610 1122 amplius
1629 1063 1709 1110 est
1735 1055 1824 1108 hic
1853 1055 2078 1123 templo,

501 1143 854 1211 perspicuum
906 1151 992 1198 est
1045 1145 1220 1214 magis
1265 1145 1594 1200 horrendum
1655 1162 1800 1209 esse,
1849 1147 1903 1200 id
1935 1147 2079 1214 quod

498 1232 657 1286 docet
687 1247 786 1286 nos
815 1231 1112 1302 Apostolus
1145 1235 1334 1290 dicens
1368 1251 1382 1287 :
1433 1255 1451 1286 ι
1483 1235 1587 1301 Qui
1615 1237 1728 1290 edit
1756 1248 1806 1292 et
1839 1238 1974 1291 bibit
1999 1239 2081 1291 Ett-

496 1324 683 1392 digne.
716 1324 980 1386 judicium
1009 1325 1110 1379 sibi
1137 1326 1249 1379 edit
1280 1338 1334 1380 ct
1366 1327 1526 1381 bibit.
1569 1343 1586 1378 ι

569 1413 628 1467 S.
665 1413 938 1482 Clarysost.
991 1413 1232 1484 Tempus
1283 1419 1691 1473 communionis
1749 1435 1855 1474 non
1911 1419 2080 1473 festus

492 1504 613 1558 dies
632 1513 689 1563 et
714 1505 966 1571 celebris,
995 1506 1087 1560 sed
1114 1508 1446 1562 conscientia
1477 1525 1633 1578 pura.
1666 1520 1720 1565 et
1753 1511 1863 1564 vita
1893 1512 2082 1566 erimio

495 1596 658 1650 nibus
689 1595 881 1650 libera.
913 1597 975 1651 Et
1009 1601 1468 1668 quemadmodum
1506 1617 1629 1657 eum
1667 1604 1760 1672 qui
1807 1606 1911 1660 sibi
1947 1606 2079 1659 nihil

493 1687 636 1741 male
673 1689 908 1754 conseit,
949 1689 1107 1744 decet
1141 1691 1388 1759 quotidle
1425 1695 1688 1748 accedere
1722 1712 1735 1747 :
1770 1696 1850 1750 sic
1879 1711 2074 1766 pecca-

496 1778 568 1833 tis
606 1791 1074 1870 praeoccupatum,
1103 1795 1206 1835 nec
1239 1783 1555 1850 pmnitentia
1587 1795 1878 1852 mutatum,
1914 1805 1981 1842 ne
2023 1787 2074 1841 in
2113 1762 2149 1815 Β

493 1868 634 1923 festo
661 1869 880 1938 quidem
905 1871 994 1923 die
1020 1863 1199 1924 totum
1228 1882 1312 1926 est
1339 1873 1620 1929 accedere.
1650 1875 1780 1930 Nam
1813 1888 1873 1932 ut
1901 1879 2074 1933 semel

495 1957 550 2013 in
584 1973 726 2013 anno
776 1960 904 2013 licet
955 1975 1076 2014 cum
1102 1961 1370 2031 dignitate
1409 1966 1692 2029 accedere,
1720 1984 1827 2021 tton
1881 1969 2077 2024 liberat

493 2063 596 2104 nos
639 2063 670 2103 a
714 2051 956 2118 peccatis
989 2066 1003 2104 :
1035 2051 1107 2103 ita
1139 2052 1238 2104 hoc
1275 2053 1451 2122 ipsum
1501 2059 1674 2125 magis
1705 2059 2076 2125 condemnat,

490 2138 638 2203 quod
673 2140 841 2194 semel
864 2151 1078 2198 tantum
1107 2143 1430 2198 accedentes
1453 2161 1519 2200 ne
1549 2157 1662 2200 tum
1689 2149 1914 2217 quidem
1942 2167 2078 2220 pure

493 2231 548 2285 id
598 2233 888 2288 faciamus.
932 2234 1301 2299 Quamobrem
1335 2253 1432 2292 vos
1479 2253 1670 2295 omnes
1717 2243 1971 2310 obsecro,
2007 2261 2076 2301 ne

489 2323 812 2393 simpliciter
842 2333 1064 2395 propter
1094 2326 1218 2380 festi
1250 2331 1634 2384 neceSsitatem
1687 2334 1895 2392 adeatis
1925 2355 1939 2391 :
1977 2339 2074 2393 sed

491 2415 787 2482 siquando
819 2415 984 2485 hujus
1036 2426 1241 2472 sancta:
1286 2421 1584 2490 participes
1631 2425 1925 2485 oblationis
1952 2447 2076 2488 esse

488 2501 694 2568 velitis,
737 2503 910 2556 multo
937 2512 1066 2558 ante
1108 2519 1206 2560 vos
1260 2505 1409 2574 ipsos
1447 2523 1682 2576 purgare
1727 2511 1938 2570 debetis
1979 2533 2076 2583 per

489 2592 886 2661 panitentiam,
939 2595 1308 2662 precationem
1347 2610 1401 2650 et
1443 2597 1866 2671 eleemosynam,
1903 2616 1956 2659 et
1986 2622 2070 2662 rc-

489 2697 612 2736 rum
658 2682 990 2751 spiritalium
1025 2685 1234 2750 studio,
1291 2699 1393 2742 nec
1439 2703 1634 2746 rursus
1677 2695 1881 2749 reverti
1920 2699 2074 2755 canis

487 2774 596 2829 ritu
626 2775 694 2829 ad
725 2775 1008 2846 proptium
1040 2779 1327 2834 vomitum.

557 2952 641 3007 Ad
670 2953 850 3007 divina
878 2953 1078 3010 Christi
1114 2957 1370 3027 mysteria
1434 2959 1766 3030 negligenter
1790 2966 2068 3032 accedere,

486 3043 816 3114 supplicium
848 3044 1194 3100 intolerabile
1235 3057 1477 3103 meretur
1511 3066 1527 3102 :
1558 3063 1610 3106 et
1633 3053 1677 3106 si
1709 3053 1790 3108 vel
1819 3058 1984 3110 semel
2011 3057 2062 3109 iu

2183 698 2448 768 ἐμπεσεῖν
2473 701 2556 764 είς
2587 701 2774 770 χεῖρας
2803 698 2943 753 Θεοῦ
2974 697 3200 764 ζῶντος.
3236 715 3257 752 ι

2255 876 2329 928 Τὸ
2358 875 2416 928 ἐν
2445 874 2760 946 ἀκαθαρσία
2816 872 2949 928 ὅντα
2988 875 3114 928 τινὶ
3160 873 3404 941 ἐγγίζειν
3431 874 3545 935 τοῖς
3575 872 3764 940 ἁγίοις

2187 968 2514 1037 μυστηρίοις
2562 970 2656 1020 καὶ
2707 969 2770 1019 ἐκ
2793 967 2890 1037 τῆς
2943 965 3190 1029 Παλαιᾶς
3225 965 3503 1034 Διαθήκης
3531 965 3769 1032 φοϐερὸν

2183 1060 2551 1128 διδασκόμεθα
2580 1059 2642 1112 τὸ
2675 1060 2875 1129 κρίμα.
2908 1057 2972 1111 Ei
2999 1059 3056 1112 δέ
3097 1059 3260 1110 πλέον
3299 1057 3396 1110 τοῦ
3438 1057 3588 1126 ἱεροῦ
3635 1051 3760 1117 ὧδε.

2185 1150 2566 1222 φοϐερώτερον
2605 1151 2790 1220 δῆλον,
2823 1151 2852 1203 ὅ
2885 1167 2938 1203 τι
2987 1149 3270 1203 παιδεύσει
3296 1150 3447 1219 ἡμᾶς
3473 1150 3503 1201 ό
3532 1148 3768 1203 tit-odoro-

2183 1240 2272 1303 λος
2303 1239 2471 1293 εἰπὼν
2499 1257 2513 1272 ·
2553 1260 2572 1293 ι
2613 1241 2676 1295 Ὀ
2707 1241 2901 1294 ἐσθίων
2953 1241 3050 1295 καὶ
3099 1239 3271 1294 πίνων
3319 1238 3557 1302 ἀναξίως
3589 1239 3764 1308 κρίμα

2185 1329 2367 1399 ἐαυτῷ
2395 1331 2566 1384 ἐσθίει
2593 1332 2687 1384 καὶ
2718 1331 2889 1384 πίνει.
2932 1345 2953 1382 ι

2253 1425 2462 1496 Καιρδς
2492 1424 2783 1488 κοινωνίας
2815 1425 2916 1494 οὐχ
2948 1423 3110 1493 ἑορτὴ
3133 1423 3225 1474 καὶ
3256 1423 3591 1491 πανήγυρις,
3621 1421 3760 1474 ἀλλὰ

2184 1516 2426 1578 συνειδὸς
2455 1516 2716 1584 καθαρὸν,
2749 1516 2844 1569 καὶ
2874 1515 2988 1583 βίος
3011 1514 3383 1583 ἐγκλημάτων
3404 1512 3763 1581 ἀπηλλαγμέ-

2182 1625 2292 1669 νος.
2329 1607 2440 1661 Καὶ
2471 1607 2724 1678 καθάπερ
2756 1608 2850 1661 τὸν
2876 1607 3029 1660 οὐδὲν
3073 1607 3252 1676 ἐαυτῷ
3307 1604 3588 1658 συνειδότα
3621 1603 3764 1669 @16-

2181 1700 2271 1750 λον
2297 1699 2420 1752 καθ’
2467 1698 2707 1769 ἑκάστην
2738 1698 2821 1752 δεῖ
2855 1699 3139 1769 προσιέναι
3191 1697 3292 1767 τὴν
3344 1698 3584 1768 ἡμέραν,
3615 1695 3762 1748 οὕτω

2181 1790 2274 1844 τδν
2305 1792 2364 1844 ἐν
2396 1791 2766 1861 ἁμαρτήμασι
2797 1791 3367 1861 προκατειλημμένον,
3416 1789 3510 1842 καὶ
3559 1791 3632 1858 μὴ
3665 1803 3762 1857 με-

2180 1885 2474 1942 τανοοῦντα
2497 1929 2512 1950 ,
2549 1890 2672 1943 ούδέ
2711 1891 2770 1942 ἐν
2820 1890 2984 1960 ἑορτῇ
3020 1888 3310 1956 προσιέναι
3367 1890 3631 1958 ἀσφαλές.
3686 1890 3761 1942 Οὐ

2179 1975 2288 2044 γὰρ
2310 1976 2374 2047 δὴ
2395 1978 2456 2030 τὸ
2484 1978 2630 2046 arma
2653 1979 2748 2033 τοῦ
2777 1979 3030 2032 ἐνιαυτοῦ
3053 1980 3398 2034 ἀπαλλάττει
3428 1981 3536 2033 τῶν
3563 1981 3763 2052 ἐγκληο

2180 2065 2366 2133 μάτων
2419 2069 2604 2136 ἡμᾶς,
2657 2068 2895 2134 ἀναξίως
2961 2069 3121 2138 av
3165 2068 3355 2142 ἀξίως]
3407 2072 3758 2137 προσίωμεν

2176 2157 2307 2211 αὐτὸ
2355 2157 2416 2228 δὴ
2447 2157 2512 2230 [Ῑ.
2561 2159 2643 2231 δέ]
2669 2161 2828 2213 τοῦτο
2895 2160 3161 2229 μειζόνως
3223 2161 3610 2226 καταδικάζει.
3677 2164 3760 2216 ὅτι

2177 2249 2324 2315 ἅπαξ
2371 2257 2708 2318 προσιόντες,
2743 2253 2864 2306 οὐδέ
2921 2255 3042 2306 τότε
3115 2253 3375 2324 καθαρῶς
3419 2255 3762 2324 πρσσῗωμεν.

2175 2342 2274 2395 Διά
2328 2341 2489 2396 τοῦτο
2546 2344 2850 2414 παρακαλῶ
2905 2346 3114 2409 πάντας
3145 2347 3291 2416 ὑμᾶς
3319 2347 3394 2416 μὴ
3429 2347 3614 2410 ἁπλῶς
3669 2348 3760 2400 διὰ

2175 2431 2276 2501 τὴν
2312 2435 2411 2503 τῆς
2437 2435 2630 2504 ἑορτῆς
2656 2435 2906 2506 ἀνάγκην
2936 2437 3044 2489 τῶν
3077 2437 3236 2491 θείων
3261 2439 3526 2493 ἅπτεσθαι
3553 2457 3759 2510 μυστη-

2177 2524 2326 2592 ρίων,
2380 2525 2496 2577 ἀλλ’
2541 2525 2724 2578 εἴποτε
2774 2526 3017 2596 μέλλοιτε
3068 2530 3167 2597 τῆς
3213 2529 3374 2596 ἁγίας
3419 2531 3625 2599 ταύτης
3662 2549 3762 2599 με.

2175 2615 2348 2678 θέξειν
2380 2621 2719 2689 προσφορᾶς,
2767 2621 2874 2690 πρδ
2934 2619 3144 2674 πολλῶν
3194 2622 3419 2690 ἡμερῶν
3469 2623 3755 2676 διακαθαί-

2177 2722 2291 2775 ρειν
2316 2707 2402 2761 διὰ
2432 2711 2723 2776 μετανοίας
2762 2714 2857 2764 καὶ
2906 2711 3070 2780 εὐχῆς
3102 2712 3195 2764 καὶ
3233 2713 3623 2784 ἐλεημοσύνης,
3658 2717 3759 2770 καὶ

2172 2801 2271 2868 τῆς
2288 2803 2414 2870 περὶ
2442 2804 2508 2854 τὰ
2550 2805 2898 2873 πνευματικὰ
2933 2807 3151 2876 σχολῆς,
3183 2807 3275 2858 καὶ
3315 2809 3390 2877 μὴ
3428 2808 3592 2862 πάλιν
3624 2813 3753 2862 ἐπι-

2175 2893 2500 2961 στρέφεσθαι
2543 2898 2798 2968 καθάπερ
2843 2898 2990 2952 κύων
3016 2901 3108 2953 ἐπὶ
3141 2903 3232 2952 τὸν
3265 2900 3397 2953 ἰδιον
3422 2901 3639 2969 ἔμετον.

2244 2984 2319 3037 Τὸ
2354 2985 2617 3058 ῥᾳθύμως
2658 2989 2943 3058 προσιέναι
2993 2992 3110 3054 τοῖς
3159 2991 3328 3056 θείοις
3369 2994 3465 3047 τοῦ
3512 2995 3752 3064 Χριστοῦ

2099 3093 2143 3154 α
2179 3078 2504 3147 μυστηρίοις
2532 3080 2756 3133 κόλασιν
2807 3084 3088 3152 ἀφόρητον
3123 3083 3257 3154 ἔχει·
3309 3086 3412 3140 κᾶν
3461 3087 3611 3154 ἅπαξ
3655 3091 3752 3144 τοῦ

484 3150 630 3189 anno
676 3135 782 3190 hoc
831 3137 954 3206 quis
1027 3138 1244 3205 audeat,
1275 3139 1416 3209 ignis
1461 3142 1766 3210 spiritualis
1797 3147 1950 3216 plena
1981 3159 2063 3204 est

485 3226 605 3251 ἔκηε.
646 3241 829 3251 ...-..-..
895 3227 954 3251 υ.
991 3230 1442 3251 ...-.....-.l_-‘1__-._
1483 3234 1631 3251 ΑΛ.
1695 3237 1716 3251 ι·
1793 3247 1802 3251 -
1988 3249 1993 3251 .

2173 3135 2423 3223 ἐνιαυτοῦ
2458 3135 2614 3224 τοῦτο
2645 3173 2817 3244 τολμᾷ
2840 3135 2946 3240 tiu;
2979 3135 3318 3248 :tzupbghaﬁtq
3356 3181 3512 3249 γέμει
3539 3135 3753 3251 ἠῖτρά-

485 3226 607 3294 ipsa
646 3241 860 3282 mensa.
892 3227 960 3280 Et
986 3230 1446 3296 quemadmodum
1483 3234 1648 3305 264
1695 3237 1870 3294 fontes
1909 3249 2068 3294 natu-

487 3316 677 3372 raliter
703 3334 848 3387 aqua
877 3321 1208 3387 scaturiunt,
1237 3323 1315 3376 sic
1344 3335 1398 3379 et
1421 3326 1534 3379 base
1575 3343 1762 3382 mensa
1791 3328 2062 3388 llatnmnm

483 3410 781 3478 quamdam
823 3411 1152 3466 itu-[labilem
1207 3412 1374 3469 fovet.
1419 3415 1564 3472 Cave
1616 3419 1786 3490 igitur
1836 3427 2064 3480 accedas

483 3519 609 3557 eum
633 3503 856 3573 stipula,
886 3505 1048 3574 lignis
1072 3514 1128 3560 et
1159 3505 1327 3570 fano,
1359 3523 1426 3562 ne
1451 3510 1629 3581 majus
1652 3513 1853 3571 elli-cias
1879 3518 2067 3572 incen-

482 3598 660 3662 dium,
706 3607 761 3652 et
795 3599 1037 3651 animum
1077 3599 1170 3666 qui
1220 3599 1279 3655 lit
1326 3601 1447 3672 ejus
1493 3605 1790 3677 particeps.
1841 3625 2062 3668 exuras.

482 3686 682 3758 Regem
719 3698 1049 3758 excepturus
1075 3705 1134 3745 es
1159 3707 1256 3762 per
1279 3699 1720 3754 communionem
1744 3715 1761 3768 ;
1797 3702 1939 3771 Rege
1968 3721 2066 3758 au-

480 3787 590 3834 tem
621 3780 944 3835 inanimum
994 3782 1251 3849 intrante,
1286 3799 1480 3858 magna
1526 3803 1649 3845 esse
1701 3792 1864 3846 debet
1912 3802 2065 3846 tran-

480 3871 744 3940 quillitas,
794 3885 987 3944 magna
1043 3874 1222 3942 quies,
1258 3877 1368 3930 alta
1413 3893 1736 3952 summaque
1773 3867 2063 3952 cogitatio-

478 3979 608 4018 num
640 3979 766 4032 pax.

549 4052 828 4121 Migraturi
855 4052 986 4108 hinc
1015 4054 1061 4110 si
1092 4059 1481 4126 mysteriorum
1515 4061 1713 4121 fuerint
1744 4069 2057 4140 participes,

477 4158 613 4210 pura
643 4145 1000 4206 conscientia,
1029 4160 1157 4200 cum
1207 4158 1516 4206 extremum
1562 4157 1764 4213 edituri
1796 4171 1923 4215 sunt
1950 4166 2060 4234 spi-

478 4233 671 4294 ritum,
707 4235 1000 4302 stipatores
1037 4236 1238 4292 habent
1295 4243 1542 4310 angelos,
1575 4248 1668 4316 qui
1725 4250 1874 4320 ipsos
1923 4233 2055 4324 pro-

477 4333 596 4390 pter
624 4321 675 4374 id
713 4323 854 4389 quod
881 4337 1255 4396 sumpserunt,
1291 4331 1420 4387 hinc
1452 4335 1755 4394 deducunt.

551 4409 605 4466 S.
655 4412 958 4470 Athanasii.
1028 4416 1086 4472 Si
1139 4421 1264 4490 quis
1327 4425 1620 4491 gulositate
1664 4443 1759 4486 aut
1808 4440 2050 4505 turpium
2082 4421 2134 4481 Ῑ)

389 4546 394 4550 .
475 4517 742 4558 consensu
795 4507 1212 4576 cogitationum,
1274 4516 1430 4583 quasi
1487 4519 1602 4576 luto
1643 4528 2050 4587 contaminatus

475 4606 578 4660 est,
614 4596 659 4650 si
687 4598 810 4668 quis
841 4601 968 4658 odio
1007 4613 1062 4659 et
1104 4606 1428 4676 injuriarum
1464 4619 1848 4678 recordatione
1893 4631 2047 4696 qua~i

475 4690 739 4761 vertigine
765 4691 993 4748 allectus
1023 4706 1130 4763 est,
1192 4701 1238 4755 si
1279 4704 1403 4773 quis
1435 4706 1636 4763 invidia
1668 4724 1761 4768 aut
1811 4715 1889 4770 ira
1911 4690 2050 4788 vper-

471 4781 723 4837 turbatus
757 4795 859 4850 est,
897 4787 943 4841 si
995 4788 1118 4859 quis
1150 4796 1404 4862 superbia
1439 4811 1490 4853 et
1522 4808 1834 4876 arrogantia
1869 4781 2046 4868 victus

469 4881 702 4938 tenetur,
737 4876 782 4929 is
817 4876 885 4931 ad
916 4879 1098 4934 divina
1152 4894 1204 4938 et
1247 4901 1379 4955 pura
1425 4889 1538 4946 haec
1578 4899 1839 4966 mysteria
1889 4918 2047 4957 acce-

467 4963 596 5017 dere
629 4981 694 5018 ne
725 4968 889 5030 ausit,
924 4973 1244 5043 priusquattt
1292 4993 1387 5046 per
1439 4963 1818 5049 pmniletttiam
1849 5010 2046 5052 conve-

466 5053 705 5107 nientem
736 5056 929 5112 eluerit
967 5071 1022 5116 et
1052 5069 1298 5136 purgarit
1325 5073 1562 5145 seipsunt
1593 5080 1661 5136 ab
1685 5085 1832 5140 eunti
1857 5090 2041 5145 carnis

465 5155 519 5200 et
541 5146 766 5214 spiritus
795 5148 1232 5220 inquinamento.

2171 3259 2311 3322 πεζα
2335 3258 2604 3328 πνεύματι
2629 3262 2856 3331 Κυρίου.
2889 3266 2999 3319 Καὶ
3029 3265 3280 3335 καθάπερ
3302 3269 3356 3320 αἱ
3383 3273 3554 3337 πηγαὶ
3587 3273 3748 3338 φύσει

2171 3351 2363 3415 ὓδατος
2412 3354 2822 3418 ἐναδλύζουσιν,
2885 3355 3028 3410 οὕτω
3077 3357 3173 3412 καὶ
3225 3359 3367 3432 αῦτη
3408 3364 3584 3432 φλόγα
3626 3369 3748 3420 τινὰ

2167 3441 2280 3509 ἔχει
2313 3441 2575 3513 ἄρρητον.
2611 3445 2703 3514 Μὴ
2736 3445 2920 3498 τοίνυν
2956 3448 3262 3520 προσέλθῃς
3294 3453 3549 3522 καλάμην
3582 3455 3744 3525 ἔχων,

2167 3531 2302 3599 ξύλα
2332 3535 2426 3587 καὶ
2473 3537 2687 3606 χόρτον,
2737 3537 2822 3589 ἵνα
2873 3540 2946 3608 μὴ
3006 3539 3232 3595 πλείονα
3281 3543 3381 3614 τὴν
3411 3547 3746 3617 ἐμπρησμὸν

2166 3627 2400 3698 ἐργάσῃ,
2433 3629 2527 3681 καὶ
2559 3631 2917 3702 κατακαύσῃς
2951 3633 3051 3703 τὴν
3081 3635 3614 3704 μεταλαμϐάνουσαν
3637 3641 3742 3710 ψυ-

2167 3719 2293 3787 χὴν,
2336 3718 2572 3773 Βασιλέα
2616 3721 2980 3793 ὑποδέχεσθαι
3035 3728 3253 3794 μέλλεις
3283 3730 3372 3784 διὰ
3407 3732 3506 3802 τῆς
3549 3753 3741 3787 κοινωο

2165 3807 2305 3870 νίας’
2345 3808 2613 3879 βασιλέως
2655 3812 2712 3866 δὲ
2763 3815 3137 3881 ἐπιϐαίνοντος
3165 3820 3264 3888 τὴν
3288 3821 3491 3892 ψυχὴν,
3538 3827 3743 3898 πολλὴν

2165 3896 2308 3952 εἶναι
2335 3897 2418 3954 δεῖ
2445 3901 2545 3972 τὴν
2573 3901 2835 3974 γαλήνην,
2865 3905 3067 3978 πολλὴν
3103 3907 3204 3979 τὴν
3233 3911 3485 3982 ἡσυχίαν,
3517 3896 3742 3986 βαθεῖαν

2164 3990 2272 4043 τῶν
2305 3991 2583 4063 λογισμῶν
2612 3996 2710 4064 τὴν
2743 3998 2985 4068 εἰρήνην.

2237 4084 2300 4135 Oi
2353 4084 2638 4152 μέλλοντες
2694 4089 2908 4143 ἐνθένδε
2951 4093 3248 4165 ἀπαίρειν,
3285 4097 3353 4152 ἂν
3390 4099 3595 4170 τύχωσι
3628 4106 3740 4158 τῶν

2165 4175 2483 4246 μυστηρίων
2510 4181 2872 4250 μετασχόντες
2898 4185 2954 4235 ἐν
2985 4186 3205 4259 καθαρᾷ
3242 4191 3574 4261 συνειδήσει,
3604 4197 3737 4251 ὅταν

2162 4267 2462 4321 ἀποπνέειν
2486 4269 2745 4338 μέλλωσι,
2777 4274 3208 4346 δορυφοροῦντες
3237 4281 3435 4345 αὐτοὺς
3460 4283 3530 4336 δι’
3559 4287 3737 4342 ἐκεῖνο

2159 4357 2220 4411 τὸ
2251 4357 2478 4428 ληφθὲν,
2509 4361 2816 4430 ἀπάγουσιν
2847 4367 3060 4420 ἐνθένδε
3093 4369 3337 4438 ἄγγελοι.

2233 4447 2302 4500 Ei
2321 4465 2402 4513 τις
2431 4448 2536 4502 ὑπὸ
2565 4455 3030 4524 γαστριμαργίας,
3065 4458 3099 4528 ἦ
3133 4461 3587 4528 συγκαταθέσεως
3609 4467 3735 4518 αἰσ-

2157 4541 2303 4612 χρῶν
2339 4540 2618 4610 λογισμῶν
2649 4545 3072 4616 βεὸορϐόρωται,
3103 4551 3158 4603 εἴ
3191 4569 3275 4614 τις
3322 4553 3429 4606 ὑπὸ
3457 4557 3651 4622 μίσους
3675 4558 3729 4626 ζῆ

2156 4633 2523 4702 μνησικακίας
2558 4636 2882 4703 ἐσκότωται,
2907 4640 3068 4705 εἴτις
3098 4643 3203 4695 ὑπὸ
3235 4645 3431 4713 φθόνου
3477 4648 3508 4716 ἢ
3547 4648 3725 4718 ὀργῆς

2153 4724 2468 4790 τεθόλωται,
2524 4726 2581 4778 εί
2623 4744 2708 4792 τις
2767 4729 2873 4782 ὑπὸ
2913 4731 3292 4803 ὑπερηφανίας
3328 4737 3360 4806 ἢ
3397 4739 3724 4804 ἀλαζονείας

2152 4818 2510 4887 κεκράτηται,
2543 4819 2620 4890 μὴ
2649 4819 2896 4894 τολμήσῃ
2938 4825 3256 4894 προσελθεῖν
3284 4831 3396 4891 τοῖς
3424 4831 3594 4896 θείοις
3626 4837 3722 4888 καὶ

2151 4909 2438 4978 ἀκράντοις
2497 4915 2862 4984 μυστηρίοις,
2913 4917 3044 4986 πρὶν
3093 4919 3126 4989 ἢ
3182 4920 3270 4973 διὰ
3326 4926 3718 4994 προσηκούσης

2153 5003 2442 5069 μετανοίας
2477 5005 2884 5076 ἀπονιψάμενος
2915 5008 3191 5084 καθαρίσῃ
3219 5014 3413 5067 ἐαυτὸν
3446 5016 3556 5068 ἀπὸ
3584 5034 3720 5071 πινο

2150 5093 2236 5157 τὸς
2270 5094 2548 5168 μολυσμοῦ
2579 5099 2908 5170 σαρκὸς,καὶ
2948 5102 3280 5176 πνεύματος.
