4062 6222
536 307 674 372 1255

1974 302 2352 363 ADDENDA.

3667 294 3801 359 1256

534 414 646 485 γάρ
679 404 826 466 οὗτοι
860 409 928 462 τὰ
974 405 1376 479 περιπίπτοντα
1403 423 1417 439 ·
1475 407 1520 461 εί
1555 407 1599 460 δ’
1634 400 1751 473 οῦν,
1801 406 1917 462 ἀλλ’
1953 409 2111 479 ἡμεῖς
2142 410 2184 469 Α
2217 409 2424 478 λίχνον,
2454 406 2544 461 διά
2571 423 2630 460 τε
2659 405 2720 458 τὸ
2742 402 3006 476 δυσχερές
3030 403 3130 472 τῆς
3158 401 3616 472 καταπηδήσεως.
3645 407 3801 460 Ἔστι

535 506 764 558 ἐκείνων
821 501 1022 571 μᾶλλον
1079 501 1397 570 παράσιτοι,
1451 499 1565 563 τοῖς
1617 500 1797 554 αὐτῶν
1837 499 2116 569 λειψάνοις

535 595 1038 668 παρατρεφόμενοι.
1075 593 1188 645 Ούκ
1221 592 1336 645 ἔστι
1384 593 1505 646 κατ’
1539 592 1720 646 αὐτῶν
1758 594 1996 662 μηχανή.
2038 593 2120 647 Τὰ

536 691 646 744 τῶν
680 688 924 756 παγίδων
956 687 1036 746 είς
1070 686 1227 740 κενὸν
1259 687 1566 756 διαχάσκει,
1601 688 1697 739 καὶ
1723 686 1908 740 τέλεον
1936 686 2118 756 ἀπρα-

538 786 678 836 κτεῖ.
724 782 783 834 ’0
819 784 882 833 ἐκ
932 779 1091 846 ξύλου
1131 779 1358 848 τοξότης
1400 777 1668 847 Σμινθεὺς
1710 780 1787 840 είς
1823 779 2001 848 μάτην
2032 780 2120 830 ἐν-

535 875 774 928 τείνεται
801 888 815 903 ’
846 873 945 924 καὶ
999 872 1138 933 ὅλως
1176 873 1257 931 εἰς
1309 871 1465 924 κενὸν
1515 871 1646 939 ἡμῖν
1677 871 1732 922 αἱ
1783 869 1904 923 κατ’
1938 870 2121 924 αὐτῶν

538 969 712 1022 πᾶσαι
744 965 1011 1029 σκάζουσι
1048 964 1310 1034 μηχαναί.
1344 964 1451 1015 Kal
1484 962 1631 1016 ἔστιν
1671 963 1746 1025 ὠς
1778 961 1946 1024 ὅντως
1976 964 2122 1033 ἀμή-

538 1076 702 1129 χανον
739 1060 801 1111 τὸ
832 1058 1020 1123 κακον,
1053 1056 1229 1110 ἐκεῖνό
1279 1073 1346 1126 με
1379 1055 1474 1108 καὶ
1519 1054 1678 1122 μόνον
1712 1055 2122 1125 περιμυθούμεο

539 1169 642 1218 νοι,
671 1153 752 1206 ὅτι
786 1168 876 1220 μοι
903 1150 994 1204 τὸν
1028 1149 1272 1203 οἰκίσκον
1304 1150 1363 1202 ἐν
1397 1149 1614 1219 μονίμῳ
1647 1147 1898 1203 ἵστασθαι
1941 1149 2120 1203 οἰωνί-

541 1245 750 1308 ζονται.
794 1244 856 1296 El
880 1243 996 1312 γάρ’
1018 1241 1338 1311 καμνούσης
1367 1240 1568 1307 οἰκίας,
1600 1240 1674 1303 ὡς
1702 1239 1880 1308 λόγος,
1922 1241 2122 1308 ἐκφεύ-

541 1352 752 1405 γουσιν,
785 1333 1125 1403 ἐστηξομένῃ
1163 1331 1382 1393 πάντως
1411 1332 1837 1402 προσμένουσιν.
1871 1331 2040 1387 Οὐδὲν
2065 1332 2121 1384 δὲ

542 1427 838 1496 παρέλκον,
885 1424 981 1478 καί
1023 1441 1074 1476 τι
1123 1423 1233 1476 τῶν
1271 1423 1764 1494 ῥᾳδιουργημάτων
1807 1422 1994 1486 αὐτοῖς
2043 1424 2122 1494 τῷ

545 1519 693 1588 λόγῳ
723 1516 1100 1588 περιδηλῶσαί
1133 1533 1250 1587 μοι.
1294 1516 1543 1583 Ἀγγεῖον
1572 1516 1842 1586 οίνοδόχον
1862 1531 1879 1550 ο
1915 1515 2123 1570 ἄνωθέν

545 1611 714 1665 ποθεν
742 1611 874 1681 ἡμῖν
905 1609 1235 1680 άπῃώρηται
1261 1609 1538 1663 παττάλου
1560 1611 1724 1672 τινος,
1749 1609 1929 1673 ὲξότου
1956 1614 2124 1680 μῆνες

545 1700 732 1770 συχνοί
757 1717 771 1733 ο
808 1701 901 1754 καὶ
934 1703 962 1754 6
986 1699 1083 1767 τῆς
1123 1701 1530 1770 άπαιωρήσεως
1575 1702 1784 1768 σχοῖνος
1820 1700 2000 1771 ἁδρδς,
2032 1701 2124 1754 καὶ

543 1795 669 1855 ὅσος
701 1791 768 1846 ἂν
799 1793 880 1854 είς
914 1792 1114 1864 μικροῦ
1150 1793 1417 1847 δακτύλου
1471 1793 1781 1856 διαστάσεις
1807 1794 2123 1863 παχύνοιτο.

547 1883 643 1945 El;
675 1883 834 1935 τοῦτο
859 1884 922 1935 ἐκ
953 1882 1234 1952 μετεώρου
1270 1883 1376 1951 μῦς
1407 1883 1652 1952 χαλάσας
1703 1884 1898 1937 έαυτόν
1931 1884 2026 1951 (ὼς
2059 1884 2128 1937 ἂν

549 1973 718 2041 εἰδείη
792 1973 998 2037 ἐκεῖνος
1055 1973 1084 2025 6
1123 1973 1482 2042 καταιϐάτης,
1531 1975 1559 2027 6
1609 1974 1970 2044 νυκτιλόχος),
2030 1977 2124 2029 καὶ

549 2064 722 2118 νύκτα
760 2065 890 2135 μίαν
943 2065 1328 2133 ἐπιφυλάττων
1359 2067 1437 2133 τῷ
1487 2065 1797 2133 πλάγματι,
1836 2067 1936 2119 ούκ
1970 2065 2129 2137 ἔσχεν

549 2159 632 2221 είς
657 2157 806 2220 τέλος
828 2158 1155 2226 ἀποφυγεῖν.
1194 2157 1252 2210 '0
1273 2159 1379 2229 γάρ
1404 2174 1483 2212 τοι
1511 2159 1621 2211 τῶν
1646 2159 1874 2212 ὀδόντων
1887 2160 2128 2229 τριγμὺς

549 2251 845 2320 ἐξέκρουσέ
879 2267 946 2319 με
983 2249 1078 2303 τοῦ
1121 2249 1314 2312 ὕπνου,
1356 2250 1455 2304 καὶ
1504 2250 1824 2318 ἀφυπνίζων
1857 2250 2128 2319 ἐξήγειρε.

554 2341 667 2394 Kal
705 2336 773 2411 ἦν
804 2359 894 2410 μοι
928 2340 1123 2411 λύχνος
1155 2343 1212 2392 ἐν
1246 2341 1346 2410 μιᾷ
1375 2342 1496 2392 ταῖν
1529 2342 1732 2410 χεροῖν,
1761 2341 1856 2394 καὶ
1887 2340 2048 2408 λύγος
2072 2343 2129 2394 έν

551 2432 784 2502 θατέρᾳ.
829 2434 938 2485 Kal
988 2433 1016 2485 6
1044 2434 1303 2495 κάκιστος
1354 2431 1707 2502 ἐδραπέτευε,
1759 2432 1989 2500 τραπεὶς
2029 2433 2130 2500 μὲν

553 2525 636 2583 εἰς
668 2525 868 2594 φυγὴν,
894 2524 1124 2593 τρέμειν
1147 2523 1204 2577 δὲ
1235 2522 1424 2592 ῶσπερ
1461 2523 1621 2592 ἀφεὶς
1650 2524 1709 2575 τὸ
1741 2523 1958 2589 ἀγγεῖον
1984 2539 1997 2552 ·
2039 2522 2129 2574 ἐπὶ

551 2614 690 2668 πολὺ
729 2614 837 2685 γάρ
899 2615 1078 2668 ἐκεῖνο
1134 2614 1465 2683 μετεφέρετο
1519 2613 1968 2684 κραδαινόμενον.
2021 2612 2130 2665 Kal

552 2704 716 2758 τοῦτο
753 2707 852 2776 μὲν
897 2706 1004 2777 πρὸ
1041 2708 1257 2776 τρίτης.
1300 2705 1463 2758 Ἀλλά
1510 2707 1610 2775 τὴν
1649 2705 1774 2776 χθὲς
1813 2707 2041 2777 ﬂauam:
2070 2706 2130 2758 τὸ

552 2791 716 2850 ἆθλον
765 2797 841 2867 τῷ
890 2797 1358 2871 καρτεροδόῘν]τῃ.
1409 2799 1520 2852 Kal
1571 2798 1848 2852 κατελθὼν
1907 2798 2131 2868 βαθείας

554 2887 773 2952 νυκτὸς,
807 2889 902 2941 καὶ
929 2889 1128 2953 λαθὼν,
1158 2890 1252 2943 καὶ
1281 2889 1564 2961 ἐντραγών
1589 2890 1648 2943 τὸ
1679 2891 1914 2958 σχοινίον
1943 2891 1970 2943 6
1998 2889 2132 2958 κάρ-

553 2997 718 3049 χαρος
753 2980 1026 3052 τρώκτης,
1056 2982 1116 3034 τὸ
1147 2981 1315 3050 ἄγγος
1357 2980 1677 3052 κατέρριψε.
1723 2983 1832 3034 Kal
1857 2980 1988 3033 αὐτὸ
2023 2981 2124 3050 μὲν

2219 503 2332 571 γὰρ
2364 493 2426 553 οὗ
2451 501 2841 569 κατευστοχεῖν
2869 497 2967 568 μὲν
2996 497 3096 549 ούκ
3126 493 3275 567 εἶχεν
3295 496 3538 565 εὐχερῶς
3559 497 3654 549 τοῦ
3683 516 3804 552 axo-

2227 593 2356 658 ποῦ,
2387 591 2524 646 ἀλλὰ
2549 591 2619 645 τὰ
2654 591 2754 660 μὲν
2785 588 2960 642 πολλά
2982 587 3158 656 δεξιοῦ
3183 587 3340 657 δίκην
3363 587 3593 657 κέλητος
3624 591 3793 657 περιέο

2227 687 2379 738 ϐαινε
2415 684 2514 756 τὴν
2542 685 2652 738 τῶν
2681 683 2932 754 βοτρύων
2958 681 3286 754 κρεμάθραν
3311 702 3324 714 ο
3361 681 3478 734 ἔστι
3505 682 3552 734 δ’
3578 682 3666 736 ὅτε
3712 683 3807 734 καὶ

2224 763 2503 832 κάτω’που
2531 776 2929 831 ἀπωλίσθαινε.
2962 777 3072 829 Kal
3101 773 3262 828 τοῦτο
3291 775 3340 828 οί
3370 773 3584 827 ἐκεῖθεν
3616 774 3811 827 δοῦποι

2223 870 2419 931 νυκτὸς
2479 870 2614 939 ἡμῖν
2652 868 3062 935 ύπεσήμαινον.
3110 869 3342 923 Κάτεισι
3375 867 3554 921 τοίνυν
3604 869 3662 920 ἐν
3709 871 3813 938 μιᾷ

2223 979 2331 1016 που
2356 975 2371 992 '
2409 960 2502 1014 καὶ
2552 959 2648 1012 τοῦ
2690 960 3098 1029 ὑπερκειμένου
3131 959 3379 1028 καλάμου
3443 960 3810 1028 προσεπιϐάς,

2223 1054 2314 1106 καὶ
2329 1051 2630 1119 λαϐόμενος
2650 1049 2915 1122 μηρίνθου
2943 1053 3103 1120 μιᾶς,
3135 1051 3228 1119 ὑφ’
3253 1045 3322 1120 ἧς
3353 1049 3446 1104 δύο
3469 1052 3614 1114 τινὲς
3638 1052 3814 1105 ὑπαν-

2223 1144 2432 1213 είχοντο
2465 1143 2718 1215 βότρυες,
2784 1145 3012 1212 ἀνάγειν
3048 1144 3213 1214 ἧθελε
3242 1144 3469 1208 τούτους
3499 1145 3656 1216 ὑψοῦ,
3687 1147 3814 1199 ὁποι

2227 1237 2361 1290 ποτὲ
2394 1236 2608 1307 ἤθελεν.
2651 1238 2805 1292 Ἐπεὶ
2830 1239 2888 1293 δὲ
2923 1240 3210 1308 τεράστιον
3233 1234 3302 1311 ἦν
3335 1239 3396 1292 τὸ
3433 1237 3813 1308 τολμώμενον,

2226 1328 2321 1381 καὶ
2369 1323 2481 1381 οἷον
2517 1329 2872 1401 ὑπερϐαίνειν
2907 1332 3069 1400 χεῖρα
3116 1330 3250 1400 μυὸς
3291 1330 3506 1399 (δώσεις
3544 1331 3654 1402 γάρ
3695 1349 3811 1398 μοι,

2225 1419 2321 1472 καὶ
2350 1422 2508 1490 χεῖρα
2536 1422 2889 1491 προσπλάσαι
2923 1421 3000 1491 τῷ
3029 1420 3172 1474 οῦτω
3198 1421 3528 1491 παλαμναίῳ
3561 1423 3655 1473 καὶ
3681 1421 3816 1491 δρα-

2228 1512 2456 1582 στηρίῳ,
2487 1512 2581 1566 καὶ
2603 1511 2881 1581 ’τολμῆσαι
2916 1514 3012 1566 καὶ
3048 1513 3320 1584 ὀξυλάϐην
3343 1515 3522 1568 εἰπεῖν
3552 1515 3684 1568 αὐτὸ
3716 1516 3815 1567 καὶ

2227 1602 2587 1673 χειρίσοφον),
2623 1602 2802 1674 βρίθει
2839 1620 2899 1656 τε
2927 1603 3080 1657 κάτω
3104 1603 3164 1657 τὸ
3187 1606 3461 1676 άρπαγὶν.
3492 1605 3586 1658 καὶ
3611 1607 3680 1657 τά
3719 1605 3815 1674 βου

2227 1695 2422 1765 τρύδια
2451 1693 2618 1765 (οῦτω
2647 1697 2756 1764 γάρ
2781 1696 2845 1748 ἐκ
2880 1695 3125 1766 βοτρύων
3170 1698 3509 1768 καταηεθέν
3538 1699 3813 1767 πρότερον

2227 1787 2258 1838 6
2319 1786 2560 1850 δάπανος
2597 1787 2658 1839 τὸ
2698 1787 3022 1858 ζευκτήριον
3071 1789 3418 1860 ύπεκόρισεν)
3477 1792 3812 1844 ἐκπίπτουσι

2228 1876 2338 1932 τῶν
2375 1879 2471 1932 τοῦ
2500 1878 2752 1948 άρπαγος
2793 1879 3004 1950 ὀνύχων
3027 1896 3042 1912 ·
3074 1882 3170 1936 καί
3221 1881 3524 1945 πωςκατά
3569 1883 3809 1950 κρείττω

2230 1970 2404 2039 τύχην
2444 1973 2740 2026 πίπτουσιν
2785 1971 2885 2026 ούκ
2935 1974 3016 2037 είς
3050 1976 3175 2044 γῆν,
3223 1975 3360 2028 ἀλλὰ
3397 1975 3697 2041 περιϐάντα
3745 1975 3810 2026 τὸ

2231 2061 2597 2132 ὑποκείμενον
2629 2062 2786 2125 ξύλον
2830 2064 3156 2134 ἐκρέμαντο.
3199 2065 3418 2129 Κτύπος
3447 2067 3539 2119 ἐπὶ⁵
3572 2068 3805 2126 τούτοις.

2231 2153 2326 2206 καὶ
2357 2157 2723 2224 νυκτεγερσία
2762 2156 2945 2212 πάλιν.
2994 2157 3103 2210 Καὶ
3140 2160 3297 2228 ἡμεῖς
3329 2155 3484 2220 αὖθις
3512 2159 3588 2221 ὡς
3629 2160 3687 2210 ὲν
3712 2175 3810 2210 νυ·

2231 2248 2359 2310 κτ³ις
2386 2247 2604 2318 φυλακῇ
2629 2247 2724 2302 τοῦ
2759 2250 3027 2320 προτέρου
3053 2250 3246 2319 λύχνου
3278 2251 3374 2304 καὶ
3403 2250 3496 2304 τοῦ
3525 2249 3690 2318 λύγου
3719 2267 3810 2316 γε⁴

2231 2339 2474 2407 νόμενοι,
2503 2340 2598 2394 τὸν
2635 2341 2734 2410 μὲν
2766 2341 2998 2410 ἅρπαγα
3025 2342 3123 2394 οὐκ
3154 2340 3449 2411 ἐξεύρομεν
3472 2341 3666 2411 (ᾤχετο
3697 2343 3808 2409 γάρ

2235 2431 2363 2499 μῦς,
2419 2429 2603 2501 χανὼν
2647 2432 2730 2496 είς
2785 2433 2986 2501 μάτην,
3039 2432 3214 2485 ποδῶν
3263 2433 3455 2502 κτύπῳ
3497 2431 3596 2500 τὴν
3630 2431 3809 2500 φυγὴν

2232 2522 2600 2591 ύπεμφαίνων
2633 2525 2812 2592 ἡμῖν),
2845 2525 2906 2576 τὸ
2936 2524 2992 2576 δέ
3027 2525 3299 2594 ἅρπαγμα
3325 2525 3540 2592 εἴδομεν
3573 2525 3724 2584 ὅπως
3748 2539 3811 2574 τε

2231 2616 2439 2670 ἄνωθεν
2469 2618 2843 2682 κατέσπαστο,
2885 2618 2980 2670 καὶ
3007 2617 3126 2678 οἵας
3158 2619 3215 2668 ἐν
3245 2617 3451 2686 ἑκάστῃ
3481 2616 3587 2669 τῶν
3624 2617 3812 2684 ῥαγῶν

2232 2703 2345 2776 εἶχε
2377 2708 2476 2771 τὰς
2501 2709 2742 2779 ἀμυχάς,
2775 2711 2856 2762 ἔτι
2884 2710 2978 2762 καὶ
3001 2708 3447 2778 κραδαινόμενον.
3480 2741 3545 2750 -
3574 2709 3811 2762 Τοιαῦτα

2233 2798 2366 2866 ἡμῖν
2400 2798 2930 2869 ἐπικατερράγησαν
2958 2799 3025 2852 τὰ
3072 2801 3238 2862 κακά,
3273 2799 3425 2851 δεινὰ
3462 2801 3682 2868 φαγεῖν,
3713 2801 3811 2853 al-
3873 2835 3878 2838 -

2231 2889 2422 2942 λεεθαι
2445 2890 2617 2956 δεξιά,
2645 2891 2945 2960 πολυϐόρα,
2972 2893 3269 2959 παμφάγα,
3300 2891 3479 2960 φυγῆς
3495 2893 3589 2944 καὶ
3620 2892 3811 2960 μίσους

2231 2982 2379 3046 ἄξια.
2415 2983 2616 3036 Οὐκέτι
2646 2982 2775 3047 γοῦν
2803 2979 2904 3036 οἷοι
2933 2983 3198 3046 τοιούτοις
3233 2983 3482 3053 ἀντέχειν
3512 2984 3700 3052 ἐσμὲν,
3736 2983 3811 3052 μὴ

551 3072 934 3140 άπηχρείωσεν
959 3089 974 3104 ⁸
1009 3075 1158 3142 ἡμᾶς
1193 3075 1249 3126 δὲ
1278 3074 1370 3126 τοῦ
1407 3075 1576 3126 ὕπνου
1609 3073 1923 3136 έκπατάξας
1956 3072 2128 3143 ᾤχετο
2159 3093 2200 3150 ί)
2229 3075 2326 3129 καὶ
2352 3076 2554 3131 λάθωσι
2589 3079 3002 3146 καταφαγόντες
3043 3079 3212 3148 ἡμᾶς.
3248 3078 3357 3130 Kal
3385 3079 3503 3139 ταῖς
3534 3077 3634 3146 μὲν
3675 3094 3807 3128 στα-

557 3165 922 3232 μεταϐαίνων,
968 3167 1062 3218 καὶ
1106 3166 1443 3236 ὑποτρύλων,
1480 3165 1554 3228 ώς
1608 3161 1696 3217 οἷα
1744 3167 1976 3236 χαίρων,
2035 3165 2130 3219 καὶ

556 3258 766 3310 παιᾶνα
794 3257 1039 3326 μέλπων,
1064 3258 1150 3326 ἐφ’
1176 3252 1257 3319 οἷς
1289 3257 1479 3322 ἔπαιξε
1509 3257 1630 3309 καθ’
1665 3257 1845 3325 ἡμῶν,
1878 3257 2006 3312 ἄλλο
2033 3257 2132 3327 μὲν

509 3360 520 3366 ‘
553 3350 708 3402 οὐδὲν
742 3349 1084 3417 άπονάμενος
1116 3349 1211 3402 τοῦ
1247 3350 1462 3418 μακροῦ
1499 3349 1740 3418 πολέμου
1778 3350 1990 3403 καὶτοῦ
2021 3350 2132 3404 τῶν

555 3439 786 3492 ὀδόντων
815 3441 1088 3508 καμάτου,
1123 3438 1258 3492 αὐτὸ
1283 3438 1358 3502 δὲ,
1397 3440 1473 3502 ώς
1504 3439 1671 3501 ἔοικε,
1706 3438 1873 3505 τοῦθ’,
1903 3440 1987 3494 ὄτι
2026 3457 2132 3510 περ

557 3529 716 3601 ἡμῶν
745 3530 1166 3600 κατωρχήσατο.
1200 3530 1312 3584 Kal
1336 3530 1494 3584 τοῦτο
1523 3531 1623 3600 μὲν
1647 3531 1876 3584 τοιοῦτο.
1925 3531 2133 3585 Ἐκεῖνο

555 3623 612 3677 δὲ
670 3623 748 3694 μὴ
783 3625 878 3676 καὶ
935 3625 1050 3685 τοῖς
1091 3619 1399 3692 περιδόξοις
1451 3622 1731 3677 ἐντάττειν
1789 3622 2132 3690 ἀκούσμασιν

557 3713 670 3785 ἔχοι
702 3732 805 3777 τις.
831 3714 1114 3784 Κάλαμος,
1147 3712 1223 3775 ὡς
1244 3712 1324 3770 είς
1356 3711 1584 3782 όργυίας
1611 3712 1782 3781 μῆκος
1806 3715 1915 3775 τοῖς
1943 3715 2133 3784 ἄκροις

555 3806 858 3876 διεστηκώς
884 3824 898 3839 ο
937 3807 1017 3858 ἔτι
1046 3807 1102 3858 δὲ
1145 3806 1240 3858 καὶ
1278 3805 1432 3871 ξύλον
1467 3804 1525 3867 ἐξ
1567 3804 1817 3856 ἀκοντίου
1866 3803 2131 3876 θρωσθέν,

563 3899 933 3953 ίσοδιάστατον
981 3896 1062 3967 τῷ
1117 3896 1350 3965 καλάμῳ
1383 3896 1566 3964 τοίχου
1621 3895 1766 3957 τινὸς
1825 3894 1954 3964 παρ’
2000 3898 2133 3965 ἡμῖν

559 3989 884 4054 ἐξάπτοντος
918 3991 1162 4057 πλάγιαι
1205 3992 1232 4042 ό
1267 3987 1366 4056 μὲν
1400 3988 1648 4056 κάλαμος
1696 3987 2090 4058 ύπερκείμενος
2118 4003 2132 4018 ⁸

558 4079 620 4131 τὸ
653 4077 697 4130 δ’
729 4077 796 4130 αὖ
852 4077 1008 4140 ξύλον
1061 4076 1420 4146 ὑποκείμενον
1467 4075 1546 4146 τῷ
1604 4075 1841 4145 καλάμῳ
1875 4075 2048 4147 βραχύ
2080 4095 2132 4131 τι

563 4169 706 4223 κατά
732 4185 857 4222 τινα
890 4167 1120 4221 καθέτου
1156 4167 1398 4236 ίσότητα.
1428 4168 1646 4222 Τούτων
1675 4167 2008 4238 άπῃώρηντό
2042 4186 2134 4238 μοι

562 4260 702 4313 κατά
733 4260 902 4328 cum
943 4259 1188 4328 κείμενοι
1235 4257 1480 4327 βότρυες,
1526 4259 1586 4311 ού
1621 4260 1854 4329 μεγάλοι
1887 4261 2009 4328 μὲν,
2034 4261 2133 4313 άν-

560 4353 780 4405 τίπαλοι
821 4353 878 4406 δὲ
911 4352 1104 4422 χρόνου
1140 4354 1368 4420 τροπαῖς
1392 4363 1408 4380 ⁶
1439 4348 1562 4404 ούτε
1602 4351 1873 4422 εύρωτιᾷν
1906 4351 2130 4416 εἰδότες,

2237 3169 2428 3238 φυλαῖς
2455 3169 2628 3232 οὕτως
2648 3169 3167 3222 ὲπιϐεϐουλεύκασιν
3189 3169 3238 3221 οί
3271 3168 3453 3238 ἐχθροί
3479 3185 3491 3199 ’
3520 3170 3634 3229 τοῖς
3662 3167 3720 3220 δέ
3746 3184 3810 3235 γε

2237 3261 2522 3329 μεσπίλοις
2552 3261 2775 3314 τοσοῦτο
2807 3260 3086 3326 ἐπέθεντο,
3124 3260 3200 3324 ὡς
3240 3261 3441 3329 μηκέτι
3493 3260 3812 3328 παρεσθίειν

2234 3349 2435 3416 αὑτῶν,
2472 3350 2588 3403 ἀλλ’
2611 3351 2923 3422 ἀραμένους
2952 3353 3187 3420 ἀπάγειν
3211 3350 3309 3406 ὅλα
3336 3351 3474 3404 κατὰ
3499 3353 3627 3412 τοὺς
3651 3351 3813 3419 ἀχθο-

2236 3443 2426 3510 φορεῖν
2485 3441 2720 3507 δεξιοὺς,
2752 3445 2848 3496 καὶ
2898 3443 3245 3506 καθεκάστας
3290 3441 3504 3512 ἡμέρας
3543 3442 3688 3494 οὕτω
3721 3442 3810 3495 τον

2233 3533 2469 3603 ἀριθμὸν
2499 3536 2684 3599 αὐτοῖς
2721 3535 3102 3605 καθυφίεσθαι.
3135 3536 3261 3598 Τοῖς
3290 3535 3347 3586 δὲ
3391 3534 3678 3596 κυδωνίοις
3713 3534 3811 3603 μήο

2235 3628 2346 3689 λοις
2404 3627 2819 3696 ἐμφωλεύουσιν
2864 3629 2913 3680 οί
2957 3629 3226 3694 κάκιστοι,
3294 3625 3431 3696 πρὸς
3486 3626 3808 3687 καταδύσεις

2235 3718 2374 3771 αὐτὰ
2431 3718 2794 3788 σπηλαιώδεις
2847 3718 3233 3779 κοιλαίνοντες.
3300 3718 3430 3787 Ἔχε
3504 3719 3684 3770 τοίνυν
3742 3716 3808 3769 δι’

2233 3809 2484 3880 ἀνάγκην
2517 3811 2624 3880 πρὸ
2671 3809 2820 3880 ῶρας
2867 3810 2935 3863 τὰ
2967 3809 3054 3863 σά.
3089 3810 3199 3863 Καί
3250 3825 3341 3878 μοι
3383 3809 3494 3862 τῶν
3526 3808 3808 3862 καλανδῶν

2235 3901 2582 3971 προαπόλαυε
2614 3916 2628 3931 ο
2658 3902 2755 3955 καὶ
2783 3901 2970 3954 κακῶν
3001 3902 3148 3970 ἡμᾶς
3177 3901 3439 3953 τοιούτων
3468 3901 3806 3965 άπάλλαξο-ιο

2242 3994 2338 4044 καὶ
2373 3993 2550 4063 κῆρας
2583 3993 2680 4057 τὰς
2708 3991 2852 4046 οὕτω
2879 3992 3231 4063 πολυϐόρους,
3256 3991 3353 4056 τὰς
3382 3992 3806 4061 γαμψωνύχους,

2235 4082 2332 4145 τάς
2365 4081 2568 4152 μικροῦ
2619 4082 2728 4136 δεῖν
2777 4083 2917 4134 κατά
2951 4081 3053 4153 τὴν
3107 4083 3412 4152 παροιμίαν
3462 4082 3813 4151 ἀναρπαξάν-

2234 4176 2415 4246 ὄρους,
2448 4175 2755 4244 άπάμυνον.
2809 4174 3142 4244 Δεδοίκαμεν
3171 4173 3285 4238 οῦν,
3325 4177 3534 4245 μήποτε
3567 4175 3663 4227 τοῦ
3717 4193 3804 4227 me

2239 4265 2501 4334 θουμένου
2531 4264 2833 4334 στερέντες,
2864 4266 2996 4334 ἡμῖν
3029 4263 3212 4328 αὐτοῖς
3254 4267 3302 4318 οί
3342 4267 3473 4335 παρ’
3501 4266 3633 4334 ἡμῖν
3666 4266 3813 4318 οὗτοι

2239 4356 2528 4425 παμφάγοι
2588 4356 2754 4426 θῆρες
2804 4355 3288 4411 ἐπιϐουλεύσωσιν.
3343 4357 3565 4409 Ἔπεισι
3609 4356 3663 4409 δέ
3722 4374 3812 4425 μοι

562 4445 659 4498 καὶ
677 4445 813 4512 πρὸς
830 4444 1150 4514 πλαδασμδν
1165 4444 1328 4498 δέκα.)¹
1353 4446 1516 4516 σῆψιν
1535 4445 1841 4514 ἀντίμαχοι,
1861 4443 2134 4513 μέχρικαὶ
2166 4431 2213 4491 D
2240 4447 2466 4518 θαρρεῖν
2517 4447 2714 4512 άλλως,
2759 4448 2835 4510 ὠς
2869 4449 2977 4518 ἄρα
3030 4449 3094 4517 τῇ
3131 4447 3327 4520 κνίσσῃ
3381 4450 3811 4518 τεκμαιρόμενοι

563 4538 643 4601 εἰς
682 4538 782 4608 ἔαρ
817 4537 1220 4608 παραγγέλλειν
1256 4555 1345 4608 μοι
1365 4539 1710 4608 νομιζόμενοι
1731 4551 1743 4565 ·
1777 4533 1870 4599 οὓς
1900 4537 1934 4603 ἡ
1965 4536 2137 4606 δημο-

561 4628 688 4696 τικὴ
725 4628 952 4696 λεκτικὴ
995 4631 1446 4696 κρυσταλίνους
1493 4628 1763 4683 ἀποκαλεῖ
1788 4645 1802 4661 ο
1841 4629 1986 4698 τάχα
2037 4629 2136 4700 μὲν

560 4719 650 4773 διά
671 4717 732 4772 τδ
763 4720 820 4772 ἐν
844 4718 1000 4789 κρύει
1021 4721 1090 4772 τὰ
1109 4718 1278 4772 πολλὰ
1298 4719 1522 4782 τούτους
1543 4718 1869 4788 τρυγᾶσθαι,
1893 4720 2053 4789 τυχὸν
2079 4720 2136 4773 δὲ

565 4811 658 4864 καὶ
705 4810 792 4863 διὰ
819 4809 882 4863 τὸ
931 4809 1238 4878 καθαρείως
1284 4809 1430 4878 ἔχειν
1474 4809 1568 4862 τοῦ
1611 4811 1940 4879 φαινομένου
1997 4812 2138 4863 κατὰ

565 4903 873 4973 κρυστάλου
925 4903 1048 4956 τινὰ
1097 4901 1413 4972 ὁμοιότητα.
1474 4888 1697 4964 Τούτοις
1744 4901 2138 4964 ἐπιϐουλεύσας

565 4987 645 5056 εἷς
666 5010 773 5057 τις,
797 4993 897 5046 οὐκ
922 4989 1019 5046 οἶδ’
1048 4994 1196 5056 ὅπως
1222 4991 1512 5064 όρμητίας,
1542 4991 1574 5060 ἢ
1603 4991 1695 5044 καὶ
1725 4991 2135 5062 καταρράκτης,

563 5087 659 5140 καὶ
693 5084 899 5140 ἄνωθεν
946 5085 1275 5156 καταπηδῶν
1320 5086 1401 5148 είς
1450 5083 1671 5147 αὐτοὺς,
1706 5084 1775 5135 τὰ
1821 5083 1917 5151 μὲν
1947 5083 2138 5152 πρῶτα

568 5177 818 5251 περιϊὼν,
852 5177 951 5241 τάς
983 5178 1269 5246 κρείττους
1317 5177 1426 5230 τῶν
1465 5176 1648 5247 ῥαγῶν
1685 5174 2005 5242 άπελέγετο,
2039 5176 2137 5237 τὰς

570 5274 669 5342 μὲν
705 5271 832 5335 ὅλας
861 5267 1225 5340 ἁποτρὼγων,
1260 5267 1369 5320 τῶν
1399 5267 1454 5319 δὲ
1493 5266 1588 5319 καὶ
1628 5264 1963 5330 άπεκμυζῶν
1994 5263 2138 5315 ἆπχν

565 5363 626 5415 τὸ
665 5361 939 5429 νόστιμον,
970 5358 1070 5422 τάς
1098 5357 1156 5412 δὲ
1183 5357 1275 5409 καὶ
1308 5355 1480 5418 άλλως
1508 5356 1625 5416 ταῖς
1658 5354 1768 5406 τῶν
1795 5353 2019 5405 όδῦντων
2045 5351 2137 5420 θῆ-

567 5454 715 5520 ξεσιν
743 5451 1002 5520 άχρειῶν.
1039 5450 1150 5504 Kal
1181 5446 1351 5502 ταῦτα
1390 5446 1487 5516 μὲν
1511 5447 1576 5498 τὰ
1614 5444 1829 5515 πρῶτα.
1861 5444 1939 5496 Ta
1981 5443 2024 5495 δ’
2051 5444 2139 5496 Ev-

565 5542 758 5598 τεῦθεν
789 5541 852 5595 τὸ
885 5539 1123 5612 πονηρὸν
1153 5541 1332 5594 ἐκεῖνο
1360 5537 1549 5607 θηρίον
1573 5535 1756 5588 οὐκέτι
1786 5535 1928 5586 κατὰ
1963 5534 2138 5604 ράγας

568 5633 680 5684 δεῖν
704 5632 902 5699 διέγνω
935 5630 1030 5684 τοῦ
1059 5629 1226 5683 καλοῦ
1252 5624 1682 5697 ἀποδρέπεσθαι,
1720 5621 1834 5674 ἀλλ’
1858 5621 1978 5673 ὅλον
2003 5623 2140 5689 άπε-

575 5721 908 5788 νεγκάμενον
959 5720 1201 5792 οἴχεσθαι
1254 5720 1346 5775 τὸν
1377 5717 1611 5788 καρπον,
1645 5713 1735 5767 διά
1778 5730 1834 5765 τε
1879 5713 1940 5765 τὸ
1981 5713 2137 5780 φύσει

2242 4538 2362 4591 κατ’
2396 4537 2540 4607 ῖχνος
2567 4537 2914 4607 φιλουμέναις
2944 4537 3189 4608 ὀπώραις
3214 4538 3529 4607 ἐφέψονται,
3565 4539 3664 4592 καὶ
3692 4541 3813 4608 iisi-

2243 4628 2424 4693 ξονται
2469 4631 2624 4699 παρὰ
2658 4629 2718 4682 σέ
2743 4645 2758 4661 ’
2793 4630 2886 4681 καὶ
2943 4629 3135 4696 μάθοις
3167 4629 3234 4682 ἂν
3277 4631 3584 4697 τηνικαῦτα
3631 4631 3811 4701 ἔργοις

2242 4719 2445 4784 αὐτοῖς,
2482 4714 2570 4771 οἶα
2601 4719 2669 4771 τὰ
2699 4717 2799 4788 τῆς
2831 4717 3012 4788 μάχης
3040 4719 3174 4788 ἡμῖν
3198 4735 3212 4750 ⁸
3243 4720 3306 4772 ού
3357 4721 3494 4789 πρὸς
3523 4723 3809 4789 γεράνους,

2242 4809 2317 4872 ὡς
2347 4809 2412 4862 ἂν
2443 4809 2600 4877 ἡμῶν
2630 4808 2791 4872 αὐτὸς
2825 4809 3223 4875 καταπαίξειας
3242 4827 3257 4842 ·
3289 4811 3424 4863 ἀλλὰ
3454 4813 3692 4881 στρατὸν
3720 4795 3837 4882 γηοΞ

2243 4899 2397 4969 γενῆ,
2433 4894 2493 4953 οὗ
2521 4899 2906 4970 περιγενέσθαι
2938 4899 3080 4968 μέγα
3104 4899 3283 4970 ἔργον,
3316 4902 3408 4954 καὶ
3453 4897 3572 4954 οἷον
3603 4905 3812 4972 ίστορίᾳ

2243 4991 2485 5062 δοθῆναι,
2515 4992 2611 5044 καὶ
2636 4991 2816 5060 λόγοις
2863 4992 3228 5062 συγγραφέων
3261 4991 3650 5061 σεμνύνεσθαι,
3686 4998 3739 5046 εἴ
3763 5009 3810 5046 τι

2243 5083 2577 5152 προσεκτέον
2603 5081 2681 5152 τῷ
2717 5082 2883 5135 πάλαι
2933 5082 3096 5152 λόγῳ,
3131 5082 3188 5146 ὃς
3235 5085 3363 5153 περὶ
3413 5084 3512 5153 τὴν
3565 5086 3806 5155 Χρύσαν.

2244 5173 2491 5242 Τρωϊκὸν
2517 5172 2575 5226 δὲ
2608 5169 2674 5243 ἦν
2715 5173 2805 5226 ὅτε
2837 5171 2978 5243 αὕτη
3020 5174 3292 5243 πολίχνιον
3339 5174 3588 5243 ίδρύσθαι
3627 5178 3809 5240 ξόανον

2242 5259 2413 5327 λέγει,
2446 5263 2540 5313 καὶ
2576 5261 2823 5331 ’σμίνθον
2875 5261 3020 5331 ἔχειν
3069 5265 3182 5326 τοῖς
3241 5263 3398 5316 ποσὶν
3435 5265 3806 5335 ἐπικείμενον.

2247 5351 2404 5404 Ἔστι
2433 5352 2490 5404 δὲ
2525 5351 2636 5422 ἄρα
2664 5353 2691 5404 6
2720 5353 2817 5418 μὲν
2844 5352 3109 5422 Σμινθεῦς
3139 5353 3219 5415 είς
3249 5353 3344 5406 νῦν
3383 5354 3809 5424 μεταλαμϐόμε-

2241 5459 2330 5504 νος
2359 5442 2500 5494 κατὰ
2521 5442 2776 5510 γλῶτταν,
2795 5442 3060 5514 ἐγχώριον
3086 5459 3099 5472 ·
3133 5446 3161 5497 ό
3189 5443 3242 5496 δέ
3278 5461 3342 5511 γε
3374 5447 3566 5500 πατῶν
3600 5447 3688 5500 ἐπ’
3714 5448 3802 5501 αύο

2241 5531 2332 5585 τὸν
2373 5532 2648 5586 Ἀπόλλων
2697 5535 2914 5604 σεμνὸς,
2949 5537 3030 5588 ὅτι
3055 5519 3288 5588 ’τοιοῦτο
3322 5537 3511 5606 θηρίον
3563 5541 3804 5605 ἐνίκησε.

2243 5623 2354 5675 Kal
2412 5624 2511 5676 οὐκ
2551 5624 2934 5694 ἐπαισχύνεται
2966 5625 3064 5696 τὴν
3111 5625 3289 5694 νίκην,
3326 5626 3463 5682 ἀλλὰ
3509 5628 3604 5680 καὶ
3633 5627 3811 5694 χαίρει

2245 5713 2506 5780 Σμινθεὺς
2543 5715 2790 5768 ἐντεῦθεν
2821 5715 3173 5785 καλούμενος.
