4032 6214
355 310 487 379 1257

1096 432 1171 485 Z'.
1712 469 1719 473 -

423 517 509 585 Τῷ
534 516 714 584 αὐτῷ.
737 519 847 582 Τὰς
870 519 965 574 νῦν
988 521 1302 588 καλάνδας
1330 520 1770 591 πανηγυρίζουσι
1793 518 1927 573 πάν-

347 630 461 679 τες,
503 608 586 676 οἷς
632 614 703 668 τὰ
762 613 1053 684 Ῥωμαίων
1094 614 1484 684 πρεσϐεύεται,
1535 614 1629 667 καὶ⁵
1688 612 1800 667 τῶν
1845 613 1925 674 εἰς

348 705 631 777 χαρμονὴν
672 705 1039 760 συντελουσὼν
1064 706 1291 777 ἡμερῶν
1342 708 1463 770 ταῖς
1508 706 1799 777 μεγίσταις
1828 706 1926 771 ἐγ-

352 799 599 867 κρίνουσι
627 810 644 830 ·
672 796 767 851 καὶ
796 798 895 850 οὐκ
929 795 1041 850 ἔσθ’
1070 797 1129 862 δς
1174 797 1348 861 αὐτὰς
1383 798 1483 851 ούκ
1513 797 1638 866 ἄγει
1666 796 1929 867 γλυκεῖαν

350 888 564 961 ἑορτὴν,
606 890 654 943 εί
685 889 760 960 μὴ
793 888 1042 959 βούλεται
1068 890 1165 944 καὶ
1198 890 1360 952 αὐτὸς
1397 890 1620 961 ἥδυσμά
1663 904 1718 941 τι
1747 903 1931 957 παραο

350 982 568 1036 κεῖσθαι
600 982 666 1052 τῇ
703 978 1035 1054 πανηγύρει,
1066 982 1163 1037 καὶ
1210 982 1276 1053 τῇ
1312 980 1422 1035 τῶν
1460 980 1773 1051 ἐορταστῶν
1810 980 1926 1033 ίλα-

354 1075 541 1145 ρότητι
591 1073 935 1146 παραρτύειν
968 1075 1060 1129 τὸν
1087 1073 1304 1143 γέλωτα
1328 1089 1344 1105 ·
1380 1073 1543 1138 αὐτὸς
1584 1071 1686 1143 μὲν
1723 1088 1928 1142 σεμνυ-

350 1170 581 1240 νόμενος
606 1167 702 1221 καὶ
738 1148 992 1236 συνάγων
1025 1169 1107 1231 είς
1136 1166 1575 1238 σκυθρωπότητα
1600 1167 1698 1229 τὰς
1729 1164 1924 1234 ὀφρῦς,

349 1264 461 1323 τοῖς
493 1260 550 1313 δὲ
580 1260 883 1330 θεωμένοις
916 1260 1061 1314 καθά
1098 1278 1201 1313 που
1247 1260 1485 1323 καὶτοῖς
1516 1259 1745 1330 Ἕλλησι
1791 1258 1926 1327 Θερ-

351 1354 503 1422 σίτης
554 1353 685 1405 ποτὲ
722 1353 932 1407 πλατὺν
978 1353 1294 1422 ὑπανοίγων
1328 1352 1422 1405 τὸν
1470 1351 1819 1421 καγχασμὸν,
1849 1351 1927 1413 ὡς

350 1446 405 1498 ἐν
431 1445 603 1514 θιάσῳ
638 1446 792 1515 μέσῳ
820 1446 1155 1517 χορευόντων
1189 1445 1532 1516 χαρμόσυνα,
1558 1443 1927 1498 ἐπίκλαυστον

350 1538 491 1609 ᾅδων
521 1537 701 1601 αὐτὸς,
744 1538 819 1600 ὠς
861 1538 1249 1609 ἀνεόρταστος,
1275 1537 1351 1600 ὡς
1379 1536 1679 1608 ἀνέραστος
1705 1534 1799 1589 τοῦ
1826 1552 1929 1590 κα-

348 1631 463 1693 λοῦ,
496 1630 573 1694 ὡς
602 1630 868 1702 ἄντικρυς
896 1633 1259 1702 ἀχαρίτωτος,
1291 1631 1504 1700 πέτρας
1533 1630 1688 1704 (εἴπῃ
1719 1646 1804 1694 τις
1834 1628 1925 1696 ἂν)

1136 309 1557 375 EUSTATHII
1598 303 2047 370 THESSALON
2060 302 2359 366 [f‘ENSIS
2381 304 2799 371 EPISTOL/E.

3478 309 3614 375 1258

1955 424 2133 495 Δτῆς
2172 426 2431 496 χάριτος,
2485 428 2601 481 εἴτε
2672 428 2780 499 μὴν
2838 428 3208 500 ἀντιχάριτος·
3238 431 3405 500 ἡμεῖς
3452 432 3506 485 δὲ
3559 432 3611 486 οἱ

2032 517 2222 587 λόγου,
2249 519 2299 572 εί
2354 519 2430 590 μὴ
2464 520 2540 592 τῷ
2572 520 2688 575 δντι
2727 522 3140 592 θεραπευτικοὶ,
3170 524 3504 595 θεράποντες
3558 524 3615 579 δέ

2029 611 2202 679 ὅμως,
2230 611 2373 681 τάχα
2417 617 2475 665 δε
2506 614 2603 667 καὶ
2626 616 2858 685 ὀτρηροὶ
2902 616 3002 687 τὴν
3030 618 3218 685 τιμίαν
3259 635 3317 671 σε
3369 618 3614 689 κεφαλὴν

2029 704 2126 754 καὶ
2160 702 2257 756 τοῦ
2296 704 2499 769 παντὸς
2534 704 2695 771 ἀξίαν
2725 706 2803 776 τῷ
2825 709 2960 779 παρ’
2991 711 3124 780 ἡμῖν
3155 711 3324 781 τιμίῳ
3354 710 3615 778 δεξιωσό-

2032 794 2173 865 μεθα
2223 795 2388 866 λόγῳ,
2442 797 2733 863 συνθέντες
2790 802 2982 856 τοῦτον
3034 804 3143 857 ἔσω
3193 805 3460 858 πίπτοντα
3511 805 3609 858 τοῦ

2029 886 2225 957 καιροῦ
2246 902 2262 920 ·
2293 886 2490 942 οῦκουν
2518 891 2659 945 κατὰ
2697 892 2789 946 τὸν
2821 894 3108 965 σοφιστὴν,
3144 897 3202 949 ὃν
3242 898 3271 949 ὁ
3309 897 3467 966 λόγος
3499 899 3612 953 ἄνω

2031 995 2113 1033 σοι
2143 981 2548 1051 παρεστήσατο.
2590 984 2693 1037 Ἢν
2733 985 2842 1055 γὰρ
2880 989 3088 1050 ἐκεῖνος
3123 989 3375 1043 ἐϐάδισεν
3400 1030 3414 1054 ,
3448 990 3614 1054 αὐτὸς

2029 1072 2232 1141 τεμὼν,
2265 1073 2452 1145 ἔτριψε
2490 1077 2672 1145 μόνος.
2705 1079 2767 1132 Οί
2796 1079 2842 1132 δ’
2883 1080 3035 1135 ἄλλοι
3082 1082 3226 1135 δοκῶ
3276 1100 3367 1152 μοι
3417 1083 3485 1137 ἂν
3515 1084 3617 1153 τὴν

2028 1168 2286 1239 τοιαύτην
2334 1169 2642 1241 ὀκνήσωσιν
2671 1173 2959 1244 ἀτραπόν·
2992 1175 3053 1228 ού
3103 1177 3214 1246 γὰρ
3262 1178 3418 1231 ἐσται
3459 1180 3614 1247 σφίσι

2030 1266 2150 1313 κατ’
2184 1259 2331 1331 ἴχνος
2387 1263 2599 1334 βαίνειν
2629 1264 2724 1319 τοῦ
2758 1267 3013 1337 ῥήτορος.
3075 1268 3371 1340 Γράφομεν
3396 1270 3453 1324 δέ
3485 1272 3611 1325 κατ’

2030 1352 2219 1421 ἔφοδον
2249 1355 2437 1428 ἄλλην,
2473 1358 2541 1412 δι’
2571 1352 2642 1430 ἧς
2672 1360 2741 1413 τὰ
2786 1362 2885 1431 τῆς
2924 1362 3072 1433 ὧρας
3106 1364 3206 1417 ούκ
3238 1365 3613 1437 ἐκφράσομεν,

2030 1446 2167 1501 ἀλλά
2196 1449 2506 1519 φράσομεν,
2544 1452 2659 1515 τοῖς
2693 1452 2907 1507 ἑαυτῶν
2935 1454 3036 1526 τὴν
3066 1456 3286 1527 ἡμέραν
3317 1458 3613 1528 σεμνύνον-

2030 1554 2143 1603 τες,
2171 1538 2369 1611 καὶτῷ
2398 1544 2528 1613 περὶ
2556 1544 2882 1600 καλανδῶν
2916 1546 3062 1618 λόγῳ
3095 1548 3467 1619 ἐξοσιούμενοι
3513 1551 3615 1619 τὴν

2030 1631 2155 1684 κατ’
2196 1631 2412 1697 ἐκείνας
2456 1636 2794 1708 πανήγυριν.
2846 1639 3045 1694 Ἔσται
3086 1640 3143 1693 δέ
3196 1658 3279 1696 σοι
3309 1641 3613 1697 κὰντεῦθέν

347 1722 700 1796 ἀ[γ]ελάστου
731 1725 876 1778 κατά
898 1724 995 1793 τὴν
1018 1724 1323 1795 παροιμίαν
1348 1723 1673 1794 ἀπόκομμα.
1694 1724 1925 1790 ’Δγουσι
1962 1730 2004 1790 Β
2031 1737 2086 1775 τι
2134 1721 2310 1794 βραχὺ
2360 1727 2776 1799 προσωφέλημα
2796 1745 2811 1761 ·
2843 1730 2948 1784 κᾶν
3001 1732 3050 1785 εἰ
3100 1734 3195 1787 καὶ
3247 1734 3413 1803 μηδὲν
3466 1733 3615 1801 ἄλλο,

352 1818 452 1886 μὲν
482 1816 575 1869 οῦν
601 1815 703 1879 τάς
731 1815 1046 1883 καλάνδας
1078 1817 1138 1870 ἐν
1185 1816 1331 1886 λόγῳ
1361 1817 1730 1886 πανηγύρεως
1756 1813 1931 1870 ἃπαν-

347 1924 476 1972 τες·
509 1908 704 1976 ἄγουσι
731 1907 789 1962 δέ
830 1907 967 1963 ἄλλα
1014 1907 1189 1971 ἄλλοι,
1222 1909 1300 1972 ὼς
1328 1907 1576 1971 ,ἕκαστος
1607 1904 1749 1960 οἶδεν
1783 1905 1930 1977 ἔχειν

353 2000 387 2071 ἢ
426 1998 523 2053 τοῦ
559 1999 867 2070 βούλεσθαι,
897 1999 930 2071 ἢ
962 1998 1057 2053 τοῦ
1078 1999 1365 2054 δύνασθαι.
1396 2000 1507 2052 Καὶ
1536 1998 1723 2054 ὁποῖόν
1750 2015 1804 2051 τι
1834 1998 1931 2052 καὶ⁵

351 2092 538 2162 ἡλίκον
570 2094 691 2155 ταῖς
720 2091 1056 2160 καλάνδαις
1084 2094 1229 2147 κατά
1254 2092 1364 2146 τῶν
1390 2090 1569 2146 ἄλλων
1598 2090 1825 2162 ἡμερῶν
1868 2090 1932 2143 τὸ

353 2183 645 2253 ἐκνίκημα,
679 2185 709 2237 ό
741 2183 912 2253 Σῦρος
939 2183 1054 2253 εχει
1074 2182 1432 2253 παραστῆσαι
1460 2198 1543 2235 σοι
1572 2180 1852 2250 σοφιστὴς,
1885 2172 1932 2248 ᾧ

352 2276 455 2345 τὴν
479 2274 676 2343 κλῆσιν
702 2274 1041 2328 ἐπέπνευσεν
1065 2275 1093 2328 ό
1126 2274 1442 2345 πυρίπνους
1469 2272 1737 2341 ἐγχώριος
1765 2270 1933 2326 Λίϐα·

355 2384 468 2432 νος,
509 2369 538 2421 ὁ
565 2369 665 2436 τῆς
697 2367 808 2420 τῶν
855 2367 1049 2436 Σύρων
1089 2367 1191 2436 γῆς
1229 2364 1599 2435 ὑπερτέλλων,
1633 2365 1731 2419 καὶ
1781 2364 1935 2420 κάτω

354 2478 461 2514 που
492 2459 706 2513 κεῖσθαι
741 2457 913 2529 αὐτὴν
944 2460 1002 2512 ἐν
1033 2456 1199 2529 κοίλῳ
1224 2458 1405 2526 ἀφείς.
1450 2456 1615 2511 ’Λλλά
1643 2456 1695 2511 τί
1729 2472 1812 2510 σοι
1838 2472 1935 2509 πε-

359 2550 640 2623 ριπλέκειν
678 2551 823 2605 δοκῶ
858 2550 1218 2620 περιφράζων
1243 2550 1338 2604 τδν
1369 2550 1599 2621 ῥήτορα,
1645 2550 1743 2604 καὶ
1773 2566 1933 2619 σοφι-

359 2642 558 2706 στικῶς
586 2641 686 2713 τὴν
716 2641 812 2696 τοῦ
843 2642 1110 2711 ὀνόματος
1143 2641 1509 2712 παρωνυμίαν
1558 2638 1937 2712 μεταχειριζό-

362 2751 523 2803 μενος
549 2750 566 2801 ;
598 2734 694 2789 καὶ
720 2734 842 2798 πῶς
868 2733 1176 2806 παρασύρω
1204 2734 1294 2788 τὸν
1310 2733 1480 2804 ἄνδρα
1509 2733 1587 2803 τῷ
1613 2732 1833 2803 Λιϐάνῳ
1856 2730 1935 2802 τῷ

356 2824 498 2895 ὄρει,
528 2824 624 2878 καὶ
669 2824 770 2879 οὐκ
798 2824 982 2894 ἐξάγω
1010 2824 1113 2895 τῆς
1166 2823 1397 2896 λόχμης,
1424 2824 1521 2878 καί
1563 2841 1644 2878 σοι
1681 2822 1935 2895 παριστῶ

358 2917 452 2971 τὸν
478 2916 652 2971 δεινὸν
674 2917 937 2987 σοφιστὴν
959 2916 1052 2970 τὸν
1078 2915 1339 2971 Λιϐάνιον
1366 2933 1381 2984 ;
1408 2916 1613 2987 Φράζει
1638 2917 1769 2985 γοῦν
1794 2918 1937 2970 ἐκεῖ·

359 3027 471 3077 νος,
515 3009 575 3063 εῦ
614 3010 761 3079 μάλα
810 3010 953 3064 κατά
998 3009 1198 3080 τέχνην
1245 3010 1707 3081 περιηγούμενος,
1756 3008 1931 3062 ὁπόσα

358 3103 465 3156 τῶν
495 3102 676 3157 καλῶν
700 3101 1060 3156 τελοῦνταιπε
1071 3102 1123 3171 ρὶ
1145 3101 1338 3166 αὐτὰς,
1364 3102 1492 3164 τοὺς
1540 3102 1792 3172 κρότους,
1808 3101 1935 3167 τοὺς

360 3194 585 3265 ὕμνους,
641 3195 765 3258 τοὺς
818 3197 1076 3259 παιᾶνας,
1112 3194 1182 3247 τὰ
1224 3193 1397 3264 δῶρα,
1442 3194 1617 3248 τᾶλλα
1647 3195 1747 3264 τῆς
1795 3194 1909 3264 ήμέ

363 3304 463 3357 ρας
515 3286 722 3355 ἀγαθά,
754 3287 792 3341 ἃ
851 3287 1026 3357 στόμα
1085 3287 1345 3341 Λιϐανίου
1398 3287 1661 3358 τεχνικῶς
1706 3287 1937 3356 διαμασ-

362 3378 676 3447 σησάμενον
722 3377 911 3431 ἐλέανέ
941 3394 1002 3431 τε
1052 3379 1149 3432 καὶ
1175 3378 1386 3449 τροφὴν
1421 3377 1636 3431 ἐνέθετο
1664 3378 1777 3440 τοῖς
1806 3394 1938 3447 προ-

359 3468 707 3539 τελουμένοις
759 3469 841 3523 ἔτι
871 3469 967 3523 καί⁵
998 3468 1535 3540 βρεφοκομουμένοις
1578 3465 1691 3523 οἷον
1739 3468 1808 3522 τὰ
1856 3472 1938 3531 είς

362 3560 688 3632 ῥητορικήν.
729 3562 827 3615 Ἐν
851 3563 915 3632 δή
945 3580 997 3616 τι
1020 3562 1129 3615 τῶν
1156 3561 1256 3632 τῆς
1284 3562 1497 3633 ἡμέρας
1522 3563 1729 3632 ταύτης
1759 3561 1939 3614 καλῶν

361 3653 458 3705 καὶ
487 3651 551 3704 τὸ
580 3651 876 3722 δωρεῖσθαι
911 3654 1004 3706 καὶ
1031 3651 1287 3723 ἀλλήλοις
1313 3670 1367 3706 τι
1397 3652 1693 3717 συντελεῖν,
1720 3653 1781 3705 ού
1809 3653 1939 3717 τοὺς

360 3744 560 3808 αὐτοὺς
583 3746 698 3808 τοῖς
732 3745 919 3808 αὐτοῖς
943 3745 1328 3815 (συνάλλαγμα
1352 3744 1465 3814 γὰρ
1494 3744 1655 3797 τοῦτο
1689 3742 1939 3797 τοιοῦτον

362 3836 462 3889 οὐκ
491 3833 733 3903 εὐγενὲς,
768 3835 966 3904 φρενὸς
1001 3833 1304 3903 κερδαλέας
1350 3837 1628 3903 τέχνασμα
1658 3850 1677 3867 ο
1711 3835 1939 3902 κέρδους

362 3927 625 3996 ἀγεννοῦς
643 3926 992 3996 ἐμπὸρευμα,
1007 3924 1185 3995 ψυχῆς
1206 3924 1269 3977 οὐ
1290 3925 1479 3992 φιλικά
1502 3923 1808 3995 φρονούσης
1839 3926 1861 3977 ἐ
1871 3940 1937 3993 μ-

364 4020 630 4091 πόλημα),
662 4018 777 4072 ἀλλ’
805 4016 998 4089 ἄλλους
1021 4018 1201 4081 ἄλλοις
1230 4032 1244 4047 ·
1279 4017 1375 4069 καὶ
1415 4018 1625 4081 πάντας
1649 4018 1901 4087 ἀλλήλοις
1918 4056 1935 4081 ,

363 4112 522 4167 ἄλλον
561 4110 691 4165 ἄλλο
719 4128 774 4164 τι
820 4109 1164 4181 χαρίζεσθαι·
1190 4109 1264 4171 ὡς
1292 4108 1407 4162 ἔστι
1443 4108 1544 4178 μὲν
1568 4102 1631 4162 οῦ
1658 4109 1756 4180 τὴν
1778 4109 1939 4180 χάριν

363 4203 767 4272 ἀνακάμπτειν,
795 4202 889 4255 καὶ
920 4201 1057 4269 πρὸς
1084 4199 1182 4267 τὴν
1204 4199 1558 4269 κατάρξασαν
1580 4200 1936 4268 στρέφεσθαι·

363 4290 477 4349 ἐστι
509 4295 555 4348 δ’
578 4295 667 4350 ὅτε
698 4298 792 4347 καὶ
813 4291 1198 4363 εύθυωροῦσαν
1226 4292 1545 4362 προϐαίνειν
1568 4291 1692 4345 κατ’
1720 4291 1939 4345 εὐθεῖαν

1958 3060 2005 3124 C

2032 1814 2149 1868 ἀλλ’
2189 1816 2272 1870 ὅτι
2301 1833 2433 1888 περ,
2473 1819 2508 1873 ἃ
2538 1819 2755 1886 πολλοῖς
2790 1821 3033 1891 ἐδαφίοις
3075 1823 3276 1893 βίϐλων
3306 1825 3621 1894 κατέσπαρ-

2032 1922 2149 1973 ται,
2173 1908 2340 1978 ἠμεῖς
2376 1909 2809 1981 ἀποτεμόμενοι,
2846 1914 3107 1986 καθάπερ
3138 1916 3278 1988 ἀδρά
3298 1933 3421 1971 τινα
3452 1918 3621 1987 δράγ-

2035 2013 2207 2066 ματα,
2234 1998 2311 2062 ὡς
2339 2000 2424 2063 είς
2446 2000 2668 2070 εὐρεῖαν
2696 2004 2936 2075 πανδεχῆ
2966 2004 3133 2060 καλοῦ
3164 2008 3367 2071 παντὸς
3386 2009 3618 2074 αὔλακα,

2033 2088 2132 2160 τὴν
2186 2090 2287 2160 σὴν
2344 2091 2633 2161 φιλολόγον
2707 2094 2891 2167 ψυχὴν
2943 2097 3202 2168 φέροντες
3255 2094 3619 2169 ἐντιθέαμεν,

2035 2179 2195 2251 Θέρος
2256 2198 2342 2235 σοι
2394 2182 2554 2237 τοῦτο
2614 2187 2991 2255 σχεδιάζοντες
3043 2188 3305 2260 εὔδαιμον
3359 2193 3421 2246 ἐν
3474 2194 3616 2267 μέσῃ

2034 2272 2306 2342 χειμῶνος
2334 2271 2475 2344 ὥρᾳ·
2509 2274 2538 2328 δ
2575 2275 2640 2328 σὺ
2674 2277 2796 2347 τάχ’
2823 2277 2891 2332 ἂν
2928 2280 3026 2334 καὶ
3079 2282 3158 2346 είς
3192 2282 3431 2353 χρυσοῦν
3460 2284 3620 2356 θέρος

2036 2362 2324 2435 ἐγγράψας
2356 2365 2654 2431 εἰκάσειας·
2698 2370 2798 2438 ούχ
2844 2370 2925 2424 ὅτι
2959 2371 3193 2440 τοιοῦτο,
3226 2374 3347 2428 ἀλλ’
3394 2375 3476 2430 ὅτι
3513 2395 3620 2446 περ

2035 2456 2180 2510 οῦτω
2232 2474 2319 2511 σοι
2361 2457 2761 2513 ταλαντεύεται
2816 2461 2886 2514 τὰ
2926 2462 3210 2534 ἡμέτερα,
3263 2467 3358 2520 καὶ
3396 2470 3620 2539 τιμᾶται

2024 2545 2258 2611 πολλοῦ.
2307 2546 2557 2617 Λέγομεν
2607 2544 2703 2603 οὖν
2757 2549 2913 2605 ἔνθεν
2940 2552 3176 2618 ἑλόντες,
3229 2553 3349 2627 [ὡς]
3393 2557 3494 2612 ούκ
3539 2561 3620 2623 είς

2036 2637 2134 2691 ἕνα
2180 2637 2301 2693 τινὰ
2340 2639 2534 2710 καιρὸν
2573 2639 2643 2694 τὸ
2682 2640 2791 2710 τῆς
2836 2643 3149 2713 καλάνδης
3179 2646 3384 2715 ἀγαθὸν
3434 2666 3619 2703 στενο-

2037 2728 2384 2799 χωρούμενον
2417 2733 2850 2803 περιγράφεται·
2883 2738 3369 2808 συνεπιμερίζεται
3419 2740 3476 2794 δὲ
3505 2744 3621 2806 τοῖς

2036 2818 2243 2875 δώδεκα
2275 2821 2534 2892 μεγάλοις
2563 2824 2754 2893 τμήσα
2769 2841 2822 2878 σι
2857 2824 2953 2878 τοῦ
3001 2827 3274 2891 ἐνιαυτοῦ,
3300 2829 3337 2883 ἃ
3369 2830 3621 2901 κινούμε-

2038 2926 2125 2973 νος
2154 2911 2306 2981 ἥλιος
2350 2913 2447 2967 καὶ
2502 2914 2861 2985 παρελαύνων
2909 2917 2971 2970 τὸ
3007 2915 3103 2970 τοῦ
3152 2917 3425 2982 ζωδιακοῦ
3461 2921 3619 2987 λοξοῦ

2037 3001 2239 3055 κύκλου
2298 3004 2779 3077 δωδεκατημόριον
2832 3007 3066 3062 ἕκαστον
3117 3011 3345 3080 τέμνει·
3383 3011 3479 3065 καὶ
3528 3013 3621 3065 τὸν

2039 3092 2287 3148 ἐνιαυτοῦ
2329 3096 2595 3166 στέφανον
2622 3096 2766 3152 οὓτω
2799 3099 3083 3169 περιάγων
3110 3142 3126 3165 ,
3161 3102 3364 3171 γράφει
3402 3104 3495 3158 τὸν
3525 3104 3622 3158 κύ-

2039 3184 2167 3238 κλον
2205 3185 2449 3258 ὁλοτελῆ·
2479 3188 2577 3241 καὶ
2624 3191 2748 3243 ὅσαι
2788 3191 3077 3260 νεομηνίαι
3107 3193 3615 3263 ὑπανακύπτουσιν,

2039 3278 2218 3349 ἀρχάς
2251 3279 2556 3334 ἐνδιδοῦσαι
2601 3280 2697 3334 τοῦ
2752 3283 3023 3352 χρονικῶς
3066 3284 3285 3355 τρέχειν
3334 3288 3455 3351 ταῖς
3495 3288 3625 3356 ἐφε-

2040 3369 2159 3439 ξῆς,
2209 3370 2474 3427 τοσαῦται
2521 3374 2617 3427 καί¹
2646 3375 2945 3429 καλάνδαι
2978 3380 3460 3445 συνεκπίπτουσιν,
3493 3381 3624 3435 ἐκά-

2042 3480 2172 3517 στου
2204 3466 2314 3517 τῶν
2356 3466 2545 3535 μηνῶν
2576 3468 3041 3538 προεξάρχουσαι.
3082 3470 3192 3524 Καὶ
3238 3472 3380 3541 τάχα
3411 3474 3496 3536 είς
3523 3490 3623 3525 πο-

2040 3554 2358 3624 λυωνυμίαν
2412 3556 2475 3608 τὸ
2525 3554 2633 3608 τῶν
2690 3556 2892 3621 λέξεων
2921 3560 3115 3629 χρῆμα
3165 3562 3500 3630 συνάγεται·
3530 3565 3625 3618 καὶ

2041 3647 2158 3701 ἐστι
2182 3648 2382 3701 ταυτὸν
2403 3641 2482 3711 είς
2509 3648 2837 3718 πράγματος
2863 3651 3050 3718 φύσιν,
3082 3654 3392 3720 καλάνδας
3428 3673 3494 3708 τε
3528 3657 3625 3709 καὶ

2040 3739 2376 3808 νουμηνίας
2409 3739 2447 3809 ἢ
2481 3741 2826 3809 ἱερομηνίας
2858 3743 3059 3795 εἰπεῖν·
3084 3744 3274 3815 ὥσπερ
3297 3745 3360 3815 δή
3401 3764 3502 3799 που
3526 3748 3623 3800 καὶ

2040 3832 2325 3887 ἐνιαυτὸν
2350 3835 2443 3886 καὶ
2473 3834 2630 3899 ἔτος,
2666 3834 2769 3903 ήδη
2810 3833 2866 3887 δέ
2896 3836 2990 3887 καὶ
3020 3836 3263 3903 χρόνον,
3296 3836 3371 3899 ὡς
3406 3839 3438 3907 ἡ
3471 3838 3624 3892 κάτω

2041 3925 2272 3994 κειμένη
2315 3924 2409 3977 καὶ
2438 3923 2671 3976 ταπεινά
2691 3924 3041 3996 φθεγγομένη
3082 3925 3366 3991 διάλεκτος
3388 3931 3457 3983 ἂν
3491 3931 3626 3983 ὐπο-

2042 4012 2376 4085 φθέγξηται.
2406 4013 2518 4084 Οὐχ
2547 4013 2912 4068 ύποπέπτωκε
2945 4016 3002 4068 δὲ
3024 4016 3249 4089 τοιαύτη
3284 4019 3429 4084 λέξις
3448 4021 3615 4091 ἀρχῇ,

2041 4102 2151 4155 οὐδ’
2180 4103 2295 4155 ἐστι
2334 4103 2702 4173 πρωτόθετος·
2733 4103 2848 4157 ἀλλ’
2882 4107 2947 4157 ἐκ
2975 4106 3066 4159 τοῦ
3094 4107 3325 4172 καλεῖν,
3355 4105 3446 4163 οἷά
3474 4127 3620 4175 τινος

2043 4196 2245 4266 ἀρχῆς,
2278 4198 2394 4251 εἴτε
2460 4198 2570 4267 μὴν
2625 4195 2758 4267 ὕλης
2805 4199 3099 4269 ἀρχεγόνου
3134 4179 3469 4271 παράγεττῖι.
3512 4206 3622 4258 Καὶ

2044 4288 2160 4341 ἐστι
2208 4290 2307 4358 μὲν
2356 4289 2573 4360 άληθῶς
2629 4291 2879 4344 Λατίνων
2920 4292 3186 4363 ἐγχώριος
3240 4296 3274 4365 ή
3324 4295 3498 4366 φωνὴ,
3528 4300 3623 4352 καὶ

365 4388 651 4457 μετάδοσιν
681 4423 697 4450 ,
749 4383 948 4439 οὔκουν
1001 4384 1273 4437 ἀντίδοσιν
1294 4400 1307 4415 ·
1337 4384 1434 4438 καὶ
1487 4383 1784 4456 προρῤέειν
1837 4385 1937 4449 τὰς
1970 4400 2015 4456 ι)
2045 4381 2150 4448 ἐξω
2197 4399 2302 4436 που
2334 4382 2435 4453 τῆς
2479 4384 2752 4455 Ἑλλήνων
2777 4383 2947 4453 αὐλῆς
2974 4385 3260 4456 θυραυλεῖ.
3290 4387 3398 4439 Καὶ
3432 4388 3624 4442 εἰδεῖεν

363 4481 621 4549 χάριτας,
645 4479 720 4545 πῆ
752 4477 852 4548 μὶν
889 4477 994 4530 ἀνά
1022 4475 1245 4542 κύκλον,
1271 4478 1367 4530 καὶ
1416 4476 1511 4546 (ὡς
1540 4477 1740 4547 εἰπεῖν)
1767 4477 1939 4548 ἀψορ-

367 4570 550 4634 ρόους,
587 4569 666 4636 πῆ
698 4566 746 4619 δ’
797 4565 882 4620 ίθύ
937 4584 1056 4630 πως
1085 4566 1176 4619 τὸν
1210 4566 1337 4637 ῥοῦν
1372 4566 1675 4639 εύθύρῤουν
1703 4567 1942 4640 προϐάλ-

364 4657 576 4712 λεσθαι.
608 4657 719 4727 Τὴν
746 4659 855 4729 γὰρ
888 4657 1269 4729 παροιμιακὴν
1293 4658 1540 4731 ἀνάγκην
1569 4659 1938 4731 διαγραπτέον

364 4749 618 4814 ἐνταῦθα,
651 4750 760 4815 Δός
784 4767 840 4803 τι
890 4751 987 4805 καί
1016 4749 1165 4804 λάϐε
1205 4768 1282 4817 τι,
1312 4751 1601 4819 λέγουσαν.
1646 4752 1938 4823 Ἐξοστρα-

365 4844 555 4895 κιστέα
579 4841 689 4912 γὰρ
726 4840 887 4913 αὕτη,
919 4843 1199 4906 πολιτείας
1247 4843 1607 4912 ὑγιαινούσης
1654 4844 1718 4896 τὺ
1763 4845 1936 4912 ἀνεμ-

365 4934 629 5001 πόρευτον
673 4936 993 4990 κοινωνικὸν
1030 4934 1357 5005 ἀναιροῦσα,
1392 4935 1486 4989 καὶ
1510 4934 1613 5005 τὴν
1648 4936 1835 5005 φιλίαν
1882 4934 1941 4999 ἐξ

362 5027 657 5098 ἀνθρώπου
726 5029 1019 5099 βάλλουσα.
1093 5030 1287 5097 Ἡμεῖς
1347 5027 1440 5082 οὖν
1504 5028 1784 5097 ἀπέχομεν
1838 5026 1939 5097 ἤδη

366 5124 534 5195 μυρία
579 5124 691 5178 τῶν
732 5124 843 5177 σῶν
871 5122 1096 5191 ἀγαθῶν
1127 5160 1143 5187 ,
1193 5121 1229 5176 ἃ
1264 5123 1587 5186 καταντλεῖς
1616 5123 1777 5193 ἡμῶν
1809 5124 1940 5193 ὁση-

364 5217 548 5285 μέραι·
574 5215 656 5266 δεῖ
691 5214 749 5267 δὲ
782 5217 878 5267 καὶ
912 5217 1063 5285 ἡμᾶς
1093 5215 1234 5267 κατά
1268 5216 1366 5278 τὰς
1398 5218 1456 5268 ἐν
1492 5213 1774 5283 συμϐόλων
1805 5230 1941 5283 γρα-

362 5309 489 5374 φαῖς
544 5308 889 5376 ὑμνουμένας
947 5308 1175 5377 χάριτας
1221 5308 1332 5361 τῶν
1387 5308 1497 5362 σῶν
1567 5307 1938 5377 ἐπιστρόφους

360 5395 613 5463 γενέσθαι
636 5396 899 5465 χαρίτων,
924 5400 984 5451 ού
1011 5400 1279 5464 διδόντας,
1311 5400 1448 5453 ἀλλὰ
1484 5400 1738 5470 μεγάλων
1771 5402 1942 5472 προῦ-

363 5484 687 5555 παρξάντων
722 5488 1087 5552 ἀντιδιδόντας
1126 5491 1328 5559 μικρά·
1368 5492 1463 5543 καὶ
1511 5494 1700 5561 χεῖρας
1749 5492 1939 5561 χερσὶν

361 5576 638 5646 ἐμϐαλεῖν,
671 5579 768 5631 καὶ
800 5580 967 5633 καλοῦ
997 5581 1186 5635 τούτου
1214 5583 1417 5636 κύκλου
1444 5583 1659 5654 χορείας
1682 5586 1939 5655 Χαρίτων

359 5669 765 5739 κατάρξασθαι.
827 5675 937 5726 Καὶ
983 5674 1048 5743 δὴ
1079 5674 1285 5743 γίνεται
1324 5677 1484 5729 τοῦτο
1517 5677 1655 5749 πρὸς
1688 5677 1935 5747 δύναμιν.

365 5761 550 5818 ’Δλλοι
582 5763 683 5835 μὲν
716 5763 811 5819 οῦν
834 5766 1009 5830 ἄλλως
1043 5767 1499 5837 ἀφοσιούσθωσαν
1531 5769 1610 5840 τῷ
1662 5770 1842 5841 καιρῷ
1868 5754 1948 5826 τὰ·

688 5862 961 5930 ΡΑτιιοι..
1001 5867 1118 5930 Gn.
1149 5865 1487 5929 CXXXVI.

2044 4473 2110 4528 ἂν
2140 4474 2387 4544 ἀκριϐῶς
2441 4476 2645 4528 ἐκεῖνοι
2704 4476 2763 4527 τὸ
2793 4476 2966 4546 ῥῆμα,
3010 4477 3039 4531 ὅ
3084 4476 3138 4530 τί
3174 4495 3304 4533 ποτε
3350 4477 3619 4549 βούλεται.

2038 4563 2270 4633 Φέρεται
2307 4564 2355 4616 δν
2390 4564 2547 4633 ὅμως
2596 4564 2775 4631 λόγος,
2809 4562 2883 4627 ὡς
2932 4565 3039 4635 ἄρα
3087 4566 3155 4621 τὸ
3206 4568 3419 4623 καλεῖν
3452 4570 3625 4637 ὄνομα

2038 4656 2138 4719 τὰς
2186 4655 2497 4722 καλάνδας
2527 4656 2878 4726 παρήγαγεν.
2917 4659 2979 4710 '0
3027 4659 3140 4729 γάρ
3172 4677 3253 4714 τοι
3284 4690 3354 4701 -
3391 4663 3502 4715 εἴτε
3528 4663 3621 4715 καὶ

2041 4745 2318 4811 Λατῖνος,
2344 4747 2455 4799 εἴτε
2476 4746 2574 4799 καὶ
2608 4745 2913 4817 Ῥωμαῖος,
2956 4748 3139 4818 βούλει
3167 4748 3346 4818 λέγειν
3369 4752 3623 4822 -ἰερεὺς

2040 4837 2098 4889 ἐν
2129 4838 2318 4901 αὑταῖς
2353 4836 2700 4908 περικαλῶν
2734 4840 2826 4893 τὸν
2848 4840 3008 4911 ὄχλον
3054 4839 3400 4911 κηρύγματι,
3431 4844 3528 4905 τάς
3560 4860 3621 4897 τε

2041 4931 2270 4994 νόννας
2299 4929 2397 4983 τοῦ
2431 4932 2627 5004 μηνὸς,
2660 4932 2867 5003 πηνίκα
2901 4935 3008 5005 χρὴ
3051 4935 3207 5001 ἄγειν
3229 4973 3246 4998 ,
3284 4934 3497 5002 ἐξεϐόα,
3531 4937 3625 4991 καὶ

2042 5023 2136 5085 τὰς
2169 5022 2372 5088 είδοῦς
2431 5023 2489 5077 δὲ
2541 5025 2949 5096 προανέκραζε.
2983 5026 3142 5091 Τίνες
3193 5027 3251 5080 δὲ
3280 5022 3442 5082 αὗταί
3488 5032 3628 5095 είσι,Ι

2044 5113 2361 5185 βουλομένῳ
2392 5115 2543 5170 ἐστιν
2570 5115 2827 5171 ἀκοῦσαι·
2875 5118 3011 5181 τέως
3033 5118 3078 5172 δ’
3104 5121 3400 5191 ἀναμένειν
3423 5121 3623 5193 χρεών.

2053 5208 2289 5277 Ἥγοντο
2327 5210 2425 5279 μὲν
2471 5205 2567 5263 οὖν
2599 5212 2773 5265 πᾶσαι
2822 5196 3119 5267 καλάνδαι
3165 5212 3252 5267 διὰ
3303 5213 3494 5283 τιμῆς,
3529 5216 3626 5267 καὶ

2044 5302 2187 5368 ..εραὶ
2216 5293 2359 5368 ἦσαν
2394 5299 2625 5370 ἡμέραι,
2668 5302 2760 5355 ὅτε
2816 5303 2913 5355 καὶ
2964 5302 3269 5373 νεομηνίαι·
3299 5303 3397 5356 καὶ
3427 5303 3492 5357 τὸ
3522 5304 3623 5374 τῆς

2047 5391 2216 5461 ὶρχῆς
2249 5390 2392 5444 ούτω
2446 5391 2590 5446 θεῖον
2643 5391 2948 5462 ἀνέφαινον.
3002 5391 3190 5457 Ἔδοξε
3242 5392 3302 5445 δέ
3355 5408 3473 5457 πως
3522 5396 3622 5459 τὰς

2056 5486 2453 5557 ἰαννουαρίους
2496 5485 2813 5551 καλάνδας
2856 5485 3116 5556 προέχειν
3160 5486 3271 5540 τῶν
3299 5486 3496 5555 ἀλλων,
3527 5492 3624 5542 καὶ

2041 5580 2103 5632 τὺ
2151 5580 2262 5633 τῶν
2294 5579 2502 5634 λοιπῶν
2559 5579 2853 5650 πρεσϐεῖον
2900 5577 3308 5646 ἐξιδιώσασθαι,
3363 5580 3457 5634 καὶ
3486 5580 3625 5634 ἀπο-

2043 5675 2248 5748 κρύψαι
2280 5676 2379 5740 τὰς
2409 5676 2577 5738 ἄλλας
2621 5674 2700 5742 τῷ
2747 5674 2994 5744 θαύματι
3019 5688 3033 5703 ·
3061 5673 3136 5738 ὡς
3171 5677 3265 5728 καὶ
3298 5674 3625 5744 σεσιγῆσθαι

2040 5770 2140 5834 τὰς
2189 5770 2419 5837 λοιπὰς,
2483 5767 2576 5821 καὶ
2637 5767 2760 5838 μηδ’
2814 5767 2987 5839 δνομα
3041 5766 3171 5837 γοῦν
3223 5765 3531 5836 καλάνδης
3569 5766 3628 5819 ἐν
