4062 6222
436 369 572 439 1265

1213 372 1631 435 EUSTATIIII
1669 371 2431 436 THESSALONICENSIS
2483 371 2899 435 EPISTOLE.

3567 368 3703 436 1266

428 488 498 541 τὰ
527 488 661 543 ἀλλα
688 490 848 545 καλά.
880 492 943 547 El
975 492 1030 547 δὲ
1056 496 1147 549 καῖ
1187 494 1325 565 πρὸς
1370 492 1504 562 ὓλην
1549 491 1865 554 ἀπονεύεις,
1900 491 2010 544 ίδοῦ
2043 501 2089 558 Α
2117 495 2264 563 νήσῳ
2308 492 2659 564 διατρίϐοντα
2701 484 3041 567 προσφωνεῖ,
3084 495 3181 549 καὶ
3222 492 3514 566 ὑπερόριον
3556 494 3701 550 οὕτω

442 582 730 650 σταφυλῶν
768 577 915 640 οὗτοι
958 589 1182 658 βότρυες
1232 587 1344 641 τῶν
1380 603 1465 640 σοι
1503 582 1869 654 φι).ου’μένων,
1918 582 2024 636 λύ-

432 689 529 740 γου
554 674 968 748 ἀπῃωρημένοι.
999 680 1182 748 Σωρδς
1218 682 1319 750 μὲν
1341 672 1497 741 οὗτος
1534 674 1616 741 εἷς
1646 675 1724 746 τῷ
1744 676 2017 747 καλλίστῳ

437 766 728 836 Κομνηνῷ,
759 770 839 840 τῷ
890 770 989 842 τὴν
1038 770 1183 841 εμὴν
1228 771 1438 838 ταύτην
1486 770 1645 838 δίκην
1676 764 1735 822 εὖ
1787 767 2021 838 ἀγορεύ-

435 871 591 911 σαντι
616 874 629 889 °
666 858 853 929 ἔτερος
875 862 931 916 δὲ
961 862 1038 933 τῷ
1069 862 1368 934 ὑπερκάλῳ
1395 861 1599 933 Δούκα,
1631 861 1729 914 ὲάν
1771 860 1907 929 ἡμῖν
1938 858 2022 921 εἰς

432 944 490 998 ἓν
521 950 817 1024 συμϐαίνῃ,
870 955 966 1008 xal
1001 955 1211 1026 ἀπολύῃ
1251 958 1350 1026 τῆς
1405 953 1689 1025 μέμψεως,
1721 951 1892 1023 πρινὴ
1929 950 2024 1004 τὸν

432 1040 697 1114 δικαστὴν
736 1046 1144 1117 ἀποφήνασθαι,
1184 1048 1275 1110 Ὦς
1339 1050 1453 1116 εῖγε
1515 1048 1590 1118 μὴ
1657 1046 1816 1101 τοῦτο
1870 1054 2019 1107 ποιεῖ

435 1132 601 1203 (τάχα
639 1135 697 1189 δὲ
745 1137 806 1193 οὐ
841 1141 1027 1193 ποιεῖ’
1062 1141 1123 1194 οὐ
1163 1139 1356 1209 λέληθε
1384 1140 1493 1210 γάρ
1514 1139 1625 1194 οὐδ’
1658 1138 1829 1194 αὐτὸν
1852 1137 2023 1205 τάλη-

437 1225 572 1292 θὲς),
600 1227 750 1282 ἔσται
784 1248 867 1286 σοι
898 1232 1175 1286 καὶτοῦτο
1198 1233 1259 1287 τὸ
1286 1233 1662 1303 βοτρυηφόρον
1693 1230 2023 1300 καμακίδιον

436 1319 516 1381 εἰς
545 1319 821 1391 ὲπιθήκην
856 1322 1074 1390 μισθοῦ.
1104 1324 1170 1376 Τί
1203 1324 1311 1391 γὰρ
1341 1324 1423 1377 δεῖ
1463 1323 1738 1393 ψωμίζειν
1769 1322 1865 1376 καὶ
1893 1321 2022 1384 τοὺς

440 1410 666 1481 ἐχθρούς
690 1430 706 1477 ;
734 1412 853 1483 Ἵνα
880 1416 936 1468 δὲ
966 1414 1130 1484 μάθοι
1152 1416 1181 1468 6
1208 1415 1592 1486 λαμπρότατος
1612 1415 1710 1469 καὶ
1736 1414 2021 1486 κάλλιστος

440 1504 531 1556 καὶ
585 1506 959 1571 συνετώτατος
992 1508 1226 1573 Δούκας,
1253 1509 1348 1562 καὶ
1372 1508 1524 1572 ὅπως
1568 1506 1681 1577 ἐγὼ
1732 1508 1864 1571 τοὺς
1886 1476 2022 1575 γάύ-

442 1614 567 1667 ρους
594 1599 916 1669 ἀνθρώπους
959 1603 1101 1673 μισῶ
1136 1607 1228 1656 καὶ
1266 1604 1404 1666 τοῦς
1435 1602 1732 1665 ὀκνοῦντας
1758 1602 1822 1656 τὸ
1846 1618 2022 1671 προσ-

440 1694 645 1755 κυνεῖν,
680 1692 1035 1762 ὐπανάγνωθι
1067 1694 1218 1765 αὐτῷ
1245 1695 1405 1759 λόγον
1431 1695 1574 1749 κατά
1594 1695 1707 1748 τῶν
1732 1693 2019 1765 τοιούτων,

440 1781 500 1834 ὃν
539 1782 649 1848 ἐγὼ
679 1783 806 1854 ἀρτι
842 1787 1049 1858 παλαιᾷ
1095 1789 1300 1858 μυθικῇ
1334 1787 1482 1858 ζύμῃ
1520 1788 1928 1858 ἔφυρασάμηΨ
1960 1784 2020 1849 ὃς

2124 586 2345 656 γραφὴν
2387 586 2782 657 διαπέμπεται.
2843 588 2956 642 Kal
3006 587 3245 658 ἀληθῶς,
3287 588 3523 661 αὐθέντη
3575 605 3702 656 μου,

2126 677 2392 741 πολλάκις
2424 680 2520 745 μὲν
2554 680 2648 732 καὶ
2691 678 2908 743 πολλοῖς
2940 678 3040 733 οὐκ
3063 680 3314 751 ἔνδὴμοις
3355 681 3531 749 φίλοις
3576 680 3701 733 ἑπι-

2129 769 2333 823 στολῶν
2367 769 2561 838 λόγους
2612 771 2876 841 ἔπαφῆκα
2900 786 2914 802 °
2972 771 3128 826 οὐπω
3186 771 3243 825 δέ
3273 789 3387 841 μοι·
3410 773 3575 841 μέχρι
3606 771 3705 825 καὶ

2125 862 2315 934 ἔσάρτι
2340 862 2369 916 6
2404 863 2682 933 πτερωτὸς
2703 857 3087 937 οὗτοςἝρμῆς
3120 865 3435 937 δολιχεύσας
3468 867 3549 930 είς
3600 884 3703 935 μα-

2126 958 2385 1028 κρότερον
2416 957 2574 1011 ἔλυσε
2595 956 2659 1013 τδ
2698 957 2919 1028 πτερὸν,
2983 958 3049 1012 οὐ
3085 958 3230 1013 κατὰ
3277 959 3369 1011 τὸν
3402 957 3704 1027 Ὁμηρικὸν

2136 1050 2348 1121 Ἑρμῆν
2369 1051 2428 1113 ἐς
2454 1049 2556 1119 τὴν
2576 1048 2676 1120 τῆς
2696 1049 2991 1119 Καλυψοῦς
3016 1050 3265 1120 πλαστὴν
3296 1050 3460 1119 νῆσον
3490 1050 3704 1103 στελλό-

2128 1159 2312 1213 μενος,
2337 1143 2396 1196 δν
2437 1142 2608 1213 μῦθος
2641 1141 2926 1213 ποιητικὸς
2976 1144 3056 1207 είς
3109 1142 3305 1198 λευκδν
3350 1144 3501 1212 ὄρνιν
3536 1161 3705 1214 μετα-

2126 1236 2341 1299 πλάσας
2387 1234 2643 1305 ἐπαφῆκε
2702 1236 2818 1298 τοῖς
2850 1236 3092 1304 κύμασιν
3116 1252 3133 1268 ·
3165 1236 3282 1290 ἀλλ’
3313 1236 3474 1291 ἄλλον
3502 1236 3705 1306 τρόπον

2123 1326 2202 1396 τῷ
2222 1324 2404 1396 λευκῷ
2432 1325 2606 1393 τούτῳ
2655 1324 2847 1396 βιϐλίῳ
2873 1319 2964 1381 οἷά
2994 1343 3101 1380 τινι
3164 1327 3447 1397 πορθμείῳ
3482 1327 3707 1396 ι’ίμϐιϐα⁹

2123 1420 2373 1490 ζόμενος.
2408 1422 2504 1474 καὶ
2546 1417 2684 1490 πρὸς
2714 1418 2812 1488 τὴν
2860 1420 2948 1474 διὰ
2994 1421 3055 1473 σέ
3105 1418 3446 1488 όλϐιωτάτην
3495 1421 3702 1490 ταύτην

2123 1514 2285 1584 νῆσον
2310 1512 2437 1583 ἀρτι
2463 1511 2846 1584 πεμπόμενος.
2874 1513 3128 1584 Ζηλωτδν
3158 1516 3259 1583 μὲν
3294 1514 3403 1583 γάρ
3431 1532 3485 1568 τι
3510 1515 3703 1584 χρῆμα

2122 1601 2191 1677 ἦν
2216 1606 2305 1660 ὅτε
2332 1607 2366 1677 ἢ
2417 1605 2583 1675 νῆσος
2620 1604 2786 1676 αῦτη,
2819 1606 2915 1661 καὶ
2943 1609 3213 1675 γενναίων
3240 1608 3453 1677 ἀνδρῶν
3474 1608 3703 1678 οἰκητή-

2126 1716 2243 1769 ριον
2266 1713 2284 1729 ⁶
2319 1698 2367 1752 εί
2396 1697 2454 1751 δὲ
2500 1698 2594 1751 καὶ
2624 1699 2944 1771 λῃστρικὸν,
2970 1698 3092 1769 ’ἔχει
3132 1701 3229 1754 καὶ
3259 1698 3415 1753 τοῦτο
3452 1700 3706 1770 ποικίλην

2126 1792 2371 1862 ίστορίας
2404 1791 2624 1861 τριϐήν.
2684 1791 2882 1859 Γέγονε
2937 1792 2994 1845 δέ
3026 1808 3157 1845 ποτε
3210 1791 3305 1845 καὶ
3358 1791 3436 1859 τῷ
3485 1792 3548 1844 ἔκ
3580 1792 3705 1855 Διὸς

441 1875 523 1937 είς
550 1851 813 1945 μειδίαμά
838 1895 889 1931 τι
920 1851 1117 1930 λεπτὸν
1146 1879 1242 1933 καὶ
1274 1851 1796 1948 σὲπροκαλέσεται..
1815 1851 1890 1931 1:6
1912 1878 2019 1949 γάρ
2055 1851 2099 1906 Β
2135 1851 2399 1954 Ἡρακλεῖ
2441 1851 2857 1953 περιμάχητος,
2886 1883 2977 1937 ὅτε
3024 1885 3123 1938 καὶ
3175 1884 3306 1945 τοὺς
3355 1851 3706 1948 ἐνοικοῦντας

442 1966 747 2035 ἀκραιφνὲς
779 1969 872 2022 τοῦ
921 1969 1159 2036 γέλωτος
1204 1970 1288 2037 τῷ
1344 1969 1681 2041 πολυημέρῳ
1727 1970 1828 2039 τῆς
1860 1969 2021 2022 νόσου

440 2058 750 2128 ἀπέσϐηκε.
793 2062 1052 2129 Παρῆγεν
1082 2062 1111 2115 6
1143 2061 1477 2132 Προμηθεὺς
1507 2060 1816 2130 ἄνθρωπον,
1841 2062 1937 2115 καὶ
1960 2058 2023 2114 τὸ

442 2150 602 2219 σῶμᾶ
631 2150 862 2205 ἔπλαττε
899 2151 998 2222 μὲν
1032 2153 1141 2206 ἀπ’)
1166 2152 1272 2222 γῆς
1292 2167 1309 2183 ⁸
1347 2153 1470 2224 θείᾳ
1503 2153 1559 2206 δὲ
1590 2154 1773 2225 ἔχριεν
1796 2152 2020 2223 ἀλοιφῇ.

444 2244 555 2298 Kal
579 2243 738 2299 τοῦτο
756 2240 823 2317 ῆν
858 2246 890 2311 ἡ
918 2245 1091 2315 ψυχή.
1124 2245 1268 2300 Ὅσα
1300 2244 1359 2298 δὲ
1390 2244 1489 2297 καὶ
1518 2244 1648 2312 θείῳ
1703 2244 2022 2314 πράγματι,

444 2335 522 2404 τῷ
571 2336 757 2391 σκεύει
799 2335 891 2390 τοῦ
948 2336 1231 2406 σώματος,
1285 2336 1516 2391 ἐνετίθει
1560 2336 1657 2389 καὶ
1702 2336 2024 2407 φρονήσεως

444 2426 779 2498 ἀμϐροσίαν.
816 2429 926 2483 Kal
982 2429 1185 2498 ὥριζεν
1215 2432 1297 2491 είς
1331 2430 1530 2498 μέτρον
1552 2430 1614 2482 τδ
1647 2428 2023 2499 πολυτίμητον

443 2518 607 2574 τοῦτο
657 2520 847 2590 ὑγρόν.
874 2521 985 2576 Kal
1028 2522 1138 2576 ἔδει
1178 2523 1303 2585 τοὺς
1332 2521 1659 2591 δεχομένους
1709 2520 2026 2589 πεπλῆσθαι

444 2609 541 2663 τοῦ
574 2610 939 2681 ἐπιθεμένου,
970 2613 1003 2681 ἢ
1029 2612 1165 2668 ἀλλά
1196 2611 1291 2665 καί
1322 2629 1377 2666 τι
1402 2612 1588 2664 πλεῖον
1628 2611 1815 2676 αὐτοῖς
1846 2629 2022 2683 προσ-

446 2702 767 2768 επιστάζειν
831 2701 928 2756 τοῦ
974 2703 1120 2758 θείου
1168 2704 1357 2775 ὑγροῦ.
1408 2704 1583 2759 Πᾶσιν
1624 2699 1720 2757 οὖν
1774 2704 1871 2774 τῆς
1929 2703 2025 2758 τοῦ

448 2798 671 2865 φρονεῖν
709 2796 1019 2869 ἀμϐροσίας
1059 2799 1089 2852 6
1142 2796 1475 2870 Προμηθεὺς
1514 2797 1871 2868 ἔγχεάμενος,
1906 2792 2027 2852 εἶτα

338 2952 341 2953 ν
448 2887 662 2954 καθίζει
689 2888 882 2943 ἑαυτὸν
911 2889 1318 2958 ἐσκευασμένος
1345 2889 1426 2953 είς
1453 2888 1514 2943 το
1541 2891 1869 2961 σεμνότερον
1890 2904 1906 2920 ⁸
1932 2887 2028 2943 καὶ

451 2980 848 3049 μετακαλεζαι
880 2983 1005 3046 τούς
1039 2983 1100 3036 τδ
1131 2981 1432 3054 ἀμϐρόσιον
1462 2982 1640 3037 έκεῖνο
1668 2981 2028 3050 δεδεγμένους

452 3071 642 3145 ὑγρόν.
672 3074 785 3129 Kal
823 3071 895 3146 ῆν
928 3074 1168 3143 ἀνάγκη,
1197 3073 1429 3127 ἔκαστον
1479 3071 1855 3126 ὲπικύπτοντα
1878 3073 2028 3127 δεικ-

2123 1974 2525 2046 ἀνδρικὼτερον
2547 1975 2759 2036 ἐκεῖνος
2789 1974 3116 2045 ἐπιθέμενος
3145 1975 3503 2045 ἐχειρώσατο.
3527 1977 3711 2046 Μέρο-

2125 2085 2227 2129 πες
2252 2069 2310 2122 δὶ
2348 2069 2400 2123 οἱ
2434 2067 2651 2137 ἄνδρες,
2680 2065 2824 2122 οὕτω
2847 2066 2988 2140 πρὸς
3021 2067 3215 2137 κλῆσιν
3257 2068 3482 2138 ὲθνικὴν
3510 2086 3711 2137 γνωρι-

2126 2163 2371 2232 ζόμενοι,
2404 2161 2502 2215 καὶ
2544 2142 2622 2215 τὸ.
2668 2160 2870 2233 προσὸν
2919 2161 3104 2225 αὐτοῖς
3156 2161 3356 2231 σεμνὸν
3401 2161 3496 2214 ἐπὶ
3543 2160 3713 2216 πλέον

2123 2255 2269 2311 οὕτω
2294 2253 2699 2325 προσαύξοντες
2721 2269 2740 2286 ο
2791 2252 2899 2322 τὴν
2928 2252 3039 2323 γὰρ
3088 2252 3385 2324 ἀνθρώπου
3408 2254 3613 2317 παντὸς
3649 2256 3713 2308 ἔν

2125 2346 2294 2417 κοινῷ
2328 2345 2531 2416 κλῆσιν
2569 2345 2650 2410 είς
2687 2344 2919 2407 ἑαυτοὺς
2968 2346 3417 2415 μεθειλκύσαντο.
3456 2348 3565 2403 Kal
3592 2346 3711 2416 ἀμα

2125 2454 2209 2500 τις
2238 2437 2394 2504 ἔλεγε
2431 2435 2659 2501 Κώους,
2683 2435 2779 2489 καὶ
2808 2433 3065 2491 ἀπεκάλει
3093 2437 3223 2499 τοὺς
3254 2437 3538 2505 Μέροπας
3559 2452 3576 2467 ο
3611 2437 3710 2491 καί

2129 2545 2234 2582 που
2262 2527 2364 2596 τῆς
2391 2526 2583 2595 κοινῆς
2610 2527 2719 2580 τῶν
2750 2525 3007 2598 μερόπων
3062 2525 3373 2597 ἀνθρώπων
3406 2527 3709 2592 κατεξανα-

2128 2621 2376 2685 στάντες,
2409 2620 2487 2684 ὡς
2516 2619 2584 2673 ἀν
2610 2635 2695 2683 τις
2730 2618 2885 2691 είπῃ.
2916 2618 3329 2690 προσωνυμίας,
3370 2619 3709 2692 δλῄστευσαν

2134 2708 2236 2763 καὶ
2262 2706 2434 2779 αὐτὴν
2482 2702 2596 2762 οῖον
2625 2706 2722 2760 καὶ
2762 2705 3135 2771 ἔξιδιὼσαντο.
3177 2705 3239 2762 Εἰ
3286 2707 3346 2762 δι
3405 2711 3499 2762 καὶ
3527 2710 3714 2780 ἀγαθὴ

2127 2801 2362 2855 ἐνοικεῖν
2411 2801 2444 2868 ἡ
2478 2799 2549 2870 γῆ
2584 2798 2747 2871 αὕτη,
2787 2797 3032 2870 Ὀμήρου
3061 2800 3411 2867 ἀναλεκτέον,
3441 2799 3513 2857 εὖ
3540 2819 3709 2857 ναιο-

2130 2892 2323 2960 μένην
2357 2891 2725 2960 πεποιηκότος
2757 2890 2952 2961 αὐτήν.
3004 2892 3065 2945 Et
3106 2890 3164 2945 δὲ
3198 2892 3294 2946 καὶ
3333 2894 3584 2962 καρποὺς
3614 2894 3715 2960 φέο

2132 3000 2250 3054 ρειν
2281 2983 2431 3036 ἐστὶν
2454 2980 2683 3051 εὐφυὴς,
2719 2981 2814 3034 καὶ
2856 2978 3013 3045 ζώων
3042 2981 3268 3051 γόνιμος
3319 2982 3584 3050 εὐγενῶν,
3618 2983 3715 3038 άλ-

2128 3075 2242 3136 λοις
2273 3075 2509 3143 ἱστορεῖν
2541 3071 2735 3142 δίδωμι
2759 3088 2776 3104 ο
2806 3076 2858 3126 οῖ
2886 3071 2985 3144 τὴν
3016 3072 3337 3143 Μεροπηῖδα
3390 3072 3598 3143 ταύτην
3617 3075 3717 3145 νῆ-

451 3161 602 3217 νύειν
630 3162 692 3216 τὸ
712 3162 926 3255 σκεῦος,
943 3162 1005 3217 τὸ
1042 3164 1222 3232 σῶμα.
1251 3162 1338 3218 διά
1358 3161 1457 3255 τῆς
1481 3160 1756 3255 κορυφῆς,
1775 3163 1883 3255 εῖτε
1930 3178 2031 3231 με-
2059 3195 2105 3255 c
2138 3183 2230 3221 σον
2258 3166 2360 3236 τὴν
2393 3164 2491 3219 Κῶ
2524 3164 2715 3234 αὐχεῖν
2744 3160 2899 3218 εἷπον
2921 3166 3014 3218 καὶ
3046 3162 3309 3235 τοῦνομα,
3353 3164 3442 3218 διὰ
3467 3165 3527 3218 τὸ
3549 3165 3717 3234 τυχὸν

451 3255 608 3324 στδν,
630 3255 741 3310 εῖτε
758 3253 852 3309 καὶ
869 3255 1042 3318 ἄλλως
1059 3255 1183 3326 ἔχον
1203 3254 1562 3318 ἔστίν.⁹οσοις
1585 3253 1684 3325 μὲν
1701 3252 1796 3307 οῦν
1814 3253 2032 3307 ἐπιστε-

454 3348 563 3417 φὴς
582 3347 902 3419 φρονήσεως
928 3348 963 3416 η
988 3346 1201 3416 κεφαλὴ
1220 3387 1235 3413 ,
1258 3344 1603 3400 κατέκυπτον
1627 3343 2031 3407 ἐπιδεικνύντες

456 3439 679 3503 ἑαυτοὺς
729 3438 994 3503 ἀνενδεῶς
1043 3438 1268 3511 ἔχοντας
1294 3453 1310 3470 ο
1357 3438 1455 3495 καὶ
1504 3435 1574 3509 ἦν
1600 3437 1762 3492 τοῦτο
1788 3454 2032 3506 προσκυ-

455 3533 591 3597 νεῖν,
623 3531 717 3585 καῖ
764 3531 857 3586 τὸν
916 3531 1218 3603 εὐεργέτην
1271 3531 1570 3603 Προμηθέα
1617 3530 1813 3601 φιλεῖν.
1872 3530 1935 3583 οι
1973 3528 2032 3583 δὲ

458 3624 627 3694 μήπω
678 3623 890 3695 μεστοὶ,
936 3622 1057 3678 ἀλλ’
1091 3624 1329 3688 ἐπιδεεῖς
1376 3623 1682 3694 ἀμϐροσίου
1737 3620 2029 3691 ἔπιῤῥοῆς,

454 3717 667 3779 ἀτενεῖς
688 3711 852 3787 ἦσαν.
890 3717 986 3770 καὶ
1039 3715 1277 3779 ἀκλινῶς
1312 3710 1479 3783 εἶχον,
1510 3714 1607 3767 καὶ
1646 3706 1759 3766 οἷον
1802 3714 2035 3766 ἀνεστα-

455 3805 646 3861 λοῦντο
678 3806 761 3870 είς
790 3805 997 3877 δεθιον.
1033 3805 1144 3859 Καὶ
1174 3799 1244 3875 ἦν
1275 3802 1435 3856 τοῦτο
1455 3801 1911 3868 ἀλαζονεύεσθαι,
1934 3802 2034 3856 καὶ

457 3897 559 3953 οὐκ
584 3896 784 3952 είδέναι
827 3896 993 3969 χάριν
1015 3895 1094 3966 τῷ
1122 3895 1181 3950 εῦ
1217 3894 1525 3966 ποιήσαντι.
1572 3895 1814 3949 Ἐκεῖθεν
1850 3895 2035 3949 τοίνυν

459 3988 555 4043 καὶ
582 3988 664 4051 είς
684 3986 935 4059 ήμᾶςτδ
965 3986 1066 4057 μὲν
1095 3985 1195 4059 τὴν
1221 3987 1466 4058 κεφαλὴν
1500 3986 1558 4039 ἔν
1597 3985 1773 4040 δέοντι
1802 3986 2033 4055 κλίνειν,

462 4078 781 4150 φρονήσεως
818 4076 989 4147 αὐτὴν
1029 4077 1220 4146 γέμειν
1254 4076 1559 4149 περιδηλοῖ,
1587 4076 1682 4131 καὶ
1707 4077 1787 4142 είς
1828 4078 2035 4147 εὐγνωσ-

462 4171 702 4241 μοσύνης
766 4169 993 4235 ἔνδειξιν
1044 4171 1331 4225 τάττεταιτ
1382 4169 1444 4224 τδ
1491 4170 1550 4224 δὲ
1598 4171 1694 4225 ἐπὶ
1752 4172 2032 4242 σχήματος

463 4260 736 4323 ἵστασθαι,
777 4259 873 4314 καὶ
901 4258 1002 4329 τὴν
1031 4258 1208 4312 κλίσιν
1253 4260 1433 4314 ὀκνεῖν
1465 4259 1570 4329 τῆς
1619 4260 1885 4330 κεφαλῆς,
1919 4277 2036 4330 μω-

465 4353 584 4425 ρίας
615 4350 833 4424 γραφὴν
860 4350 1221 4422 ἀποφέρεται,
1251 4353 1347 4405 καὶ
1382 4352 1460 4415 είς
1483 4351 1810 4424 ἀχαριστίαν
1826 4351 2035 4423 ἰγγρά-

462 4464 529 4516 φε
542 4464 642 4499 ται.

1206 4537 1289 4593 8'.

533 4633 849 4697 Διαπόντιός
888 4650 969 4686 σοι
1002 4630 1062 4697 ἔξ
1110 4632 1271 4703 ἡμῶν
1300 4633 1441 4704 αῦτη
1485 4633 1771 4705 ἐπιστολή.
1828 4632 1941 4689 Kal
1986 4632 2037 4685 εί

467 4714 898 4796 μὲνξάποδεκτέα
924 4727 1017 4782 καὶ
1040 4728 1168 4797 φίλη
1195 4732 1262 4799 τῇ
1287 4732 1353 4799 σῇ
1386 4730 1860 4801 μεγαλοδοξότητι,
1883 4728 2040 4783 οῦπω

464 4822 800 4893 θαρρήσαιμθ
832 4821 898 4874 ἂν
925 4821 1406 4892 διισχυρισάμενος
1432 4822 1820 4891 ἀποφήνασθαι
1841 4838 1852 4852 ’
1879 4823 1927 4874 εί
1962 4822 2040 4891 μὴ

465 4914 559 4967 καὶ
591 4910 933 4982 ἀντιγραφὴν
963 4912 1342 4981 χειρισαίμην,
1365 4911 1460 4964 καὶ
1487 4911 1637 4973 ὅπως
1666 4911 1804 4981 αὐτῇ
1834 4928 2042 4979 προση-

465 5004 688 5075 νέχθης,
724 5003 940 5057 ἐκεῖθεν
975 5004 1226 5074 μάθοιμι.
1256 5004 1377 5057 Ὀτι
1403 5003 1460 5056 δὲ
1491 5004 1554 5057 ὲκ
1580 5004 1739 5072 φίλου
1769 5003 1831 5056 τὸ
1856 5002 2041 5072 γράμ-

470 5114 570 5167 μα,
598 5095 757 5149 τοῦτο
780 5096 839 5149 δέ
873 5112 935 5163 γε
964 5096 1066 5148 οὐκ
1089 5098 1200 5163 ἐγὼ
1227 5096 1389 5167 μόνος
1427 5094 1775 5166 θαρρούντως
1805 5095 2044 5164 ἀπισχυ-

470 5191 713 5260 ρίξομαι,
755 5188 894 5242 ἀλλά
922 5187 1059 5258 πρὸς
1097 5190 1311 5258 μυρίοις
1332 5189 1536 5253 ἀλλοις,
1566 5191 1710 5250 ὅσοις
1742 5187 1838 5241 καὶ
1881 5189 2045 5251 αὐτὸς

468 5280 569 5349 ήδη
619 5279 1135 5349 πεπληροφόρησαι.
1199 5279 1362 5334 Ἀλλά
1407 5298 1510 5333 που
1564 5278 1755 5348 θαῦμά
1817 5295 1877 5330 σε
1940 5279 2044 5348 ῆδη

470 5371 846 5442 περιέρχεται,
903 5371 995 5423 καί
1021 5389 1074 5424 τι
1125 5372 1301 5438 γλυκὺ
1352 5373 1446 5426 καὶ
1494 5372 1675 5441 ἱλαρὸν
1708 5373 2041 5443 ὲπιμειδιᾷς,

473 5461 568 5513 ἐὰν
600 5464 625 5513 6
653 5463 720 5514 τὰ
746 5461 918 5514 πολλά
954 5462 1122 5529 σιγῶν
1155 5462 1469 5525 Εὐστάθιος,
1499 5466 1526 5516 6
1554 5463 1653 5525 τὰς
1705 5464 1926 5534 γραφὰς
1955 5464 2048 5517 ὁκ-

473 5551 601 5615 νῶν,
628 5555 655 5605 6
681 5554 776 5606 καὶ
807 5555 947 5623 πρδς
999 5556 1122 5618 τοὺς
1154 5556 1324 5623 ἐγγὺς
1356 5556 1638 5626 ἔχέμυθος,
1671 5556 1737 5609 δι’
1772 5556 1915 5610 οὕτω
1942 5576 2045 5627 μα·⁸

475 5644 741 5714 κροτάτου
771 5646 1135 5717 διαστήματος
1162 5647 1461 5717 φθέγγεται
1489 5662 1504 5676 °
1534 5648 1628 5701 καὶ
1668 5647 1728 5700 δν
1760 5650 1816 5702 ἐν
1845 5651 1911 5717 τῇ
1945 5649 2047 5701 Nc-

476 5737 759 5807 κομηδέων
786 5737 886 5809 τῆν
914 5739 1171 5811 δουκικὴν
1210 5739 1434 5810 ἔναγχός
1469 5756 1571 5792 που
1607 5739 2047 5809 περιεζωσμένον

474 5830 650 5903 ἀρχὴν
681 5832 743 5885 οὐ
787 5836 1052 5904 προσεῖπε
1104 5835 1340 5906 γράψα;,
1382 5834 1475 5889 νῦν
1521 5833 1579 5887 ἐν
1617 5837 1683 5902 τῇ
1736 5830 1841 5888 τῶν
1873 5832 2047 5889 Κὼων

2140 3260 2284 3315 πάνυ
2322 3276 2376 3312 τι
2410 3256 2693 3321 πολύζωον
2735 3257 2832 3310 καὶ
2883 3255 3346 3326 ἀγαθοθρέμμονα
3373 3256 3556 3325 (κῶον
3605 3256 3717 3327 γὰρ

2137 3351 2281 3406 κατά
2317 3349 2597 3404 διάλεκτον
2619 3346 2685 3401 τδ
2716 3346 2995 3418 πρόϐατον
3032 3341 3174 3401 εῖναι
3196 3346 3463 3415 τίθενται)
3484 3361 3500 3378 ·
3537 3346 3719 3417 καὶδὴ

2138 3443 2234 3496 καὶ
2263 3440 2362 3510 τὴν
2392 3439 2557 3510 νῆσον
2585 3438 2814 3508 ταύτην,
2858 3438 2936 3500 ὡς
2963 3437 3232 3501 τοιούτοις
3283 3437 3445 3503 ζώοις
3494 3437 3720 3507 ἔνευθη-

2138 3531 2433 3600 νουμένην,
2488 3530 2592 3597 τὴν
2651 3530 2791 3597 πρὸς
2847 3526 2908 3578 τὸ
2970 3527 3112 3590 ζῶον
3177 3526 3502 3596 ὁμωνυμίαν
3532 3527 3720 3581 λαϐεῖν

2141 3624 2446 3695 βούλονται.
2480 3620 2638 3675 Καλά
2668 3621 2766 3689 μὲν
2786 3612 2882 3672 οῦν
2910 3615 3057 3670 οὕτω
3086 3618 3181 3671 καὶ
3209 3617 3378 3671 τᾶλλα
3401 3621 3502 3688 τῆς
3525 3620 3717 3688 νήσου.

2141 3717 2267 3770 Ὀτι
2290 3714 2347 3768 δέ
2390 3729 2449 3766 σε
2480 3712 2710 3766 πλουτεῖ
2765 3709 3012 3778 εὐτυχῶς
3049 3708 3159 3762 τῶν
3194 3709 3315 3761 κατ’
3350 3708 3523 3778 αὐτὴν
3558 3710 3722 3779 mp.

2141 3825 2326 3880 χοντα,
2351 3805 2503 3859 οὐδὲν
2536 3804 2603 3857 ἀν
2651 3801 2998 3871 εὐδαιμονίας
3041 3799 3155 3871 ἔχοι
3211 3800 3562 3871 λειπόμενον.
3610 3802 3723 3856 Καὶ

2143 3893 2661 3969 προσεπιγράψεται
2693 3892 2833 3960 αὐτῇ
2890 3888 3031 3960 μετά
3076 3888 3187 3941 τῶν
3219 3889 3398 3943 ἄλλων
3432 3892 3524 3943 καὶ
3560 3890 3724 3945 τοῦτο

2147 3992 2293 4062 μέγα
2333 3988 2535 4042 καλόν
2568 3985 2662 4039 καὶ
2698 3984 3042 4055 λαμπρυνεῖς
3071 3981 3241 4052 αὐτὴν
3276 3984 3341 4053 τῇ
3385 3983 3722 4057 σελασφορίᾳ

2142 4084 2242 4154 τῆς
2273 4080 2375 4149 σῆς
2428 4077 2715 4147 καλλονῆς,
2734 4076 2852 4153 ἱούχ
2883 4069 3046 4146 ἦττον
3079 4074 3113 4146 ἦ
3146 4075 3239 4127 καὶ
3263 4076 3291 4128 6
3321 4073 3482 4139 καλὸς
3520 4077 3717 4141 ’Ἥλιος

2142 4176 2243 4245 τὴν
2300 4170 2634 4243 περίπυστον
2672 4168 2875 4234 Ῥόδον,
2927 4168 3068 4236 αὐτῇ
3131 4167 3723 4238 ἑπιφημιζόμενος.-

2156 4264 2298 4321 Ἀλλ’
2343 4263 2498 4318 οῦπω
2534 4263 2635 4333 μὲν
2660 4262 2820 4332 (ὅπερ
2859 4258 3019 4330 ἔφην)
3066 4259 3478 4330 ὲπιστολιμαῖον
3512 4260 3725 4330 Ἑρμῆν

2142 4358 2314 4423 οὓτως
2344 4356 2636 4427 ὑπερόριον
2678 4354 2869 4423 ἀφῆκα
2924 4352 3210 4424 φέρεσθαι,
3255 4352 3571 4423 φειδόμενὸς
3632 4370 3723 4423 μοι

2142 4450 2237 4505 τοῦ
2272 4451 2531 4521 κήρυκος.
2586 4446 2697 4500 Νῦν
2750 4446 2809 4499 δὲ
2863 4444 3272 4515 διεπεμψάμην,
3322 4444 3725 4517 λογισάμενος,

2068 4551 2114 4606 ι)
2143 4543 2218 4602 ὡς
2244 4541 2406 4605 αὐτός
2452 4557 2512 4593 τε
2569 4537 2726 4609 σχοίη
2777 4538 2845 4591 ἀν
2894 4537 3116 4600 πάντως
3157 4537 3536 4608 πτερύξασθαι
3589 4537 3726 4607 πρὸς

2142 4636 2243 4707 τὴν
2279 4635 2379 4706 σὴν
2420 4632 2908 4704 μεγαλοδοξότητα,
2941 4633 3186 4703 καὶήμῖν
3224 4633 3281 4687 δέ
3310 4650 3392 4695 τις
3415 4633 3607 4703 ἔτερος
3632 4634 3730 4686 αὐ-

2145 4727 2303 4781 τόθεν
2328 4725 2807 4794 ἁντιπτερύξεται,
2840 4725 2933 4776 καὶ
2975 4724 3195 4791 διδάξει,
3220 4724 3605 4794 περιγενέσθαι
3630 4725 3728 4778 καὶ

2147 4820 2283 4892 πρὸς
2318 4820 2378 4872 σὲ
2403 4816 2698 4886 ἀφικέσθαι
2728 4817 2820 4870 τὸν
2846 4816 3117 4885 ἡμέτερον
3141 4814 3331 4867 τοῦτον
3368 4816 3605 4885 Ἑρμῆν,
3632 4818 3730 4870 καὶ

2149 4913 2226 4984 μὴ
2258 4910 2386 4981 περί
2411 4927 2521 4973 που,
2537 4908 2703 4978 μέσον
2740 4909 2832 4963 τὸν
2868 4906 3035 4962 πλοῦν
3080 4910 3416 4961 καταπεσεῖν
3477 4909 3733 4979 καμόντα

2146 5004 2247 5075 τὴν
2280 5001 2503 5070 πτῆσιν,
2545 4999 2690 5054 καθά
2743 5016 2848 5051 που
2884 4996 3044 5066 λόγος
3080 4996 3196 5068 ἔχει
3253 4997 3347 5050 τὸν
3388 4997 3633 5069 Ἴκαρον,
3665 4994 3729 5053 οὗ

2150 5093 2439 5163 περίθετον
2470 5092 2534 5145 ὲκ
2575 5088 2748 5161 κηροῦ
2778 5089 2870 5143 καὶ
2897 5088 3036 5159 ἡλίῳ
3087 5086 3247 5142 λυτὸν
3281 5088 3343 5141 τὸ
3384 5091 3621 5159 πτερόν*
3655 5089 3732 5151 ὡς
3786 5110 3796 5131 ι

2149 5187 2198 5239 εί
2232 5186 2309 5255 μὴ
2341 5184 2504 5239 τοῦτο
2556 5180 2646 5253 ἦν,
2686 5181 2786 5235 οὐκ
2833 5180 2898 5233 ἂν
2932 5179 3215 5252 ἐθάρρησα
3260 5181 3364 5250 τὴν
3417 5180 3727 5249 ἐπιστολήν.

2152 5279 2261 5332 Kal
2287 5277 2464 5339 ἄλλως
2493 5275 2550 5329 δὲ
2577 5274 2671 5328 τὸν
2697 5273 2798 5344 μὲν
2829 5271 2990 5327 ἀλλον
3042 5273 3239 5343 καιρὸν
3270 5273 3403 5343 ῥᾷον
3429 5271 3559 5340 ἔνῆν
3595 5272 3731 5341 ἡμῖν

2155 5370 2347 5440 μαθεῖν
2377 5370 2446 5423 τὰ
2494 5368 2637 5422 κατὰ
2666 5365 2765 5437 τὴν
2797 5366 2896 5437 σὴν
2933 5364 3419 5437 μεγαλοδοξότητα,
3454 5364 3724 5434 διαχειρι-

2154 5463 2393 5532 ζομένην
2428 5460 2526 5522 τὰς
2550 5460 2727 5529 ἀρχὰς
2764 5458 3002 5527 ἄγχιστα
3034 5456 3131 5525 τῆς
3162 5454 3610 5523 Μεγαλοπόλεως,
3636 5459 3732 5506 καί

2149 5554 2303 5607 οὐδὲν
2330 5553 2436 5607 ἔδει
2474 5554 2595 5606 τότε
2628 5549 2858 5621 γραφῶν
2882 5563 2897 5577 ⁸
2927 5548 3150 5619 εἴχομεν
3179 5549 3290 5619 γὰρ
3323 5547 3567 5612 αὐτόθεν,
3592 5532 3732 5617 ὅπερ

2152 5649 2443 5717 ἠθέλομεν.
2477 5644 2591 5699 Νῦν
2625 5642 2681 5696 δὲ
2715 5639 2921 5710 ἀχανὴς
2976 5640 3179 5710 μεταξὺ
3224 5641 3382 5709 χύσις
3417 5639 3689 5705 θαλάσσης
3714 5653 3729 5667 '

2152 5738 2447 5793 κάντεῦθεν
2475 5738 2607 5807 ἡμῖν
2638 5735 2671 5804 ἡ
2698 5731 2828 5801 περὶ
2859 5731 2955 5785 σοῦ
2992 5732 3153 5802 φήμη
3186 5732 3396 5802 ἀνίσχει
3433 5732 3668 5802 βράδιον,
3695 5730 3731 5797 ἢ

2151 5834 2180 5887 6
2214 5830 2342 5895 παρ’
2382 5829 2613 5893 Ἡσιόδῳ
2642 5827 2751 5890 τοῖς
2786 5826 3122 5890 Πανέλλησιν
3147 5824 3317 5888 ἥλιος.
3344 5825 3466 5880 ’Ὀτι
3513 5824 3605 5878 οὖν
3637 5837 3732 5874 πο-
