4062 6222
391 337 524 402 ιεςγ

1757 363 2146 431 ADDENDA.

3508 371 3646 437 1268

383 451 481 559 λῖίς
527 456 626 526 ἤδη
659 459 869 559 κράνος,
913 461 971 528 ἐξ
1010 457 1183 559 οὗπερ
1221 466 1321 520 οὐκ
1365 465 1530 540 ἦλθεν
1566 473 1696 544 ἡμῖν
1731 475 1959 530 αὐτόθεν
1993 503 2035 559 Δ
2067 500 2166 538 σαν
2199 483 2537 547 ἐνέκλεισας.
2580 485 2764 556 Ἔχεις
2799 484 2893 540 οὖν
2915 486 3007 540 τὸν
3036 488 3512 559 γραμματοφόρον
3546 509 3647 544 σου

387 549 544 620 φήμη
578 551 776 620 σαφὴς,
815 553 1240 628 προκαλούμεθα
1269 563 1474 635 ταύτην
1504 565 1593 618 διὰ
1631 568 1729 638 τῆς
1758 569 1963 638 παρού-

389 657 494 708 σης
521 645 762 714 γραφῆς.
797 645 902 699 Τὸν
958 647 1015 701 δέ
1067 667 1131 718 γε
1185 653 1539 711 διακονοῦντα
1592 660 1659 728 τῇ
1711 659 1964 734 παρούσῃ

389 737 579 806 γραφῇ
612 736 755 800 τίνος
783 739 850 793 ἃν
880 739 1046 795 καλοῦ
1071 748 1416 818 τιμησαίμην
1440 765 1454 812 ;
1479 743 1596 802 τίνι
1616 750 1681 803 ἂν
1712 751 1967 822 ἄμειψαί-

395 843 539 897 μηνς
589 829 643 882 τί
695 831 1011 902 διαθέμενος
1063 839 1288 907 ἀγαθὸν,
1324 845 1505 912 τυχεῖν
1546 844 1813 914 ἑξισχύσω
1870 845 1963 899 τοὺ

393 919 733 1012 πρέποντος
763 924 930 979 Οὐδὲν
959 927 1196 992 πάντως,
1220 931 1387 1004 ἀλλ’ἢ
1417 936 1482 1006 τῇ
1511 936 1576 1004 σῇ
1605 936 1964 1012 μεγαλοδώρῳ

390 1009 558 1066 αὐτὸν
597 1017 997 1087 παραθέμενος,
1046 1021 1105 1075 δν
1137 1023 1432 1096 εὐεργέτην
1467 1027 1567 1096 μὲν
1604 1027 1842 1098 ἡγοῦμαι
1872 1009 1967 1086 καὶ

393 1104 669 1174 φίλτατον,
702 1109 781 1165 ὅτι
816 1129 905 1181 μοι
931 1117 998 1186 τῇ
1032 1115 1262 1188 ἀγγελίᾳ
1296 1116 1462 1191 ταύτῃ
1495 1119 1962 1192 ἐξυπηρετήσατο.

395 1197 548 1265 Ζηλῶ
607 1199 666 1253 δὲ
725 1203 829 1270 τῆς
881 1207 1301 1277 μακαριότητος,
1331 1210 1411 1262 ὅτι
1447 1228 1530 1263 σοι
1578 1212 1817 1283 ἐντυχὼν
1847 1215 1965 1267 ἀνθ’

391 1285 576 1353 ήμῶν,
604 1293 971 1362 προσκυνήσει
1016 1311 1075 1348 τε
1111 1296 1203 1349 καὶ
1245 1299 1544 1374 προσείπῃ,
1580 1301 1674 1355 καὶ
1707 1303 1967 1371 γλυκείας

393 1378 614 1446 ὁμιλίας
645 1383 891 1450 ἀκούσει,
921 1388 1018 1441 καὶ
1045 1389 1154 1441 τῶν
1192 1391 1301 1444 σῶν
1327 1396 1736 1464 κατατρυφήσει
1763 1397 1965 1451 καλῶν·

394 1474 527 1544 περὶ
575 1469 636 1528 οὑ
669 1477 765 1531 καὶ
794 1478 1050 1536 δυσωπῶ.
1079 1483 1328 1538 Δυσωπῶ
1365 1485 1421 1538 δὲ
1457 1486 1758 1557 όλοψύχως,
1799 1489 1874 1554 ὡς
1903 1491 1969 1544 ἂν

394 1567 746 1642 ἀντιλήπτωρ
779 1575 1128 1644 χρηματίσας
1159 1577 1253 1630 ἐπὶ
1286 1581 1402 1642 τοῖς
1444 1581 1630 1634 αὐτόθι
1678 1581 1969 1652 πράγμασι

393 1658 493 1728 τῆς
521 1660 687 1728 ἁγίας
711 1661 805 1717 τοῦ
833 1666 1216 1739 φιλανθρώπου
1247 1673 1448 1740 μονῆς·
1473 1667 1540 1743 ἦς
1567 1671 1722 1740 ἂγιον
1745 1672 1970 1744 θρέμμα

395 1752 491 1807 καὶ
523 1755 686 1819 αὑτός
719 1759 834 1811 ἐστι
886 1759 982 1813 καὶ
1036 1762 1236 1832 τίμιον.
1280 1764 1657 1835 Προσενεχθῇς
1703 1765 1852 1836 αὐτῷ
1889 1766 1970 1819 δι-

2066 575 2524 647 Βελλεροφόντην,
2573 577 2716 644 ὑπὲρ
2751 576 2919 632 αὑτοῦ
2966 578 3261 648 κομίζοντα
3310 581 3641 650 γράμματα.

2077 667 2296 722 Ἐκεῖνα
2322 668 2429 739 γάρ
2453 667 2816 738 ἀπήγγειλεν,
2849 664 2926 726 ὧν
2951 671 3178 741 ήκουσεο
3220 671 3424 740 μᾶλλον
3455 672 3522 737 δ’,
3553 673 3644 740 ἐφ’

2063 755 2142 823 οἷς
2174 761 2233 815 ὲν
2265 761 2421 832 μέρει
2449 762 2548 818 καὶ
2565 762 2727 827 αὐτὸς
2743 763 2842 834 τὴν
2873 763 3214 833 κατηγορίαν
3239 747 3640 836 ἀπεμερίσατο·

2066 853 2149 906 σοὶ
2182 853 2280 920 μὲν
2311 854 2491 925 βραχύ
2516 873 2570 909 τι
2605 854 2786 925 γεῦμα
2818 857 3076 925 κομίσας,
3104 857 3266 922 αὑτὸς
3298 858 3354 911 δὲ
3384 858 3482 928 τήν
3511 859 3643 927 ὃλην

2064 943 2265 998 κύλικα
2302 945 2402 1014 τῆς
2429 945 2692 1017 μέμψεως
2733 946 3073 1014 προεκπιών.
3111 949 3223 1002 Καί
3253 966 3339 1002 σοι
3375 949 3644 1017 γέγονενό

2064 1034 2225 1106 ἀνὴρ,
2254 1037 2304 1090 εί
2333 1038 2429 1091 καὶ⁸
2457 1038 2534 1108 μὴ
2565 1037 2881 1106 εὐάγγελος,
2913 1038 3030 1092 ἀλλ’
3070 1040 3348 1110 ἐτήτυμος
3388 1041 3641 1110 ἄγγελος,

2065 1126 2164 1178 οὐκ
2201 1126 2516 1198 έπιχρώσας
2553 1130 2616 1182 τὸ
2655 1128 2751 1183 τοῦ
2784 1130 2946 1198 λόγου
2984 1131 3274 1202 πρόσωπον
3345 1131 3643 1202 ψεύσματι.

2068 1217 2130 1272 El
2165 1217 2223 1271 δὲ
2251 1219 2334 1272 δεῖ
2364 1236 2416 1272 τι
2445 1220 2539 1272 καὶ
2573 1218 2822 1290 περὶτῆς
2847 1220 3126 1289 ήμετέρας
3158 1223 3230 1291 (εί
3262 1221 3442 1292 χρεὼν
3471 1222 3645 1286 οὑτως

2068 1309 2265 1374 εἰπεῖν)
2305 1308 2658 1380 μικρολογίας
2700 1309 3172 1380 ἀπολογήσασθαι,
3201 1313 3402 1366 ταύτόν
3446 1330 3500 1367 τι
3548 1314 3646 1368 καὶ

2068 1403 2254 1469 αὐτὸς,
2282 1402 2540 1472 αὑθέντη,
2571 1403 2838 1467 πέπονθα,
2863 1405 2942 1468 ὼς
2967 1405 3126 1476 εἴπερ
3152 1405 3347 1475 πέπλῳ
3366 1406 3642 1476 λαμπρῷ,

2069 1497 2164 1551 καὶ
2188 1495 2393 1566 φαεινῷ
2426 1497 2717 1562 στίλϐοντι,
2773 1497 2868 1550 καὶ
2911 1497 3076 1551 καλὸν
3104 1497 3285 1568 ἠέλιος
3314 1498 3393 1562 ῶς
3424 1517 3645 1568 μαρμα-

2074 1587 2346 1658 ρύσγσοντι,
2397 1587 2572 1657 ῥύπου
2605 1589 2708 1658 μὲν
2761 1588 2900 1652 ὅλως
2927 1588 3102 1652 οὐδὲν,
3159 1589 3379 1660 ἀμυχὴν
3434 1591 3490 1645 δέ
3521 1609 3644 1644 τινα

2075 1680 2336 1752 βραχεῖαν
2365 1681 2398 1749 ἤ
2439 1680 2642 1745 κόνεως
2675 1681 3004 1751 ὲπιφόρησιν
3037 1681 3189 1747 ίδὼν,
3216 1683 3276 1736 οὐ
3301 1684 3536 1752 φορητὸν

2077 1772 2224 1841 μίσει
2255 1772 2316 1826 τὸ
2349 1773 2606 1842 πρᾶγμα,
2640 1771 2777 1826 ἀλλὰ
2811 1772 2994 1826 καὶτὸ
3032 1773 3206 1844 βραχὺ
3244 1773 3401 1826 τοῦτο
3424 1773 3518 1826 καὶ
3546 1773 3667 1825 τοῦ¹

396 1843 568 1907 καίως
599 1845 688 1900 διὰ
726 1847 820 1902 τὸν
846 1848 1058 1905 δίκαιον
1089 1853 1303 1924 κριτὴν,
1338 1854 1739 1924 φιλανθρώπως
1766 1855 1852 1908 διὰ
1875 1856 1972 1925 τεὸν
2005 1850 2047 1906 Β
2080 1863 2250 1934 μηδὲν
2277 1863 2426 1930 ἀξιον
2453 1863 2612 1932 λόγου
2643 1863 2916 1932 ἀκοσμίαν
2949 1865 3014 1917 οὑ
3053 1843 3258 1935 μικρὰν
3301 1864 3396 1918 τοῦ
3433 1865 3643 1919 πέπλου

397 1936 802 2008 φιλάνθρωπον,
839 1942 1032 2010 πρᾴως
1057 1942 1113 1996 δὲ
1140 1944 1226 1997 διὰ
1254 1945 1352 2015 τὴν
1380 1946 1818 2018 αὑτοπρᾳότητα.
1845 1948 1974 2002 Συν-

396 2027 638 2082 δνσωπεί
659 2029 716 2084 δὲ
755 2030 929 2085 ταῦτα
966 2033 1060 2085 καὶ
1091 2035 1250 2097 αὑτὸς
1278 2038 1306 2088 ὁ
1333 2036 1662 2102 τιμιώτατος
1695 2037 1973 2106 καθηγού-

402 2134 564 2188 μενος
605 2121 708 2190 τῆς
732 2121 827 2176 τοῦ
857 2122 1248 2194 φιλανθρώπου
1297 2125 1549 2197 Σωτῆρος
1596 2127 1783 2196 μονῆς.
1820 2127 1972 2196 φίλος

401 2230 496 2284 μοι
519 2214 656 2284 ἀνὴρ
678 2215 774 2270 καὶ
805 2215 976 2284 φίλων
1009 2216 1267 2271 ἁπάντων
1295 2218 1322 2271 6
1355 2217 1652 2287 βέλτιστος,
1679 2218 1738 2271 ὅν
1766 2221 1829 2272 ὲκ
1860 2237 1976 2273 και-

399 2303 499 2373 νῆς
534 2306 769 2375 ποιμένα
803 2306 882 2377 τῷ
913 2307 1110 2362 ἑαυτοῦ
1139 2303 1422 2379 σεϐασμίιρ
1462 2313 1699 2382 ποιμνίῳ
1739 2327 1973 2380 περιπε-

403 2396 626 2467 ποίηται
653 2399 681 2452 6
709 2398 1106 2470 φιλάνθρωπος,
1143 2401 1254 2456 τῶν
1296 2401 1402 2472 πρὸ
1446 2402 1610 2456 αὑτοῦ
1657 2405 1976 2473 καινότερον

402 2488 768 2559 ἔκλεεάμενος
808 2490 1036 2562 ὲπιλογῇ
1087 2492 1374 2563 βασιλικῆς
1408 2493 1754 2562 διακρίσεως.
1786 2493 1976 2567 Τούτῳ

407 2582 718 2652 συνδέομαι,
754 2583 830 2646 ώς
862 2581 929 2638 ἃν
985 2585 1252 2657 περιέπῃς
1299 2586 1394 2639 τὸν
1444 2589 1687 2658 παρόντα
1742 2587 1976 2659 μοναχὸν

404 2673 499 2727 καὶ
525 2673 595 2726 τά
614 2674 716 2742 τῆς
743 2673 917 2744 μονῆς
940 2691 955 2707 ο
984 2675 1076 2728 καὶ
1111 2677 1288 2744 γένοιο
1320 2677 1469 2744 δεξιά
1499 2680 1598 2745 τῆς
1619 2679 1978 2748 ἡγουμενείας

407 2765 614 2836 ταύτης
678 2767 847 2837 ἀρχὴ,
911 2770 1007 2821 καὶ
1042 2769 1246 2834 δείξαις
1274 2769 1549 2824 κάνταῦθα
1585 2770 1646 2824 τὸ
1673 2770 1765 2823 σὸν
1809 2788 1979 2839 μεγα-

406 2860 697 2927 λοπρεπές.
732 2861 830 2930 Εῐη
861 2858 954 2916 οὖν
985 2863 1117 2936 ἡμῖν
1164 2862 1480 2916 τοεντεῦθεν
1531 2862 1725 2933 μαθεῖν
1773 2861 1976 2931 ἀγαθά.

405 2953 542 3008 Ποῖα
568 2953 742 3008 ταῦτα
769 2969 785 3022 ;
817 2945 930 3025 Τήν
961 2955 1059 3024 σὴν
1085 2955 1323 3026 ὑγίειαν,
1354 2954 1450 3026 τὴν
1476 2955 1732 3015 ἀλυπίαν,
1761 2956 1861 3025 τὴν
1886 2956 1979 3008 ὲπὶ

407 3051 521 3112 τοῖς
548 3047 650 3102 ἀνά
679 3049 836 3119 χεῖρα
868 3049 1165 3117 πρακτέοις
1203 3047 1300 3105 σὺν
1329 3048 1447 3119 Θεῷ
1497 3048 1679 3106 εὑοδον
1727 3050 1974 3121 πρόοδον,

409 3141 506 3196 καὶ
534 3141 626 3194 ἐπὶ
655 3143 792 3195 πᾶσι
843 3141 902 3195 τὸ
952 3141 1270 3213 ἔμπρακτον
1317 3142 1418 3213 τῆς
1453 3142 1730 3214 ἡμετέρας
1773 3141 1979 3212 ταύτης
2007 3187 2050 3245 c

407 3233 650 3307 γραφῆς.

1165 3332 1225 3384 ι’.

480 3419 836 3476 ὶῙανσέσαστὲ
882 3438 972 3491 μοι
1013 3421 1242 3490 αὑθέντη
1266 3439 1279 3452 ο
1317 3423 1364 3474 εί
1397 3423 1492 3475 καὶ
1525 3421 1671 3491 μίαν
1696 3423 1982 3491 χελιδόνα

331 3534 333 3536 ·
407 3514 494 3585 μὴ
545 3515 741 3569 ποιεῖν
789 3513 958 3585 gap?)
993 3513 1263 3582 παροιμία
1293 3514 1478 3583 φησιν,
1526 3513 1642 3567 ἀλλ’
1683 3515 1878 3584 ήμῖνή
1915 3515 1982 3585 σὴ

416 3612 516 3680 μία
570 3606 818 3680 χελιδὼν,
857 3607 917 3660 τὸ
974 3605 1148 3678 βραχὺ
1197 3606 1520 3672 ἐπιστόλιον,
1569 3605 1670 3678 ἕαρ
1722 3607 1780 3659 ὲν
1832 3607 1983 3677 αὐτῷ

415 3702 641 3772 χειμῶνι
673 3697 960 3771 ὑπήνοιξεν
992 3697 1220 3770 ήδονῆςο
1268 3697 1510 3767 χελιδὼν,
1552 3697 1675 3752 οὔτε
1721 3698 1981 3769 στωμύλα

415 3794 771 3860 κωτίλλουσα,
800 3790 917 3845 ἀλλ’
946 3791 1067 3844 οὐδὲ
1099 3788 1207 3861 μὴν
1251 3789 1345 3843 τὸν
1392 3787 1578 3862 Τηρέα
1631 3791 1985 3861 περιτραυλί-

417 3882 585 3949 ζουσα
612 3884 704 3936 καὶ
744 3884 839 3952 τῆς
867 3882 1075 3936 ἐκείνου
1105 3881 1549 3952 παρατρώγουσα
1580 3881 1824 3952 κλήσεως
1859 3885 1984 3954 (κα⁸

417 3977 596 4045 θάπερ
642 3977 850 4038 ἐκεῖνος
896 3965 996 4047 τὴν
1046 3974 1148 4046 τῆς
1189 3991 1319 4029 ποτε
1360 3974 1652 4045 ἀνθρώπου
1693 3973 1987 4041 Χελιδόνος

417 4065 664 4135 γλῶτταν
715 4065 1169 4134 ἒκαινοτόμησε)ο
1203 4063 1374 4135 μικρά
1413 4065 1469 4118 δὲ
1503 4065 1855 4134 φθεγγομένη
1893 4067 1988 4118 καὶ

416 4158 573 4230 τορά,
609 4159 706 4211 καὶ
755 4155 837 4225 (τὸ
871 4157 990 4210 ὅλον
1024 4156 1216 4227 εἰπεῖν)
1245 4159 1378 4225 ἡμῖν
1414 4157 1691 4227 προσφυῆ,
1723 4159 1873 4222 ὅπως
1922 4157 1990 4212 ἂν

419 4252 515 4305 καὶ
556 4250 686 4320 ἔχῃς
717 4248 907 4317 νοῆσαι
935 4249 994 4301 τὸ
1023 4247 1358 4318 προσφυὲς,
1390 4249 1499 4304 εἴτε
1532 4252 1619 4304 διά
1663 4251 1724 4303 τὸ
1755 4251 1844 4323 ρὰ,
1878 4252 1990 4304 είτε

419 4343 508 4397 διὰ
560 4343 620 4395 τὸ
660 4341 769 4395 τῶν
813 4340 906 4395 τοῦ
944 4341 1196 4407 σώματος
1237 4341 1620 4414 διαστημάτων
1661 4343 1986 4414 μικροφυές.

433 4433 574 4487 ’Δλλ’
608 4435 918 4504 ἐπίπεμψον
953 4437 1084 4504 ἡμῖν
1123 4437 1217 4489 καὶ
1247 4435 1441 4505 ἑτέραν
1470 4435 1736 4506 χελιδόνα,
1770 4436 1865 4491 καὶ
1888 4431 1989 4490 αὗ-

2074 1955 2370 2024 νομίζειεν.
2411 1956 2644 2023 Ἔγνως,
2675 1954 2703 2007 ὃ
2731 1953 2994 2023 βούλομαι
3015 1954 3216 2022 λέγειν.
3244 1953 3321 2008 Οὐ
3359 1953 3640 2024 βούλομαι,

2075 2043 2312 2111 αὑθέντη
2354 2043 2629 2121 Κομνηνὲ,
2688 2041 2776 2111 ἐφ’
2815 2041 2962 2096 οὕτω
3017 2042 3234 2114 μεγάλῃ
3284 2043 3517 2113 σπουδῇ,
3556 2045 3650 2097 ὅτε

2075 2136 2267 2202 καιρὸς
2301 2136 2541 2206 ἀγωνίας
2575 2135 2758 2206 (εἴπερ
2792 2133 2966 2205 ποτὲ),
2999 2135 3090 2188 ὅτε
3121 2134 3271 2196 ὅλαις
3320 2136 3510 2205 χερσὶν
3557 2136 3649 2189 ἀν-

2077 2227 2298 2283 θεκτέον
2326 2228 2432 2283 τῶν
2459 2227 2660 2298 ἔργων,
2687 2226 2788 2298 τὴν
2825 2229 2982 2298 χεῖρα
3013 2227 3233 2296 βλέπειν
3263 2227 3360 2298 τήν
3394 2228 3495 2297 σὴν
3516 2229 3654 2281 ἀπο-

2075 2320 2414 2390 κάμνουσαν.
2443 2319 2553 2374 Καὶ
2583 2319 2814 2390 βραχεῖα
2856 2319 2957 2388 μὲν
2996 2319 3194 2390 (είποις
3229 2317 3318 2390 ἂν)
3370 2320 3404 2389 ή
3459 2320 3668 2388 ἀργία.Δ

2075 2412 2188 2472 Καὶ
2239 2411 2345 2480 γὰρ
2386 2411 2476 2483 (νὴ
2507 2413 2632 2474 τοὺς
2683 2411 2902 2480 λόγους)
2955 2411 3292 2482 ήλήθευσας.
3343 2411 3485 2464 Ἀλλ’
3529 2411 3656 2480 ἐμοὶ

2081 2505 2228 2575 μέγα
2255 2504 2316 2558 τὸ
2346 2507 2597 2574 πταῖσμα
2619 2515 2634 2531 ⁶
2694 2499 2851 2574 οἶμαι
2879 2503 2945 2569 δ’,
2996 2503 3080 2556 ὅτι
3109 2504 3204 2558 καὶ
3233 2503 3336 2558 σοί.
3377 2505 3534 2558 Οὕτω
3556 2505 3656 2558 καὶ

2077 2594 2366 2662 ἀλείπτης,
2409 2591 2535 2648 ίδὼν
2573 2591 2666 2646 τὸν
2713 2591 3126 2664 γυμναζόμενον
3167 2593 3253 2661 ἐφ’
3293 2594 3355 2646 ἓν
3390 2610 3442 2645 τι
3497 2593 3654 2661 βῆμα

2079 2687 2242 2751 ποδὸς
2275 2688 2310 2758 ἢ
2344 2687 2440 2741 καὶ
2463 2685 2646 2760 χειρὸς
2679 2686 2945 2760 ἀνάτασιν
2983 2688 3177 2742 ἑαυτὸν
3215 2686 3317 2740 οὐκ
3362 2686 3654 2756 εὐρύθμως

2082 2779 2450 2842 συντείνοντα,
2480 2780 2529 2832 εἰ
2568 2777 2648 2850 μή
2697 2777 2903 2849 ἔργοις,
2946 2777 3126 2845 λόγοις
3169 2778 3214 2830 δ’
3241 2777 3335 2833 οὖν
3377 2780 3479 2832 οὐκ
3508 2779 3655 2846 ἀγα-

2082 2870 2195 2934 θοῖς
2221 2870 2510 2942 ἀμείϐεται
2531 2869 2624 2924 τὸν
2649 2869 3108 2939 ὑπαλειφόμενον.
3151 2869 3356 2934 Μάθοις
3385 2869 3430 2924 δ’
3463 2869 3526 2923 ἂν
3553 2868 3648 2922 καὶ

2081 2962 2412 3034 στρατηγὸν,
2444 2962 2545 3015 κᾶν
2568 2961 2664 3014 ἐπὶ
2687 2961 2861 3034 βραχὺ
2887 2962 2978 3016 τὸν
3004 2962 3364 3034 στρατιώτην,
3404 2961 3461 3013 δν
3489 2959 3652 3024 αὐτὸς

2082 3055 2297 3124 ἀλείφει
2336 3053 2474 3125 πρὸς
2509 3053 2770 3124 πόλεμον,
2823 3053 3280 3119 ἀπονυστάξαντα
3319 3053 3485 3124 μάθῃ,
3519 3069 3654 3118 σφοο

2082 3147 2224 3219 δρῶς
2257 3145 2422 3201 αὑτοῦ
2459 3145 2908 3216 καθικνούμενον.
2941 3177 3014 3194 ρ-
3045 3146 3157 3201 Kal
3185 3147 3252 3200 τὰ
3283 3148 3382 3215 μὲν
3411 3146 3655 3215 ἡμέτερα

2083 3239 2333 3295 τοιαῦτα.
2371 3240 2462 3293 Σοὶ
2490 3239 2549 3293 δὲ
2585 3235 2647 3294 εὖ
2679 3240 2910 3309 γένοιτο,
2932 3240 3124 3309 ὅτιπερ
3145 3238 3482 3308 εὐαισθήτως
3511 3236 3657 3307 ἔχεις

2087 3333 2310 3400 σαυτοῦ,
2344 3334 2440 3389 καὶ
2467 3335 2564 3387 ἐπὶ
2597 3335 2860 3396 τοιούτοις
2897 3332 3066 3404 δάκνῃ
3096 3331 3196 3402 τὴν
3216 3329 3414 3401 ψυχὴν,
3439 3330 3535 3384 καὶ
3564 3346 3661 3382 κα.

2087 3426 2490 3497 θυπεμφαίνεις
2535 3429 2656 3490 ταῖς
2697 3425 2975 3486 τοιαύταις
3019 3425 3241 3494 ἀρχαῖς,
3285 3421 3445 3480 ὁποία
3491 3439 3574 3475 σοι
3595 3422 3659 3483 ές

2085 3519 2448 3588 τομετέπειτα
2476 3520 2507 3589 ἡ
2536 3517 2718 3588 ἀγαθὴ
2757 3518 2856 3589 τῆς
2897 3518 3078 3586 ψυχῆς
3135 3503 3343 3570 enim
3410 3512 3660 3584 προσαύ-

2088 3612 2261 3682 ξησιςο

2821 3701 2924 3756 IB'.

2159 3790 2235 3850 Εὑ
2271 3812 2362 3865 μοι
2392 3794 2493 3865 τῆς
2523 3793 2735 3865 ἡμέρας
2764 3794 2989 3863 ταύτης,
3019 3791 3254 3864 αὐθέντῃ
3293 3790 3659 3854 παωέὸαστε,

2089 3889 2212 3944 καθ’
2264 3889 2332 3958 ἢν
2365 3888 2428 3941 τὸ
2476 3887 2572 3941 σὸν
2619 3887 2858 3960 γράμμα
2901 3886 3262 3956 κεκόμισμαιο
3315 3885 3377 3938 εὑ
3433 3903 3525 3955 μοι
3562 3884 3663 3954 τῆς

2103 3980 2551 4040 Ῥοδοδακτύλου.
2602 3980 2725 4036 καθ’
2756 3979 2823 4051 ἣν
2867 3979 3139 4049 εὐήμερεν
3202 3980 3336 4049 ἡμῖν
3373 3979 3664 4046 ὑταγύγασε

2096 4075 2341 4145 μήνυμα,
2379 4073 2648 4143 ὑγιαίνειν
2687 4074 2789 4140 τὴν
2819 4073 2919 4142 σὴν
2944 4070 3251 4143 ἀντίληψιν.
3289 4073 3403 4125 Καὶ
3455 4072 3664 4123 ἐπανα-

2091 4165 2291 4230 τέλλοι,
2310 4164 2412 4219 Θεὲ
2433 4166 2630 4236 σῶτερ,
2656 4165 2788 4234 ἡμῖν
2816 4165 2986 4233 συχνὰ
3011 4163 3073 4216 τὸ
3092 4162 3302 4216 τοιοῦτο
3321 4162 3547 4231 ἀγαθὸν,
3566 4161 3664 4214 καὶ

2092 4257 2436 4320 διασκεδάζοι
2467 4258 2650 4310 πᾶσαν
2682 4256 2782 4328 τὴν
2803 4257 2868 4310 ὲκ
2893 4255 3070 4326 λύπης
3103 4255 3342 4326 ζοφερὰν
3363 4253 3664 4308 ὲπισύστα-

2095 4367 2204 4406 σιν.
2243 4347 2596 4418 ’Υγιαίνομεν
2623 4346 2773 4410 ’τέως
2802 4347 2898 4404 καὶ
2949 4347 3136 4417 ἡμεῖς,
3185 4346 3472 4416 χαίροντες
3514 4375 3585 4386 -
3613 4345 3669 4398 εἰ

2094 4442 2197 4512 μὲν
2229 4443 2320 4495 ἐπὶ
2341 4443 2455 4503 τοῖς
2493 4440 2616 4495 καθ’
2656 4441 2804 4510 ἡμᾶς
2851 4439 3128 4508 νομίσαις,
3173 4439 3314 4509 οὑχί’
3374 4437 3557 4506 μόνοις
3582 4436 3666 4499 δὲ,

421 4526 505 4589 οις
533 4525 700 4596 ἀλλην
719 4537 738 4556 ⁸
763 4525 860 4581 καὶ
883 4526 1106 4594 ποίησον
1128 4527 1259 4599 ἡμῖν
1289 4528 1380 4581 τὸν
1405 4527 1648 4581 οίκίσκον
1666 4558 1738 4568 -
1757 4527 1816 4580 οὐ
1844 4529 1990 4597 λέγω
2023 4527 2065 4581 D
2095 4530 2177 4597 οίς
2198 4535 2582 4605 τροπαιουχεῖν
2605 4531 2698 4585 τὸν
2730 4533 2992 4602 κραταιὸν
3019 4530 3114 4584 καὶ
3144 4530 3300 4597 ἆγιον
3332 4528 3487 4599 ήμῶν
3513 4527 3674 4597 βασι-

420 4617 706 4689 χελιδόνων
740 4620 969 4688 μουσεῖα
1002 4619 1323 4692 (μαινοίμην
1371 4620 1480 4692 γὰρ
1532 4619 1644 4690 ἂν),
1679 4621 1814 4674 ἀλλά
1864 4638 1994 4692 μου-

421 4713 582 4768 σείων
615 4713 892 4782 ἄντικρυς,
943 4712 1040 4765 καὶ
1069 4712 1306 4780 ἀηδόνων
1337 4711 1566 4784 λόχμην,
1599 4712 1630 4784 ῆ
1673 4715 1836 4783 νῆσον
1879 4713 1997 4767 Σει-

421 4806 625 4875 ρήνων,
653 4803 686 4874 ἢ
718 4801 1063 4872 καταγώγιον
1093 4802 1388 4871 όρφανικόν
1408 4818 1421 4832 ·
1455 4801 1530 4867 ὡς
1559 4803 1627 4856 ἂν
1653 4803 1794 4857 οὑτω
1823 4805 1912 4857 καὶ
1935 4803 1997 4857 τὸ

421 4899 521 4968 ἔαρ
563 4897 836 4968 σταθηρὸν
881 4897 1134 4970 ποιήσῃς,
1170 4896 1266 4950 καὶ
1302 4895 1366 4965 δὴ
1394 4896 1490 4951 καὶ
1527 4896 1584 4960 ἐς
1619 4895 1777 4968 θέρος
1809 4896 1997 4966 τερψι-

421 4991 592 5060 θυμον
624 4989 1101 5058 παραγγείλωμεν.
1138 4989 1296 5041 Ποῖον
1323 4990 1498 5041 ἐκεῖνο
1523 5003 1540 5054 ;
1577 4989 1686 5051 Τάς
1715 4989 1809 5042 ἐπὶ
1836 4991 1901 5059 τῇ
1929 4992 1994 5060 σῇ

423 5077 778 5154 πανσεϐἀστῃ
815 5079 1056 5150 ὑπεροχῇ
1106 5079 1350 5150 χρηστὰς
1411 5079 1652 5146 ἐλπίδας,
1689 5080 1755 5144 ἀς
1787 5081 1882 5136 καὶ
1916 5082 1996 5145 είς

419 5171 575 5236 τέλος
605 5170 804 5241 ἀγάγοι
827 5168 955 5232 Θεὸς
983 5172 1048 5240 τῇ
1084 5171 1248 5223 αὐτοῦ
1285 5171 1489 5242 χάριτι.

1159 5260 1264 5316 IA'.

505 5359 744 5422 Ἐκεῖνος
777 5356 962 5422 αὐτὸς,
1000 5354 1238 5424 αὐθέντη
1291 5355 1567 5426 Κομνηνὲ,
1599 5357 1628 5408 6
1672 5356 1998 5426 διακονήσας

421 5451 498 5523 τῷ
523 5454 623 5520 τῆς
652 5451 916 5521 ἀγγελίας
943 5468 1035 5522 μοι
1066 5447 1400 5521 σκυθρωπῷ,
1439 5447 1731 5518 εὐάγγελος
1764 5449 1997 5518 γίνεται,

423 5546 516 5595 καὶ
541 5543 799 5597 λελῦσθαί
846 5559 930 5594 σοι
965 5543 1066 5613 τὴν
1093 5536 1320 5613 μέμψιν
1372 5539 1591 5611 μηνύει,
1626 5541 1715 5593 καὶ
1773 5540 1872 5608 τὴν
1899 5539 1999 5608 τῆς

427 5638 632 5702 μικρᾶς
658 5635 875 5706 ἐκείνης
894 5633 1260 5697 ἀναπτώσεως
1283 5633 1654 5703 ἀπαλειφῆναι
1672 5632 1906 5704 γραφὴν.
1931 5631 1998 5697 ἦν

425 5726 744 5795 ἐγράψαμεν
766 5731 830 5783 ἀν
854 5747 913 5782 σε
943 5728 1182 5799 δριμέως
1211 5729 1340 5799 παρ’
1361 5727 1668 5799 εὐγνώμοσι
1693 5727 1995 5792 δικασταῖς,

427 5819 475 5870 εί
509 5818 584 5889 μὴ
617 5819 706 5870 τὸν
736 5819 952 5891 ἔλεγχον
985 5821 1196 5891 φθάσας
1228 5821 1326 5876 τὸν
1363 5821 1455 5876 τοῦ
1479 5821 1785 5892 κατηγόρου
1814 5820 1962 5889 γλῶσ
1983 5851 1997 5864 ι

2099 4625 2196 4679 λέα
2232 4623 2532 4693 εμάθομεν.
2566 4652 2636 4663 -
2665 4621 2748 4676 Τά
2767 4621 2910 4676 κατά
2934 4620 3025 4675 τὸν
3044 4617 3351 4690 ἡγούμενον
3383 4619 3674 4688 ᾠκονόμη-

2097 4717 2315 4782 ται,.ώς
2333 4712 2400 4790 ἦν
2445 4715 2693 4772 δυνατόν·
2736 4714 2797 4769 οὑ
2825 4712 2892 4768 δι’
2940 4712 3070 4767 ἄλλο
3093 4729 3168 4778 τι,
3189 4711 3265 4774 ώς
3290 4711 3317 4763 6
3338 4709 3471 4774 Θεὸς
3500 4706 3672 4762 οἶδεν·

2097 4809 2238 4866 ἀλλά
2259 4809 2322 4862 τὸ
2362 4807 2547 4874 πλέον,
2595 4808 2684 4862 ἶνα
2729 4805 2809 4876 μὴ
2835 4805 3138 4875 πράγματα
3175 4803 3306 4880 οέχῃ,
3331 4803 3414 4871 ἐφ’
3460 4797 3541 4866 οἷς
3569 4801 3677 4855 οὐκ

2099 4903 2292 4974 ἐχρῆν,
2322 4903 2358 4972 ή
2386 4901 2453 4972 σή
2477 4899 2787 4971 ἀντίληψις,
2809 4899 2900 4953 διὰ
2926 4898 2985 4954 τὸ
3024 4899 3133 4952 τῶν
3161 4897 3472 4950 ὑποθέσεων
3499 4896 3682 4964 ἀμφίς

2097 4997 2279 5062 λογον.
2302 5023 2372 5052 -έ
2415 4991 2788 5065 Προσκυνοῦσι
2821 4990 2920 5060 τὴν
2956 4988 3243 5058 ἀντίληψίν
3276 5004 3369 5040 σου
3403 4988 3501 5040 σὺν
3533 4988 3676 5056 ἡμῖν

2100 5088 2341 5150 ἅπαντες
2372 5084 2726 5154 οίήμέτεροι,
2763 5082 3122 5154 ἐπευχόμενοι
3160 5081 3258 5152 τὴν
3287 5079 3426 5150 μετά
3479 5080 3680 5148 ὑγείας

2101 5177 2528 5250 αὐτοπρόσωπον
2605 5175 2869 5240 ἔντευξιν,
2933 5173 3033 5244 τήν
3076 5173 3280 5238 ζῶσαν,
3327 5169 3427 5240 τὴν
3473 5169 3680 5238 γλυκε-

2105 5273 2224 5344 ράν.
2261 5302 2331 5313 -
2383 5268 2651 5336 ’Υγιαίνει
2699 5267 2795 5321 καὶ
2840 5268 2869 5319 6
2901 5265 2990 5330 σὸς
3048 5265 3264 5334 μικρὸς,
3309 5264 3341 5317 6
3400 5262 3683 5333 ἡμέτερος

2105 5363 2374 5434 μαθητής.
2408 5360 2555 5414 Ἀλλ’
2585 5359 2740 5413 οὑπω
2788 5357 2888 5428 τὴν
2917 5357 3169 5426 γλῶσσαν
3190 5355 3428 5425 έστρεψα
3455 5355 3595 5420 πρὸς
3618 5356 3684 5408 τὸ

2103 5455 2296 5523 σαφές.
2329 5448 2499 5524 Οἶμαι
2531 5451 2660 5520 γάρ,
2710 5450 2794 5503 ὅτι
2838 5451 2929 5502 τὸν
2983 5447 3148 5502 καλὸν
3197 5448 3399 5508 ἐννοεῖς
3423 5461 3438 5475 ⁸
3472 5445 3570 5499 τὸν
3599 5447 3684 5499 ἔτι

2105 5546 2203 5616 μὲν
2229 5547 2389 5614 φύσει
2421 5543 2640 5614 μικρὸν,
2686 5543 2818 5612 ἡμῖν
2851 5541 2905 5594 δὲ
2959 5540 3133 5610 μέγαν
3165 5537 3441 5608 Ἰωάννην,
3473 5537 3535 5590 ὃν
3577 5538 3685 5592 οὐκ

2100 5638 2255 5706 ἀνίης
2287 5634 2727 5707 ἐπιγραφόμενός
2770 5650 2862 5702 μοι
2901 5632 3174 5701 μαθητήν.
3203 5630 3368 5684 Ἀλλά
3409 5628 3506 5682 καὶ
3527 5632 3682 5683 ἐκεῖ-

2102 5731 2191 5794 νος
2225 5731 2323 5799 μὲν
2382 5727 2639 5797 ὑγιαίνει’
2671 5726 2766 5780 καὶ
2798 5726 2881 5792 είη
2941 5723 3114 5786 οὑτως
3162 5723 3324 5794 ἔχων,
3376 5723 3472 5778 καὶ
3532 5723 3680 5790 μετά

2101 5823 2289 5890 ὑγείας
2317 5822 2528 5892 ὑψηλὴν
2555 5818 2771 5884 ἀνάγων
2803 5817 3040 5884 βλάστην
3069 5815 3172 5880 ἕως
3204 5817 3280 5882 είς
3312 5817 3535 5870 τέλ;ιον.
3564 5815 3682 5868 Καί
