  <div class='ocr_page' id='page_1' title='image "/cluster/home/n/w/nwhite01/storage/ocr_20150623/136/hvd.32044054100201/643.png"; bbox 0 0 4032 6214; ppageno 0'>
   <div class='ocr_carea' id='block_1_1' title="bbox 409 220 625 317">
    <p class='ocr_par' dir='ltr' id='par_1_1' title="bbox 409 220 625 317">
     <span class='ocr_line' id='line_1_1' title="bbox 409 220 625 317; baseline 0.009 -6"><span class='ocrx_word' id='word_1_1' title='bbox 409 250 537 317; x_wconf 75' lang='lat'>1271</span> <span class='ocrx_word' id='word_1_2' title='bbox 618 220 625 223; x_wconf 74' lang='grc'><em>’</em></span> 
     </span>
    </p>
   </div>
   <div class='ocr_carea' id='block_1_2' title="bbox 1767 264 2150 329">
    <p class='ocr_par' dir='ltr' id='par_1_2' title="bbox 1767 264 2150 329">
     <span class='ocr_line' id='line_1_2' title="bbox 1767 264 2150 329; baseline 0.013 -6"><span class='ocrx_word' id='word_1_3' title='bbox 1767 264 2150 329; x_wconf 81' lang='lat' dir='ltr'>ADDENDA.</span> 
     </span>
    </p>
   </div>
   <div class='ocr_carea' id='block_1_3' title="bbox 3519 263 3671 330">
    <p class='ocr_par' dir='ltr' id='par_1_3' title="bbox 3519 263 3671 330">
     <span class='ocr_line' id='line_1_3' title="bbox 3519 263 3671 330; baseline -0.013 0"><span class='ocrx_word' id='word_1_4' title='bbox 3519 263 3671 330; x_wconf 69' lang='lat'>1272</span> 
     </span>
    </p>
   </div>
   <div class='ocr_carea' id='block_1_4' title="bbox 391 376 3674 456">
    <p class='ocr_par' dir='ltr' id='par_1_4' title="bbox 391 376 3674 456">
     <span class='ocr_line' id='line_1_4' title="bbox 391 376 3674 456; baseline 0.004 -29"><span class='ocrx_word' id='word_1_5' title='bbox 391 377 564 441; x_wconf 77' lang='grc' dir='ltr'>ἡδέως</span> <span class='ocrx_word' id='word_1_6' title='bbox 598 376 690 431; x_wconf 79' lang='grc' dir='ltr'>τὸν</span> <span class='ocrx_word' id='word_1_7' title='bbox 721 380 820 448; x_wconf 69' lang='grc' dir='ltr'>τῆς</span> <span class='ocrx_word' id='word_1_8' title='bbox 861 380 1077 451; x_wconf 81' lang='grc' dir='ltr'>γραφῆς</span> <span class='ocrx_word' id='word_1_9' title='bbox 1115 379 1364 436; x_wconf 76' lang='grc' dir='ltr'>διάκονον</span> <span class='ocrx_word' id='word_1_10' title='bbox 1416 383 1772 456; x_wconf 84' lang='grc' dir='ltr'>ἀναδέχομαι.</span> <span class='ocrx_word' id='word_1_11' title='bbox 1824 386 1977 441; x_wconf 76' lang='grc' dir='ltr'>Ἐπεὶ</span> <span class='ocrx_word' id='word_1_12' title='bbox 2004 396 2050 456; x_wconf 76' lang='grc' dir='ltr'>Α</span> <span class='ocrx_word' id='word_1_13' title='bbox 2079 386 2265 449; x_wconf 82' lang='grc' dir='ltr'>θέντες</span> <span class='ocrx_word' id='word_1_14' title='bbox 2295 385 2450 455; x_wconf 80' lang='grc' dir='ltr'>μόλις</span> <span class='ocrx_word' id='word_1_15' title='bbox 2481 386 2787 456; x_wconf 77' lang='grc' dir='ltr'>γεγόναμεν</span> <span class='ocrx_word' id='word_1_16' title='bbox 2821 384 3055 448; x_wconf 78' lang='grc' dir='ltr'>έαυτῶν,</span> <span class='ocrx_word' id='word_1_17' title='bbox 3087 383 3183 437; x_wconf 81' lang='grc' dir='ltr'>καὶ</span> <span class='ocrx_word' id='word_1_18' title='bbox 3226 383 3525 455; x_wconf 76' lang='grc' dir='ltr'>λαλοῦμεν,</span> <span class='ocrx_word' id='word_1_19' title='bbox 3563 388 3674 441; x_wconf 82' lang='grc' dir='ltr'>καὶ</span> 
     </span>
    </p>
   </div>
   <div class='ocr_carea' id='block_1_5' title="bbox 388 471 1973 545">
    <p class='ocr_par' dir='ltr' id='par_1_5' title="bbox 388 471 1973 545">
     <span class='ocr_line' id='line_1_5' title="bbox 388 471 1973 545; baseline 0.007 -24"><span class='ocrx_word' id='word_1_20' title='bbox 388 471 445 525; x_wconf 69' lang='grc' dir='ltr'>δέ</span> <span class='ocrx_word' id='word_1_21' title='bbox 469 472 563 527; x_wconf 70' lang='grc' dir='ltr'>καὶ</span> <span class='ocrx_word' id='word_1_22' title='bbox 589 473 668 536; x_wconf 81' lang='grc' dir='ltr'>εἰς</span> <span class='ocrx_word' id='word_1_23' title='bbox 698 475 887 544; x_wconf 78' lang='grc' dir='ltr'>χεῖρας</span> <span class='ocrx_word' id='word_1_24' title='bbox 924 474 984 526; x_wconf 71' lang='grc' dir='ltr'>τὸ</span> <span class='ocrx_word' id='word_1_25' title='bbox 1014 474 1251 544; x_wconf 86' lang='grc' dir='ltr'>γράμμα</span> <span class='ocrx_word' id='word_1_26' title='bbox 1276 474 1498 545; x_wconf 72' lang='grc' dir='ltr'>λάϐοιμι</span> <span class='ocrx_word' id='word_1_27' title='bbox 1531 478 1628 531; x_wconf 80' lang='grc' dir='ltr'>καὶ</span> <span class='ocrx_word' id='word_1_28' title='bbox 1657 479 1973 545; x_wconf 78' lang='grc' dir='ltr'>ἀναπτύξας</span> 
     </span>
    </p>
   </div>
   <div class='ocr_carea' id='block_1_6' title="bbox 388 563 1973 640">
    <p class='ocr_par' dir='ltr' id='par_1_6' title="bbox 388 563 1973 640">
     <span class='ocr_line' id='line_1_6' title="bbox 388 563 1973 640; baseline 0.008 -25"><span class='ocrx_word' id='word_1_29' title='bbox 388 563 679 634; x_wconf 85' lang='grc' dir='ltr'>διέλθοιμι,</span> <span class='ocrx_word' id='word_1_30' title='bbox 706 565 917 632; x_wconf 73' lang='grc' dir='ltr'>γίνεταί</span> <span class='ocrx_word' id='word_1_31' title='bbox 955 581 1046 633; x_wconf 89' lang='grc' dir='ltr'>μοι</span> <span class='ocrx_word' id='word_1_32' title='bbox 1082 566 1225 620; x_wconf 80' lang='grc' dir='ltr'>κατά</span> <span class='ocrx_word' id='word_1_33' title='bbox 1253 566 1352 637; x_wconf 76' lang='grc' dir='ltr'>τὴν</span> <span class='ocrx_word' id='word_1_34' title='bbox 1392 572 1695 640; x_wconf 74' lang='grc' dir='ltr'>παροιμίαν</span> <span class='ocrx_word' id='word_1_35' title='bbox 1723 571 1973 627; x_wconf 64' lang='lat' dir='ltr'><strong><em>arma</em></strong></span> 
     </span>
    </p>
   </div>
   <div class='ocr_carea' id='block_1_7' title="bbox 388 657 1967 731">
    <p class='ocr_par' dir='ltr' id='par_1_7' title="bbox 388 657 1967 731">
     <span class='ocr_line' id='line_1_7' title="bbox 388 657 1967 731; baseline 0.005 -21"><span class='ocrx_word' id='word_1_36' title='bbox 388 657 463 711; x_wconf 73' lang='grc' dir='ltr'>τὰ</span> <span class='ocrx_word' id='word_1_37' title='bbox 513 658 622 713; x_wconf 79' lang='grc' dir='ltr'>τοῦ</span> <span class='ocrx_word' id='word_1_38' title='bbox 653 657 1032 727; x_wconf 75' lang='grc' dir='ltr'>πράγματος·</span> <span class='ocrx_word' id='word_1_39' title='bbox 1065 661 1160 715; x_wconf 77' lang='grc' dir='ltr'>καὶ</span> <span class='ocrx_word' id='word_1_40' title='bbox 1193 660 1255 714; x_wconf 84' lang='grc' dir='ltr'>ού</span> <span class='ocrx_word' id='word_1_41' title='bbox 1290 661 1452 731; x_wconf 91' lang='grc' dir='ltr'>μόνον</span> <span class='ocrx_word' id='word_1_42' title='bbox 1498 664 1597 717; x_wconf 85' lang='grc' dir='ltr'>οὑκ</span> <span class='ocrx_word' id='word_1_43' title='bbox 1632 664 1820 728; x_wconf 71' lang='grc' dir='ltr'>ἔνθους</span> <span class='ocrx_word' id='word_1_44' title='bbox 1865 665 1967 731; x_wconf 72' lang='grc' dir='ltr'>ἔτι,</span> 
     </span>
    </p>
   </div>
   <div class='ocr_carea' id='block_1_8' title="bbox 389 746 1969 829">
    <p class='ocr_par' dir='ltr' id='par_1_8' title="bbox 389 746 1969 829">
     <span class='ocr_line' id='line_1_8' title="bbox 389 746 1969 829; baseline 0.004 -26"><span class='ocrx_word' id='word_1_45' title='bbox 389 751 484 809; x_wconf 82' lang='grc' dir='ltr'>καὶ</span> <span class='ocrx_word' id='word_1_46' title='bbox 530 751 850 820; x_wconf 80' lang='grc' dir='ltr'>ὀλιγοπότης</span> <span class='ocrx_word' id='word_1_47' title='bbox 890 769 954 820; x_wconf 82' lang='grc' dir='ltr'>γε</span> <span class='ocrx_word' id='word_1_48' title='bbox 995 746 1135 807; x_wconf 74' lang='grc' dir='ltr'>εἶναι</span> <span class='ocrx_word' id='word_1_49' title='bbox 1180 756 1494 825; x_wconf 82' lang='grc' dir='ltr'>μεμένηκα.</span> <span class='ocrx_word' id='word_1_50' title='bbox 1548 757 1656 810; x_wconf 82' lang='grc' dir='ltr'>Καὶ</span> <span class='ocrx_word' id='word_1_51' title='bbox 1703 752 1773 829; x_wconf 79' lang='grc' dir='ltr'>ἦν</span> <span class='ocrx_word' id='word_1_52' title='bbox 1822 756 1969 819; x_wconf 82' lang='grc' dir='ltr'>είκδς</span> 
     </span>
    </p>
   </div>
   <div class='ocr_carea' id='block_1_9' title="bbox 387 842 1966 918">
    <p class='ocr_par' dir='ltr' id='par_1_9' title="bbox 387 842 1966 918">
     <span class='ocr_line' id='line_1_9' title="bbox 387 842 1966 918; baseline 0.003 -22"><span class='ocrx_word' id='word_1_53' title='bbox 387 843 450 897; x_wconf 70' lang='grc' dir='ltr'>τὸ</span> <span class='ocrx_word' id='word_1_54' title='bbox 484 842 677 908; x_wconf 73' lang='grc' dir='ltr'>πάθος.</span> <span class='ocrx_word' id='word_1_55' title='bbox 710 844 866 898; x_wconf 80' lang='grc' dir='ltr'>Κατά</span> <span class='ocrx_word' id='word_1_56' title='bbox 901 845 1011 914; x_wconf 69' lang='grc' dir='ltr'>γὰρ</span> <span class='ocrx_word' id='word_1_57' title='bbox 1058 845 1153 898; x_wconf 81' lang='grc' dir='ltr'>τὸν</span> <span class='ocrx_word' id='word_1_58' title='bbox 1183 845 1277 898; x_wconf 87' lang='grc' dir='ltr'>τοῦ</span> <span class='ocrx_word' id='word_1_59' title='bbox 1334 847 1563 915; x_wconf 81' lang='grc' dir='ltr'>Σοφίλου</span> <span class='ocrx_word' id='word_1_60' title='bbox 1624 851 1708 901; x_wconf 68' lang='grc' dir='ltr'>σοὶ</span> <span class='ocrx_word' id='word_1_61' title='bbox 1759 849 1858 918; x_wconf 79' lang='grc' dir='ltr'>μὲν</span> <span class='ocrx_word' id='word_1_62' title='bbox 1905 843 1966 902; x_wconf 79' lang='grc' dir='ltr'>εὖ</span> 
     </span>
    </p>
   </div>
   <div class='ocr_carea' id='block_1_10' title="bbox 388 935 1969 1011">
    <p class='ocr_par' dir='ltr' id='par_1_10' title="bbox 388 935 1969 1011">
     <span class='ocr_line' id='line_1_10' title="bbox 388 935 1969 1011; baseline 0.004 -24"><span class='ocrx_word' id='word_1_63' title='bbox 388 936 685 1003; x_wconf 74' lang='grc' dir='ltr'>πράττοντι</span> <span class='ocrx_word' id='word_1_64' title='bbox 725 935 900 1006; x_wconf 79' lang='grc' dir='ltr'>χαίρω</span> <span class='ocrx_word' id='word_1_65' title='bbox 923 949 938 966; x_wconf 76' lang='grc'>⁸</span> <span class='ocrx_word' id='word_1_66' title='bbox 975 938 1026 991; x_wconf 80' lang='grc' dir='ltr'>εί</span> <span class='ocrx_word' id='word_1_67' title='bbox 1069 938 1125 991; x_wconf 78' lang='grc' dir='ltr'>δέ</span> <span class='ocrx_word' id='word_1_68' title='bbox 1163 940 1340 992; x_wconf 85' lang='grc' dir='ltr'>σοιτά</span> <span class='ocrx_word' id='word_1_69' title='bbox 1384 939 1485 1005; x_wconf 82' lang='grc' dir='ltr'>τῆς</span> <span class='ocrx_word' id='word_1_70' title='bbox 1524 939 1696 1011; x_wconf 84' lang='grc' dir='ltr'>τύχης</span> <span class='ocrx_word' id='word_1_71' title='bbox 1731 939 1969 1005; x_wconf 73' lang='grc' dir='ltr'>ἔμπαλιν</span> 
     </span>
    </p>
   </div>
   <div class='ocr_carea' id='block_1_11' title="bbox 389 1023 1964 1101">
    <p class='ocr_par' dir='ltr' id='par_1_11' title="bbox 389 1023 1964 1101">
     <span class='ocr_line' id='line_1_11' title="bbox 389 1023 1964 1101; baseline 0.003 -22"><span class='ocrx_word' id='word_1_72' title='bbox 389 1027 639 1099; x_wconf 78' lang='grc' dir='ltr'>φέρεται,</span> <span class='ocrx_word' id='word_1_73' title='bbox 675 1029 851 1098; x_wconf 72' lang='grc' dir='ltr'>μέγαν</span> <span class='ocrx_word' id='word_1_74' title='bbox 880 1023 1038 1085; x_wconf 76' lang='grc' dir='ltr'>ὄκνον</span> <span class='ocrx_word' id='word_1_75' title='bbox 1068 1028 1175 1101; x_wconf 68' lang='grc' dir='ltr'>ἔχω</span> <span class='ocrx_word' id='word_1_76' title='bbox 1208 1033 1302 1084; x_wconf 73' lang='grc' dir='ltr'>καὶ</span> <span class='ocrx_word' id='word_1_77' title='bbox 1333 1030 1672 1100; x_wconf 78' lang='grc' dir='ltr'>πεφόϐημαι.</span> <span class='ocrx_word' id='word_1_78' title='bbox 1706 1030 1964 1085; x_wconf 86' lang='grc' dir='ltr'>Τοιοῦτόν</span> 
     </span>
    </p>
   </div>
   <div class='ocr_carea' id='block_1_12' title="bbox 390 1119 1967 1193">
    <p class='ocr_par' dir='ltr' id='par_1_12' title="bbox 390 1119 1967 1193">
     <span class='ocr_line' id='line_1_12' title="bbox 390 1119 1967 1193; baseline 0.003 -21"><span class='ocrx_word' id='word_1_79' title='bbox 390 1136 483 1188; x_wconf 83' lang='grc' dir='ltr'>μοι</span> <span class='ocrx_word' id='word_1_80' title='bbox 536 1119 723 1190; x_wconf 84' lang='grc' dir='ltr'>κῶμον</span> <span class='ocrx_word' id='word_1_81' title='bbox 767 1120 1105 1189; x_wconf 69' lang='grc' dir='ltr'>δπεισήγαγε</span> <span class='ocrx_word' id='word_1_82' title='bbox 1137 1124 1203 1193; x_wconf 79' lang='grc' dir='ltr'>τῇ</span> <span class='ocrx_word' id='word_1_83' title='bbox 1250 1123 1500 1193; x_wconf 77' lang='grc' dir='ltr'>τραπέζῃ</span> <span class='ocrx_word' id='word_1_84' title='bbox 1539 1122 1677 1193; x_wconf 88' lang='grc' dir='ltr'>τύχη</span> <span class='ocrx_word' id='word_1_85' title='bbox 1723 1140 1807 1187; x_wconf 90' lang='grc' dir='ltr'>τις</span> <span class='ocrx_word' id='word_1_86' title='bbox 1839 1122 1967 1191; x_wconf 85' lang='grc' dir='ltr'>φθο-</span> 
     </span>
    </p>
   </div>
   <div class='ocr_carea' id='block_1_13' title="bbox 388 1210 1968 1285">
    <p class='ocr_par' dir='ltr' id='par_1_13' title="bbox 388 1210 1968 1285">
     <span class='ocr_line' id='line_1_13' title="bbox 388 1210 1968 1285; baseline 0.003 -23"><span class='ocrx_word' id='word_1_87' title='bbox 388 1210 522 1282; x_wconf 86' lang='grc' dir='ltr'>νερά</span> <span class='ocrx_word' id='word_1_88' title='bbox 567 1211 1001 1283; x_wconf 67' lang='grc' dir='ltr'>ὑποκαθημένηε</span> <span class='ocrx_word' id='word_1_89' title='bbox 1056 1212 1199 1267; x_wconf 80' lang='grc' dir='ltr'>οὕτω</span> <span class='ocrx_word' id='word_1_90' title='bbox 1253 1230 1343 1285; x_wconf 88' lang='grc' dir='ltr'>μοι</span> <span class='ocrx_word' id='word_1_91' title='bbox 1391 1214 1725 1283; x_wconf 77' lang='grc' dir='ltr'>ἐπεκώμασε</span> <span class='ocrx_word' id='word_1_92' title='bbox 1759 1214 1968 1284; x_wconf 70' lang='grc' dir='ltr'>σφοδρὰ</span> 
     </span>
    </p>
   </div>
   <div class='ocr_carea' id='block_1_14' title="bbox 389 1305 1966 1377">
    <p class='ocr_par' dir='ltr' id='par_1_14' title="bbox 389 1305 1966 1377">
     <span class='ocr_line' id='line_1_14' title="bbox 389 1305 1966 1377; baseline 0.001 -20"><span class='ocrx_word' id='word_1_93' title='bbox 389 1306 489 1358; x_wconf 80' lang='grc' dir='ltr'>καὶ</span> <span class='ocrx_word' id='word_1_94' title='bbox 538 1305 880 1368; x_wconf 64' lang='grc' dir='ltr'>ἀκάθεκτοςα</span> <span class='ocrx_word' id='word_1_95' title='bbox 927 1308 1021 1361; x_wconf 83' lang='grc' dir='ltr'>καί</span> <span class='ocrx_word' id='word_1_96' title='bbox 1057 1324 1147 1375; x_wconf 85' lang='grc' dir='ltr'>μοι</span> <span class='ocrx_word' id='word_1_97' title='bbox 1191 1307 1253 1360; x_wconf 87' lang='grc' dir='ltr'>τό</span> <span class='ocrx_word' id='word_1_98' title='bbox 1296 1324 1357 1361; x_wconf 78' lang='grc' dir='ltr'>τε</span> <span class='ocrx_word' id='word_1_99' title='bbox 1393 1308 1569 1377; x_wconf 83' lang='grc' dir='ltr'>στόμα</span> <span class='ocrx_word' id='word_1_100' title='bbox 1612 1308 1966 1377; x_wconf 72' lang='grc' dir='ltr'>συμπιέσασα</span> 
     </span>
    </p>
   </div>
   <div class='ocr_carea' id='block_1_15' title="bbox 391 1395 1966 1469">
    <p class='ocr_par' dir='ltr' id='par_1_15' title="bbox 391 1395 1966 1469">
     <span class='ocr_line' id='line_1_15' title="bbox 391 1395 1966 1469; baseline 0.002 -20"><span class='ocrx_word' id='word_1_101' title='bbox 391 1395 593 1468; x_wconf 73' lang='grc' dir='ltr'>ἐπέσχε</span> <span class='ocrx_word' id='word_1_102' title='bbox 645 1398 741 1450; x_wconf 89' lang='grc' dir='ltr'>τοῦ</span> <span class='ocrx_word' id='word_1_103' title='bbox 771 1399 1036 1467; x_wconf 76' lang='grc' dir='ltr'>ἐνεργεῖν,</span> <span class='ocrx_word' id='word_1_104' title='bbox 1075 1402 1171 1451; x_wconf 69' lang='grc' dir='ltr'>καὶ</span> <span class='ocrx_word' id='word_1_105' title='bbox 1208 1398 1307 1461; x_wconf 84' lang='grc' dir='ltr'>τὰς</span> <span class='ocrx_word' id='word_1_106' title='bbox 1342 1400 1533 1469; x_wconf 83' lang='grc' dir='ltr'>χεῖρας</span> <span class='ocrx_word' id='word_1_107' title='bbox 1583 1401 1798 1468; x_wconf 84' lang='grc' dir='ltr'>παρῆκε</span> <span class='ocrx_word' id='word_1_108' title='bbox 1825 1415 1841 1432; x_wconf 95' lang='grc'>·</span> <span class='ocrx_word' id='word_1_109' title='bbox 1871 1399 1966 1452; x_wconf 73' lang='grc' dir='ltr'>καὶ</span> 
     </span>
    </p>
   </div>
   <div class='ocr_carea' id='block_1_16' title="bbox 388 1488 1967 1560">
    <p class='ocr_par' dir='ltr' id='par_1_16' title="bbox 388 1488 1967 1560">
     <span class='ocr_line' id='line_1_16' title="bbox 388 1488 1967 1560; baseline 0.003 -20"><span class='ocrx_word' id='word_1_110' title='bbox 388 1488 444 1541; x_wconf 87' lang='grc' dir='ltr'>τί</span> <span class='ocrx_word' id='word_1_111' title='bbox 488 1504 618 1541; x_wconf 86' lang='grc' dir='ltr'>ποτε</span> <span class='ocrx_word' id='word_1_112' title='bbox 651 1488 759 1557; x_wconf 75' lang='grc' dir='ltr'>ἄρα</span> <span class='ocrx_word' id='word_1_113' title='bbox 806 1490 834 1542; x_wconf 85' lang='grc' dir='ltr'>ὁ</span> <span class='ocrx_word' id='word_1_114' title='bbox 882 1488 992 1543; x_wconf 87' lang='grc' dir='ltr'>τῶν</span> <span class='ocrx_word' id='word_1_115' title='bbox 1032 1489 1305 1559; x_wconf 71' lang='grc' dir='ltr'>Ἁρπυιῶν</span> <span class='ocrx_word' id='word_1_116' title='bbox 1346 1490 1593 1559; x_wconf 88' lang='grc' dir='ltr'>βούλεται</span> <span class='ocrx_word' id='word_1_117' title='bbox 1644 1490 1833 1560; x_wconf 87' lang='grc' dir='ltr'>μῦθος,</span> <span class='ocrx_word' id='word_1_118' title='bbox 1866 1492 1967 1544; x_wconf 84' lang='grc' dir='ltr'>αὑ·-</span> 
     </span>
    </p>
   </div>
   <div class='ocr_carea' id='block_1_17' title="bbox 386 1578 1967 1652">
    <p class='ocr_par' dir='ltr' id='par_1_17' title="bbox 386 1578 1967 1652">
     <span class='ocr_line' id='line_1_17' title="bbox 386 1578 1967 1652; baseline 0.003 -20"><span class='ocrx_word' id='word_1_119' title='bbox 386 1581 497 1643; x_wconf 85' lang='grc' dir='ltr'>τοῐς</span> <span class='ocrx_word' id='word_1_120' title='bbox 520 1578 704 1650; x_wconf 64' lang='grc' dir='ltr'>ἔργοις</span> <span class='ocrx_word' id='word_1_121' title='bbox 737 1597 827 1650; x_wconf 85' lang='grc' dir='ltr'>μοι</span> <span class='ocrx_word' id='word_1_122' title='bbox 857 1582 1261 1651; x_wconf 73' lang='grc' dir='ltr'>παρεστήσατο.</span> <span class='ocrx_word' id='word_1_123' title='bbox 1306 1582 1541 1635; x_wconf 76' lang='grc' dir='ltr'>Ἐκεῖναι</span> <span class='ocrx_word' id='word_1_124' title='bbox 1573 1583 1681 1651; x_wconf 77' lang='grc' dir='ltr'>γὰρ</span> <span class='ocrx_word' id='word_1_125' title='bbox 1708 1582 1770 1635; x_wconf 79' lang='grc' dir='ltr'>τὸ</span> <span class='ocrx_word' id='word_1_126' title='bbox 1800 1600 1967 1652; x_wconf 87' lang='grc' dir='ltr'>προσ-</span> 
     </span>
    </p>
   </div>
   <div class='ocr_carea' id='block_1_18' title="bbox 385 1671 1965 1748">
    <p class='ocr_par' dir='ltr' id='par_1_18' title="bbox 385 1671 1965 1748">
     <span class='ocr_line' id='line_1_18' title="bbox 385 1671 1965 1748; baseline 0.004 -25"><span class='ocrx_word' id='word_1_127' title='bbox 385 1671 547 1741; x_wconf 80' lang='grc' dir='ltr'>τυχὸν</span> <span class='ocrx_word' id='word_1_128' title='bbox 576 1672 986 1744; x_wconf 69' lang='grc' dir='ltr'>ἀφαρπάζουσι,</span> <span class='ocrx_word' id='word_1_129' title='bbox 1009 1676 1101 1727; x_wconf 82' lang='grc' dir='ltr'>καὶ</span> <span class='ocrx_word' id='word_1_130' title='bbox 1130 1674 1294 1728; x_wconf 84' lang='grc' dir='ltr'>αὑτοῦ</span> <span class='ocrx_word' id='word_1_131' title='bbox 1320 1676 1523 1740; x_wconf 78' lang='grc' dir='ltr'>Φινέως</span> <span class='ocrx_word' id='word_1_132' title='bbox 1546 1676 1651 1729; x_wconf 89' lang='grc' dir='ltr'>τῶν</span> <span class='ocrx_word' id='word_1_133' title='bbox 1676 1694 1733 1729; x_wconf 87' lang='grc' dir='ltr'>τε</span> <span class='ocrx_word' id='word_1_134' title='bbox 1765 1677 1965 1748; x_wconf 90' lang='grc' dir='ltr'>χειρῶν</span> 
     </span>
    </p>
   </div>
   <div class='ocr_carea' id='block_1_19' title="bbox 2079 477 3672 548">
    <p class='ocr_par' dir='ltr' id='par_1_19' title="bbox 2079 477 3672 548">
     <span class='ocr_line' id='line_1_19' title="bbox 2079 477 3672 548; baseline 0.001 -17"><span class='ocrx_word' id='word_1_135' title='bbox 2079 478 2316 548; x_wconf 72' lang='grc' dir='ltr'>βαδίζειν</span> <span class='ocrx_word' id='word_1_136' title='bbox 2368 478 2711 548; x_wconf 75' lang='grc' dir='ltr'>ἐχομεν,καὶ</span> <span class='ocrx_word' id='word_1_137' title='bbox 2749 478 2831 539; x_wconf 89' lang='grc' dir='ltr'>είς</span> <span class='ocrx_word' id='word_1_138' title='bbox 2885 477 2988 545; x_wconf 77' lang='grc' dir='ltr'>τὴν</span> <span class='ocrx_word' id='word_1_139' title='bbox 3039 477 3362 548; x_wconf 87' lang='grc' dir='ltr'>ἀγιωτάτην</span> <span class='ocrx_word' id='word_1_140' title='bbox 3412 480 3672 548; x_wconf 82' lang='grc' dir='ltr'>μεγάλην</span> 
     </span>
    </p>
   </div>
   <div class='ocr_carea' id='block_1_20' title="bbox 2074 568 3674 640">
    <p class='ocr_par' dir='ltr' id='par_1_20' title="bbox 2074 568 3674 640">
     <span class='ocr_line' id='line_1_20' title="bbox 2074 568 3674 640; baseline 0.003 -17"><span class='ocrx_word' id='word_1_141' title='bbox 2074 569 2374 638; x_wconf 64' lang='grc' dir='ltr'>ἐκκλησίαν</span> <span class='ocrx_word' id='word_1_142' title='bbox 2404 569 2764 639; x_wconf 81' lang='grc' dir='ltr'>ἀπέρχεσθαι,</span> <span class='ocrx_word' id='word_1_143' title='bbox 2798 570 2895 623; x_wconf 76' lang='grc' dir='ltr'>καὶ</span> <span class='ocrx_word' id='word_1_144' title='bbox 2919 568 3028 622; x_wconf 90' lang='grc' dir='ltr'>τῶν</span> <span class='ocrx_word' id='word_1_145' title='bbox 3064 570 3238 640; x_wconf 72' lang='grc' dir='ltr'>αὐτῆς</span> <span class='ocrx_word' id='word_1_146' title='bbox 3281 572 3674 628; x_wconf 83' lang='grc' dir='ltr'>ὲπαπολαύειν</span> 
     </span>
    </p>
   </div>
   <div class='ocr_carea' id='block_1_21' title="bbox 2074 660 3670 733">
    <p class='ocr_par' dir='ltr' id='par_1_21' title="bbox 2074 660 3670 733">
     <span class='ocr_line' id='line_1_21' title="bbox 2074 660 3670 733; baseline 0 -16"><span class='ocrx_word' id='word_1_147' title='bbox 2074 661 2282 717; x_wconf 86' lang='grc' dir='ltr'>καλῶν.</span> <span class='ocrx_word' id='word_1_148' title='bbox 2318 661 2430 731; x_wconf 68' lang='grc' dir='ltr'>’Τὴν</span> <span class='ocrx_word' id='word_1_149' title='bbox 2453 660 2512 715; x_wconf 69' lang='grc' dir='ltr'>δὲ</span> <span class='ocrx_word' id='word_1_150' title='bbox 2560 661 2659 731; x_wconf 82' lang='grc' dir='ltr'>σὴν</span> <span class='ocrx_word' id='word_1_151' title='bbox 2687 662 3082 731; x_wconf 78' lang='grc' dir='ltr'>πανσεδάστην</span> <span class='ocrx_word' id='word_1_152' title='bbox 3115 662 3358 733; x_wconf 80' lang='grc' dir='ltr'>κεφαλὴν</span> <span class='ocrx_word' id='word_1_153' title='bbox 3391 664 3517 717; x_wconf 71' lang='grc' dir='ltr'>ἀντὶ</span> <span class='ocrx_word' id='word_1_154' title='bbox 3544 665 3670 717; x_wconf 89' lang='grc' dir='ltr'>τῶν</span> 
     </span>
    </p>
   </div>
   <div class='ocr_carea' id='block_1_22' title="bbox 2074 748 3672 825">
    <p class='ocr_par' dir='ltr' id='par_1_22' title="bbox 2074 748 3672 825">
     <span class='ocr_line' id='line_1_22' title="bbox 2074 748 3672 825; baseline 0.001 -18"><span class='ocrx_word' id='word_1_155' title='bbox 2074 756 2155 818; x_wconf 85' lang='grc' dir='ltr'>είς</span> <span class='ocrx_word' id='word_1_156' title='bbox 2196 754 2346 825; x_wconf 78' lang='grc' dir='ltr'>ἡμᾶς</span> <span class='ocrx_word' id='word_1_157' title='bbox 2387 770 2483 807; x_wconf 90' lang='grc' dir='ltr'>σου</span> <span class='ocrx_word' id='word_1_158' title='bbox 2532 752 2757 820; x_wconf 81' lang='grc' dir='ltr'>ἀγαθῶν</span> <span class='ocrx_word' id='word_1_159' title='bbox 2803 752 3097 822; x_wconf 82' lang='grc' dir='ltr'>ἀμείψαιτο</span> <span class='ocrx_word' id='word_1_160' title='bbox 3144 752 3173 806; x_wconf 89' lang='grc' dir='ltr'>ό</span> <span class='ocrx_word' id='word_1_161' title='bbox 3224 752 3367 818; x_wconf 75' lang='grc' dir='ltr'>θεὸς,</span> <span class='ocrx_word' id='word_1_162' title='bbox 3400 748 3483 818; x_wconf 74' lang='grc' dir='ltr'>οἷς</span> <span class='ocrx_word' id='word_1_163' title='bbox 3531 755 3672 820; x_wconf 79' lang='grc' dir='ltr'>ἀξία</span> 
     </span>
    </p>
   </div>
   <div class='ocr_carea' id='block_1_23' title="bbox 2072 840 3671 917">
    <p class='ocr_par' dir='ltr' id='par_1_23' title="bbox 2072 840 3671 917">
     <span class='ocr_line' id='line_1_23' title="bbox 2072 840 3671 917; baseline -0.001 -17"><span class='ocrx_word' id='word_1_164' title='bbox 2072 847 2220 901; x_wconf 70' lang='grc' dir='ltr'>ἐστὶν</span> <span class='ocrx_word' id='word_1_165' title='bbox 2248 846 2387 916; x_wconf 66' lang='grc' dir='ltr'>(ἔστι</span> <span class='ocrx_word' id='word_1_166' title='bbox 2417 845 2494 909; x_wconf 79' lang='grc' dir='ltr'>δὲ,</span> <span class='ocrx_word' id='word_1_167' title='bbox 2523 840 2588 900; x_wconf 65' lang='grc' dir='ltr'>οἵ)</span> <span class='ocrx_word' id='word_1_168' title='bbox 2622 845 2689 901; x_wconf 82' lang='grc' dir='ltr'>ἂν</span> <span class='ocrx_word' id='word_1_169' title='bbox 2718 847 2863 899; x_wconf 84' lang='grc' dir='ltr'>εῐποι</span> <span class='ocrx_word' id='word_1_170' title='bbox 2909 862 3015 907; x_wconf 86' lang='grc' dir='ltr'>τις,</span> <span class='ocrx_word' id='word_1_171' title='bbox 3047 844 3241 915; x_wconf 91' lang='grc' dir='ltr'>καλοῦ)</span> <span class='ocrx_word' id='word_1_172' title='bbox 3264 862 3278 876; x_wconf 93' lang='grc'>·</span> <span class='ocrx_word' id='word_1_173' title='bbox 3316 846 3413 900; x_wconf 75' lang='grc' dir='ltr'>καὶ</span> <span class='ocrx_word' id='word_1_174' title='bbox 3450 846 3671 917; x_wconf 80' lang='grc' dir='ltr'>τδοιμέν</span> 
     </span>
    </p>
   </div>
   <div class='ocr_carea' id='block_1_24' title="bbox 2073 936 3669 1011">
    <p class='ocr_par' dir='ltr' id='par_1_24' title="bbox 2073 936 3669 1011">
     <span class='ocr_line' id='line_1_24' title="bbox 2073 936 3669 1011; baseline 0.001 -20"><span class='ocrx_word' id='word_1_175' title='bbox 2073 957 2133 993; x_wconf 89' lang='grc' dir='ltr'>σε</span> <span class='ocrx_word' id='word_1_176' title='bbox 2165 939 2379 1011; x_wconf 79' lang='grc' dir='ltr'>ἔχοντα,</span> <span class='ocrx_word' id='word_1_177' title='bbox 2412 937 2603 1010; x_wconf 83' lang='grc' dir='ltr'>ὥσπερ</span> <span class='ocrx_word' id='word_1_178' title='bbox 2651 936 2944 1008; x_wconf 85' lang='grc' dir='ltr'>εὐχόμεθα.</span> <span class='ocrx_word' id='word_1_179' title='bbox 2996 936 3159 1007; x_wconf 75' lang='grc' dir='ltr'>Ἡμῖν</span> <span class='ocrx_word' id='word_1_180' title='bbox 3205 938 3307 1009; x_wconf 72' lang='grc' dir='ltr'>ἤδη</span> <span class='ocrx_word' id='word_1_181' title='bbox 3358 939 3512 1007; x_wconf 85' lang='grc' dir='ltr'>μέλει</span> <span class='ocrx_word' id='word_1_182' title='bbox 3560 938 3669 993; x_wconf 81' lang='grc' dir='ltr'>καὶ</span> 
     </span>
    </p>
   </div>
   <div class='ocr_carea' id='block_1_25' title="bbox 2069 1029 3668 1101">
    <p class='ocr_par' dir='ltr' id='par_1_25' title="bbox 2069 1029 3668 1101">
     <span class='ocr_line' id='line_1_25' title="bbox 2069 1029 3668 1101; baseline -0.001 -16"><span class='ocrx_word' id='word_1_183' title='bbox 2069 1033 2170 1101; x_wconf 83' lang='grc' dir='ltr'>τῆς</span> <span class='ocrx_word' id='word_1_184' title='bbox 2221 1033 2301 1096; x_wconf 86' lang='grc' dir='ltr'>είς</span> <span class='ocrx_word' id='word_1_185' title='bbox 2332 1032 2605 1101; x_wconf 81' lang='grc' dir='ltr'>τρυγητὸν</span> <span class='ocrx_word' id='word_1_186' title='bbox 2647 1029 3021 1092; x_wconf 88' lang='grc' dir='ltr'>ἀπελεύσεως,</span> <span class='ocrx_word' id='word_1_187' title='bbox 3044 1031 3194 1093; x_wconf 84' lang='grc' dir='ltr'>ὅπως</span> <span class='ocrx_word' id='word_1_188' title='bbox 3231 1031 3298 1083; x_wconf 82' lang='grc' dir='ltr'>ἂν</span> <span class='ocrx_word' id='word_1_189' title='bbox 3323 1031 3562 1100; x_wconf 72' lang='grc' dir='ltr'>ἔχωμεν,</span> <span class='ocrx_word' id='word_1_190' title='bbox 3610 1032 3668 1083; x_wconf 86' lang='grc' dir='ltr'>εί</span> 
     </span>
    </p>
   </div>
   <div class='ocr_carea' id='block_1_26' title="bbox 2072 1122 3670 1195">
    <p class='ocr_par' dir='ltr' id='par_1_26' title="bbox 2072 1122 3670 1195">
     <span class='ocr_line' id='line_1_26' title="bbox 2072 1122 3670 1195; baseline -0.002 -17"><span class='ocrx_word' id='word_1_191' title='bbox 2072 1125 2167 1178; x_wconf 82' lang='grc' dir='ltr'>καὶ</span> <span class='ocrx_word' id='word_1_192' title='bbox 2200 1124 2275 1195; x_wconf 74' lang='grc' dir='ltr'>μὴ</span> <span class='ocrx_word' id='word_1_193' title='bbox 2319 1124 2526 1187; x_wconf 88' lang='grc' dir='ltr'>καλῶς.</span> <span class='ocrx_word' id='word_1_194' title='bbox 2551 1122 2741 1184; x_wconf 72' lang='grc' dir='ltr'>Οὐδεὶς</span> <span class='ocrx_word' id='word_1_195' title='bbox 2786 1122 2899 1193; x_wconf 83' lang='grc' dir='ltr'>γὰρ</span> <span class='ocrx_word' id='word_1_196' title='bbox 2934 1122 3044 1177; x_wconf 90' lang='grc' dir='ltr'>τῶν</span> <span class='ocrx_word' id='word_1_197' title='bbox 3089 1122 3184 1176; x_wconf 88' lang='grc' dir='ltr'>τοῦ</span> <span class='ocrx_word' id='word_1_198' title='bbox 3213 1124 3490 1193; x_wconf 79' lang='grc' dir='ltr'>ἡμετέρου</span> <span class='ocrx_word' id='word_1_199' title='bbox 3527 1122 3670 1176; x_wconf 77' lang='grc' dir='ltr'>κελ-</span> 
     </span>
    </p>
   </div>
   <div class='ocr_carea' id='block_1_27' title="bbox 2070 1214 3667 1288">
    <p class='ocr_par' dir='ltr' id='par_1_27' title="bbox 2070 1214 3667 1288">
     <span class='ocr_line' id='line_1_27' title="bbox 2070 1214 3667 1288; baseline 0.002 -21"><span class='ocrx_word' id='word_1_200' title='bbox 2070 1214 2209 1279; x_wconf 76' lang='grc' dir='ltr'>λίου,</span> <span class='ocrx_word' id='word_1_201' title='bbox 2242 1216 2392 1279; x_wconf 82' lang='grc' dir='ltr'>ὅστις</span> <span class='ocrx_word' id='word_1_202' title='bbox 2432 1215 2500 1269; x_wconf 83' lang='grc' dir='ltr'>ἂν</span> <span class='ocrx_word' id='word_1_203' title='bbox 2558 1215 2635 1286; x_wconf 80' lang='grc' dir='ltr'>μὴ</span> <span class='ocrx_word' id='word_1_204' title='bbox 2687 1216 2803 1285; x_wconf 78' lang='grc' dir='ltr'>τοῖς</span> <span class='ocrx_word' id='word_1_205' title='bbox 2860 1216 3155 1288; x_wconf 80' lang='grc' dir='ltr'>ἡμετέροις</span> <span class='ocrx_word' id='word_1_206' title='bbox 3198 1216 3667 1286; x_wconf 75' lang='grc' dir='ltr'>κατακολουθήσῃ</span> 
     </span>
    </p>
   </div>
   <div class='ocr_carea' id='block_1_28' title="bbox 2071 1307 3668 1379">
    <p class='ocr_par' dir='ltr' id='par_1_28' title="bbox 2071 1307 3668 1379">
     <span class='ocr_line' id='line_1_28' title="bbox 2071 1307 3668 1379; baseline 0.001 -20"><span class='ocrx_word' id='word_1_207' title='bbox 2071 1307 2307 1377; x_wconf 76' lang='grc' dir='ltr'>ἴχνεσιν·</span> <span class='ocrx_word' id='word_1_208' title='bbox 2363 1307 2502 1362; x_wconf 88' lang='grc' dir='ltr'>ἀλλά</span> <span class='ocrx_word' id='word_1_209' title='bbox 2554 1308 2759 1370; x_wconf 82' lang='grc' dir='ltr'>πάντες</span> <span class='ocrx_word' id='word_1_210' title='bbox 2805 1308 2904 1361; x_wconf 87' lang='grc' dir='ltr'>τοῦ</span> <span class='ocrx_word' id='word_1_211' title='bbox 2956 1308 3125 1363; x_wconf 81' lang='grc' dir='ltr'>αὑτοῦ</span> <span class='ocrx_word' id='word_1_212' title='bbox 3176 1308 3456 1379; x_wconf 81' lang='grc' dir='ltr'>κρατῆρος</span> <span class='ocrx_word' id='word_1_213' title='bbox 3523 1311 3668 1379; x_wconf 68' lang='grc' dir='ltr'>ἡμῖν</span> 
     </span>
    </p>
   </div>
   <div class='ocr_carea' id='block_1_29' title="bbox 2069 1392 3663 1471">
    <p class='ocr_par' dir='ltr' id='par_1_29' title="bbox 2069 1392 3663 1471">
     <span class='ocr_line' id='line_1_29' title="bbox 2069 1392 3663 1471; baseline 0.001 -21"><span class='ocrx_word' id='word_1_214' title='bbox 2069 1398 2459 1470; x_wconf 75' lang='grc' dir='ltr'>ὲπερῤόφησαν</span> <span class='ocrx_word' id='word_1_215' title='bbox 2480 1414 2495 1429; x_wconf 85' lang='grc'>·</span> <span class='ocrx_word' id='word_1_216' title='bbox 2523 1392 2597 1453; x_wconf 85' lang='grc' dir='ltr'>ὧν</span> <span class='ocrx_word' id='word_1_217' title='bbox 2628 1401 2677 1453; x_wconf 77' lang='grc' dir='ltr'>οἱ</span> <span class='ocrx_word' id='word_1_218' title='bbox 2714 1399 2815 1469; x_wconf 77' lang='grc' dir='ltr'>μὲν</span> <span class='ocrx_word' id='word_1_219' title='bbox 2842 1401 3041 1470; x_wconf 87' lang='grc' dir='ltr'>μικρόν</span> <span class='ocrx_word' id='word_1_220' title='bbox 3069 1418 3122 1453; x_wconf 86' lang='grc' dir='ltr'>τι</span> <span class='ocrx_word' id='word_1_221' title='bbox 3148 1400 3663 1471; x_wconf 82' lang='grc' dir='ltr'>ἀνεκουφίσθησαν,</span> 
     </span>
    </p>
   </div>
   <div class='ocr_carea' id='block_1_30' title="bbox 2068 1492 3703 1603">
    <p class='ocr_par' dir='ltr' id='par_1_30' title="bbox 2068 1492 3703 1603">
     <span class='ocr_line' id='line_1_30' title="bbox 2068 1492 3703 1603; baseline 0.002 -57"><span class='ocrx_word' id='word_1_222' title='bbox 2068 1493 2118 1546; x_wconf 79' lang='grc' dir='ltr'>οἱ</span> <span class='ocrx_word' id='word_1_223' title='bbox 2146 1493 2203 1547; x_wconf 75' lang='grc' dir='ltr'>δὲ</span> <span class='ocrx_word' id='word_1_224' title='bbox 2248 1493 2342 1546; x_wconf 78' lang='grc' dir='ltr'>καὶ</span> <span class='ocrx_word' id='word_1_225' title='bbox 2374 1493 2543 1546; x_wconf 86' lang='grc' dir='ltr'>είσέτι</span> <span class='ocrx_word' id='word_1_226' title='bbox 2581 1492 2931 1564; x_wconf 81' lang='grc' dir='ltr'>βαρύνονται,</span> <span class='ocrx_word' id='word_1_227' title='bbox 2979 1493 3440 1563; x_wconf 79' lang='grc' dir='ltr'>φιλονεικοῦντες,</span> <span class='ocrx_word' id='word_1_228' title='bbox 3480 1496 3703 1603; x_wconf 51' lang='lat' dir='ltr'>humo,</span> 
     </span>
    </p>
   </div>
   <div class='ocr_carea' id='block_1_31' title="bbox 2068 1585 3693 1660">
    <p class='ocr_par' dir='ltr' id='par_1_31' title="bbox 2068 1585 3693 1660">
     <span class='ocr_line' id='line_1_31' title="bbox 2068 1585 3693 1660; baseline -0.006 -21"><span class='ocrx_word' id='word_1_229' title='bbox 2068 1585 2176 1639; x_wconf 87' lang='grc' dir='ltr'>δὼν</span> <span class='ocrx_word' id='word_1_230' title='bbox 2201 1586 2332 1656; x_wconf 78' lang='grc' dir='ltr'>ἡμῖν</span> <span class='ocrx_word' id='word_1_231' title='bbox 2354 1586 2610 1654; x_wconf 77' lang='grc' dir='ltr'>γενέσθαι</span> <span class='ocrx_word' id='word_1_232' title='bbox 2643 1585 2736 1639; x_wconf 89' lang='grc' dir='ltr'>τοῦ</span> <span class='ocrx_word' id='word_1_233' title='bbox 2772 1588 2874 1656; x_wconf 72' lang='grc' dir='ltr'>ζῇν</span> <span class='ocrx_word' id='word_1_234' title='bbox 2894 1602 2909 1618; x_wconf 91' lang='grc'>·</span> <span class='ocrx_word' id='word_1_235' title='bbox 2941 1588 2990 1639; x_wconf 86' lang='grc' dir='ltr'>εί</span> <span class='ocrx_word' id='word_1_236' title='bbox 3029 1589 3124 1641; x_wconf 76' lang='grc' dir='ltr'>καὶ</span> <span class='ocrx_word' id='word_1_237' title='bbox 3164 1588 3331 1656; x_wconf 74' lang='grc' dir='ltr'>ἡμεῖς</span> <span class='ocrx_word' id='word_1_238' title='bbox 3361 1587 3662 1660; x_wconf 47' lang='grc' dir='ltr'>[καραδοη</span> <span class='ocrx_word' id='word_1_239' title='bbox 3688 1585 3693 1609; x_wconf 81' lang='grc'><strong>¹</strong></span> 
     </span>
    </p>
   </div>
   <div class='ocr_carea' id='block_1_32' title="bbox 2069 1675 3668 1751">
    <p class='ocr_par' dir='ltr' id='par_1_32' title="bbox 2069 1675 3668 1751">
     <span class='ocr_line' id='line_1_32' title="bbox 2069 1675 3668 1751; baseline 0.004 -22"><span class='ocrx_word' id='word_1_240' title='bbox 2069 1675 2275 1747; x_wconf 88' lang='grc' dir='ltr'>κοῦμεν</span> <span class='ocrx_word' id='word_1_241' title='bbox 2322 1680 2415 1731; x_wconf 69' lang='grc' dir='ltr'>τὸν</span> <span class='ocrx_word' id='word_1_242' title='bbox 2472 1676 2726 1740; x_wconf 91' lang='grc' dir='ltr'>θάνατον,</span> <span class='ocrx_word' id='word_1_243' title='bbox 2761 1679 2856 1732; x_wconf 79' lang='grc' dir='ltr'>καὶ</span> <span class='ocrx_word' id='word_1_244' title='bbox 2912 1680 3079 1733; x_wconf 80' lang='grc' dir='ltr'>παντὶ</span> <span class='ocrx_word' id='word_1_245' title='bbox 3133 1681 3324 1751; x_wconf 85' lang='grc' dir='ltr'>τρόπῳ</span> <span class='ocrx_word' id='word_1_246' title='bbox 3377 1681 3488 1736; x_wconf 90' lang='grc' dir='ltr'>τῶν</span> <span class='ocrx_word' id='word_1_247' title='bbox 3543 1684 3668 1736; x_wconf 81' lang='grc' dir='ltr'>ἄνω</span> 
     </span>
    </p>
   </div>
   <div class='ocr_carea' id='block_1_33' title="bbox 387 1762 3669 1844">
    <p class='ocr_par' dir='ltr' id='par_1_33' title="bbox 387 1762 3669 1844">
     <span class='ocr_line' id='line_1_33' title="bbox 387 1762 3669 1844; baseline 0.003 -28"><span class='ocrx_word' id='word_1_248' title='bbox 387 1762 488 1829; x_wconf 69' lang='grc' dir='ltr'>τῆς</span> <span class='ocrx_word' id='word_1_249' title='bbox 512 1780 571 1817; x_wconf 88' lang='grc' dir='ltr'>τε</span> <span class='ocrx_word' id='word_1_250' title='bbox 598 1765 879 1833; x_wconf 69' lang='grc' dir='ltr'>τραπέζης</span> <span class='ocrx_word' id='word_1_251' title='bbox 915 1764 1129 1818; x_wconf 75' lang='grc' dir='ltr'>καὶτοῦ</span> <span class='ocrx_word' id='word_1_252' title='bbox 1166 1767 1431 1836; x_wconf 87' lang='grc' dir='ltr'>στόματος</span> <span class='ocrx_word' id='word_1_253' title='bbox 1472 1766 1879 1837; x_wconf 83' lang='grc' dir='ltr'>ἀφαιρούμεναι</span> <span class='ocrx_word' id='word_1_254' title='bbox 1905 1767 1965 1820; x_wconf 73' lang='grc' dir='ltr'>τὸ</span> <span class='ocrx_word' id='word_1_255' title='bbox 1998 1766 2039 1819; x_wconf 85' lang='grc' dir='ltr'><strong><em>Β</em></strong></span> <span class='ocrx_word' id='word_1_256' title='bbox 2068 1770 2358 1839; x_wconf 81' lang='grc' dir='ltr'>γινόμεθα.</span> <span class='ocrx_word' id='word_1_257' title='bbox 2388 1769 2451 1826; x_wconf 88' lang='grc' dir='ltr'>Οί</span> <span class='ocrx_word' id='word_1_258' title='bbox 2496 1771 2554 1825; x_wconf 69' lang='grc' dir='ltr'>δὲ</span> <span class='ocrx_word' id='word_1_259' title='bbox 2606 1771 2839 1826; x_wconf 84' lang='grc' dir='ltr'>τοιοῦτοι</span> <span class='ocrx_word' id='word_1_260' title='bbox 2872 1774 2968 1826; x_wconf 84' lang='grc' dir='ltr'>καὶ</span> <span class='ocrx_word' id='word_1_261' title='bbox 3012 1772 3187 1835; x_wconf 80' lang='grc' dir='ltr'>οὕτως</span> <span class='ocrx_word' id='word_1_262' title='bbox 3239 1774 3479 1844; x_wconf 71' lang='grc' dir='ltr'>ἔχοντες,</span> <span class='ocrx_word' id='word_1_263' title='bbox 3505 1776 3669 1842; x_wconf 76' lang='grc' dir='ltr'>ὅμως</span> 
     </span>
    </p>
   </div>
   <div class='ocr_carea' id='block_1_34' title="bbox 392 1854 1965 1932">
    <p class='ocr_par' dir='ltr' id='par_1_34' title="bbox 392 1854 1965 1932">
     <span class='ocr_line' id='line_1_34' title="bbox 392 1854 1965 1932; baseline 0.004 -25"><span class='ocrx_word' id='word_1_264' title='bbox 392 1856 560 1918; x_wconf 83' lang='grc' dir='ltr'>σῖτον,</span> <span class='ocrx_word' id='word_1_265' title='bbox 592 1854 920 1921; x_wconf 73' lang='grc' dir='ltr'>ἐξίπταντο·</span> <span class='ocrx_word' id='word_1_266' title='bbox 964 1858 1060 1911; x_wconf 75' lang='grc' dir='ltr'>καὶ</span> <span class='ocrx_word' id='word_1_267' title='bbox 1125 1859 1173 1914; x_wconf 86' lang='grc' dir='ltr'>οί</span> <span class='ocrx_word' id='word_1_268' title='bbox 1229 1857 1324 1910; x_wconf 85' lang='grc' dir='ltr'>τοῦ</span> <span class='ocrx_word' id='word_1_269' title='bbox 1379 1858 1472 1911; x_wconf 87' lang='grc' dir='ltr'>σοῦ</span> <span class='ocrx_word' id='word_1_270' title='bbox 1527 1859 1585 1912; x_wconf 78' lang='grc' dir='ltr'>δὲ</span> <span class='ocrx_word' id='word_1_271' title='bbox 1636 1860 1965 1932; x_wconf 82' lang='grc' dir='ltr'>γράμματος</span> 
     </span>
    </p>
   </div>
   <div class='ocr_carea' id='block_1_35' title="bbox 387 1948 1966 2022">
    <p class='ocr_par' dir='ltr' id='par_1_35' title="bbox 387 1948 1966 2022">
     <span class='ocr_line' id='line_1_35' title="bbox 387 1948 1966 2022; baseline 0.002 -21"><span class='ocrx_word' id='word_1_272' title='bbox 387 1949 710 2020; x_wconf 77' lang='grc' dir='ltr'>πτερόεντες</span> <span class='ocrx_word' id='word_1_273' title='bbox 743 1950 888 2003; x_wconf 80' lang='grc' dir='ltr'>οῦτοι</span> <span class='ocrx_word' id='word_1_274' title='bbox 919 1948 1067 2017; x_wconf 86' lang='grc' dir='ltr'>λόγοι</span> <span class='ocrx_word' id='word_1_275' title='bbox 1102 1949 1257 2004; x_wconf 75' lang='grc' dir='ltr'>οὐδὲν</span> <span class='ocrx_word' id='word_1_276' title='bbox 1304 1968 1355 2003; x_wconf 91' lang='grc' dir='ltr'>τι</span> <span class='ocrx_word' id='word_1_277' title='bbox 1404 1952 1655 2020; x_wconf 84' lang='grc' dir='ltr'>κρεῖττον</span> <span class='ocrx_word' id='word_1_278' title='bbox 1696 1952 1753 2004; x_wconf 83' lang='lat' dir='ltr'><strong>&#39;A</strong></span> <span class='ocrx_word' id='word_1_279' title='bbox 1767 1952 1966 2022; x_wconf 87' lang='grc' dir='ltr'>ρπυίας</span> 
     </span>
    </p>
   </div>
   <div class='ocr_carea' id='block_1_36' title="bbox 387 2041 1966 2116">
    <p class='ocr_par' dir='ltr' id='par_1_36' title="bbox 387 2041 1966 2116">
     <span class='ocr_line' id='line_1_36' title="bbox 387 2041 1966 2116; baseline 0.003 -22"><span class='ocrx_word' id='word_1_280' title='bbox 387 2041 628 2097; x_wconf 82' lang='grc' dir='ltr'>διέθεντο</span> <span class='ocrx_word' id='word_1_281' title='bbox 648 2045 715 2097; x_wconf 92' lang='grc' dir='ltr'>τά</span> <span class='ocrx_word' id='word_1_282' title='bbox 747 2044 868 2099; x_wconf 81' lang='grc' dir='ltr'>κατ’</span> <span class='ocrx_word' id='word_1_283' title='bbox 896 2046 1018 2114; x_wconf 84' lang='grc' dir='ltr'>ἐμέ.</span> <span class='ocrx_word' id='word_1_284' title='bbox 1050 2047 1160 2099; x_wconf 76' lang='grc' dir='ltr'>Καὶ</span> <span class='ocrx_word' id='word_1_285' title='bbox 1198 2042 1264 2115; x_wconf 79' lang='grc' dir='ltr'>ἦν</span> <span class='ocrx_word' id='word_1_286' title='bbox 1295 2062 1386 2116; x_wconf 90' lang='grc' dir='ltr'>μοι</span> <span class='ocrx_word' id='word_1_287' title='bbox 1416 2045 1574 2098; x_wconf 82' lang='grc' dir='ltr'>τοῦτο</span> <span class='ocrx_word' id='word_1_288' title='bbox 1619 2045 1790 2099; x_wconf 81' lang='grc' dir='ltr'>κακὸν</span> <span class='ocrx_word' id='word_1_289' title='bbox 1818 2046 1966 2100; x_wconf 88' lang='grc' dir='ltr'>ἀντί-</span> 
     </span>
    </p>
   </div>
   <div class='ocr_carea' id='block_1_37' title="bbox 389 2135 1967 2209">
    <p class='ocr_par' dir='ltr' id='par_1_37' title="bbox 389 2135 1967 2209">
     <span class='ocr_line' id='line_1_37' title="bbox 389 2135 1967 2209; baseline 0.003 -21"><span class='ocrx_word' id='word_1_290' title='bbox 389 2135 633 2207; x_wconf 88' lang='grc' dir='ltr'>σταθμον</span> <span class='ocrx_word' id='word_1_291' title='bbox 664 2138 772 2191; x_wconf 87' lang='grc' dir='ltr'>τῶν</span> <span class='ocrx_word' id='word_1_292' title='bbox 821 2139 931 2192; x_wconf 85' lang='grc' dir='ltr'>σῶν</span> <span class='ocrx_word' id='word_1_293' title='bbox 984 2140 1198 2209; x_wconf 86' lang='grc' dir='ltr'>μυρίων</span> <span class='ocrx_word' id='word_1_294' title='bbox 1253 2139 1456 2205; x_wconf 87' lang='grc' dir='ltr'>καλῶν,</span> <span class='ocrx_word' id='word_1_295' title='bbox 1495 2139 1768 2209; x_wconf 79' lang='grc' dir='ltr'>βασκάνου</span> <span class='ocrx_word' id='word_1_296' title='bbox 1822 2140 1967 2204; x_wconf 85' lang='grc' dir='ltr'>τινὸς</span> 
     </span>
    </p>
   </div>
   <div class='ocr_carea' id='block_1_38' title="bbox 388 2231 1966 2307">
    <p class='ocr_par' dir='ltr' id='par_1_38' title="bbox 388 2231 1966 2307">
     <span class='ocr_line' id='line_1_38' title="bbox 388 2231 1966 2307; baseline 0.004 -23"><span class='ocrx_word' id='word_1_297' title='bbox 388 2231 871 2303; x_wconf 77' lang='grc' dir='ltr'>ἀντισηκῶσαντος</span> <span class='ocrx_word' id='word_1_298' title='bbox 929 2236 1208 2306; x_wconf 86' lang='grc' dir='ltr'>δαίμονος.</span> <span class='ocrx_word' id='word_1_299' title='bbox 1258 2238 1318 2289; x_wconf 91' lang='lat'><strong>&#39;0</strong></span> <span class='ocrx_word' id='word_1_300' title='bbox 1370 2237 1480 2307; x_wconf 87' lang='grc' dir='ltr'>γάρ</span> <span class='ocrx_word' id='word_1_301' title='bbox 1546 2254 1636 2307; x_wconf 88' lang='grc' dir='ltr'>μοι</span> <span class='ocrx_word' id='word_1_302' title='bbox 1696 2237 1966 2300; x_wconf 80' lang='grc' dir='ltr'>πολλάκις</span> 
     </span>
    </p>
   </div>
   <div class='ocr_carea' id='block_1_39' title="bbox 388 2325 1968 2399">
    <p class='ocr_par' dir='ltr' id='par_1_39' title="bbox 388 2325 1968 2399">
     <span class='ocr_line' id='line_1_39' title="bbox 388 2325 1968 2399; baseline 0.004 -21"><span class='ocrx_word' id='word_1_303' title='bbox 388 2325 834 2397; x_wconf 84' lang='grc' dir='ltr'>καρυκεύμασιν,</span> <span class='ocrx_word' id='word_1_304' title='bbox 867 2327 993 2381; x_wconf 76' lang='grc' dir='ltr'>οὔτε</span> <span class='ocrx_word' id='word_1_305' title='bbox 1026 2328 1168 2399; x_wconf 86' lang='grc' dir='ltr'>λόγῳ</span> <span class='ocrx_word' id='word_1_306' title='bbox 1194 2330 1406 2399; x_wconf 80' lang='grc' dir='ltr'>ῥητοῖς,</span> <span class='ocrx_word' id='word_1_307' title='bbox 1437 2328 1553 2383; x_wconf 77' lang='grc' dir='ltr'>οὔθ’</span> <span class='ocrx_word' id='word_1_308' title='bbox 1594 2330 1968 2397; x_wconf 80' lang='grc' dir='ltr'>ὑποπίπτουσι</span> 
     </span>
    </p>
   </div>
   <div class='ocr_carea' id='block_1_40' title="bbox 390 2415 1963 2493">
    <p class='ocr_par' dir='ltr' id='par_1_40' title="bbox 390 2415 1963 2493">
     <span class='ocr_line' id='line_1_40' title="bbox 390 2415 1963 2493; baseline 0.006 -26"><span class='ocrx_word' id='word_1_309' title='bbox 390 2415 598 2487; x_wconf 83' lang='grc' dir='ltr'>μέτρῳ,</span> <span class='ocrx_word' id='word_1_310' title='bbox 647 2416 1014 2483; x_wconf 81' lang='grc' dir='ltr'>διασκευάσας</span> <span class='ocrx_word' id='word_1_311' title='bbox 1062 2419 1161 2491; x_wconf 80' lang='grc' dir='ltr'>τὴν</span> <span class='ocrx_word' id='word_1_312' title='bbox 1210 2420 1515 2490; x_wconf 76' lang='grc' dir='ltr'>τράπεζαν,</span> <span class='ocrx_word' id='word_1_313' title='bbox 1560 2422 1963 2493; x_wconf 86' lang='grc' dir='ltr'>ἀπεκόσμησάς</span> 
     </span>
    </p>
   </div>
   <div class='ocr_carea' id='block_1_41' title="bbox 388 2508 1961 2582">
    <p class='ocr_par' dir='ltr' id='par_1_41' title="bbox 388 2508 1961 2582">
     <span class='ocr_line' id='line_1_41' title="bbox 388 2508 1961 2582; baseline 0.006 -22"><span class='ocrx_word' id='word_1_314' title='bbox 388 2524 495 2576; x_wconf 88' lang='grc' dir='ltr'>μου</span> <span class='ocrx_word' id='word_1_315' title='bbox 568 2508 669 2580; x_wconf 81' lang='grc' dir='ltr'>τὴν</span> <span class='ocrx_word' id='word_1_316' title='bbox 741 2509 1000 2580; x_wconf 81' lang='grc' dir='ltr'>εὐωχίαν,</span> <span class='ocrx_word' id='word_1_317' title='bbox 1051 2511 1148 2565; x_wconf 80' lang='grc' dir='ltr'>καὶ</span> <span class='ocrx_word' id='word_1_318' title='bbox 1223 2512 1454 2582; x_wconf 86' lang='grc' dir='ltr'>πικρίαν</span> <span class='ocrx_word' id='word_1_319' title='bbox 1512 2514 1961 2580; x_wconf 84' lang='grc' dir='ltr'>κατασκευάσας,</span> 
     </span>
    </p>
   </div>
   <div class='ocr_carea' id='block_1_42' title="bbox 382 2598 1963 2676">
    <p class='ocr_par' dir='ltr' id='par_1_42' title="bbox 382 2598 1963 2676">
     <span class='ocr_line' id='line_1_42' title="bbox 382 2598 1963 2676; baseline 0.005 -22"><span class='ocrx_word' id='word_1_320' title='bbox 382 2598 610 2670; x_wconf 76' lang='grc' dir='ltr'>ἄϐρωτά</span> <span class='ocrx_word' id='word_1_321' title='bbox 656 2617 750 2671; x_wconf 89' lang='grc' dir='ltr'>μοι</span> <span class='ocrx_word' id='word_1_322' title='bbox 802 2601 1112 2671; x_wconf 81' lang='grc' dir='ltr'>πεποίηκας</span> <span class='ocrx_word' id='word_1_323' title='bbox 1142 2610 1213 2656; x_wconf 77' lang='grc' dir='ltr'>τα</span> <span class='ocrx_word' id='word_1_324' title='bbox 1261 2606 1361 2674; x_wconf 80' lang='grc' dir='ltr'>τῆς</span> <span class='ocrx_word' id='word_1_325' title='bbox 1403 2606 1631 2676; x_wconf 78' lang='grc' dir='ltr'>τροφῆς.</span> <span class='ocrx_word' id='word_1_326' title='bbox 1666 2607 1733 2661; x_wconf 88' lang='grc' dir='ltr'>Τί</span> <span class='ocrx_word' id='word_1_327' title='bbox 1766 2606 1835 2661; x_wconf 82' lang='grc' dir='ltr'>ἂν</span> <span class='ocrx_word' id='word_1_328' title='bbox 1868 2607 1963 2663; x_wconf 80' lang='grc' dir='ltr'>οὖν</span> 
     </span>
    </p>
   </div>
   <div class='ocr_carea' id='block_1_43' title="bbox 382 2693 1964 2768">
    <p class='ocr_par' dir='ltr' id='par_1_43' title="bbox 382 2693 1964 2768">
     <span class='ocr_line' id='line_1_43' title="bbox 382 2693 1964 2768; baseline 0.005 -23"><span class='ocrx_word' id='word_1_329' title='bbox 382 2693 531 2765; x_wconf 72' lang='grc' dir='ltr'>ἔχοις</span> <span class='ocrx_word' id='word_1_330' title='bbox 567 2693 802 2749; x_wconf 87' lang='grc' dir='ltr'>ἀκοῦσαι</span> <span class='ocrx_word' id='word_1_331' title='bbox 829 2695 996 2752; x_wconf 81' lang='grc' dir='ltr'>καλὸν</span> <span class='ocrx_word' id='word_1_332' title='bbox 1031 2693 1091 2761; x_wconf 79' lang='grc' dir='ltr'>ἐξ</span> <span class='ocrx_word' id='word_1_333' title='bbox 1138 2695 1453 2768; x_wconf 86' lang='grc' dir='ltr'>ἀνθρώπου,</span> <span class='ocrx_word' id='word_1_334' title='bbox 1484 2698 1544 2760; x_wconf 81' lang='grc' dir='ltr'>ὃς</span> <span class='ocrx_word' id='word_1_335' title='bbox 1598 2699 1802 2754; x_wconf 88' lang='grc' dir='ltr'>πεινῶν</span> <span class='ocrx_word' id='word_1_336' title='bbox 1832 2700 1964 2753; x_wconf 88' lang='grc' dir='ltr'>ίδείν</span> 
     </span>
    </p>
   </div>
   <div class='ocr_carea' id='block_1_44' title="bbox 385 2786 1962 2859">
    <p class='ocr_par' dir='ltr' id='par_1_44' title="bbox 385 2786 1962 2859">
     <span class='ocr_line' id='line_1_44' title="bbox 385 2786 1962 2859; baseline 0.006 -20"><span class='ocrx_word' id='word_1_337' title='bbox 385 2802 468 2849; x_wconf 85' lang='grc' dir='ltr'>σε,</span> <span class='ocrx_word' id='word_1_338' title='bbox 504 2786 599 2840; x_wconf 90' lang='grc' dir='ltr'>καί</span> <span class='ocrx_word' id='word_1_339' title='bbox 647 2803 742 2840; x_wconf 92' lang='grc' dir='ltr'>σου</span> <span class='ocrx_word' id='word_1_340' title='bbox 790 2787 890 2858; x_wconf 80' lang='grc' dir='ltr'>τὴν</span> <span class='ocrx_word' id='word_1_341' title='bbox 918 2788 1049 2843; x_wconf 80' lang='grc' dir='ltr'>θέαν</span> <span class='ocrx_word' id='word_1_342' title='bbox 1093 2789 1285 2859; x_wconf 84' lang='grc' dir='ltr'>διψῶν,</span> <span class='ocrx_word' id='word_1_343' title='bbox 1310 2790 1408 2844; x_wconf 88' lang='grc' dir='ltr'>νῦν</span> <span class='ocrx_word' id='word_1_344' title='bbox 1438 2790 1615 2856; x_wconf 75' lang='grc' dir='ltr'>ἄλλως</span> <span class='ocrx_word' id='word_1_345' title='bbox 1637 2791 1726 2846; x_wconf 81' lang='grc' dir='ltr'>διά</span> <span class='ocrx_word' id='word_1_346' title='bbox 1754 2809 1817 2846; x_wconf 86' lang='grc' dir='ltr'>σε</span> <span class='ocrx_word' id='word_1_347' title='bbox 1856 2809 1962 2847; x_wconf 80' lang='grc' dir='ltr'>πε-</span> 
     </span>
    </p>
   </div>
   <div class='ocr_carea' id='block_1_45' title="bbox 383 2878 1963 2955">
    <p class='ocr_par' dir='ltr' id='par_1_45' title="bbox 383 2878 1963 2955">
     <span class='ocr_line' id='line_1_45' title="bbox 383 2878 1963 2955; baseline 0.004 -23"><span class='ocrx_word' id='word_1_348' title='bbox 383 2878 615 2947; x_wconf 83' lang='grc' dir='ltr'>πείνηκέ</span> <span class='ocrx_word' id='word_1_349' title='bbox 658 2897 719 2933; x_wconf 84' lang='grc' dir='ltr'>τε</span> <span class='ocrx_word' id='word_1_350' title='bbox 763 2880 860 2933; x_wconf 79' lang='grc' dir='ltr'>καὶ</span> <span class='ocrx_word' id='word_1_351' title='bbox 909 2880 1199 2952; x_wconf 83' lang='grc' dir='ltr'>δεδίψηκε·</span> <span class='ocrx_word' id='word_1_352' title='bbox 1231 2882 1325 2936; x_wconf 75' lang='grc' dir='ltr'>καὶ</span> <span class='ocrx_word' id='word_1_353' title='bbox 1371 2883 1556 2938; x_wconf 78' lang='grc' dir='ltr'>οὒκίτι</span> <span class='ocrx_word' id='word_1_354' title='bbox 1603 2902 1687 2939; x_wconf 87' lang='grc' dir='ltr'>σοι</span> <span class='ocrx_word' id='word_1_355' title='bbox 1730 2885 1963 2955; x_wconf 86' lang='grc' dir='ltr'>χάριτας</span> 
     </span>
    </p>
   </div>
   <div class='ocr_carea' id='block_1_46' title="bbox 382 2974 1963 3046">
    <p class='ocr_par' dir='ltr' id='par_1_46' title="bbox 382 2974 1963 3046">
     <span class='ocr_line' id='line_1_46' title="bbox 382 2974 1963 3046; baseline 0.002 -18"><span class='ocrx_word' id='word_1_356' title='bbox 382 2974 562 3043; x_wconf 77' lang='grc' dir='ltr'>δφλει,</span> <span class='ocrx_word' id='word_1_357' title='bbox 593 2974 765 3038; x_wconf 73' lang='grc' dir='ltr'>οὕτως</span> <span class='ocrx_word' id='word_1_358' title='bbox 796 2974 1035 3044; x_wconf 72' lang='grc' dir='ltr'>έλλογῶν</span> <span class='ocrx_word' id='word_1_359' title='bbox 1069 2992 1122 3029; x_wconf 89' lang='grc' dir='ltr'>τι</span> <span class='ocrx_word' id='word_1_360' title='bbox 1166 2977 1280 3040; x_wconf 78' lang='grc' dir='ltr'>τοῖς</span> <span class='ocrx_word' id='word_1_361' title='bbox 1306 2975 1582 3046; x_wconf 84' lang='grc' dir='ltr'>βρώμασι,</span> <span class='ocrx_word' id='word_1_362' title='bbox 1610 2978 1703 3031; x_wconf 81' lang='grc' dir='ltr'>καὶ</span> <span class='ocrx_word' id='word_1_363' title='bbox 1730 2977 1825 3031; x_wconf 88' lang='grc' dir='ltr'>νῦν</span> <span class='ocrx_word' id='word_1_364' title='bbox 1862 2978 1963 3046; x_wconf 71' lang='grc' dir='ltr'>μὲν</span> 
     </span>
    </p>
   </div>
   <div class='ocr_carea' id='block_1_47' title="bbox 382 3061 1958 3140">
    <p class='ocr_par' dir='ltr' id='par_1_47' title="bbox 382 3061 1958 3140">
     <span class='ocr_line' id='line_1_47' title="bbox 382 3061 1958 3140; baseline 0.002 -22"><span class='ocrx_word' id='word_1_365' title='bbox 382 3061 578 3130; x_wconf 74' lang='grc' dir='ltr'>οὕτως,</span> <span class='ocrx_word' id='word_1_366' title='bbox 609 3063 707 3118; x_wconf 88' lang='grc' dir='ltr'>νῦν</span> <span class='ocrx_word' id='word_1_367' title='bbox 730 3064 787 3118; x_wconf 66' lang='grc' dir='ltr'>δέ</span> <span class='ocrx_word' id='word_1_368' title='bbox 819 3064 995 3127; x_wconf 81' lang='grc' dir='ltr'>ἄλλως</span> <span class='ocrx_word' id='word_1_369' title='bbox 1026 3065 1441 3139; x_wconf 74' lang='grc' dir='ltr'>έπικαθημενος</span> <span class='ocrx_word' id='word_1_370' title='bbox 1476 3071 1589 3132; x_wconf 85' lang='grc' dir='ltr'>τοῖς</span> <span class='ocrx_word' id='word_1_371' title='bbox 1615 3069 1696 3133; x_wconf 88' lang='grc' dir='ltr'>είς</span> <span class='ocrx_word' id='word_1_372' title='bbox 1725 3067 1787 3123; x_wconf 75' lang='grc' dir='ltr'>τὸ</span> <span class='ocrx_word' id='word_1_373' title='bbox 1817 3068 1958 3140; x_wconf 73' lang='grc' dir='ltr'>ζῇνς</span> 
     </span>
    </p>
   </div>
   <div class='ocr_carea' id='block_1_48' title="bbox 383 3155 1964 3227">
    <p class='ocr_par' dir='ltr' id='par_1_48' title="bbox 383 3155 1964 3227">
     <span class='ocr_line' id='line_1_48' title="bbox 383 3155 1964 3227; baseline 0.004 -18"><span class='ocrx_word' id='word_1_374' title='bbox 383 3155 691 3225; x_wconf 82' lang='grc' dir='ltr'>Μέμνημαι</span> <span class='ocrx_word' id='word_1_375' title='bbox 720 3156 828 3224; x_wconf 78' lang='grc' dir='ltr'>γὰρ</span> <span class='ocrx_word' id='word_1_376' title='bbox 871 3156 1040 3209; x_wconf 85' lang='grc' dir='ltr'>είσέτι</span> <span class='ocrx_word' id='word_1_377' title='bbox 1087 3157 1181 3210; x_wconf 79' lang='grc' dir='ltr'>καὶ</span> <span class='ocrx_word' id='word_1_378' title='bbox 1213 3157 1322 3211; x_wconf 89' lang='grc' dir='ltr'>τῶν</span> <span class='ocrx_word' id='word_1_379' title='bbox 1353 3158 1559 3227; x_wconf 70' lang='grc' dir='ltr'>ἐφόδων</span> <span class='ocrx_word' id='word_1_380' title='bbox 1611 3159 1838 3214; x_wconf 68' lang='grc' dir='ltr'>ἐκείνων</span> <span class='ocrx_word' id='word_1_381' title='bbox 1866 3163 1964 3215; x_wconf 76' lang='grc' dir='ltr'>καὶ</span> 
     </span>
    </p>
   </div>
   <div class='ocr_carea' id='block_1_49' title="bbox 385 3247 1961 3320">
    <p class='ocr_par' dir='ltr' id='par_1_49' title="bbox 385 3247 1961 3320">
     <span class='ocr_line' id='line_1_49' title="bbox 385 3247 1961 3320; baseline 0.003 -17"><span class='ocrx_word' id='word_1_382' title='bbox 385 3248 496 3303; x_wconf 88' lang='grc' dir='ltr'>τῶν</span> <span class='ocrx_word' id='word_1_383' title='bbox 539 3247 774 3316; x_wconf 79' lang='grc' dir='ltr'>ζημιῶν,</span> <span class='ocrx_word' id='word_1_384' title='bbox 804 3247 871 3311; x_wconf 81' lang='grc' dir='ltr'>ἀς</span> <span class='ocrx_word' id='word_1_385' title='bbox 917 3248 1304 3319; x_wconf 76' lang='grc' dir='ltr'>ὑπομεμίνηκέ</span> <span class='ocrx_word' id='word_1_386' title='bbox 1349 3267 1440 3318; x_wconf 91' lang='grc' dir='ltr'>μοι</span> <span class='ocrx_word' id='word_1_387' title='bbox 1495 3251 1564 3304; x_wconf 89' lang='grc' dir='ltr'>τά</span> <span class='ocrx_word' id='word_1_388' title='bbox 1610 3252 1705 3306; x_wconf 87' lang='grc' dir='ltr'>τοῦ</span> <span class='ocrx_word' id='word_1_389' title='bbox 1743 3252 1961 3320; x_wconf 75' lang='grc' dir='ltr'>ἄλσους,</span> 
     </span>
    </p>
   </div>
   <div class='ocr_carea' id='block_1_50' title="bbox 386 3336 1966 3415">
    <p class='ocr_par' dir='ltr' id='par_1_50' title="bbox 386 3336 1966 3415">
     <span class='ocr_line' id='line_1_50' title="bbox 386 3336 1966 3415; baseline 0.002 -20"><span class='ocrx_word' id='word_1_390' title='bbox 386 3341 486 3396; x_wconf 78' lang='grc' dir='ltr'>καὶ</span> <span class='ocrx_word' id='word_1_391' title='bbox 520 3336 611 3393; x_wconf 75' lang='grc' dir='ltr'>οἷα</span> <span class='ocrx_word' id='word_1_392' title='bbox 656 3338 895 3393; x_wconf 81' lang='grc' dir='ltr'>πέπονθε</span> <span class='ocrx_word' id='word_1_393' title='bbox 943 3344 1012 3394; x_wconf 78' lang='grc' dir='ltr'>τὰ</span> <span class='ocrx_word' id='word_1_394' title='bbox 1059 3341 1231 3396; x_wconf 88' lang='grc' dir='ltr'>δεινά.</span> <span class='ocrx_word' id='word_1_395' title='bbox 1273 3340 1436 3395; x_wconf 80' lang='grc' dir='ltr'>Ἀλλά</span> <span class='ocrx_word' id='word_1_396' title='bbox 1485 3343 1562 3414; x_wconf 84' lang='grc' dir='ltr'>μὴ</span> <span class='ocrx_word' id='word_1_397' title='bbox 1609 3342 1753 3397; x_wconf 79' lang='grc' dir='ltr'>οὔτω</span> <span class='ocrx_word' id='word_1_398' title='bbox 1799 3346 1966 3415; x_wconf 80' lang='grc' dir='ltr'>μέχρι</span> 
     </span>
    </p>
   </div>
   <div class='ocr_carea' id='block_1_51' title="bbox 385 3428 1968 3504">
    <p class='ocr_par' dir='ltr' id='par_1_51' title="bbox 385 3428 1968 3504">
     <span class='ocr_line' id='line_1_51' title="bbox 385 3428 1968 3504; baseline 0.002 -19"><span class='ocrx_word' id='word_1_399' title='bbox 385 3431 614 3495; x_wconf 89' lang='grc' dir='ltr'>τέλους·</span> <span class='ocrx_word' id='word_1_400' title='bbox 650 3430 863 3499; x_wconf 82' lang='grc' dir='ltr'>γένοιτο</span> <span class='ocrx_word' id='word_1_401' title='bbox 908 3430 966 3484; x_wconf 73' lang='grc' dir='ltr'>δέ</span> <span class='ocrx_word' id='word_1_402' title='bbox 1016 3447 1108 3501; x_wconf 91' lang='grc' dir='ltr'>μοι</span> <span class='ocrx_word' id='word_1_403' title='bbox 1140 3428 1303 3485; x_wconf 88' lang='grc' dir='ltr'>καλόν</span> <span class='ocrx_word' id='word_1_404' title='bbox 1346 3450 1399 3485; x_wconf 91' lang='grc' dir='ltr'>τι</span> <span class='ocrx_word' id='word_1_405' title='bbox 1445 3433 1661 3499; x_wconf 79' lang='grc' dir='ltr'>παθεῖν,</span> <span class='ocrx_word' id='word_1_406' title='bbox 1709 3436 1805 3489; x_wconf 78' lang='grc' dir='ltr'>καὶ</span> <span class='ocrx_word' id='word_1_407' title='bbox 1834 3434 1968 3504; x_wconf 88' lang='grc' dir='ltr'>γλυ-</span> 
     </span>
    </p>
   </div>
   <div class='ocr_carea' id='block_1_52' title="bbox 388 3523 1965 3598">
    <p class='ocr_par' dir='ltr' id='par_1_52' title="bbox 388 3523 1965 3598">
     <span class='ocr_line' id='line_1_52' title="bbox 388 3523 1965 3598; baseline 0.001 -18"><span class='ocrx_word' id='word_1_408' title='bbox 388 3524 547 3589; x_wconf 87' lang='grc' dir='ltr'>κείας</span> <span class='ocrx_word' id='word_1_409' title='bbox 608 3523 870 3592; x_wconf 88' lang='grc' dir='ltr'>ἀγγελίας</span> <span class='ocrx_word' id='word_1_410' title='bbox 924 3524 1395 3596; x_wconf 72' lang='grc' dir='ltr'>έπισταλαχθῆναί</span> <span class='ocrx_word' id='word_1_411' title='bbox 1450 3543 1545 3597; x_wconf 89' lang='grc' dir='ltr'>μοι</span> <span class='ocrx_word' id='word_1_412' title='bbox 1600 3527 1805 3598; x_wconf 81' lang='grc' dir='ltr'>νέκταρ</span> <span class='ocrx_word' id='word_1_413' title='bbox 1862 3529 1965 3597; x_wconf 81' lang='grc' dir='ltr'>ὀψέ</span> 
     </span>
    </p>
   </div>
   <div class='ocr_carea' id='block_1_53' title="bbox 387 3610 1969 3691">
    <p class='ocr_par' dir='ltr' id='par_1_53' title="bbox 387 3610 1969 3691">
     <span class='ocr_line' id='line_1_53' title="bbox 387 3610 1969 3691; baseline 0.003 -20"><span class='ocrx_word' id='word_1_414' title='bbox 387 3616 575 3683; x_wconf 86' lang='grc' dir='ltr'>ποθεν,</span> <span class='ocrx_word' id='word_1_415' title='bbox 599 3616 694 3686; x_wconf 81' lang='grc' dir='ltr'>ὑφ’</span> <span class='ocrx_word' id='word_1_416' title='bbox 733 3610 801 3689; x_wconf 82' lang='grc' dir='ltr'>ἧς</span> <span class='ocrx_word' id='word_1_417' title='bbox 831 3616 900 3671; x_wconf 70' lang='grc' dir='ltr'>τὰ</span> <span class='ocrx_word' id='word_1_418' title='bbox 929 3615 1028 3686; x_wconf 86' lang='grc' dir='ltr'>τῆς</span> <span class='ocrx_word' id='word_1_419' title='bbox 1074 3618 1299 3688; x_wconf 87' lang='grc' dir='ltr'>πικρίας</span> <span class='ocrx_word' id='word_1_420' title='bbox 1356 3620 1813 3691; x_wconf 83' lang='grc' dir='ltr'>ἀνασταλήσεται.</span> <span class='ocrx_word' id='word_1_421' title='bbox 1852 3622 1969 3678; x_wconf 79' lang='grc' dir='ltr'>Καὶ</span> 
     </span>
    </p>
   </div>
   <div class='ocr_carea' id='block_1_54' title="bbox 386 3709 1964 3787">
    <p class='ocr_par' dir='ltr' id='par_1_54' title="bbox 386 3709 1964 3787">
     <span class='ocr_line' id='line_1_54' title="bbox 386 3709 1964 3787; baseline 0.003 -21"><span class='ocrx_word' id='word_1_422' title='bbox 386 3712 510 3766; x_wconf 87' lang='grc' dir='ltr'>τότε</span> <span class='ocrx_word' id='word_1_423' title='bbox 540 3712 611 3767; x_wconf 79' lang='grc' dir='ltr'>ἂν</span> <span class='ocrx_word' id='word_1_424' title='bbox 638 3710 836 3777; x_wconf 77' lang='grc' dir='ltr'>ἀνοίξω</span> <span class='ocrx_word' id='word_1_425' title='bbox 862 3712 922 3766; x_wconf 83' lang='grc' dir='ltr'>τὸ</span> <span class='ocrx_word' id='word_1_426' title='bbox 955 3709 1153 3779; x_wconf 85' lang='grc' dir='ltr'>στόμα,</span> <span class='ocrx_word' id='word_1_427' title='bbox 1187 3717 1283 3765; x_wconf 77' lang='grc' dir='ltr'>καὶ</span> <span class='ocrx_word' id='word_1_428' title='bbox 1322 3712 1479 3783; x_wconf 75' lang='grc' dir='ltr'>τορὸν</span> <span class='ocrx_word' id='word_1_429' title='bbox 1526 3714 1964 3787; x_wconf 80' lang='grc' dir='ltr'>ἀναφθέγξομαι.</span> 
     </span>
    </p>
   </div>
   <div class='ocr_carea' id='block_1_55' title="bbox 384 3803 1967 3877">
    <p class='ocr_par' dir='ltr' id='par_1_55' title="bbox 384 3803 1967 3877">
     <span class='ocr_line' id='line_1_55' title="bbox 384 3803 1967 3877; baseline 0.002 -17"><span class='ocrx_word' id='word_1_430' title='bbox 384 3836 454 3849; x_wconf 90' lang='grc'>--</span> <span class='ocrx_word' id='word_1_431' title='bbox 486 3805 599 3860; x_wconf 77' lang='grc' dir='ltr'>Καὶ</span> <span class='ocrx_word' id='word_1_432' title='bbox 637 3804 703 3859; x_wconf 76' lang='grc' dir='ltr'>σὺ</span> <span class='ocrx_word' id='word_1_433' title='bbox 740 3804 838 3875; x_wconf 70' lang='grc' dir='ltr'>μὲν</span> <span class='ocrx_word' id='word_1_434' title='bbox 889 3803 1083 3862; x_wconf 71' lang='grc' dir='ltr'>οὕτως.</span> <span class='ocrx_word' id='word_1_435' title='bbox 1132 3804 1273 3857; x_wconf 81' lang='grc' dir='ltr'>Ἀλλ’</span> <span class='ocrx_word' id='word_1_436' title='bbox 1311 3803 1425 3873; x_wconf 70' lang='grc' dir='ltr'>ἐγὼ</span> <span class='ocrx_word' id='word_1_437' title='bbox 1475 3804 1536 3859; x_wconf 82' lang='grc' dir='ltr'>τὸ</span> <span class='ocrx_word' id='word_1_438' title='bbox 1585 3806 1680 3860; x_wconf 85' lang='grc' dir='ltr'>σὸν</span> <span class='ocrx_word' id='word_1_439' title='bbox 1723 3806 1857 3877; x_wconf 77' lang='grc' dir='ltr'>ὕψος</span> <span class='ocrx_word' id='word_1_440' title='bbox 1901 3808 1967 3863; x_wconf 83' lang='grc' dir='ltr'>οὑ</span> 
     </span>
    </p>
   </div>
   <div class='ocr_carea' id='block_1_56' title="bbox 384 3893 1966 3967">
    <p class='ocr_par' dir='ltr' id='par_1_56' title="bbox 384 3893 1966 3967">
     <span class='ocr_line' id='line_1_56' title="bbox 384 3893 1966 3967; baseline 0.001 -15"><span class='ocrx_word' id='word_1_441' title='bbox 384 3899 498 3961; x_wconf 78' lang='grc' dir='ltr'>τοῖς</span> <span class='ocrx_word' id='word_1_442' title='bbox 548 3897 688 3959; x_wconf 83' lang='grc' dir='ltr'>ίσοις</span> <span class='ocrx_word' id='word_1_443' title='bbox 735 3895 1067 3965; x_wconf 81' lang='grc' dir='ltr'>ἀμείψομαι,</span> <span class='ocrx_word' id='word_1_444' title='bbox 1096 3893 1235 3947; x_wconf 86' lang='grc' dir='ltr'>ἀλλὰ</span> <span class='ocrx_word' id='word_1_445' title='bbox 1268 3894 1366 3964; x_wconf 84' lang='grc' dir='ltr'>τῆς</span> <span class='ocrx_word' id='word_1_446' title='bbox 1402 3897 1635 3967; x_wconf 85' lang='grc' dir='ltr'>πικρίας</span> <span class='ocrx_word' id='word_1_447' title='bbox 1681 3899 1966 3953; x_wconf 84' lang='grc' dir='ltr'>ἀντιδώσω</span> 
     </span>
    </p>
   </div>
   <div class='ocr_carea' id='block_1_57' title="bbox 384 3978 1965 4062">
    <p class='ocr_par' dir='ltr' id='par_1_57' title="bbox 384 3978 1965 4062">
     <span class='ocr_line' id='line_1_57' title="bbox 384 3978 1965 4062; baseline -0.001 -15"><span class='ocrx_word' id='word_1_448' title='bbox 384 3990 701 4062; x_wconf 86' lang='grc' dir='ltr'>γλυκύτητα</span> <span class='ocrx_word' id='word_1_449' title='bbox 726 4006 742 4022; x_wconf 93' lang='grc'>·</span> <span class='ocrx_word' id='word_1_450' title='bbox 777 3992 873 4046; x_wconf 77' lang='grc' dir='ltr'>καὶ</span> <span class='ocrx_word' id='word_1_451' title='bbox 906 3986 1024 4041; x_wconf 82' lang='grc' dir='ltr'>ἀνθ’</span> <span class='ocrx_word' id='word_1_452' title='bbox 1054 3978 1130 4040; x_wconf 80' lang='grc' dir='ltr'>ὧν</span> <span class='ocrx_word' id='word_1_453' title='bbox 1162 3988 1463 4057; x_wconf 80' lang='grc' dir='ltr'>έπίκρανάς</span> <span class='ocrx_word' id='word_1_454' title='bbox 1501 4006 1593 4057; x_wconf 90' lang='grc' dir='ltr'>μοι</span> <span class='ocrx_word' id='word_1_455' title='bbox 1623 3989 1688 4043; x_wconf 80' lang='grc' dir='ltr'>τὸ</span> <span class='ocrx_word' id='word_1_456' title='bbox 1713 3990 1965 4060; x_wconf 74' lang='grc' dir='ltr'>ἄριστον,</span> 
     </span>
    </p>
   </div>
   <div class='ocr_carea' id='block_1_58' title="bbox 385 4082 1966 4156">
    <p class='ocr_par' dir='ltr' id='par_1_58' title="bbox 385 4082 1966 4156">
     <span class='ocr_line' id='line_1_58' title="bbox 385 4082 1966 4156; baseline -0.008 -15"><span class='ocrx_word' id='word_1_457' title='bbox 385 4087 656 4156; x_wconf 88' lang='grc' dir='ltr'>γλεύκους</span> <span class='ocrx_word' id='word_1_458' title='bbox 686 4085 968 4156; x_wconf 85' lang='grc' dir='ltr'>πληρώσω</span> <span class='ocrx_word' id='word_1_459' title='bbox 1002 4101 1086 4137; x_wconf 92' lang='grc' dir='ltr'>σοι</span> <span class='ocrx_word' id='word_1_460' title='bbox 1112 4084 1174 4136; x_wconf 74' lang='grc' dir='ltr'>τὸ</span> <span class='ocrx_word' id='word_1_461' title='bbox 1204 4082 1461 4151; x_wconf 78' lang='grc' dir='ltr'>έστίαμα.</span> <span class='ocrx_word' id='word_1_462' title='bbox 1496 4083 1646 4152; x_wconf 85' lang='grc' dir='ltr'>Ἔχω</span> <span class='ocrx_word' id='word_1_463' title='bbox 1675 4085 1788 4155; x_wconf 82' lang='grc' dir='ltr'>γὰρ</span> <span class='ocrx_word' id='word_1_464' title='bbox 1817 4083 1966 4138; x_wconf 78' lang='grc' dir='ltr'>στει.</span> 
     </span>
    </p>
   </div>
   <div class='ocr_carea' id='block_1_59' title="bbox 383 4174 1968 4245">
    <p class='ocr_par' dir='ltr' id='par_1_59' title="bbox 383 4174 1968 4245">
     <span class='ocr_line' id='line_1_59' title="bbox 383 4174 1968 4245; baseline -0.011 -11"><span class='ocrx_word' id='word_1_465' title='bbox 383 4181 484 4242; x_wconf 88' lang='grc' dir='ltr'>λας</span> <span class='ocrx_word' id='word_1_466' title='bbox 538 4178 857 4241; x_wconf 86' lang='grc' dir='ltr'>οίνούττας,</span> <span class='ocrx_word' id='word_1_467' title='bbox 901 4176 1089 4244; x_wconf 86' lang='grc' dir='ltr'>όλίγας</span> <span class='ocrx_word' id='word_1_468' title='bbox 1149 4174 1282 4243; x_wconf 72' lang='grc' dir='ltr'>μὲν,</span> <span class='ocrx_word' id='word_1_469' title='bbox 1343 4174 1459 4227; x_wconf 81' lang='grc' dir='ltr'>ἀλλ’</span> <span class='ocrx_word' id='word_1_470' title='bbox 1518 4177 1851 4245; x_wconf 77' lang='grc' dir='ltr'>ἀγαπητάςο</span> <span class='ocrx_word' id='word_1_471' title='bbox 1900 4177 1968 4241; x_wconf 63' lang='grc' dir='ltr'>ἃς</span> 
     </span>
    </p>
   </div>
   <div class='ocr_carea' id='block_1_60' title="bbox 383 4264 1968 4343">
    <p class='ocr_par' dir='ltr' id='par_1_60' title="bbox 383 4264 1968 4343">
     <span class='ocr_line' id='line_1_60' title="bbox 383 4264 1968 4343; baseline 0 -20"><span class='ocrx_word' id='word_1_472' title='bbox 383 4265 482 4323; x_wconf 75' lang='grc' dir='ltr'>οἷδ’</span> <span class='ocrx_word' id='word_1_473' title='bbox 520 4268 605 4322; x_wconf 83' lang='grc' dir='ltr'>ὅτι</span> <span class='ocrx_word' id='word_1_474' title='bbox 627 4265 887 4339; x_wconf 81' lang='grc' dir='ltr'>ἀποδέξῃ,</span> <span class='ocrx_word' id='word_1_475' title='bbox 912 4267 979 4343; x_wconf 73' lang='grc' dir='ltr'>ρῦ</span> <span class='ocrx_word' id='word_1_476' title='bbox 1014 4267 1176 4334; x_wconf 90' lang='grc' dir='ltr'>μόνον</span> <span class='ocrx_word' id='word_1_477' title='bbox 1199 4265 1274 4327; x_wconf 91' lang='grc' dir='ltr'>ώς</span> <span class='ocrx_word' id='word_1_478' title='bbox 1303 4264 1476 4336; x_wconf 89' lang='grc' dir='ltr'>δῶρον</span> <span class='ocrx_word' id='word_1_479' title='bbox 1503 4266 1795 4335; x_wconf 76' lang='grc' dir='ltr'>ἡμέτερον,</span> <span class='ocrx_word' id='word_1_480' title='bbox 1828 4266 1968 4323; x_wconf 89' lang='grc' dir='ltr'>ἀλλά</span> 
     </span>
    </p>
   </div>
   <div class='ocr_carea' id='block_1_61' title="bbox 384 4356 1965 4430">
    <p class='ocr_par' dir='ltr' id='par_1_61' title="bbox 384 4356 1965 4430">
     <span class='ocr_line' id='line_1_61' title="bbox 384 4356 1965 4430; baseline -0.002 -16"><span class='ocrx_word' id='word_1_481' title='bbox 384 4361 500 4425; x_wconf 61' lang='grc' dir='ltr'>καὶ,</span> <span class='ocrx_word' id='word_1_482' title='bbox 533 4360 726 4430; x_wconf 82' lang='grc' dir='ltr'>ὅτιπερ</span> <span class='ocrx_word' id='word_1_483' title='bbox 781 4358 886 4424; x_wconf 71' lang='grc' dir='ltr'>ἔξω</span> <span class='ocrx_word' id='word_1_484' title='bbox 936 4356 1215 4428; x_wconf 75' lang='grc' dir='ltr'>καιροῦ,ἦ</span> <span class='ocrx_word' id='word_1_485' title='bbox 1269 4356 1374 4425; x_wconf 74' lang='grc' dir='ltr'>πρὸ</span> <span class='ocrx_word' id='word_1_486' title='bbox 1430 4356 1649 4427; x_wconf 83' lang='grc' dir='ltr'>καιροῦ.</span> <span class='ocrx_word' id='word_1_487' title='bbox 1721 4384 1793 4400; x_wconf 87' lang='lat'>-—-</span> <span class='ocrx_word' id='word_1_488' title='bbox 1824 4357 1965 4428; x_wconf 85' lang='lat' dir='ltr'>&#39;E9.-</span> 
     </span>
    </p>
   </div>
   <div class='ocr_carea' id='block_1_62' title="bbox 383 4448 1964 4523">
    <p class='ocr_par' dir='ltr' id='par_1_62' title="bbox 383 4448 1964 4523">
     <span class='ocr_line' id='line_1_62' title="bbox 383 4448 1964 4523; baseline -0.001 -17"><span class='ocrx_word' id='word_1_489' title='bbox 383 4470 609 4523; x_wconf 88' lang='grc' dir='ltr'>φροντις</span> <span class='ocrx_word' id='word_1_490' title='bbox 670 4450 747 4505; x_wconf 84' lang='grc' dir='ltr'>ὢν</span> <span class='ocrx_word' id='word_1_491' title='bbox 801 4450 975 4504; x_wconf 87' lang='grc' dir='ltr'>ταῦτά</span> <span class='ocrx_word' id='word_1_492' title='bbox 1045 4467 1128 4503; x_wconf 90' lang='grc' dir='ltr'>σοι</span> <span class='ocrx_word' id='word_1_493' title='bbox 1194 4466 1413 4520; x_wconf 90' lang='grc' dir='ltr'>γραφω,</span> <span class='ocrx_word' id='word_1_494' title='bbox 1466 4448 1817 4519; x_wconf 78' lang='grc' dir='ltr'>πανσεὸάστη</span> <span class='ocrx_word' id='word_1_495' title='bbox 1870 4467 1964 4519; x_wconf 89' lang='grc' dir='ltr'>μοι</span> 
     </span>
    </p>
   </div>
   <div class='ocr_carea' id='block_1_63' title="bbox 2069 1861 3665 1933">
    <p class='ocr_par' dir='ltr' id='par_1_63' title="bbox 2069 1861 3665 1933">
     <span class='ocr_line' id='line_1_63' title="bbox 2069 1861 3665 1933; baseline 0.001 -18"><span class='ocrx_word' id='word_1_496' title='bbox 2069 1861 2164 1915; x_wconf 82' lang='grc' dir='ltr'>καὶ</span> <span class='ocrx_word' id='word_1_497' title='bbox 2183 1863 2337 1916; x_wconf 76' lang='grc' dir='ltr'>αὐτοὶ</span> <span class='ocrx_word' id='word_1_498' title='bbox 2362 1864 2769 1933; x_wconf 88' lang='grc' dir='ltr'>προσαγορείας</span> <span class='ocrx_word' id='word_1_499' title='bbox 2793 1862 3119 1928; x_wconf 75' lang='grc' dir='ltr'>ἀξιωθέντες</span> <span class='ocrx_word' id='word_1_500' title='bbox 3148 1863 3296 1918; x_wconf 71' lang='grc' dir='ltr'>οὕτω</span> <span class='ocrx_word' id='word_1_501' title='bbox 3322 1863 3665 1932; x_wconf 79' lang='grc' dir='ltr'>σεδασμίας,</span> 
     </span>
    </p>
   </div>
   <div class='ocr_carea' id='block_1_64' title="bbox 2067 1953 3664 2027">
    <p class='ocr_par' dir='ltr' id='par_1_64' title="bbox 2067 1953 3664 2027">
     <span class='ocr_line' id='line_1_64' title="bbox 2067 1953 3664 2027; baseline 0.003 -20"><span class='ocrx_word' id='word_1_502' title='bbox 2067 1953 2440 2025; x_wconf 76' lang='grc' dir='ltr'>προσκυνοῦσι</span> <span class='ocrx_word' id='word_1_503' title='bbox 2486 1958 2581 2008; x_wconf 80' lang='grc' dir='ltr'>καὶ</span> <span class='ocrx_word' id='word_1_504' title='bbox 2612 1956 2770 2011; x_wconf 79' lang='grc' dir='ltr'>αὑτοὶ</span> <span class='ocrx_word' id='word_1_505' title='bbox 2817 1957 2920 2009; x_wconf 82' lang='grc' dir='ltr'>σὺν</span> <span class='ocrx_word' id='word_1_506' title='bbox 2965 1957 3097 2027; x_wconf 68' lang='grc' dir='ltr'>ἡμίν</span> <span class='ocrx_word' id='word_1_507' title='bbox 3128 1957 3221 2010; x_wconf 85' lang='grc' dir='ltr'>τδν</span> <span class='ocrx_word' id='word_1_508' title='bbox 3246 1956 3348 2027; x_wconf 78' lang='grc' dir='ltr'>τὴν</span> <span class='ocrx_word' id='word_1_509' title='bbox 3376 1974 3664 2023; x_wconf 82' lang='grc' dir='ltr'>προσαγο-</span> 
     </span>
    </p>
   </div>
   <div class='ocr_carea' id='block_1_65' title="bbox 2068 2046 3662 2119">
    <p class='ocr_par' dir='ltr' id='par_1_65' title="bbox 2068 2046 3662 2119">
     <span class='ocr_line' id='line_1_65' title="bbox 2068 2046 3662 2119; baseline 0.003 -20"><span class='ocrx_word' id='word_1_510' title='bbox 2068 2048 2221 2117; x_wconf 84' lang='grc' dir='ltr'>ρείαν</span> <span class='ocrx_word' id='word_1_511' title='bbox 2243 2046 2715 2117; x_wconf 79' lang='grc' dir='ltr'>διαπεμψάμενον,</span> <span class='ocrx_word' id='word_1_512' title='bbox 2751 2048 2847 2101; x_wconf 76' lang='grc' dir='ltr'>καὶ</span> <span class='ocrx_word' id='word_1_513' title='bbox 2898 2048 2968 2101; x_wconf 87' lang='grc' dir='ltr'>τά</span> <span class='ocrx_word' id='word_1_514' title='bbox 3000 2049 3164 2116; x_wconf 82' lang='grc' dir='ltr'>ὅμοια</span> <span class='ocrx_word' id='word_1_515' title='bbox 3202 2050 3662 2119; x_wconf 81' lang='grc' dir='ltr'>συνεπεύχονται.</span> 
     </span>
    </p>
   </div>
   <div class='ocr_carea' id='block_1_66' title="bbox 2064 2138 3661 2211">
    <p class='ocr_par' dir='ltr' id='par_1_66' title="bbox 2064 2138 3661 2211">
     <span class='ocr_line' id='line_1_66' title="bbox 2064 2138 3661 2211; baseline 0.001 -19"><span class='ocrx_word' id='word_1_516' title='bbox 2064 2168 2135 2179; x_wconf 88' lang='grc'>--</span> <span class='ocrx_word' id='word_1_517' title='bbox 2164 2140 2652 2210; x_wconf 84' lang='grc' dir='ltr'>Προσαγορεύομεν</span> <span class='ocrx_word' id='word_1_518' title='bbox 2691 2138 2937 2203; x_wconf 72' lang='grc' dir='ltr'>ἅπαντες</span> <span class='ocrx_word' id='word_1_519' title='bbox 2982 2141 3113 2203; x_wconf 90' lang='grc' dir='ltr'>τούς</span> <span class='ocrx_word' id='word_1_520' title='bbox 3158 2157 3219 2194; x_wconf 86' lang='grc' dir='ltr'>τε</span> <span class='ocrx_word' id='word_1_521' title='bbox 3250 2142 3464 2204; x_wconf 82' lang='grc' dir='ltr'>εἰδότας</span> <span class='ocrx_word' id='word_1_522' title='bbox 3501 2141 3661 2211; x_wconf 74' lang='grc' dir='ltr'>ἡμᾶς</span> 
     </span>
    </p>
   </div>
   <div class='ocr_carea' id='block_1_67' title="bbox 2066 2230 3662 2301">
    <p class='ocr_par' dir='ltr' id='par_1_67' title="bbox 2066 2230 3662 2301">
     <span class='ocr_line' id='line_1_67' title="bbox 2066 2230 3662 2301; baseline 0.003 -19"><span class='ocrx_word' id='word_1_523' title='bbox 2066 2230 2275 2293; x_wconf 81' lang='grc' dir='ltr'>πάντας</span> <span class='ocrx_word' id='word_1_524' title='bbox 2321 2232 2419 2284; x_wconf 74' lang='grc' dir='ltr'>καὶ</span> <span class='ocrx_word' id='word_1_525' title='bbox 2459 2231 2795 2297; x_wconf 84' lang='grc' dir='ltr'>ἀγαπῶντας</span> <span class='ocrx_word' id='word_1_526' title='bbox 2830 2231 2894 2285; x_wconf 76' lang='lat' dir='ltr'>lx</span> <span class='ocrx_word' id='word_1_527' title='bbox 2920 2232 3029 2285; x_wconf 86' lang='grc' dir='ltr'>τῶν</span> <span class='ocrx_word' id='word_1_528' title='bbox 3059 2231 3161 2301; x_wconf 83' lang='grc' dir='ltr'>τῆς</span> <span class='ocrx_word' id='word_1_529' title='bbox 3198 2233 3486 2301; x_wconf 78' lang='grc' dir='ltr'>ὑποταγῆς</span> <span class='ocrx_word' id='word_1_530' title='bbox 3506 2250 3521 2264; x_wconf 96' lang='grc'>·</span> <span class='ocrx_word' id='word_1_531' title='bbox 3553 2234 3662 2286; x_wconf 74' lang='grc' dir='ltr'>καὶ</span> 
     </span>
    </p>
   </div>
   <div class='ocr_carea' id='block_1_68' title="bbox 2064 2321 3660 2394">
    <p class='ocr_par' dir='ltr' id='par_1_68' title="bbox 2064 2321 3660 2394">
     <span class='ocr_line' id='line_1_68' title="bbox 2064 2321 3660 2394; baseline 0.001 -18"><span class='ocrx_word' id='word_1_532' title='bbox 2064 2322 2159 2376; x_wconf 77' lang='grc' dir='ltr'>τὸν</span> <span class='ocrx_word' id='word_1_533' title='bbox 2208 2321 2495 2392; x_wconf 76' lang='grc' dir='ltr'>ἀγαπητὸν</span> <span class='ocrx_word' id='word_1_534' title='bbox 2542 2321 2733 2392; x_wconf 89' lang='grc' dir='ltr'>κύριον</span> <span class='ocrx_word' id='word_1_535' title='bbox 2778 2322 3052 2394; x_wconf 83' lang='grc' dir='ltr'>Νικήτην,</span> <span class='ocrx_word' id='word_1_536' title='bbox 3095 2322 3189 2376; x_wconf 62' lang='grc' dir='ltr'>τον</span> <span class='ocrx_word' id='word_1_537' title='bbox 3250 2324 3364 2377; x_wconf 85' lang='grc' dir='ltr'>είτε</span> <span class='ocrx_word' id='word_1_538' title='bbox 3412 2324 3660 2378; x_wconf 79' lang='grc' dir='ltr'>Λάκωνα</span> 
     </span>
    </p>
   </div>
   <div class='ocr_carea' id='block_1_69' title="bbox 2065 2413 3662 2487">
    <p class='ocr_par' dir='ltr' id='par_1_69' title="bbox 2065 2413 3662 2487">
     <span class='ocr_line' id='line_1_69' title="bbox 2065 2413 3662 2487; baseline 0.003 -23"><span class='ocrx_word' id='word_1_539' title='bbox 2065 2413 2177 2466; x_wconf 85' lang='grc' dir='ltr'>είτε</span> <span class='ocrx_word' id='word_1_540' title='bbox 2211 2413 2437 2483; x_wconf 82' lang='grc' dir='ltr'>Τίμωνα</span> <span class='ocrx_word' id='word_1_541' title='bbox 2467 2414 2538 2468; x_wconf 90' lang='grc' dir='ltr'>τά</span> <span class='ocrx_word' id='word_1_542' title='bbox 2594 2432 2658 2482; x_wconf 93' lang='grc' dir='ltr'>γε</span> <span class='ocrx_word' id='word_1_543' title='bbox 2707 2416 2786 2478; x_wconf 83' lang='grc' dir='ltr'>είς</span> <span class='ocrx_word' id='word_1_544' title='bbox 2821 2415 2992 2485; x_wconf 79' lang='grc' dir='ltr'>ἡμᾶς,</span> <span class='ocrx_word' id='word_1_545' title='bbox 3030 2415 3063 2485; x_wconf 77' lang='grc' dir='ltr'>ἢ</span> <span class='ocrx_word' id='word_1_546' title='bbox 3117 2414 3588 2485; x_wconf 67' lang='grc' dir='ltr'>ἐπιλελησμένον·</span> <span class='ocrx_word' id='word_1_547' title='bbox 3620 2416 3662 2487; x_wconf 73' lang='grc' dir='ltr'>ἢ</span> 
     </span>
    </p>
   </div>
   <div class='ocr_carea' id='block_1_70' title="bbox 2063 2502 3663 2575">
    <p class='ocr_par' dir='ltr' id='par_1_70' title="bbox 2063 2502 3663 2575">
     <span class='ocr_line' id='line_1_70' title="bbox 2063 2502 3663 2575; baseline -0.001 -17"><span class='ocrx_word' id='word_1_548' title='bbox 2063 2504 2181 2559; x_wconf 77' lang='grc' dir='ltr'>ἀλλ’</span> <span class='ocrx_word' id='word_1_549' title='bbox 2224 2504 2454 2558; x_wconf 78' lang='grc' dir='ltr'>έπέλιπέ</span> <span class='ocrx_word' id='word_1_550' title='bbox 2500 2522 2591 2574; x_wconf 92' lang='grc' dir='ltr'>μοι</span> <span class='ocrx_word' id='word_1_551' title='bbox 2631 2504 2703 2567; x_wconf 79' lang='grc' dir='ltr'>τά</span> <span class='ocrx_word' id='word_1_552' title='bbox 2749 2502 2850 2574; x_wconf 82' lang='grc' dir='ltr'>τῆς</span> <span class='ocrx_word' id='word_1_553' title='bbox 2886 2504 3152 2574; x_wconf 83' lang='grc' dir='ltr'>κλήσεως.</span> <span class='ocrx_word' id='word_1_554' title='bbox 3188 2503 3295 2557; x_wconf 82' lang='grc' dir='ltr'>Τὸν</span> <span class='ocrx_word' id='word_1_555' title='bbox 3332 2504 3446 2572; x_wconf 82' lang='grc' dir='ltr'>γάρ</span> <span class='ocrx_word' id='word_1_556' title='bbox 3480 2504 3663 2575; x_wconf 82' lang='grc' dir='ltr'>συνή-</span> 
     </span>
    </p>
   </div>
   <div class='ocr_carea' id='block_1_71' title="bbox 2063 2595 3660 2669">
    <p class='ocr_par' dir='ltr' id='par_1_71' title="bbox 2063 2595 3660 2669">
     <span class='ocr_line' id='line_1_71' title="bbox 2063 2595 3660 2669; baseline -0.003 -15"><span class='ocrx_word' id='word_1_557' title='bbox 2063 2599 2190 2654; x_wconf 90' lang='grc' dir='ltr'>λικα</span> <span class='ocrx_word' id='word_1_558' title='bbox 2221 2598 2276 2653; x_wconf 87' lang='grc' dir='ltr'>τί</span> <span class='ocrx_word' id='word_1_559' title='bbox 2306 2599 2375 2654; x_wconf 78' lang='grc' dir='ltr'>ἀν</span> <span class='ocrx_word' id='word_1_560' title='bbox 2423 2600 2753 2669; x_wconf 82' lang='grc' dir='ltr'>καλέσαιμι;</span> <span class='ocrx_word' id='word_1_561' title='bbox 2795 2598 2853 2661; x_wconf 78' lang='grc' dir='ltr'>ὃς</span> <span class='ocrx_word' id='word_1_562' title='bbox 2881 2597 2958 2660; x_wconf 85' lang='grc' dir='ltr'>ώς</span> <span class='ocrx_word' id='word_1_563' title='bbox 3000 2596 3062 2663; x_wconf 65' lang='grc' dir='ltr'>ἐξ</span> <span class='ocrx_word' id='word_1_564' title='bbox 3094 2596 3345 2667; x_wconf 77' lang='grc' dir='ltr'>ἅρματος</span> <span class='ocrx_word' id='word_1_565' title='bbox 3390 2595 3568 2666; x_wconf 79' lang='grc' dir='ltr'>βραχύ</span> <span class='ocrx_word' id='word_1_566' title='bbox 3598 2613 3660 2650; x_wconf 80' lang='grc' dir='ltr'>τι</span> 
     </span>
    </p>
   </div>
   <div class='ocr_carea' id='block_1_72' title="bbox 2062 2688 3659 2763">
    <p class='ocr_par' dir='ltr' id='par_1_72' title="bbox 2062 2688 3659 2763">
     <span class='ocr_line' id='line_1_72' title="bbox 2062 2688 3659 2763; baseline -0.003 -18"><span class='ocrx_word' id='word_1_567' title='bbox 2062 2690 2432 2763; x_wconf 78' lang='grc' dir='ltr'>άπαστράψας</span> <span class='ocrx_word' id='word_1_568' title='bbox 2456 2690 2751 2751; x_wconf 78' lang='grc' dir='ltr'>ἀπέσϐεσε,</span> <span class='ocrx_word' id='word_1_569' title='bbox 2777 2690 2872 2743; x_wconf 77' lang='grc' dir='ltr'>καὶ</span> <span class='ocrx_word' id='word_1_570' title='bbox 2906 2688 3091 2743; x_wconf 82' lang='grc' dir='ltr'>οὐκέτι</span> <span class='ocrx_word' id='word_1_571' title='bbox 3121 2689 3325 2757; x_wconf 80' lang='grc' dir='ltr'>ἔφανεν</span> <span class='ocrx_word' id='word_1_572' title='bbox 3351 2690 3483 2757; x_wconf 76' lang='grc' dir='ltr'>ἡμῖν</span> <span class='ocrx_word' id='word_1_573' title='bbox 3518 2689 3659 2757; x_wconf 76' lang='grc' dir='ltr'>μιᾶς</span> 
     </span>
    </p>
   </div>
   <div class='ocr_carea' id='block_1_73' title="bbox 2069 2780 3652 2859">
    <p class='ocr_par' dir='ltr' id='par_1_73' title="bbox 2069 2780 3652 2859">
     <span class='ocr_line' id='line_1_73' title="bbox 2069 2780 3652 2859; baseline -0.004 -19"><span class='ocrx_word' id='word_1_574' title='bbox 2069 2783 2313 2850; x_wconf 73' lang='grc' dir='ltr'>ἀξιώσας</span> <span class='ocrx_word' id='word_1_575' title='bbox 2337 2783 2672 2859; x_wconf 77' lang='grc' dir='ltr'>προσλαλιᾶς</span> <span class='ocrx_word' id='word_1_576' title='bbox 2690 2798 2704 2815; x_wconf 95' lang='grc'>·</span> <span class='ocrx_word' id='word_1_577' title='bbox 2738 2781 2797 2836; x_wconf 82' lang='grc' dir='ltr'>δν</span> <span class='ocrx_word' id='word_1_578' title='bbox 2826 2780 3095 2851; x_wconf 87' lang='grc' dir='ltr'>ἀμύναιτο</span> <span class='ocrx_word' id='word_1_579' title='bbox 3116 2781 3253 2845; x_wconf 81' lang='grc' dir='ltr'>Θεὸς</span> <span class='ocrx_word' id='word_1_580' title='bbox 3281 2784 3349 2852; x_wconf 76' lang='grc' dir='ltr'>τῇ</span> <span class='ocrx_word' id='word_1_581' title='bbox 3381 2782 3652 2850; x_wconf 79' lang='grc' dir='ltr'>στερήσει</span> 
     </span>
    </p>
   </div>
   <div class='ocr_carea' id='block_1_74' title="bbox 2062 2873 3654 2948">
    <p class='ocr_par' dir='ltr' id='par_1_74' title="bbox 2062 2873 3654 2948">
     <span class='ocr_line' id='line_1_74' title="bbox 2062 2873 3654 2948; baseline -0.003 -17"><span class='ocrx_word' id='word_1_582' title='bbox 2062 2878 2161 2947; x_wconf 79' lang='grc' dir='ltr'>τῆς</span> <span class='ocrx_word' id='word_1_583' title='bbox 2198 2876 2527 2948; x_wconf 84' lang='grc' dir='ltr'>φιλουμένης</span> <span class='ocrx_word' id='word_1_584' title='bbox 2556 2875 2731 2947; x_wconf 81' lang='grc' dir='ltr'>θήρας</span> <span class='ocrx_word' id='word_1_585' title='bbox 2774 2873 2943 2943; x_wconf 81' lang='grc' dir='ltr'>αὐτῷ.</span> <span class='ocrx_word' id='word_1_586' title='bbox 2981 2875 3091 2929; x_wconf 65' lang='grc' dir='ltr'>Καὶ</span> <span class='ocrx_word' id='word_1_587' title='bbox 3124 2874 3291 2939; x_wconf 81' lang='grc' dir='ltr'>αὐτὸς</span> <span class='ocrx_word' id='word_1_588' title='bbox 3327 2873 3428 2945; x_wconf 63' lang='grc' dir='ltr'>μὲν</span> <span class='ocrx_word' id='word_1_589' title='bbox 3455 2874 3654 2929; x_wconf 75' lang='grc' dir='ltr'>αὐτόθι</span> 
     </span>
    </p>
   </div>
   <div class='ocr_carea' id='block_1_75' title="bbox 2063 2966 3656 3039">
    <p class='ocr_par' dir='ltr' id='par_1_75' title="bbox 2063 2966 3656 3039">
     <span class='ocr_line' id='line_1_75' title="bbox 2063 2966 3656 3039; baseline 0 -17"><span class='ocrx_word' id='word_1_590' title='bbox 2063 2968 2395 3039; x_wconf 86' lang='grc' dir='ltr'>πομπεύσοι,</span> <span class='ocrx_word' id='word_1_591' title='bbox 2426 2969 2498 3023; x_wconf 84' lang='grc' dir='ltr'>τὰ</span> <span class='ocrx_word' id='word_1_592' title='bbox 2540 2969 2673 3039; x_wconf 87' lang='grc' dir='ltr'>φίλα</span> <span class='ocrx_word' id='word_1_593' title='bbox 2719 2968 2937 3023; x_wconf 78' lang='grc' dir='ltr'>ποιῶν⁶</span> <span class='ocrx_word' id='word_1_594' title='bbox 2963 2968 3033 3023; x_wconf 89' lang='grc' dir='ltr'>τά</span> <span class='ocrx_word' id='word_1_595' title='bbox 3066 2968 3125 3022; x_wconf 64' lang='grc' dir='ltr'>δέ</span> <span class='ocrx_word' id='word_1_596' title='bbox 3171 2967 3409 3037; x_wconf 90' lang='grc' dir='ltr'>φίλτατα</span> <span class='ocrx_word' id='word_1_597' title='bbox 3464 2966 3656 3037; x_wconf 74' lang='grc' dir='ltr'>πτηνὰ</span> 
     </span>
    </p>
   </div>
   <div class='ocr_carea' id='block_1_76' title="bbox 2064 3056 3653 3130">
    <p class='ocr_par' dir='ltr' id='par_1_76' title="bbox 2064 3056 3653 3130">
     <span class='ocr_line' id='line_1_76' title="bbox 2064 3056 3653 3130; baseline 0 -19"><span class='ocrx_word' id='word_1_598' title='bbox 2064 3058 2453 3130; x_wconf 87' lang='grc' dir='ltr'>περιδράμοιεν</span> <span class='ocrx_word' id='word_1_599' title='bbox 2506 3058 2691 3125; x_wconf 80' lang='grc' dir='ltr'>αὐτὸν,</span> <span class='ocrx_word' id='word_1_600' title='bbox 2754 3059 2814 3111; x_wconf 72' lang='grc' dir='ltr'>έν</span> <span class='ocrx_word' id='word_1_601' title='bbox 2866 3056 3058 3128; x_wconf 73' lang='grc' dir='ltr'>χερσὶν</span> <span class='ocrx_word' id='word_1_602' title='bbox 3107 3057 3286 3113; x_wconf 79' lang='grc' dir='ltr'>ἀλλων</span> <span class='ocrx_word' id='word_1_603' title='bbox 3353 3058 3653 3121; x_wconf 83' lang='grc' dir='ltr'>πίπτοντα,</span> 
     </span>
    </p>
   </div>
   <div class='ocr_carea' id='block_1_77' title="bbox 2068 3150 3660 3224">
    <p class='ocr_par' dir='ltr' id='par_1_77' title="bbox 2068 3150 3660 3224">
     <span class='ocr_line' id='line_1_77' title="bbox 2068 3150 3660 3224; baseline -0.005 -13"><span class='ocrx_word' id='word_1_604' title='bbox 2068 3157 2165 3211; x_wconf 78' lang='grc' dir='ltr'>καὶ</span> <span class='ocrx_word' id='word_1_605' title='bbox 2193 3156 2307 3219; x_wconf 84' lang='grc' dir='ltr'>τοῐς</span> <span class='ocrx_word' id='word_1_606' title='bbox 2334 3154 2573 3209; x_wconf 77' lang='grc' dir='ltr'>ένταῦθα</span> <span class='ocrx_word' id='word_1_607' title='bbox 2609 3152 2946 3224; x_wconf 77' lang='grc' dir='ltr'>ποριζόμενα</span> <span class='ocrx_word' id='word_1_608' title='bbox 2972 3152 3111 3224; x_wconf 82' lang='grc' dir='ltr'>πρὸς</span> <span class='ocrx_word' id='word_1_609' title='bbox 3138 3151 3428 3221; x_wconf 78' lang='grc' dir='ltr'>δαψίλειαν</span> <span class='ocrx_word' id='word_1_610' title='bbox 3449 3167 3462 3181; x_wconf 92' lang='grc'>·</span> <span class='ocrx_word' id='word_1_611' title='bbox 3493 3150 3525 3204; x_wconf 82' lang='grc' dir='ltr'>θ</span> <span class='ocrx_word' id='word_1_612' title='bbox 3558 3153 3660 3205; x_wconf 77' lang='grc' dir='ltr'>καὶ</span> 
     </span>
    </p>
   </div>
   <div class='ocr_carea' id='block_1_78' title="bbox 2067 3242 3660 3317">
    <p class='ocr_par' dir='ltr' id='par_1_78' title="bbox 2067 3242 3660 3317">
     <span class='ocr_line' id='line_1_78' title="bbox 2067 3242 3660 3317; baseline -0.003 -17"><span class='ocrx_word' id='word_1_613' title='bbox 2067 3248 2301 3317; x_wconf 91' lang='grc' dir='ltr'>γίνεται.</span> <span class='ocrx_word' id='word_1_614' title='bbox 2324 3274 2398 3289; x_wconf 88' lang='lat'>——</span> <span class='ocrx_word' id='word_1_615' title='bbox 2430 3245 2492 3300; x_wconf 85' lang='grc' dir='ltr'>Ὀ</span> <span class='ocrx_word' id='word_1_616' title='bbox 2518 3245 2844 3316; x_wconf 76' lang='grc' dir='ltr'>ίεροψάλτης</span> <span class='ocrx_word' id='word_1_617' title='bbox 2876 3244 3117 3314; x_wconf 81' lang='grc' dir='ltr'>μοναχὺς</span> <span class='ocrx_word' id='word_1_618' title='bbox 3142 3244 3307 3314; x_wconf 84' lang='grc' dir='ltr'>χάρις</span> <span class='ocrx_word' id='word_1_619' title='bbox 3333 3242 3433 3313; x_wconf 76' lang='grc' dir='ltr'>μὶν</span> <span class='ocrx_word' id='word_1_620' title='bbox 3457 3244 3547 3297; x_wconf 80' lang='grc' dir='ltr'>ὅτι</span> <span class='ocrx_word' id='word_1_621' title='bbox 3573 3244 3660 3312; x_wconf 80' lang='grc' dir='ltr'>τῷ</span> 
     </span>
    </p>
   </div>
   <div class='ocr_carea' id='block_1_79' title="bbox 2066 3335 3657 3411">
    <p class='ocr_par' dir='ltr' id='par_1_79' title="bbox 2066 3335 3657 3411">
     <span class='ocr_line' id='line_1_79' title="bbox 2066 3335 3657 3411; baseline -0.001 -19"><span class='ocrx_word' id='word_1_622' title='bbox 2066 3338 2216 3411; x_wconf 82' lang='grc' dir='ltr'>τυρῷ</span> <span class='ocrx_word' id='word_1_623' title='bbox 2270 3338 2484 3409; x_wconf 81' lang='grc' dir='ltr'>φθάσας</span> <span class='ocrx_word' id='word_1_624' title='bbox 2535 3339 2836 3409; x_wconf 78' lang='grc' dir='ltr'>προσεῖπεν</span> <span class='ocrx_word' id='word_1_625' title='bbox 2882 3338 3016 3407; x_wconf 80' lang='grc' dir='ltr'>ἡμῖν</span> <span class='ocrx_word' id='word_1_626' title='bbox 3057 3366 3129 3377; x_wconf 96' lang='grc'><strong><em>-</em></strong></span> <span class='ocrx_word' id='word_1_627' title='bbox 3158 3335 3348 3390; x_wconf 78' lang='grc' dir='ltr'>ἔκτοτε</span> <span class='ocrx_word' id='word_1_628' title='bbox 3381 3335 3442 3389; x_wconf 79' lang='grc' dir='ltr'>δὲ</span> <span class='ocrx_word' id='word_1_629' title='bbox 3475 3337 3547 3405; x_wconf 70' lang='grc' dir='ltr'>τῇ</span> <span class='ocrx_word' id='word_1_630' title='bbox 3583 3337 3657 3405; x_wconf 67' lang='grc' dir='ltr'>σῇ</span> 
     </span>
    </p>
   </div>
   <div class='ocr_carea' id='block_1_80' title="bbox 2071 3428 3655 3506">
    <p class='ocr_par' dir='ltr' id='par_1_80' title="bbox 2071 3428 3655 3506">
     <span class='ocr_line' id='line_1_80' title="bbox 2071 3428 3655 3506; baseline -0.006 -17"><span class='ocrx_word' id='word_1_631' title='bbox 2071 3435 2164 3489; x_wconf 77' lang='grc' dir='ltr'>καὶ</span> <span class='ocrx_word' id='word_1_632' title='bbox 2217 3434 2357 3506; x_wconf 77' lang='grc' dir='ltr'>μόνῃ</span> <span class='ocrx_word' id='word_1_633' title='bbox 2417 3432 2705 3502; x_wconf 86' lang='grc' dir='ltr'>πρόκειται</span> <span class='ocrx_word' id='word_1_634' title='bbox 2759 3431 2841 3494; x_wconf 85' lang='grc' dir='ltr'>είς</span> <span class='ocrx_word' id='word_1_635' title='bbox 2901 3428 3225 3500; x_wconf 65' lang='grc' dir='ltr'>ἐντρύφημα</span> <span class='ocrx_word' id='word_1_636' title='bbox 3281 3428 3655 3497; x_wconf 78' lang='grc' dir='ltr'>πανσεδάστῳ</span> 
     </span>
    </p>
   </div>
   <div class='ocr_carea' id='block_1_81' title="bbox 2070 3519 3660 3595">
    <p class='ocr_par' dir='ltr' id='par_1_81' title="bbox 2070 3519 3660 3595">
     <span class='ocr_line' id='line_1_81' title="bbox 2070 3519 3660 3595; baseline -0.004 -16"><span class='ocrx_word' id='word_1_637' title='bbox 2070 3525 2311 3595; x_wconf 73' lang='grc' dir='ltr'>ὑπεροχῇ</span> <span class='ocrx_word' id='word_1_638' title='bbox 2331 3552 2405 3564; x_wconf 87' lang='grc'><strong><em>--</em></strong></span> <span class='ocrx_word' id='word_1_639' title='bbox 2432 3521 2704 3595; x_wconf 81' lang='grc' dir='ltr'>μηδέποτε</span> <span class='ocrx_word' id='word_1_640' title='bbox 2734 3520 3181 3593; x_wconf 86' lang='grc' dir='ltr'>προσαγορεύσας</span> <span class='ocrx_word' id='word_1_641' title='bbox 3206 3522 3357 3592; x_wconf 74' lang='grc' dir='ltr'>ἡμᾶς</span> <span class='ocrx_word' id='word_1_642' title='bbox 3374 3534 3389 3551; x_wconf 84' lang='grc'>·</span> <span class='ocrx_word' id='word_1_643' title='bbox 3426 3519 3477 3573; x_wconf 89' lang='grc' dir='ltr'>εί</span> <span class='ocrx_word' id='word_1_644' title='bbox 3512 3519 3660 3582; x_wconf 75' lang='grc' dir='ltr'>τέως</span> 
     </span>
    </p>
   </div>
   <div class='ocr_carea' id='block_1_82' title="bbox 2070 3615 2291 3687">
    <p class='ocr_par' dir='ltr' id='par_1_82' title="bbox 2070 3615 2291 3687">
     <span class='ocr_line' id='line_1_82' title="bbox 2070 3615 2291 3687; baseline -0.005 -17"><span class='ocrx_word' id='word_1_645' title='bbox 2070 3615 2167 3670; x_wconf 75' lang='grc' dir='ltr'>καὶ</span> <span class='ocrx_word' id='word_1_646' title='bbox 2201 3615 2291 3687; x_wconf 80' lang='grc' dir='ltr'>ζῇ.</span> 
     </span>
    </p>
   </div>
   <div class='ocr_carea' id='block_1_83' title="bbox 2808 3709 2907 3765">
    <p class='ocr_par' dir='ltr' id='par_1_83' title="bbox 2808 3709 2907 3765">
     <span class='ocr_line' id='line_1_83' title="bbox 2808 3709 2907 3765; baseline -0.02 0"><span class='ocrx_word' id='word_1_647' title='bbox 2808 3709 2907 3765; x_wconf 83' lang='lat' dir='ltr'>IZ&#39;.</span> 
     </span>
    </p>
   </div>
   <div class='ocr_carea' id='block_1_84' title="bbox 2196 3799 3528 3873">
    <p class='ocr_par' dir='ltr' id='par_1_84' title="bbox 2196 3799 3528 3873">
     <span class='ocr_line' id='line_1_84' title="bbox 2196 3799 3528 3873; baseline -0.002 -16"><span class='ocrx_word' id='word_1_648' title='bbox 2196 3803 2316 3859; x_wconf 86' lang='grc' dir='ltr'>Τοῦ</span> <span class='ocrx_word' id='word_1_649' title='bbox 2347 3802 2559 3869; x_wconf 84' lang='grc' dir='ltr'>αὐτοῦ,</span> <span class='ocrx_word' id='word_1_650' title='bbox 2597 3802 2920 3873; x_wconf 77' lang='grc' dir='ltr'>γεγονότος</span> <span class='ocrx_word' id='word_1_651' title='bbox 2950 3799 3051 3855; x_wconf 73' lang='grc' dir='ltr'>ἐπὶ</span> <span class='ocrx_word' id='word_1_652' title='bbox 3083 3799 3205 3855; x_wconf 77' lang='grc' dir='ltr'>τῶν</span> <span class='ocrx_word' id='word_1_653' title='bbox 3229 3800 3528 3870; x_wconf 72' lang='grc' dir='ltr'>δεήσεων.</span> 
     </span>
    </p>
   </div>
   <div class='ocr_carea' id='block_1_85' title="bbox 2144 3892 3665 3967">
    <p class='ocr_par' dir='ltr' id='par_1_85' title="bbox 2144 3892 3665 3967">
     <span class='ocr_line' id='line_1_85' title="bbox 2144 3892 3665 3967; baseline -0.005 -16"><span class='ocrx_word' id='word_1_654' title='bbox 2144 3898 2331 3967; x_wconf 82' lang='grc' dir='ltr'>Ἔχεις</span> <span class='ocrx_word' id='word_1_655' title='bbox 2375 3895 2508 3961; x_wconf 78' lang='grc' dir='ltr'>ίδοὺ,</span> <span class='ocrx_word' id='word_1_656' title='bbox 2560 3894 2910 3948; x_wconf 79' lang='grc' dir='ltr'>πανσέσαστέ</span> <span class='ocrx_word' id='word_1_657' title='bbox 2960 3910 3064 3965; x_wconf 92' lang='grc' dir='ltr'>μου</span> <span class='ocrx_word' id='word_1_658' title='bbox 3113 3893 3374 3964; x_wconf 78' lang='grc' dir='ltr'>αὑθέντη,</span> <span class='ocrx_word' id='word_1_659' title='bbox 3427 3892 3665 3963; x_wconf 82' lang='grc' dir='ltr'>πρώτην</span> 
     </span>
    </p>
   </div>
   <div class='ocr_carea' id='block_1_86' title="bbox 2069 3983 3664 4059">
    <p class='ocr_par' dir='ltr' id='par_1_86' title="bbox 2069 3983 3664 4059">
     <span class='ocr_line' id='line_1_86' title="bbox 2069 3983 3664 4059; baseline -0.004 -17"><span class='ocrx_word' id='word_1_660' title='bbox 2069 3987 2167 4059; x_wconf 80' lang='grc' dir='ltr'>τὴν</span> <span class='ocrx_word' id='word_1_661' title='bbox 2194 3987 2290 4042; x_wconf 87' lang='grc' dir='ltr'>τοῦ</span> <span class='ocrx_word' id='word_1_662' title='bbox 2320 3986 2617 4042; x_wconf 83' lang='grc' dir='ltr'>Εὐσταθίου</span> <span class='ocrx_word' id='word_1_663' title='bbox 2645 3985 2830 4056; x_wconf 90' lang='grc' dir='ltr'>δέησιν</span> <span class='ocrx_word' id='word_1_664' title='bbox 2853 3999 2868 4014; x_wconf 90' lang='grc'>·</span> <span class='ocrx_word' id='word_1_665' title='bbox 2906 3983 3001 4038; x_wconf 89' lang='grc' dir='ltr'>καί</span> <span class='ocrx_word' id='word_1_666' title='bbox 3036 4001 3123 4038; x_wconf 92' lang='grc' dir='ltr'>σοι</span> <span class='ocrx_word' id='word_1_667' title='bbox 3150 3984 3454 4054; x_wconf 75' lang='grc' dir='ltr'>έγκαινίζω</span> <span class='ocrx_word' id='word_1_668' title='bbox 3482 3986 3664 4038; x_wconf 78' lang='grc' dir='ltr'>εὐτυ-</span> 
     </span>
    </p>
   </div>
   <div class='ocr_carea' id='block_1_87' title="bbox 2070 4077 3655 4150">
    <p class='ocr_par' dir='ltr' id='par_1_87' title="bbox 2070 4077 3655 4150">
     <span class='ocr_line' id='line_1_87' title="bbox 2070 4077 3655 4150; baseline -0.003 -17"><span class='ocrx_word' id='word_1_669' title='bbox 2070 4079 2180 4150; x_wconf 89' lang='grc' dir='ltr'>χῶς</span> <span class='ocrx_word' id='word_1_670' title='bbox 2207 4079 2269 4133; x_wconf 75' lang='grc' dir='ltr'>τὸ</span> <span class='ocrx_word' id='word_1_671' title='bbox 2294 4078 2569 4149; x_wconf 87' lang='grc' dir='ltr'>όφφίκιον.</span> <span class='ocrx_word' id='word_1_672' title='bbox 2598 4077 2878 4147; x_wconf 87' lang='grc' dir='ltr'>Δεήσομαι</span> <span class='ocrx_word' id='word_1_673' title='bbox 2909 4077 3041 4146; x_wconf 77' lang='grc' dir='ltr'>γάρ,</span> <span class='ocrx_word' id='word_1_674' title='bbox 3082 4078 3177 4130; x_wconf 86' lang='grc' dir='ltr'>καὶ</span> <span class='ocrx_word' id='word_1_675' title='bbox 3227 4077 3522 4146; x_wconf 84' lang='grc' dir='ltr'>λυθήσεταί</span> <span class='ocrx_word' id='word_1_676' title='bbox 3556 4093 3655 4146; x_wconf 81' lang='grc' dir='ltr'>μοι</span> 
     </span>
    </p>
   </div>
   <div class='ocr_carea' id='block_1_88' title="bbox 2069 4165 3658 4241">
    <p class='ocr_par' dir='ltr' id='par_1_88' title="bbox 2069 4165 3658 4241">
     <span class='ocr_line' id='line_1_88' title="bbox 2069 4165 3658 4241; baseline -0.005 -17"><span class='ocrx_word' id='word_1_677' title='bbox 2069 4169 2139 4225; x_wconf 77' lang='grc' dir='ltr'>τά</span> <span class='ocrx_word' id='word_1_678' title='bbox 2190 4172 2291 4241; x_wconf 81' lang='grc' dir='ltr'>τῆς</span> <span class='ocrx_word' id='word_1_679' title='bbox 2346 4170 2605 4237; x_wconf 84' lang='grc' dir='ltr'>δεήσεως.</span> <span class='ocrx_word' id='word_1_680' title='bbox 2633 4167 2743 4221; x_wconf 79' lang='grc' dir='ltr'>Καὶ</span> <span class='ocrx_word' id='word_1_681' title='bbox 2790 4167 2945 4220; x_wconf 79' lang='grc' dir='ltr'>ἔσται</span> <span class='ocrx_word' id='word_1_682' title='bbox 2991 4165 3153 4222; x_wconf 84' lang='grc' dir='ltr'>τοῦτο</span> <span class='ocrx_word' id='word_1_683' title='bbox 3183 4167 3310 4237; x_wconf 72' lang='grc' dir='ltr'><strong>ἐμοὶ</strong></span> <span class='ocrx_word' id='word_1_684' title='bbox 3347 4166 3446 4236; x_wconf 75' lang='grc' dir='ltr'>μὶν</span> <span class='ocrx_word' id='word_1_685' title='bbox 3470 4167 3658 4228; x_wconf 77' lang='grc' dir='ltr'>άλλως</span> 
     </span>
    </p>
   </div>
   <div class='ocr_carea' id='block_1_89' title="bbox 2073 4258 3663 4333">
    <p class='ocr_par' dir='ltr' id='par_1_89' title="bbox 2073 4258 3663 4333">
     <span class='ocr_line' id='line_1_89' title="bbox 2073 4258 3663 4333; baseline -0.018 -14"><span class='ocrx_word' id='word_1_686' title='bbox 2073 4262 2328 4333; x_wconf 83' lang='grc' dir='ltr'>χρηστὸν,</span> <span class='ocrx_word' id='word_1_687' title='bbox 2368 4263 2435 4331; x_wconf 78' lang='grc' dir='ltr'>τῇ</span> <span class='ocrx_word' id='word_1_688' title='bbox 2502 4262 2561 4314; x_wconf 76' lang='grc' dir='ltr'>δὲ</span> <span class='ocrx_word' id='word_1_689' title='bbox 2615 4262 2682 4331; x_wconf 79' lang='grc' dir='ltr'>σῇ</span> <span class='ocrx_word' id='word_1_690' title='bbox 2733 4260 3101 4331; x_wconf 79' lang='grc' dir='ltr'>πανσεὸάστῳ</span> <span class='ocrx_word' id='word_1_691' title='bbox 3161 4260 3405 4330; x_wconf 78' lang='grc' dir='ltr'>ὑπεροχῇ</span> <span class='ocrx_word' id='word_1_692' title='bbox 3460 4258 3663 4321; x_wconf 41' lang='lat' dir='ltr'>om”;</span> 
     </span>
    </p>
   </div>
   <div class='ocr_carea' id='block_1_90' title="bbox 2072 4350 3664 4423">
    <p class='ocr_par' dir='ltr' id='par_1_90' title="bbox 2072 4350 3664 4423">
     <span class='ocr_line' id='line_1_90' title="bbox 2072 4350 3664 4423; baseline -0.003 -17"><span class='ocrx_word' id='word_1_693' title='bbox 2072 4354 2297 4423; x_wconf 88' lang='grc' dir='ltr'>ἀγαθός.</span> <span class='ocrx_word' id='word_1_694' title='bbox 2342 4352 2506 4407; x_wconf 84' lang='grc' dir='ltr'>Ἀλλά</span> <span class='ocrx_word' id='word_1_695' title='bbox 2525 4352 2608 4415; x_wconf 91' lang='grc' dir='ltr'>τίς</span> <span class='ocrx_word' id='word_1_696' title='bbox 2636 4355 2670 4423; x_wconf 80' lang='grc' dir='ltr'>η</span> <span class='ocrx_word' id='word_1_697' title='bbox 2705 4352 2927 4423; x_wconf 78' lang='grc' dir='ltr'>δέησιςς</span> <span class='ocrx_word' id='word_1_698' title='bbox 2978 4352 3309 4423; x_wconf 85' lang='grc' dir='ltr'>Περιέτυχον</span> <span class='ocrx_word' id='word_1_699' title='bbox 3365 4350 3487 4404; x_wconf 80' lang='grc' dir='ltr'>καθ’</span> <span class='ocrx_word' id='word_1_700' title='bbox 3536 4351 3664 4402; x_wconf 63' lang='grc' dir='ltr'>ὁδὸν</span> 
     </span>
    </p>
   </div>
   <div class='ocr_carea' id='block_1_91' title="bbox 2072 4443 3665 4517">
    <p class='ocr_par' dir='ltr' id='par_1_91' title="bbox 2072 4443 3665 4517">
     <span class='ocr_line' id='line_1_91' title="bbox 2072 4443 3665 4517; baseline -0.003 -15"><span class='ocrx_word' id='word_1_701' title='bbox 2072 4448 2151 4517; x_wconf 83' lang='grc' dir='ltr'>τῷ</span> <span class='ocrx_word' id='word_1_702' title='bbox 2204 4445 2474 4515; x_wconf 82' lang='grc' dir='ltr'>καλλίστῳ</span> <span class='ocrx_word' id='word_1_703' title='bbox 2524 4443 2841 4514; x_wconf 81' lang='grc' dir='ltr'>αύταδέλφῳ</span> <span class='ocrx_word' id='word_1_704' title='bbox 2895 4444 2997 4514; x_wconf 78' lang='grc' dir='ltr'>τῆς</span> <span class='ocrx_word' id='word_1_705' title='bbox 3053 4445 3151 4515; x_wconf 81' lang='grc' dir='ltr'>σῆς</span> <span class='ocrx_word' id='word_1_706' title='bbox 3202 4444 3665 4515; x_wconf 81' lang='grc' dir='ltr'>μεγαλυπερόχου</span> 
     </span>
    </p>
   </div>
   <div class='ocr_carea' id='block_1_92' title="bbox 384 4527 3665 4615">
    <p class='ocr_par' dir='ltr' id='par_1_92' title="bbox 384 4527 3665 4615">
     <span class='ocr_line' id='line_1_92' title="bbox 384 4527 3665 4615; baseline -0.002 -15"><span class='ocrx_word' id='word_1_707' title='bbox 384 4544 618 4615; x_wconf 75' lang='grc' dir='ltr'>κεφαλὴ,</span> <span class='ocrx_word' id='word_1_708' title='bbox 647 4544 742 4598; x_wconf 72' lang='grc' dir='ltr'>καὶ</span> <span class='ocrx_word' id='word_1_709' title='bbox 788 4542 899 4597; x_wconf 83' lang='grc' dir='ltr'>οὐδ’</span> <span class='ocrx_word' id='word_1_710' title='bbox 952 4541 1194 4612; x_wconf 77' lang='grc' dir='ltr'>ἐμαυτοῦ</span> <span class='ocrx_word' id='word_1_711' title='bbox 1235 4543 1423 4613; x_wconf 79' lang='grc' dir='ltr'>σχεδὸν</span> <span class='ocrx_word' id='word_1_712' title='bbox 1453 4541 1552 4598; x_wconf 82' lang='grc' dir='ltr'>ῶν.</span> <span class='ocrx_word' id='word_1_713' title='bbox 1583 4542 1731 4597; x_wconf 78' lang='grc' dir='ltr'>Αίτῶ</span> <span class='ocrx_word' id='word_1_714' title='bbox 1783 4544 1968 4598; x_wconf 89' lang='grc' dir='ltr'>τοίνυν</span> <span class='ocrx_word' id='word_1_715' title='bbox 2002 4527 2047 4584; x_wconf 77' lang='grc' dir='ltr'><strong>θ</strong></span> <span class='ocrx_word' id='word_1_716' title='bbox 2076 4539 2493 4609; x_wconf 80' lang='grc' dir='ltr'>λαμπρότητος⁶</span> <span class='ocrx_word' id='word_1_717' title='bbox 2526 4539 2621 4591; x_wconf 70' lang='grc' dir='ltr'>καὶ</span> <span class='ocrx_word' id='word_1_718' title='bbox 2667 4538 2793 4590; x_wconf 72' lang='grc' dir='ltr'>ἐπεὶ</span> <span class='ocrx_word' id='word_1_719' title='bbox 2853 4538 2932 4610; x_wconf 81' lang='grc' dir='ltr'>μὴ</span> <span class='ocrx_word' id='word_1_720' title='bbox 2982 4538 3313 4608; x_wconf 78' lang='grc' dir='ltr'>περιέργους</span> <span class='ocrx_word' id='word_1_721' title='bbox 3351 4536 3462 4606; x_wconf 78' lang='grc' dir='ltr'>ἔχω</span> <span class='ocrx_word' id='word_1_722' title='bbox 3509 4536 3665 4588; x_wconf 78' lang='grc' dir='ltr'>πάνυ</span> 
     </span>
    </p>
   </div>
   <div class='ocr_carea' id='block_1_93' title="bbox 386 4636 1965 4709">
    <p class='ocr_par' dir='ltr' id='par_1_93' title="bbox 386 4636 1965 4709">
     <span class='ocr_line' id='line_1_93' title="bbox 386 4636 1965 4709; baseline 0 -17"><span class='ocrx_word' id='word_1_723' title='bbox 386 4636 740 4709; x_wconf 85' lang='grc' dir='ltr'>συγγνώμην,</span> <span class='ocrx_word' id='word_1_724' title='bbox 766 4637 816 4691; x_wconf 90' lang='grc' dir='ltr'>εί</span> <span class='ocrx_word' id='word_1_725' title='bbox 874 4636 1016 4707; x_wconf 86' lang='grc' dir='ltr'>μήτε</span> <span class='ocrx_word' id='word_1_726' title='bbox 1072 4636 1421 4706; x_wconf 88' lang='grc' dir='ltr'>μακρολογῶ,</span> <span class='ocrx_word' id='word_1_727' title='bbox 1455 4636 1593 4707; x_wconf 81' lang='grc' dir='ltr'>μήτε</span> <span class='ocrx_word' id='word_1_728' title='bbox 1640 4636 1965 4706; x_wconf 84' lang='grc' dir='ltr'>καλλιλογῶ.</span> 
     </span>
    </p>
   </div>
   <div class='ocr_carea' id='block_1_94' title="bbox 396 4728 1304 4802">
    <p class='ocr_par' dir='ltr' id='par_1_94' title="bbox 396 4728 1304 4802">
     <span class='ocr_line' id='line_1_94' title="bbox 396 4728 1304 4802; baseline -0.002 -17"><span class='ocrx_word' id='word_1_729' title='bbox 396 4730 952 4802; x_wconf 84' lang='grc' dir='ltr'>Ἀντιπροσαγορεύω</span> <span class='ocrx_word' id='word_1_730' title='bbox 980 4728 1071 4782; x_wconf 72' lang='grc' dir='ltr'>τὸν</span> <span class='ocrx_word' id='word_1_731' title='bbox 1096 4730 1304 4799; x_wconf 85' lang='grc' dir='ltr'>ὅμοιον.</span> 
     </span>
    </p>
   </div>
   <div class='ocr_carea' id='block_1_95' title="bbox 1121 4818 1240 4887">
    <p class='ocr_par' dir='ltr' id='par_1_95' title="bbox 1121 4818 1240 4887">
     <span class='ocr_line' id='line_1_95' title="bbox 1121 4818 1240 4887; baseline 0.008 -13"><span class='ocrx_word' id='word_1_732' title='bbox 1121 4818 1240 4887; x_wconf 70' lang='grc' dir='ltr'>ις’.</span> 
     </span>
    </p>
   </div>
   <div class='ocr_carea' id='block_1_96' title="bbox 471 4911 1967 4987">
    <p class='ocr_par' dir='ltr' id='par_1_96' title="bbox 471 4911 1967 4987">
     <span class='ocr_line' id='line_1_96' title="bbox 471 4911 1967 4987; baseline -0.003 -16"><span class='ocrx_word' id='word_1_733' title='bbox 471 4918 729 4987; x_wconf 76' lang='grc' dir='ltr'>’Ᾱρκετδν</span> <span class='ocrx_word' id='word_1_734' title='bbox 774 4918 907 4986; x_wconf 80' lang='grc' dir='ltr'>ἡμῖν</span> <span class='ocrx_word' id='word_1_735' title='bbox 960 4917 1038 4978; x_wconf 87' lang='grc' dir='ltr'>είς</span> <span class='ocrx_word' id='word_1_736' title='bbox 1082 4915 1144 4969; x_wconf 80' lang='grc' dir='ltr'>τὸ</span> <span class='ocrx_word' id='word_1_737' title='bbox 1178 4911 1449 4983; x_wconf 80' lang='grc' dir='ltr'>εὖ“ἔχειν,</span> <span class='ocrx_word' id='word_1_738' title='bbox 1479 4914 1825 4969; x_wconf 78' lang='grc' dir='ltr'>πανσέὸαστέ</span> <span class='ocrx_word' id='word_1_739' title='bbox 1862 4932 1967 4985; x_wconf 87' lang='grc' dir='ltr'>μου</span> 
     </span>
    </p>
   </div>
   <div class='ocr_carea' id='block_1_97' title="bbox 388 5005 1970 5079">
    <p class='ocr_par' dir='ltr' id='par_1_97' title="bbox 388 5005 1970 5079">
     <span class='ocr_line' id='line_1_97' title="bbox 388 5005 1970 5079; baseline -0.003 -17"><span class='ocrx_word' id='word_1_740' title='bbox 388 5008 651 5078; x_wconf 80' lang='grc' dir='ltr'>αὐθέντη,</span> <span class='ocrx_word' id='word_1_741' title='bbox 681 5008 743 5060; x_wconf 81' lang='grc' dir='ltr'>τὸ</span> <span class='ocrx_word' id='word_1_742' title='bbox 774 5007 946 5070; x_wconf 78' lang='grc' dir='ltr'>οὕτως</span> <span class='ocrx_word' id='word_1_743' title='bbox 993 5008 1052 5060; x_wconf 75' lang='grc' dir='ltr'>ἐν</span> <span class='ocrx_word' id='word_1_744' title='bbox 1088 5007 1283 5079; x_wconf 81' lang='grc' dir='ltr'>μνήμῃ</span> <span class='ocrx_word' id='word_1_745' title='bbox 1319 5006 1534 5060; x_wconf 87' lang='grc' dir='ltr'>κεῖσθαι</span> <span class='ocrx_word' id='word_1_746' title='bbox 1571 5007 1702 5077; x_wconf 77' lang='grc' dir='ltr'>περὶ</span> <span class='ocrx_word' id='word_1_747' title='bbox 1733 5009 1840 5071; x_wconf 76' lang='grc' dir='ltr'>σοὶ,</span> <span class='ocrx_word' id='word_1_748' title='bbox 1872 5005 1970 5060; x_wconf 77' lang='grc' dir='ltr'>καὶ</span> 
     </span>
    </p>
   </div>
   <div class='ocr_carea' id='block_1_98' title="bbox 390 5098 1973 5172">
    <p class='ocr_par' dir='ltr' id='par_1_98' title="bbox 390 5098 1973 5172">
     <span class='ocr_line' id='line_1_98' title="bbox 390 5098 1973 5172; baseline -0.003 -15"><span class='ocrx_word' id='word_1_749' title='bbox 390 5102 550 5172; x_wconf 86' lang='grc' dir='ltr'>λόγου</span> <span class='ocrx_word' id='word_1_750' title='bbox 610 5102 905 5171; x_wconf 83' lang='grc' dir='ltr'>τυγχάνειν</span> <span class='ocrx_word' id='word_1_751' title='bbox 954 5102 1210 5153; x_wconf 82' lang='grc' dir='ltr'>τοσούτου</span> <span class='ocrx_word' id='word_1_752' title='bbox 1236 5116 1249 5129; x_wconf 92' lang='grc'>·</span> <span class='ocrx_word' id='word_1_753' title='bbox 1301 5100 1330 5153; x_wconf 83' lang='grc' dir='ltr'><strong>ὃ</strong></span> <span class='ocrx_word' id='word_1_754' title='bbox 1379 5098 1445 5170; x_wconf 83' lang='grc' dir='ltr'>δὴ</span> <span class='ocrx_word' id='word_1_755' title='bbox 1486 5099 1580 5153; x_wconf 75' lang='grc' dir='ltr'>καὶ</span> <span class='ocrx_word' id='word_1_756' title='bbox 1636 5100 1813 5163; x_wconf 78' lang='grc' dir='ltr'>ἄλλως</span> <span class='ocrx_word' id='word_1_757' title='bbox 1872 5099 1973 5168; x_wconf 69' lang='grc' dir='ltr'>μὲν</span> 
     </span>
    </p>
   </div>
   <div class='ocr_carea' id='block_1_99' title="bbox 389 5192 1972 5267">
    <p class='ocr_par' dir='ltr' id='par_1_99' title="bbox 389 5192 1972 5267">
     <span class='ocr_line' id='line_1_99' title="bbox 389 5192 1972 5267; baseline 0.001 -18"><span class='ocrx_word' id='word_1_758' title='bbox 389 5197 759 5267; x_wconf 73' lang='grc' dir='ltr'>ἐγνωσμένον,</span> <span class='ocrx_word' id='word_1_759' title='bbox 808 5194 1095 5264; x_wconf 65' lang='grc' dir='ltr'>παραστάν</span> <span class='ocrx_word' id='word_1_760' title='bbox 1134 5194 1192 5247; x_wconf 77' lang='grc' dir='ltr'>δὲ</span> <span class='ocrx_word' id='word_1_761' title='bbox 1249 5195 1345 5247; x_wconf 73' lang='grc' dir='ltr'>καὶ</span> <span class='ocrx_word' id='word_1_762' title='bbox 1401 5193 1530 5263; x_wconf 78' lang='grc' dir='ltr'>ἄρτι</span> <span class='ocrx_word' id='word_1_763' title='bbox 1584 5192 1673 5247; x_wconf 89' lang='grc' dir='ltr'>διά</span> <span class='ocrx_word' id='word_1_764' title='bbox 1725 5192 1972 5264; x_wconf 69' lang='grc' dir='ltr'>γραφῆς.</span> 
     </span>
    </p>
   </div>
   <div class='ocr_carea' id='block_1_100' title="bbox 389 5284 1970 5361">
    <p class='ocr_par' dir='ltr' id='par_1_100' title="bbox 389 5284 1970 5361">
     <span class='ocr_line' id='line_1_100' title="bbox 389 5284 1970 5361; baseline -0.004 -17"><span class='ocrx_word' id='word_1_765' title='bbox 389 5289 703 5361; x_wconf 82' lang='grc' dir='ltr'>ἀνασφῆλαι</span> <span class='ocrx_word' id='word_1_766' title='bbox 738 5288 837 5357; x_wconf 81' lang='grc' dir='ltr'>τῆς</span> <span class='ocrx_word' id='word_1_767' title='bbox 858 5288 1019 5341; x_wconf 87' lang='grc' dir='ltr'>νόσου</span> <span class='ocrx_word' id='word_1_768' title='bbox 1076 5285 1380 5355; x_wconf 85' lang='grc' dir='ltr'>πεποίηκεν</span> <span class='ocrx_word' id='word_1_769' title='bbox 1427 5286 1577 5357; x_wconf 82' lang='grc' dir='ltr'>ἡμᾶς</span> <span class='ocrx_word' id='word_1_770' title='bbox 1623 5286 1721 5339; x_wconf 81' lang='grc' dir='ltr'>καὶ</span> <span class='ocrx_word' id='word_1_771' title='bbox 1767 5284 1970 5339; x_wconf 87' lang='grc' dir='ltr'>ἀνακο-</span> 
     </span>
    </p>
   </div>
   <div class='ocr_carea' id='block_1_101' title="bbox 396 5375 1971 5453">
    <p class='ocr_par' dir='ltr' id='par_1_101' title="bbox 396 5375 1971 5453">
     <span class='ocr_line' id='line_1_101' title="bbox 396 5375 1971 5453; baseline -0.005 -18"><span class='ocrx_word' id='word_1_772' title='bbox 396 5384 659 5451; x_wconf 81' lang='grc' dir='ltr'>μισθῆναι</span> <span class='ocrx_word' id='word_1_773' title='bbox 708 5380 903 5453; x_wconf 87' lang='grc' dir='ltr'>μικρόν</span> <span class='ocrx_word' id='word_1_774' title='bbox 933 5396 987 5432; x_wconf 89' lang='grc' dir='ltr'>τι</span> <span class='ocrx_word' id='word_1_775' title='bbox 1022 5379 1147 5433; x_wconf 85' lang='grc' dir='ltr'>ὅσον</span> <span class='ocrx_word' id='word_1_776' title='bbox 1176 5378 1270 5430; x_wconf 76' lang='grc' dir='ltr'>ἐπὶ</span> <span class='ocrx_word' id='word_1_777' title='bbox 1298 5377 1366 5430; x_wconf 85' lang='grc' dir='ltr'>τά</span> <span class='ocrx_word' id='word_1_778' title='bbox 1400 5378 1667 5447; x_wconf 78' lang='grc' dir='ltr'>πρότερα.</span> <span class='ocrx_word' id='word_1_779' title='bbox 1702 5375 1971 5439; x_wconf 85' lang='grc' dir='ltr'>Γίνωσκε,</span> 
     </span>
    </p>
   </div>
   <div class='ocr_carea' id='block_1_102' title="bbox 389 5467 1974 5543">
    <p class='ocr_par' dir='ltr' id='par_1_102' title="bbox 389 5467 1974 5543">
     <span class='ocr_line' id='line_1_102' title="bbox 389 5467 1974 5543; baseline -0.012 -11"><span class='ocrx_word' id='word_1_780' title='bbox 389 5476 470 5538; x_wconf 83' lang='grc' dir='ltr'>ὡς</span> <span class='ocrx_word' id='word_1_781' title='bbox 495 5473 648 5528; x_wconf 74' lang='grc' dir='ltr'>οὔπω</span> <span class='ocrx_word' id='word_1_782' title='bbox 680 5474 843 5543; x_wconf 82' lang='grc' dir='ltr'>μέχρι</span> <span class='ocrx_word' id='word_1_783' title='bbox 876 5471 971 5523; x_wconf 83' lang='grc' dir='ltr'>καὶ</span> <span class='ocrx_word' id='word_1_784' title='bbox 1004 5473 1247 5540; x_wconf 76' lang='grc' dir='ltr'>σήμερον</span> <span class='ocrx_word' id='word_1_785' title='bbox 1271 5468 1573 5537; x_wconf 80' lang='grc' dir='ltr'>ἀκραιφνὲς</span> <span class='ocrx_word' id='word_1_786' title='bbox 1607 5468 1741 5538; x_wconf 78' lang='grc' dir='ltr'>ἡμῖν</span> <span class='ocrx_word' id='word_1_787' title='bbox 1780 5467 1841 5519; x_wconf 83' lang='grc' dir='ltr'>τὸ</span> <span class='ocrx_word' id='word_1_788' title='bbox 1874 5467 1974 5534; x_wconf 85' lang='grc' dir='ltr'>τῆς</span> 
     </span>
    </p>
   </div>
   <div class='ocr_carea' id='block_1_103' title="bbox 397 5555 1973 5632">
    <p class='ocr_par' dir='ltr' id='par_1_103' title="bbox 397 5555 1973 5632">
     <span class='ocr_line' id='line_1_103' title="bbox 397 5555 1973 5632; baseline -0.006 -15"><span class='ocrx_word' id='word_1_789' title='bbox 397 5565 585 5632; x_wconf 72' lang='grc' dir='ltr'>ὑγείας</span> <span class='ocrx_word' id='word_1_790' title='bbox 617 5562 1000 5631; x_wconf 78' lang='grc' dir='ltr'>ὲπεμειδίασεν</span> <span class='ocrx_word' id='word_1_791' title='bbox 1044 5560 1252 5628; x_wconf 87' lang='grc' dir='ltr'>ἀγαθόν</span> <span class='ocrx_word' id='word_1_792' title='bbox 1278 5574 1292 5589; x_wconf 78' lang='grc'>⁸</span> <span class='ocrx_word' id='word_1_793' title='bbox 1321 5558 1445 5611; x_wconf 74' lang='grc' dir='ltr'>οὐδὲ</span> <span class='ocrx_word' id='word_1_794' title='bbox 1473 5558 1543 5611; x_wconf 89' lang='grc' dir='ltr'>τά</span> <span class='ocrx_word' id='word_1_795' title='bbox 1569 5558 1680 5611; x_wconf 87' lang='grc' dir='ltr'>τῶν</span> <span class='ocrx_word' id='word_1_796' title='bbox 1712 5555 1973 5625; x_wconf 87' lang='grc' dir='ltr'>κυμάτων</span> 
     </span>
    </p>
   </div>
   <div class='ocr_carea' id='block_1_104' title="bbox 394 5649 1975 5721">
    <p class='ocr_par' dir='ltr' id='par_1_104' title="bbox 394 5649 1975 5721">
     <span class='ocr_line' id='line_1_104' title="bbox 394 5649 1975 5721; baseline -0.005 -14"><span class='ocrx_word' id='word_1_797' title='bbox 394 5655 825 5721; x_wconf 82' lang='grc' dir='ltr'>κατεστόρεσται</span> <span class='ocrx_word' id='word_1_798' title='bbox 863 5653 1063 5715; x_wconf 78' lang='grc' dir='ltr'>τέλεον,</span> <span class='ocrx_word' id='word_1_799' title='bbox 1100 5650 1224 5704; x_wconf 71' lang='grc' dir='ltr'><strong>οὐδὲ</strong></span> <span class='ocrx_word' id='word_1_800' title='bbox 1267 5652 1297 5703; x_wconf 82' lang='grc' dir='ltr'>ό</span> <span class='ocrx_word' id='word_1_801' title='bbox 1343 5650 1552 5720; x_wconf 81' lang='grc' dir='ltr'>χειμὼν</span> <span class='ocrx_word' id='word_1_802' title='bbox 1602 5650 1682 5710; x_wconf 88' lang='grc' dir='ltr'>είς</span> <span class='ocrx_word' id='word_1_803' title='bbox 1712 5649 1813 5718; x_wconf 73' lang='grc' dir='ltr'>ἔαρ</span> <span class='ocrx_word' id='word_1_804' title='bbox 1848 5649 1975 5714; x_wconf 73' lang='grc' dir='ltr'>ἐγα-</span> 
     </span>
    </p>
   </div>
   <div class='ocr_carea' id='block_1_105' title="bbox 395 5741 1971 5816">
    <p class='ocr_par' dir='ltr' id='par_1_105' title="bbox 395 5741 1971 5816">
     <span class='ocr_line' id='line_1_105' title="bbox 395 5741 1971 5816; baseline -0.002 -19"><span class='ocrx_word' id='word_1_805' title='bbox 395 5742 676 5812; x_wconf 86' lang='grc' dir='ltr'>ληνίασεν.</span> <span class='ocrx_word' id='word_1_806' title='bbox 720 5743 1030 5816; x_wconf 82' lang='grc' dir='ltr'>Ἀγαπητδν</span> <span class='ocrx_word' id='word_1_807' title='bbox 1075 5744 1153 5812; x_wconf 77' lang='grc' dir='ltr'>δὲ,</span> <span class='ocrx_word' id='word_1_808' title='bbox 1193 5745 1276 5797; x_wconf 80' lang='grc' dir='ltr'>ὅτι</span> <span class='ocrx_word' id='word_1_809' title='bbox 1314 5742 1408 5797; x_wconf 86' lang='grc' dir='ltr'>τοῦ</span> <span class='ocrx_word' id='word_1_810' title='bbox 1446 5742 1618 5797; x_wconf 87' lang='grc' dir='ltr'>κακοῦ</span> <span class='ocrx_word' id='word_1_811' title='bbox 1651 5741 1971 5811; x_wconf 77' lang='grc' dir='ltr'>ὲπανακλη-</span> 
     </span>
    </p>
   </div>
   <div class='ocr_carea' id='block_1_106' title="bbox 2074 4626 3661 4698">
    <p class='ocr_par' dir='ltr' id='par_1_106' title="bbox 2074 4626 3661 4698">
     <span class='ocr_line' id='line_1_106' title="bbox 2074 4626 3661 4698; baseline -0.004 -14"><span class='ocrx_word' id='word_1_812' title='bbox 2074 4630 2200 4693; x_wconf 86' lang='grc' dir='ltr'>τοὺς</span> <span class='ocrx_word' id='word_1_813' title='bbox 2245 4628 2578 4698; x_wconf 80' lang='grc' dir='ltr'>ὀφθαλμοὺς,</span> <span class='ocrx_word' id='word_1_814' title='bbox 2608 4628 2787 4691; x_wconf 84' lang='grc' dir='ltr'>ἄλλως</span> <span class='ocrx_word' id='word_1_815' title='bbox 2819 4645 2881 4681; x_wconf 88' lang='grc' dir='ltr'>τε</span> <span class='ocrx_word' id='word_1_816' title='bbox 2928 4628 3024 4682; x_wconf 72' lang='grc' dir='ltr'>καὶ</span> <span class='ocrx_word' id='word_1_817' title='bbox 3061 4628 3151 4680; x_wconf 71' lang='grc' dir='ltr'>ἐπ’</span> <span class='ocrx_word' id='word_1_818' title='bbox 3202 4626 3529 4697; x_wconf 80' lang='grc' dir='ltr'>ὲρισφαλοῦ;</span> <span class='ocrx_word' id='word_1_819' title='bbox 3563 4628 3661 4696; x_wconf 83' lang='grc' dir='ltr'>βα-</span> 
     </span>
    </p>
   </div>
   <div class='ocr_carea' id='block_1_107' title="bbox 2074 4718 3663 4792">
    <p class='ocr_par' dir='ltr' id='par_1_107' title="bbox 2074 4718 3663 4792">
     <span class='ocr_line' id='line_1_107' title="bbox 2074 4718 3663 4792; baseline -0.001 -17"><span class='ocrx_word' id='word_1_820' title='bbox 2074 4723 2236 4787; x_wconf 79' lang='grc' dir='ltr'>δίζων</span> <span class='ocrx_word' id='word_1_821' title='bbox 2263 4721 2405 4786; x_wconf 82' lang='grc' dir='ltr'>ὁδοῦ,</span> <span class='ocrx_word' id='word_1_822' title='bbox 2437 4721 2538 4774; x_wconf 79' lang='grc' dir='ltr'>οὐκ</span> <span class='ocrx_word' id='word_1_823' title='bbox 2584 4721 2743 4791; x_wconf 75' lang='grc' dir='ltr'>ἔσχον</span> <span class='ocrx_word' id='word_1_824' title='bbox 2800 4718 3303 4792; x_wconf 69' lang='grc' dir='ltr'>δξακριδώσασθαι,</span> <span class='ocrx_word' id='word_1_825' title='bbox 3344 4719 3418 4783; x_wconf 88' lang='grc' dir='ltr'>ὡς</span> <span class='ocrx_word' id='word_1_826' title='bbox 3465 4720 3579 4791; x_wconf 83' lang='grc' dir='ltr'>ἀρα</span> <span class='ocrx_word' id='word_1_827' title='bbox 3631 4723 3663 4773; x_wconf 81' lang='grc' dir='ltr'>ό</span> 
     </span>
    </p>
   </div>
   <div class='ocr_carea' id='block_1_108' title="bbox 2075 4812 3660 4883">
    <p class='ocr_par' dir='ltr' id='par_1_108' title="bbox 2075 4812 3660 4883">
     <span class='ocr_line' id='line_1_108' title="bbox 2075 4812 3660 4883; baseline -0.002 -15"><span class='ocrx_word' id='word_1_828' title='bbox 2075 4814 2363 4875; x_wconf 77' lang='grc' dir='ltr'>κάλλιστος</span> <span class='ocrx_word' id='word_1_829' title='bbox 2408 4812 2717 4883; x_wconf 89' lang='grc' dir='ltr'>ἀνθρώπων</span> <span class='ocrx_word' id='word_1_830' title='bbox 2754 4812 2845 4881; x_wconf 87' lang='grc' dir='ltr'>εῐη</span> <span class='ocrx_word' id='word_1_831' title='bbox 2898 4814 2928 4865; x_wconf 88' lang='grc' dir='ltr'>ό</span> <span class='ocrx_word' id='word_1_832' title='bbox 2987 4812 3221 4875; x_wconf 88' lang='grc' dir='ltr'>Δούκας,</span> <span class='ocrx_word' id='word_1_833' title='bbox 3264 4812 3326 4864; x_wconf 82' lang='grc' dir='ltr'>τὸ</span> <span class='ocrx_word' id='word_1_834' title='bbox 3375 4812 3473 4881; x_wconf 84' lang='grc' dir='ltr'>τῆς</span> <span class='ocrx_word' id='word_1_835' title='bbox 3525 4812 3660 4865; x_wconf 79' lang='grc' dir='ltr'>ὁδοῦ</span> 
     </span>
    </p>
   </div>
   <div class='ocr_carea' id='block_1_109' title="bbox 2074 4903 3661 4976">
    <p class='ocr_par' dir='ltr' id='par_1_109' title="bbox 2074 4903 3661 4976">
     <span class='ocr_line' id='line_1_109' title="bbox 2074 4903 3661 4976; baseline -0.004 -14"><span class='ocrx_word' id='word_1_836' title='bbox 2074 4906 2280 4974; x_wconf 89' lang='grc' dir='ltr'>ἀγαθόν</span> <span class='ocrx_word' id='word_1_837' title='bbox 2319 4921 2411 4976; x_wconf 92' lang='grc' dir='ltr'>μοι</span> <span class='ocrx_word' id='word_1_838' title='bbox 2440 4905 2780 4974; x_wconf 87' lang='grc' dir='ltr'>συνάντημα.</span> <span class='ocrx_word' id='word_1_839' title='bbox 2822 4903 3123 4973; x_wconf 81' lang='grc' dir='ltr'>Ἐπλάνησε</span> <span class='ocrx_word' id='word_1_840' title='bbox 3154 4903 3215 4956; x_wconf 77' lang='grc' dir='ltr'>δέ</span> <span class='ocrx_word' id='word_1_841' title='bbox 3243 4920 3311 4971; x_wconf 87' lang='grc' dir='ltr'>με</span> <span class='ocrx_word' id='word_1_842' title='bbox 3346 4903 3441 4956; x_wconf 82' lang='grc' dir='ltr'>καὶ</span> <span class='ocrx_word' id='word_1_843' title='bbox 3466 4904 3528 4955; x_wconf 73' lang='grc' dir='ltr'>τὸ</span> <span class='ocrx_word' id='word_1_844' title='bbox 3557 4904 3661 4972; x_wconf 83' lang='grc' dir='ltr'>τῆς</span> 
     </span>
    </p>
   </div>
   <div class='ocr_carea' id='block_1_110' title="bbox 2076 4993 3658 5070">
    <p class='ocr_par' dir='ltr' id='par_1_110' title="bbox 2076 4993 3658 5070">
     <span class='ocr_line' id='line_1_110' title="bbox 2076 4993 3658 5070; baseline -0.004 -18"><span class='ocrx_word' id='word_1_845' title='bbox 2076 4999 2309 5070; x_wconf 88' lang='grc' dir='ltr'>προόδου</span> <span class='ocrx_word' id='word_1_846' title='bbox 2368 4998 2698 5067; x_wconf 89' lang='grc' dir='ltr'>ἀπέριττον·</span> <span class='ocrx_word' id='word_1_847' title='bbox 2743 4993 2825 5059; x_wconf 77' lang='grc' dir='ltr'>εἷς</span> <span class='ocrx_word' id='word_1_848' title='bbox 2879 4995 2988 5064; x_wconf 82' lang='grc' dir='ltr'>γὰρ</span> <span class='ocrx_word' id='word_1_849' title='bbox 3051 4996 3149 5048; x_wconf 80' lang='grc' dir='ltr'>καὶ</span> <span class='ocrx_word' id='word_1_850' title='bbox 3222 4994 3385 5063; x_wconf 80' lang='grc' dir='ltr'>μόνος</span> <span class='ocrx_word' id='word_1_851' title='bbox 3439 4994 3658 5047; x_wconf 76' lang='grc' dir='ltr'>ἐκείνου</span> 
     </span>
    </p>
   </div>
   <div class='ocr_carea' id='block_1_111' title="bbox 2076 5083 3661 5160">
    <p class='ocr_par' dir='ltr' id='par_1_111' title="bbox 2076 5083 3661 5160">
     <span class='ocr_line' id='line_1_111' title="bbox 2076 5083 3661 5160; baseline -0.003 -17"><span class='ocrx_word' id='word_1_852' title='bbox 2076 5088 2371 5160; x_wconf 83' lang='grc' dir='ltr'>προώδευε,</span> <span class='ocrx_word' id='word_1_853' title='bbox 2390 5088 2485 5141; x_wconf 74' lang='grc' dir='ltr'>καὶ</span> <span class='ocrx_word' id='word_1_854' title='bbox 2508 5088 2715 5148; x_wconf 73' lang='grc' dir='ltr'>ἐκεῖνος</span> <span class='ocrx_word' id='word_1_855' title='bbox 2746 5088 2810 5140; x_wconf 79' lang='grc' dir='ltr'>ὲκ</span> <span class='ocrx_word' id='word_1_856' title='bbox 2837 5084 3052 5156; x_wconf 89' lang='grc' dir='ltr'>μακροῦ</span> <span class='ocrx_word' id='word_1_857' title='bbox 3077 5086 3448 5155; x_wconf 74' lang='grc' dir='ltr'>διαστήματος</span> <span class='ocrx_word' id='word_1_858' title='bbox 3467 5104 3480 5118; x_wconf 91' lang='grc'>·</span> <span class='ocrx_word' id='word_1_859' title='bbox 3510 5083 3661 5138; x_wconf 82' lang='grc' dir='ltr'>ὥστε</span> 
     </span>
    </p>
   </div>
   <div class='ocr_carea' id='block_1_112' title="bbox 2076 5177 3661 5251">
    <p class='ocr_par' dir='ltr' id='par_1_112' title="bbox 2076 5177 3661 5251">
     <span class='ocr_line' id='line_1_112' title="bbox 2076 5177 3661 5251; baseline -0.004 -14"><span class='ocrx_word' id='word_1_860' title='bbox 2076 5183 2230 5248; x_wconf 75' lang='grc' dir='ltr'>ἔδοξά</span> <span class='ocrx_word' id='word_1_861' title='bbox 2290 5199 2417 5237; x_wconf 92' lang='grc' dir='ltr'>τινα</span> <span class='ocrx_word' id='word_1_862' title='bbox 2447 5179 2726 5236; x_wconf 70' lang='grc' dir='ltr'>εἶναιτῶν</span> <span class='ocrx_word' id='word_1_863' title='bbox 2772 5180 2900 5251; x_wconf 87' lang='grc' dir='ltr'>ἀρτι</span> <span class='ocrx_word' id='word_1_864' title='bbox 2944 5178 3508 5248; x_wconf 85' lang='grc' dir='ltr'>λαμπρειμονούντων</span> <span class='ocrx_word' id='word_1_865' title='bbox 3568 5177 3661 5230; x_wconf 58' lang='grc' dir='ltr'>δά</span> 
     </span>
    </p>
   </div>
   <div class='ocr_carea' id='block_1_113' title="bbox 2075 5269 3661 5346">
    <p class='ocr_par' dir='ltr' id='par_1_113' title="bbox 2075 5269 3661 5346">
     <span class='ocr_line' id='line_1_113' title="bbox 2075 5269 3661 5346; baseline -0.005 -17"><span class='ocrx_word' id='word_1_866' title='bbox 2075 5277 2177 5346; x_wconf 83' lang='grc' dir='ltr'>τὴν</span> <span class='ocrx_word' id='word_1_867' title='bbox 2223 5275 2324 5345; x_wconf 86' lang='grc' dir='ltr'>τῆς</span> <span class='ocrx_word' id='word_1_868' title='bbox 2366 5274 2582 5345; x_wconf 77' lang='grc' dir='ltr'>ἡμέρας</span> <span class='ocrx_word' id='word_1_869' title='bbox 2631 5271 2990 5343; x_wconf 79' lang='grc' dir='ltr'>φαιδρότητα.</span> <span class='ocrx_word' id='word_1_870' title='bbox 3033 5270 3199 5324; x_wconf 87' lang='grc' dir='ltr'>Ὅθεν</span> <span class='ocrx_word' id='word_1_871' title='bbox 3235 5272 3331 5324; x_wconf 71' lang='grc' dir='ltr'>καὶ</span> <span class='ocrx_word' id='word_1_872' title='bbox 3376 5269 3661 5341; x_wconf 78' lang='grc' dir='ltr'>παρῆλθον</span> 
     </span>
    </p>
   </div>
   <div class='ocr_carea' id='block_1_114' title="bbox 2078 5363 3661 5435">
    <p class='ocr_par' dir='ltr' id='par_1_114' title="bbox 2078 5363 3661 5435">
     <span class='ocr_line' id='line_1_114' title="bbox 2078 5363 3661 5435; baseline -0.004 -15"><span class='ocrx_word' id='word_1_873' title='bbox 2078 5369 2240 5421; x_wconf 72' lang='grc' dir='ltr'>αὐτὸν</span> <span class='ocrx_word' id='word_1_874' title='bbox 2274 5366 2729 5435; x_wconf 89' lang='grc' dir='ltr'>ἀπροσφώνητον,</span> <span class='ocrx_word' id='word_1_875' title='bbox 2756 5363 2933 5434; x_wconf 84' lang='grc' dir='ltr'>βραχύ</span> <span class='ocrx_word' id='word_1_876' title='bbox 2961 5382 3015 5417; x_wconf 90' lang='grc' dir='ltr'>τι</span> <span class='ocrx_word' id='word_1_877' title='bbox 3043 5363 3121 5427; x_wconf 81' lang='grc' dir='ltr'>ὡς</span> <span class='ocrx_word' id='word_1_878' title='bbox 3153 5364 3229 5432; x_wconf 83' lang='grc' dir='ltr'>μὴ</span> <span class='ocrx_word' id='word_1_879' title='bbox 3265 5363 3661 5430; x_wconf 77' lang='grc' dir='ltr'>γινωσκομένῳ</span> 
     </span>
    </p>
   </div>
   <div class='ocr_carea' id='block_1_115' title="bbox 2076 5450 3661 5527">
    <p class='ocr_par' dir='ltr' id='par_1_115' title="bbox 2076 5450 3661 5527">
     <span class='ocr_line' id='line_1_115' title="bbox 2076 5450 3661 5527; baseline -0.007 -12"><span class='ocrx_word' id='word_1_880' title='bbox 2076 5460 2362 5523; x_wconf 77' lang='grc' dir='ltr'>ὲπικλίνας</span> <span class='ocrx_word' id='word_1_881' title='bbox 2390 5458 2491 5527; x_wconf 76' lang='grc' dir='ltr'>τὴν</span> <span class='ocrx_word' id='word_1_882' title='bbox 2514 5455 2779 5527; x_wconf 78' lang='grc' dir='ltr'>κεφαλὴν,</span> <span class='ocrx_word' id='word_1_883' title='bbox 2813 5457 2910 5509; x_wconf 75' lang='grc' dir='ltr'>καὶ</span> <span class='ocrx_word' id='word_1_884' title='bbox 2935 5454 3012 5518; x_wconf 82' lang='grc' dir='ltr'>ὡς</span> <span class='ocrx_word' id='word_1_885' title='bbox 3040 5454 3309 5525; x_wconf 82' lang='grc' dir='ltr'>ἀλλοτρίῳ</span> <span class='ocrx_word' id='word_1_886' title='bbox 3342 5450 3661 5521; x_wconf 75' lang='grc' dir='ltr'>ἀφοσιωσά-</span> 
     </span>
    </p>
   </div>
   <div class='ocr_carea' id='block_1_116' title="bbox 2080 5542 3659 5623">
    <p class='ocr_par' dir='ltr' id='par_1_116' title="bbox 2080 5542 3659 5623">
     <span class='ocr_line' id='line_1_116' title="bbox 2080 5542 3659 5623; baseline -0.006 -18"><span class='ocrx_word' id='word_1_887' title='bbox 2080 5569 2240 5623; x_wconf 90' lang='grc' dir='ltr'>μενος</span> <span class='ocrx_word' id='word_1_888' title='bbox 2268 5553 2367 5620; x_wconf 84' lang='grc' dir='ltr'>τὴν</span> <span class='ocrx_word' id='word_1_889' title='bbox 2403 5548 2796 5619; x_wconf 80' lang='grc' dir='ltr'>προσκύνησιν.</span> <span class='ocrx_word' id='word_1_890' title='bbox 2840 5548 2994 5599; x_wconf 77' lang='grc' dir='ltr'>Ἐπεὶ</span> <span class='ocrx_word' id='word_1_891' title='bbox 3035 5547 3090 5600; x_wconf 78' lang='grc' dir='ltr'>δὲ</span> <span class='ocrx_word' id='word_1_892' title='bbox 3118 5542 3233 5615; x_wconf 82' lang='grc' dir='ltr'>εἶχέ</span> <span class='ocrx_word' id='word_1_893' title='bbox 3267 5562 3337 5613; x_wconf 89' lang='grc' dir='ltr'>με</span> <span class='ocrx_word' id='word_1_894' title='bbox 3381 5545 3442 5596; x_wconf 84' lang='grc' dir='ltr'>τὸ</span> <span class='ocrx_word' id='word_1_895' title='bbox 3475 5542 3659 5612; x_wconf 75' lang='grc' dir='ltr'>βραχὺ</span> 
     </span>
    </p>
   </div>
   <div class='ocr_carea' id='block_1_117' title="bbox 2079 5634 3660 5715">
    <p class='ocr_par' dir='ltr' id='par_1_117' title="bbox 2079 5634 3660 5715">
     <span class='ocr_line' id='line_1_117' title="bbox 2079 5634 3660 5715; baseline -0.007 -18"><span class='ocrx_word' id='word_1_896' title='bbox 2079 5647 2176 5715; x_wconf 85' lang='grc' dir='ltr'>(ὡς</span> <span class='ocrx_word' id='word_1_897' title='bbox 2224 5644 2387 5706; x_wconf 69' lang='grc' dir='ltr'>αὐτὸς</span> <span class='ocrx_word' id='word_1_898' title='bbox 2437 5642 2505 5696; x_wconf 79' lang='grc' dir='ltr'>ἂν</span> <span class='ocrx_word' id='word_1_899' title='bbox 2551 5641 2789 5711; x_wconf 53' lang='lat' dir='ltr'>sitadd</span> <span class='ocrx_word' id='word_1_900' title='bbox 2826 5640 3022 5709; x_wconf 74' lang='grc' dir='ltr'>μικρὸς</span> <span class='ocrx_word' id='word_1_901' title='bbox 3075 5640 3206 5709; x_wconf 72' lang='grc' dir='ltr'>ἐμὸς</span> <span class='ocrx_word' id='word_1_902' title='bbox 3262 5638 3529 5700; x_wconf 84' lang='grc' dir='ltr'>οίκίσκος,</span> <span class='ocrx_word' id='word_1_903' title='bbox 3562 5634 3660 5688; x_wconf 83' lang='grc' dir='ltr'>καὶ</span> 
     </span>
    </p>
   </div>
   <div class='ocr_carea' id='block_1_118' title="bbox 2078 5726 3660 5805">
    <p class='ocr_par' dir='ltr' id='par_1_118' title="bbox 2078 5726 3660 5805">
     <span class='ocr_line' id='line_1_118' title="bbox 2078 5726 3660 5805; baseline -0.004 -15"><span class='ocrx_word' id='word_1_904' title='bbox 2078 5734 2373 5805; x_wconf 82' lang='grc' dir='ltr'>ἀνεκλίθην</span> <span class='ocrx_word' id='word_1_905' title='bbox 2400 5733 2814 5804; x_wconf 74' lang='grc' dir='ltr'>ὲπιτραπέζιος,</span> <span class='ocrx_word' id='word_1_906' title='bbox 2849 5731 2944 5786; x_wconf 70' lang='grc' dir='ltr'>καὶ</span> <span class='ocrx_word' id='word_1_907' title='bbox 2984 5730 3086 5802; x_wconf 71' lang='grc' dir='ltr'>ήδη</span> <span class='ocrx_word' id='word_1_908' title='bbox 3109 5730 3204 5784; x_wconf 69' lang='grc' dir='ltr'>καὶ</span> <span class='ocrx_word' id='word_1_909' title='bbox 3228 5730 3262 5801; x_wconf 85' lang='grc' dir='ltr'>ἡ</span> <span class='ocrx_word' id='word_1_910' title='bbox 3294 5729 3416 5800; x_wconf 72' lang='grc' dir='ltr'>χεὶρ</span> <span class='ocrx_word' id='word_1_911' title='bbox 3446 5727 3523 5791; x_wconf 84' lang='grc' dir='ltr'>είς</span> <span class='ocrx_word' id='word_1_912' title='bbox 3551 5726 3660 5797; x_wconf 75' lang='grc' dir='ltr'>τὴν</span> 
     </span>
    </p>
   </div>
  </div>
