4062 6222
345 319 485 379 1273

1157 326 1577 390 EUSTATUH
1618 329 2376 395 TlIESSALONICENSlS
2414 334 2829 398 EPISTOLE.

3469 329 3597 396 I274

340 437 663 505 μαγειρεῖαν
687 439 978 505 ἐϐάπτετο,
1017 443 1114 496 καὶ
1143 444 1194 496 oi
1221 444 1476 515 ὄρτυγες,
1516 446 1612 511 οὓς
1637 449 1908 521 ιξηγορα-
1942 459 1987 513 Α
2017 449 2115 503 καὶ
2159 448 2289 521 περὶ
2338 450 2512 505 μέσην
2540 468 2645 506 που
2682 452 2785 520 τὴν
2810 448 2930 504 ὁδὸν
2974 451 3073 513 τῆς
3110 448 3363 510 πτήσεως
3394 448 3595 501 παύον.

341 524 519 595 σάμην
557 545 661 589 σοι.
696 531 1093 602 ἐπτερύσσοντο
1141 537 1282 591 κατά
1331 539 1426 608 τῆς
1478 538 1782 610 τραπέζης.
1811 542 1909 595 καὶ

341 618 496 682 τύτὺς
540 622 774 676 ἐνταῦθα
823 626 852 679 6
902 625 1107 690 σπανδς
1162 626 1416 700 Ἰωάννης
1447 629 1524 693 ὡς
1573 631 1635 696 ἐξ
1686 632 1910 703 ἐνέδρας

341 726 431 779 μοι
467 712 775 782 ἐπιφύεται,
805 718 900 771 καὶ
943 720 1141 790 δριμὺς
1184 722 1480 786 ἐπιπεσὼν,
1511 724 1563 776 τί
1612 724 1904 795 ἐποίησαςς

342 802 547 876 ἀναϐοᾷ
571 822 585 837 ο
620 806 709 861 διά
740 807 792 861 τί
824 810 915 865 τὸν
964 812 1173 867 Δούκαν
1205 815 1265 867 οὐ
1315 815 1752 885 προσεφθέγξω;
1796 816 1909 887 ἐγὼ

338 894 396 948 δὲ
427 896 528 964 (μά
558 898 656 969 τὴν
687 902 932 973 κεφαλήν
970 922 1086 971 σου,
1124 908 1219 961 καὶ
1257 907 1335 975 μά
1367 908 1467 979 τὴν
1500 909 1782 978 σωτηρίαν
1806 908 1908 979 τῆς

337 987 517 1056 ψυχῆς
565 992 692 1061 μου)
751 993 918 1059 εὐθὺς
965 997 1283 1068 έπατάχθην
1327 997 1403 1061 ώς
1443 999 1535 1051 ἐπὶ
1580 999 1906 1053 καινοτάτου

337 1078 703 1152 ἀκούσματος.
740 1086 848 1140 Καὶ
898 1089 997 1150 τάς
1044 1106 1104 1143 τε
1158 1092 1345 1161 χεῖρας
1394 1091 1621 1159 ἐσχασα,
1654 1090 1747 1143 καὶ⁸
1791 1090 1908 1155 ἐξε-

335 1169 551 1241 πλάγην
586 1176 677 1227 ἐπὶ
701 1181 766 1248 τῇ
804 1180 963 1251 ἀκοῇ.
999 1181 1107 1234 Καὶ
1140 1182 1252 1236 ίδοὺ
1297 1181 1489 1251 δέομαί
1517 1199 1631 1246 σου,
1674 1182 1907 1252 ζητῆσαί

337 1277 429 1330 μοι
478 1268 831 1339 καταλλαγὴν
887 1272 979 1325 καὶ
1031 1274 1403 1342 συμπάθειαν,
1457 1274 1554 1326 καὶ
1605 1274 1906 1327 σπουδάσαι

332 1357 538 1426 ταύτην
589 1378 681 1427 μοι
726 1364 1209 1433 καταπράξασθαι.
1246 1366 1474 1435 Μάρτυς
1524 1365 1632 1434 γὰρ
1668 1366 1696 1418 6
1725 1363 1858 1427 Θεός
1884 1376 1902 1395 ⁸

335 1450 641 1523 ἐϐαρύνθην
691 1455 828 1525 πρὸς
879 1456 1137 1526 ἐμαυτὸν,
1174 1458 1257 1511 ὃτι
1321 1456 1496 1520 οὕτως
1548 1457 1906 1527 ἀπροσέκτως

336 1539 493 1611 ἔσχον
517 1544 608 1596 ἐπὶ
636 1546 713 1615 τῷ
743 1548 1051 1618 πράγματι.
1084 1549 1231 1618 Πλὴν
1263 1549 1323 1602 οὗ
1374 1549 1516 1603 πάνυ
1546 1549 1805 1618 ἐπταισα,
1835 1550 1905 1604 δι’

332 1631 399 1695 ἃς
428 1631 584 1691 εἷπον
608 1637 812 1703 αἰτίας,
836 1641 931 1694 καλ⁸
963 1640 1098 1694 διότι
1124 1641 1186 1693 ού
1220 1641 1560 1712 συχνοτέρως
1583 1643 1904 1713 ἐντυγχάνω

335 1728 446 1791 τοῖς
505 1727 875 1796 ἀλλοις,ὥστε
931 1732 1025 1786 καὶ
1073 1720 1501 1805 ἀκριϐεστέρους
1553 1735 1743 1804 φέρειν
1775 1734 1906 1798 τοὺς

2016 557 2129 594 ται.

2760 653 2858 710 IB’.

2019 788 2108 857 Τῷ
2185 788 2358 861 κριτῇ
2426 788 2536 845 τοῦ
2606 789 2843 861 βήλου,
2889 787 3076 857 κυρίῳ
3149 788 3455 859 Γρηγοείῳ
3516 784 3595 850 τῷ

2654 858 2952 929 Ἀντιόχῳ.

2090 995 2153 1050 Τί
2177 992 2332 1063 δῆτα
2357 996 2469 1050 οὐκ
2519 993 2597 1048 ἂν
2624 993 2948 1063 ἐργάσαιτο
2981 992 3327 1060 ἅνθρωποςς
3360 990 3595 1053 Παλαιὸς

2013 1087 2069 1141 ἐν
2103 1085 2181 1158 τῷ
2202 1086 2433 1142 καθόλου
2460 1086 2556 1141 καὶ
2583 1087 2684 1140 οὐκ
2712 1087 2842 1156 ἐμὸς
2878 1088 2906 1140 6
2933 1086 3089 1152 λόγος
3123 1079 3301 1149 οὗτος.
3330 1079 3499 1146 Οὗτός
3529 1101 3592 1152 γε

2017 1176 2124 1245 μὴν
2148 1176 2301 1245 ἐμὸς,
2322 1177 2384 1230 ού
2410 1177 2549 1247 πρὸς
2577 1176 2806 1247 γνώμην
2839 1176 2982 1248 (κατ’
3008 1178 3264 1246 ἐκεῖνον),
3290 1177 3404 1230 ἀλλ’
3438 1178 3593 1239 ίδιοςο

2011 1267 2066 1322 τί
2093 1268 2195 1322 οὐκ
2235 1269 2303 1323 ἂν
2336 1272 2369 1341 η
2405 1269 2628 1340 ἐνεργὸς
2687 1269 2933 1337 γλῶσσα,
2968 1272 3000 1339 ἡ
3058 1270 3324 1339 ἐντρεχὴς
3357 1268 3520 1340 φρὴν,
3564 1270 3595 1321 6

2012 1362 2191 1424 κοινὸς
2225 1361 2432 1430 ἀγαθὸς
2460 1362 2699 1432 ἐταίρος,
2720 1361 2748 1414 6
2768 1360 2957 1430 κύριος
2980 1361 3200 1432 Μιχαὴλ
3224 1362 3589 1432 καταπράξηο

2011 1468 2132 1518 ταις
2174 1454 2238 1507 El
2270 1453 2326 1508 δὲ
2357 1455 2503 1522 κάμὲ
2534 1455 2725 1524 ἴσχυσε
2755 1455 2965 1515 πεῖσαι,
2994 1455 3096 1523 τὴν
3121 1456 3343 1523 γραφὴν
3370 1454 3583 1522 ταύτην

2012 1543 2287 1616 θαρρῆσαι
2318 1586 2334 1611 ,
2396 1546 2494 1600 καὶ
2548 1546 2747 1616 μένους
2806 1545 2900 1599 καὶ
2966 1545 3205 1615 θάρσους
3264 1544 3592 1613 ὑποπλήσας

2009 1634 2168 1689 δκνον
2244 1635 2389 1691 οῦτω
2466 1636 2634 1708 βαθὺν
2703 1636 3074 1709 ἐρῤιζωμένον
3142 1634 3417 1700 ἐξέσπασε
3493 1636 3592 1703 τῆς

2009 1727 2211 1798 ψυχῆς,
2271 1729 2366 1783 καὶ
2415 1729 2847 1784 ἀναπεπτωκότα
2904 1728 3221 1800 ἐπιρρώσας
3269 1728 3590 1791 ἐπέσπασε,

334 1816 444 1869 τῶν
488 1816 665 1886 ὄψεων
690 1820 1042 1891 χαρακτῆρας
1062 1838 1079 1854 ο
1109 1822 1186 1887 ὡς
1215 1823 1377 1888 εὐθὺς
1407 1824 1525 1893 ἅμα
1571 1827 1638 1894 τῇ
1668 1824 1770 1895 θέᾳ
1813 1827 1909 1881 καὶ
1942 1821 1983 1880 Β
2012 1819 2106 1870 καὶ⁵
2151 1818 2600 1891 ἀναϐεϐλημένον
2643 1820 2948 1890 ἐπώτρυνε,
3001 1819 3203 1888 μᾶλλον
3235 1819 3335 1889 μὲν
3383 1814 3476 1871 οῦν
3504 1818 3591 1870 δε-

332 1905 396 1959 lx
454 1907 679 1979 πρώτης
738 1912 993 1981 εἰσϐολῆς
1054 1914 1496 1984 καταλαμϐάνειν
1566 1917 1627 1970 τὸ
1684 1915 1901 1969 θεαθέν.

333 1997 634 2065 Προσκυνῶ
690 2000 808 2065 οὖν,
857 2004 954 2058 καὶ
1012 2004 1203 2073 τίθημι
1254 2006 1567 2075 μετάνοιαν,
1608 2008 1703 2060 καὶ
1756 2006 1906 2076 ζητῶ

332 2088 684 2157 συγγνώμην.
722 2089 901 2143 Ἔστω
948 2090 1003 2145 δὲ
1041 2095 1106 2164 τῇ
1152 2096 1514 2165 πανσεϐάστῳ
1565 2113 1659 2150 σου
1691 2096 1905 2162 ἐνδοξό-

328 2193 451 2246 τητι
483 2182 898 2252 μεσιτευτήριον
923 2184 1119 2255 δῶρον,
1154 2185 1221 2239 τά
1254 2187 1398 2255 μῆλα
1443 2187 1619 2243 ταῦτα
1647 2188 1714 2241 τὰ
1755 2189 1899 2259 Περ-

330 2268 479 2331 σικὰ,
496 2268 559 2325 τὸ
584 2270 714 2339 ἐμὸν
741 2274 1002 2345 κήπευμα
1024 2292 1040 2312 ·
1064 2270 1138 2330 ὧν
1163 2277 1526 2348 ἀπομερίσαις
1550 2279 1620 2333 ἂν
1637 2280 1704 2333 τὰ
1727 2278 1902 2349 ἡμίση

326 2364 406 2433 τῷ
451 2364 719 2434 παγκάλῳ
772 2367 952 2440 Δούκᾳ
999 2369 1080 2433 είς
1132 2369 1397 2439 μείλιγμα
1427 2369 1524 2423 καὶ
1557 2370 1903 2439 συμπάθειαν

325 2458 488 2529 ἐμήν.

608 2625 612 2629 η
1055 2552 1161 2611 m'.

403 2641 685 2715 Διέτριϐεν
730 2644 978 2710 ἐκτεθεὶς
1006 2648 1143 2717 πρὸς
1186 2645 1462 2718 Ἐλλήνων
1496 2646 1625 2718 περί
1665 2663 1770 2701 που
1799 2645 1902 2718 τήν

327 2736 578 2809 Λημνίαν
610 2739 977 2809 ἀπάνθρωπον
1020 2739 1230 2811 ιρημον
1258 2740 1617 2811 Φιλοκτήτης,
1643 2740 1671 2794 6
1702 2741 1900 2795 Ποίαν.

324 2844 436 2894 τος.
470 2830 583 2885 Καὶ
628 2829 760 2902 ᾤκει
792 2831 891 2902 μὲν
938 2831 1147 2901 πέτραν
1203 2831 1530 2903 αύτόροφον,
1560 2832 1900 2902 ύιτετρέφετο

325 2923 383 2979 δὲ
415 2924 515 2978 ὅσα
544 2925 639 2978 καὶ
663 2924 769 2995 θήρ
789 2940 802 2956 ο
838 2924 979 2996 ὕδωρ
1005 2925 1062 2979 δὲ
1090 2926 1277 2996 διῴκει
1304 2925 1497 2979 τοῦτον
1526 2925 1628 2980 ούκ
1666 2926 1899 2981 ἀὲνναον

323 3012 433 3066 οὐδ’
464 3013 793 3085 ἀπόῤῥυτον,
826 3015 942 3069 ἀλλ’
967 3015 1178 3085 δμϐρου
1208 3016 1464 3087 λείψανον
1490 3020 1752 3089 σεσηπὺς,
1785 3018 1896 3088 γῆς

327 3103 692 3172 ὶναπομεῐναν
721 3102 1024 3174 κοιλώματι
1054 3108 1151 3159 καὶ⁸
1181 3106 1419 3178 κηρίοις,
1453 3108 1604 3172 δσοις
1642 3108 1895 3172 ἐπάλαιε,

325 3194 437 3256 τοῖς
456 3195 652 3258 δεινοῖς
672 3212 688 3228 ·
718 3172 904 3261 ἄλλως
924 3214 986 3253 τε
1010 3197 1119 3252 οὐδ’
1149 3172 1418 3269 ἀρτίπους
1454 3199 1552 3265 ὢν,
1585 3200 1720 3255 ἀλλά
1753 3201 1897 3256 κατά
1923 3172 1969 3232 c

325 3285 434 3355 γῆς
460 3285 671 3356 ῑρπων,
704 3287 981 3342 καὶτοῦτο
1006 3288 1070 3361 δή
1102 3289 1162 3344 τὸ
1215 3290 1383 3361 μέρος
1418 3291 1521 3363 τὴν
1555 3291 1897 3348 ἐκδακοῦσαν

322 3376 516 3432 τοῦτον
546 3377 890 3449 μιμούμενος
919 3379 1153 3450 ἐχιδναν.
1195 3380 1340 3436 Ἀλλ’
1368 3383 1521 3453 ὅμως
1550 3381 1681 3437 οῦτε
1709 3382 1773 3439 τὸ
1795 3384 1898 3455 τῆς

321 3469 533 3542 τροφῆς
579 3470 769 3525 τοῦτον
796 3471 989 3527 ἀλύπει
1026 3472 1409 3543 δυσπόριστον,
1437 3476 1562 3531 οὔτε
1608 3477 1671 3532 τὺ
1699 3478 1897 3533 στατδν

322 3565 488 3635 ὕδωρ,
513 3563 637 3619 οὔτε
662 3564 723 3621 τὸ
747 3563 850 3634 τῆς
874 3564 1086 3636 ἐχίδνης
1116 3568 1300 3636 φόνιον
1320 3567 1611 3640 χάραγμα.
1644 3569 1899 3623 Ἐπειδὰν

318 3657 375 3711 δέ
421 3673 506 3721 τις
539 3657 753 3726 χρόνιον
814 3655 1125 3727 ἐνδημήσας
1187 3663 1482 3728 προσείποι
1543 3661 1646 3731 μὶν
1686 3661 1895 3712 ἐκεῖνον

319 3747 415 3801 καὶ
448 3747 794 3813 δεξιώσαιτο,
830 3749 923 3800 καὶ
977 3748 1134 3812 τέλος
1175 3750 1519 3818 ἀναγόμενος
1571 3749 1894 3819 πιστευθείη

323 3840 423 3909 μὲν
452 3838 591 3907 πρὸς
641 3839 835 3908 ἀνδρὸς
889 3838 1179 3909 ἐπιστολὴν
1210 3838 1287 3902 ώς
1334 3843 1461 3904 τοὺς
1507 3842 1766 3908 οἰκείους,
1794 3839 1897 3897 εἴτ’

319 3929 589 4000 ἀμελήσοι
637 3958 708 3970 -—
757 3929 873 3984 ἀλλ’
900 3925 971 4001 ἦν
1010 3930 1174 3984 τοῦτο
1201 3931 1279 4002 τῷ
1323 3932 1626 4005 Φιλοκτήτῃ
1674 3934 1895 3990 πάντων

317 4022 636 4093 δεινότερον.
672 4022 907 4089 Ἔγνως,
930 4023 959 4077 6
989 4023 1155 4093 λέγω,
1193 4024 1286 4078 καὶ
1312 4024 1526 4093 φθάσας
1550 4026 1677 4091 τοὺς
1700 4026 1895 4095 λόγους

318 4117 674 4187 ἀφήρπασας.
709 4113 866 4170 Οὕτω
926 4131 1008 4169 σοι
1061 4115 1184 4179 νοῦς
1236 4117 1497 4183 ὀξύτατος
1526 4133 1541 4148 ο
1578 4120 1669 4173 καὶ
1706 4122 1756 4173 εί
1817 4120 1893 4191 μὴ

318 4207 569 4278 κωμικὸς
596 4202 665 4279 ῆν
701 4208 731 4262 6
758 4207 936 4276 λόγος,
960 4208 1194 4278 κυνηδὸν
1226 4210 1293 4264 ἂν
1321 4210 1489 4280 φαίην
1521 4227 1581 4263 σε
1614 4211 1705 4266 τδν
1734 4212 1896 4281 λόγον

321 4300 664 4371 σιτήσασθαι.
697 4301 808 4356 Καὶ
834 4302 940 4371 γάρ
972 4318 1053 4355 τοι
1093 4302 1189 4355 καὶ
1217 4301 1379 4364 κύνες
1409 4302 1617 4373 πτῶμα
1661 4304 1894 4374 ῥιπτού-

322 4410 482 4463 μενον
530 4394 737 4463 ἀέριον,
772 4393 938 4462 πρινὴ
1002 4394 1143 4448 κατὰ
1195 4394 1301 4465 γῆς
1360 4396 1568 4461 πεσεῐν,
1623 4395 1893 4464 φθάνουσι

2011 1908 2161 1963 διότα
2187 1910 2511 1981 ἐθάρρυνεν.
2541 1907 2617 1964 Ἦ
2657 1912 2764 1980 γὰρ
2792 1913 2892 1964 οὐκ
2937 1911 3156 1979 ἐφίλουν
3186 1910 3275 1961 ἀεὶ
3300 1914 3390 1963 τὸν
3420 1910 3589 1962 πολὺν

2010 1999 2145 2069 ἐμόν
2168 2017 2228 2052 σε
2259 2002 2562 2073 Γρηγόριον
2588 2017 2603 2065 ;
2636 2002 2869 2070 Μισοίην
2895 2005 2960 2055 ἂν
2982 2001 3221 2070 ἐμαυτὸν
3237 2002 3307 2072 (εί
3331 2000 3384 2053 δὲ
3410 2001 3588 2067 τοῦτο,

2009 2093 2105 2147 καὶ
2136 2093 2478 2165 μαινοίμην),
2510 2094 2606 2146 ιάν
2634 2093 2809 2157 ἄλλως
2852 2095 3009 2165 ἐσχον
3044 2097 3140 2149 ἐπί
3196 2113 3279 2149 σοι
3310 2096 3592 2164 διακείμε-

2008 2200 2121 2245 νος.
2171 2183 2287 2239 Οὖκ
2342 2180 2488 2255 εἶχον
2525 2185 2582 2236 ἐν
2610 2186 2764 2254 ψυχῇ
2811 2202 2873 2237 σε
2926 2185 3277 2253 ἀνάγραπτον
3329 2186 3389 2237 ἐν
3423 2185 3590 2254 μοίρᾳ

2009 2273 2327 2341 κρείττονι;
2376 2272 2756 2344 Ἐξαλειφείην
2803 2275 2902 2344 τῆς
2959 2276 3068 2329 τῶν
3122 2276 3340 2341 ζώντων
3379 2275 3587 2346 βίϐλου,

2009 2363 2057 2415 εί
2091 2363 2174 2416 σοὶ
2210 2363 2285 2435 μὴ
2314 2365 2498 2418 πᾶσαν
2547 2363 2729 2436 πτύχα
2761 2364 2875 2434 τῆς·
2906 2367 3136 2435 καρδίας
3180 2365 3413 2433 ἀνέιρξα.
3450 2364 3587 2418 Πότε

2011 2470 2103 2524 μοι
2133 2455 2228 2508 τοῦ
2263 2455 2533 2526 στόματος
2576 2458 2605 2511 6
2638 2457 2779 2529 ὑπὲρ
2814 2474 2909 2512 σου
2942 2458 3102 2527 λόγος
3149 2458 3409 2525 ἀπέπτη;
3450 2460 3588 2511 Πότε

2008 2534 2076 2605 τὰ
2116 2547 2215 2617 τῆς
2261 2549 2483 2621 μνήμης
2531 2550 2807 2617 ἀπέλιπες
2854 2552 2991 2604 Τίνα
3038 2550 3169 2605 ποτὲ
3219 2549 3331 2603 τῶν
3367 2548 3495 2619 περὶ¹
3526 2547 3587 2599 οὶ

2006 2642 2352 2713 ἀφιξομένων
2381 2642 2628 2714 συνήθων
2651 2643 2798 2707 ίδὼν,
2832 2643 2934 2697 ούκ
2972 2642 3134 2706 εὐθὺς
3164 2642 3289 2705 τοὺς
3317 2643 3446 2713 περὶ
3479 2638 3576 2693 σοῦ

2006 2736 2201 2805 λόγους
2237 2722 2584 2807 διακινήσας,
2619 2737 2679 2790 17$
2709 2753 2770 2789 τε
2802 2737 3019 2807 χαίρειν
3052 2735 3464 2805 διεπεμψάμην,
3492 2733 3589 2786 καὶ

2005 2829 2101 2880 τὸν
2146 2825 2433 2897 διάκτορον
2468 2826 2888 2899 ἐξεπεμψάμην,
2923 2828 2986 2881 τὸ
3024 2825 3226 2896 πτερὸν
3263 2827 3451 2897 ἀέριον
3493 2825 3589 2877 λύ-

2008 2934 2179 2972 σαντα
2206 2934 2222 2984 ;
2264 2915 2563 2991 Ἐπίδημος
2587 2917 2682 2985 ὢν,
2710 2918 2812 2991 τήν
2838 2920 2982 2990 ἐμὴν
3002 2920 3182 2988 ψυχὴν
3209 2916 3354 2987 ἐχεις
3380 2915 3545 2968 οίκῶν
3564 2931 3583 2949 ·

2004 3007 2317 3078 ἀποδημίαν
2350 3007 2728 3078 στειλάμενος.
2760 3010 2820 3063 ἐν
2861 3008 2987 3079 ἐμοὶ
3027 3009 3394 3079 ἐναπέμεινας
3419 3022 3435 3038 ο
3488 3006 3585 3060 καί

2004 3114 2123 3161 πως
2138 3099 2320 3171 ψυχὴν
2351 3101 2673 3172 νεμόμενος,
2703 3102 2850 3174 εχεις
2870 3082 2932 3156 τὸ
2963 3101 3063 3171 Ml
3075 3102 3166 3172 μοὶ
3199 3099 3387 3170 νοερὸν
3418 3115 3586 3154 καταμ-

2005 3191 2231 3261 γώγιον.
2274 3193 2420 3249 ⁹Δλλ’
2446 3196 2595 3265 ὅμως
2627 3196 2722 3249 καὶ
2747 3194 2994 3249 τοιοῦτον
3023 3195 3153 3248 δντα
3184 3209 3244 3246 σε
3269 3191 3400 3263 παρ’
3430 3193 3581 3260 ἐμοὶ,

2009 3284 2191 3353 ὀλίγον
2223 3288 2528 3359 προσεῖπον
2574 3289 2633 3343 ἐν
2678 3288 3007 3359 γράμμασι·
3055 3288 3149 3341 καί
3204 3300 3289 3340 σοι
3339 3284 3586 3355 μετρητά

2004 3392 2127 3431 τινα
2172 3378 2395 3449 γράψας
2427 3379 2486 3432 ιν
2538 3380 2728 3433 πίνακι
2772 3380 2954 3451 τυκτῷ
2997 3381 3153 3451 (εἴπῃ
3205 3380 3273 3433 ἀν
3305 3376 3584 3448 Ὅμηρος)

2004 3471 2299 3536 ἐξέστειλα.
2330 3473 2431 3526 Διά
2462 3473 2515 3525 τί
2544 3489 2677 3527 ποτε
2707 3472 2922 3541 αἷτιον;
2966 3475 3065 3527 Διὰ
3090 3472 3317 3538 δειλίαν,
3345 3472 3414 3542 ἢν
3447 3472 3585 3541 φθά-

2007 3578 2200 3627 σαντες
2232 3594 2300 3607 --
2334 3565 2364 3617 6
2388 3564 2544 3631 λόγος
2580 3564 2681 3634 μὲν
2705 3565 3222 3634 ἀνθωμολογήσατο,
3255 3566 3284 3618 6
3312 3565 3365 3617 δὲ
3393 3564 3583 3635 κύριος

2003 3654 2224 3724 Μιχαὴλ
2248 3657 2347 3726 τῆς
2396 3656 2579 3726 ψυχῆς
2607 3674 2704 3727 μοι
2738 3659 3020 3712 ἀπώσατο.
3066 3657 3228 3712 Ἀλλά
3272 3657 3358 3720 τίς
3397 3660 3432 3729 ή
3468 3659 3583 3711 δει-

2002 3746 2134 3813 λίας
2169 3748 2290 3803 Ὀτι
2338 3748 2369 3801 6
2397 3749 2497 3817 μὲν
2526 3750 2605 3813 είς
2643 3749 2782 3819 ἀέρα
2815 3750 3074 3818 χεόμενος
3123 3748 3303 3816 λόγος,
3349 3749 3444 3801 καὶ
3478 3749 3584 3801 ύπδ

2002 3837 2269 3902 διακόνοις
2300 3838 2511 3909 ἑτέροις
2559 3839 3006 3910 δ;απεμπόμενος
3041 3838 3326 3908 στόμασιν,
3380 3837 3441 3890 οὐ
3478 3839 3581 3907 ῥᾳ-

2003 3926 2132 3990 δίως
2180 3927 2423 3998 ἐλέγχειν
2463 3928 2608 3983 θέλει
2660 3930 2789 3994 τοὺς
2838 3929 3154 3993 στέλλοντας
3187 3944 3201 3962 ο
3236 3927 3376 3982 ἀλλὰ
3427 3928 3523 3981 καὶ
3552 3930 3582 3981 6

2003 4019 2173 4083 πολὺς
2191 4020 2286 4075 καὶ
2312 4022 2339 4073 6
2358 4020 2568 4085 ἀστεῖος
2590 4021 2822 4077 ἐνταῦθά
2856 4039 2918 4091 γε
2946 4022 3009 4076 ’τὸ
3042 4022 3154 4075 ἴσον
3183 4022 3575 4092 ἀποφέρονται,

2003 4114 2159 4183 παρά
2195 4112 2451 4167 τοσοῦτον
2481 4113 2857 4185 διαφέροντες,
2890 4116 3021 4185 παρ’
3047 4117 3171 4169 ὅσον
3211 4115 3396 4184 ἔχουσι
3439 4117 3579 4185 μνή-

2004 4220 2114 4275 μης
2144 4203 2176 4275 ἢ
2207 4205 2301 4258 καὶ
2326 4203 2583 4277 λεκτικῆς
2613 4208 2924 4277 ἐπιστήμης
2958 4209 3009 4262 οἱ
3058 4208 3577 4279 καθυπουργοῦντες

2004 4297 2155 4363 σφίσι
2184 4296 2282 4351 καὶ⁸
2303 4298 2693 4371 ἀναφέροντες.
2719 4300 2829 4354 Καὶ
2853 4301 3001 4355 ἐστιν
3029 4301 3262 4355 ἐνταῦθα
3286 4304 3439 4372 παρά
3461 4304 3574 4364 τοῖς

2001 4388 2346 4448 διακονοῦσιν
2398 4393 2432 4464 ἢ
2491 4393 2551 4446 τὸ
2580 4393 3101 4464 διακινδυνεῦσαι,ἢ
3151 4396 3213 4449 τὸ
3260 4398 3479 4465 τυχεῖνο
3512 4399 3572 4451 τὸ

317 4488 676 4555 καταφαγεῖν.
721 4485 885 4549 Ἀλλ’,
921 4480 966 4540 ὦ
1005 4486 1277 4557 δαιμόνιε,
1321 4487 1483 4543 ἔασον
1518 4489 1644 4543 ὅλον
1692 4506 1762 4561 με
1799 4489 1892 4544 τδν
1927 4528 1970 4585 D
2002 4484 2111 4551 γὰρ
2139 4484 2238 4552 τῆς
2274 4489 2720 4557 προσφωνήσεως
2761 4485 2935 4551 δεξιὸν
2965 4488 3076 4540 εἴτε
3126 4488 3221 4542 καὶ
3267 4488 3345 4559 μὴ
3385 4489 3573 4553 αὐτοῖς

317 4574 472 4642 λόγον
531 4577 728 4631 εἰπεῖν.
756 4577 935 4630 Λυπεῖ
986 4578 1081 4632 καὶ
1135 4578 1285 4648 ἡμᾶς
1338 4579 1400 4633 τὸ
1449 4579 1552 4650 τῆς
1606 4579 1891 4652 ἡμετέρας
1927 4574 1964 4585 ⁷
1998 4574 2416 4645 ἐπιγράφονται.
2450 4577 2555 4633 Καὶ
2582 4580 2611 4631 6
2635 4578 2736 4650 μὲν
2757 4579 2858 4647 τὴν
2887 4579 3221 4647 προσλαλιὰν
3258 4581 3570 4645 ἐπιστείλας

319 4666 524 4735 ἐρήμου
574 4668 900 4740 ἀπόκροτον,
936 4669 1126 4723 καὶτὸ
1184 4670 1285 4739 τῆς
1341 4671 1549 4741 τροφῆς
1605 4689 1891 4745 μεμετρη-

320 4757 500 4826 μένον,
526 4763 623 4814 καὶ
653 4762 725 4815 τὰ
772 4764 874 4829 τῆς
903 4761 1031 4815 καθ’
1082 4762 1232 4831 ήμᾶς
1270 4761 1487 4831 ἐχίδνης
1517 4764 1888 4833 χαράγματα’

314 4850 427 4904 ἀλλ’
454 4851 609 4906 ἔδακε
659 4853 820 4907 πλέον
852 4852 1060 4917 τούτων
1104 4854 1273 4924 ἡμᾶς,
1303 4853 1386 4906 ὅτι
1428 4854 1559 4923 περὶ
1598 4854 1698 4916 τὰς
1750 4858 1891 4927 πρός

316 4961 375 4997 σε
424 4944 803 5016 δυστυχοῦμεν
858 4946 1099 5016 γραφὰς,
1128 4946 1224 4999 καὶ
1268 4944 1577 5014 γράφοντες
1621 4946 1893 5017 δοκοῦμεν

316 5033 391 5105 μὴ
421 5034 677 5105 γράφειν.
707 5035 901 5089 Καίτοι
949 5035 1056 5088 τίνι
1092 5034 1237 5106 ἄλλῳ
1265 5033 1380 5104 ίτὴν
1416 5034 1554 5101 πρός
1583 5052 1644 5088 σε
1670 5039 1891 5106 γραφὴν

311 5125 807 5194 ἐνεπιστευσάμην,
838 5126 872 5196 ἢ
906 5124 984 5195 τῷ
1010 5124 1107 5179 τοῦ
1133 5127 1400 5181 δεσπότου
1427 5126 1522 5181 τοῦ
1549 5126 1879 5182 διδασκάλου

308 5214 521 5283 ἀδελφῷ
560 5216 655 5270 καὶ
684 5215 814 5283 θείῳ
855 5214 963 5285 σῷς
1009 5217 1152 5270 Ἀλλ’
1182 5216 1280 5286 (ὡς
1342 5216 1516 5282 ἔοικε)
1548 5217 1777 5289 δεύτερα
1818 5219 1889 5272 τὰ

307 5305 558 5375 ήμέτερα
613 5305 863 5374 θέμενος,
910 5307 1003 5361 τὸν
1047 5309 1233 5363 οῐκαδε
1286 5310 1487 5380 ἤπειγε
1544 5308 1741 5376 πλοῦν,
1798 5310 1888 5365 ἵνα

308 5395 443 5463 ἡμῖν
491 5396 526 5448 6
566 5397 675 5459 πᾶς
729 5396 818 5466 εἴη
867 5397 1021 5467 λόγος
1075 5401 1429 5470 τραγῳδικός.
1470 5398 1659 5461 Οὕτως
1719 5401 1886 5471 ἡμεῖς

306 5488 703 5559 δυστυχοῦμεν,
736 5491 823 5559 ἐφ’
875 5487 956 5556 οἷς
1003 5493 1362 5564 εὐτυχοῦμεν.
1402 5493 1495 5563 Μὴ
1549 5492 1681 5562 γοῦν
1734 5494 1883 5564 ἡμᾶς

309 5576 531 5648 μέμφου
562 5595 576 5610 ο
627 5582 1001 5648 κατατοξάζου
1033 5584 1090 5638 δὲ
1116 5586 1215 5654 τῆς
1241 5583 1387 5639 οὕτω
1425 5585 1649 5655 βαρείας
1684 5585 1878 5655 τύχης,

304 5669 373 5724 δι’
406 5672 473 5743 ἥν
525 5674 658 5744 ήμῖν
686 5676 874 5731 οὐκέτι
924 5675 1036 5731 οὐδ’
1069 5680 1115 5730 οί
1157 5677 1306 5745 λόγοι
1355 5677 1698 5748 πτερόεντες,
1742 5676 1881 5731 ἀλλά

306 5761 643 5839 βραχύτερον
710 5769 1117 5841 πτερυξάμενοι
1182 5766 1621 5839 πτερορρυοῦσιν
1696 5763 1874 5836 αὖθις,

1993 4667 2289 4740 ἀμάρτυρα
2337 4670 2476 4741 ἔχει,
2526 4672 2648 4725 ὅποι
2699 4672 2831 4726 ποτὶ
2880 4674 2986 4744 ἄρα
3032 4674 3129 4728 καλ⁵
3159 4674 3321 4728 πέσοι
3367 4675 3436 4728 τά
3470 4675 3569 4743 τῆς

1992 4765 2399 4832 προσαγορείας
2418 4780 2434 4797 ο
2463 4767 2490 4817 6
2520 4764 2577 4818 δὲ
2603 4765 2746 4834 δρῶν
2768 4766 2844 4836 τῷ
2874 4767 3343 4838 προσαγορεύοντι
3369 4767 3429 4819 τὸ
3459 4768 3567 4819 πᾶν

1991 4857 2071 4917 εἰς
2109 4856 2300 4909 ἑαυτὸν
2344 4856 2651 4921 ἀνεδέξατο.
2686 4860 2793 4912 Καὶ
2840 4859 3065 4912 τοιαῦτα
3112 4860 3215 4927 μὲν
3249 4858 3460 4912 ἐκεῖνα.
3508 4856 3567 4911 Ὀ

1989 4948 2046 5002 δέ
2084 4965 2149 5015 γε
2185 4950 2246 5002 ἐν
2280 4951 2583 5019 σωματίοις
2622 4952 2873 5020 κείμενος
2918 4950 3078 5016 λόγος
3114 4948 3295 5003 οὐκέθ’
3333 4950 3435 5004 ὑπὸ
3464 4949 3568 5017 ἀγ-

1988 5040 2150 5106 γέλου
2207 5041 2511 5111 προάγεται
2563 5044 2814 5111 στόματι,
2863 5042 2976 5094 ούδ⁹
3010 5044 3069 5095 ἐν
3120 5043 3324 5112 ἐτέρων
3359 5042 3563 5112 χείλεσι

1987 5132 2452 5184 διακινδυνεύεται
2476 5147 2493 5165 ·
2520 5133 2636 5185 ἀλλ’
2672 5134 2788 5187 ἐστι
2817 5132 2998 5203 ψυχῆς
3046 5135 3147 5203 τῆς
3175 5135 3564 5201 ἐπιστειλάσης

1987 5222 2249 5293 ἄντικρυς
2278 5222 2491 5293 κύημα,
2521 5223 2618 5277 τοῦ
2661 5224 2717 5277 δὲ
2751 5224 3150 5296 ὑποδεξαμένου
3183 5225 3412 5287 κώδικος
3441 5226 3566 5293 μαί-

1987 5328 2152 5381 ευμα,
2210 5314 2661 5384 σπαργανοῦντος
2698 5310 2809 5371 οἷον
2844 5316 3027 5381 αὑτὸν,
3080 5316 3176 5368 καὶ
3234 5311 3345 5377 οἷος
3399 5315 3563 5384 ἐξέφυ

1988 5403 2508 5471 περιφυλάττοντος,
2541 5406 2634 5460 καὶ
2664 5405 2742 5477 τῷ
2780 5405 2922 5475 φίλῳ
2957 5405 3453 5476 παρακομίζοντος,
3485 5406 3563 5469 ώς

1988 5493 2174 5547 εἰκόνα
2204 5494 2303 5548 τοῦ
2354 5497 2687 5560 στείλαντος.
2730 5495 2794 5550 El
2827 5496 2883 5550 δὲ
2933 5497 3165 5551 τοιαῦτα
3209 5496 3463 5551 δύνανται
3493 5498 3564 5553 τὰ

1982 5583 2092 5638 τῶν
2144 5586 2467 5654 ἐπιστολῶν,
2519 5589 2616 5643 καὶ
2663 5588 2998 5657 κατηγορεῖν
3045 5584 3157 5641 οἶδε
3189 5588 3279 5642 τὸν
3321 5588 3531 5641 ἐπιστεί

1983 5675 2172 5741 λαντα,
2211 5672 2324 5742 οἷος
2360 5681 2429 5734 τὰ
2485 5681 2543 5744 ἐς
2596 5680 2792 5747 λόγους
2826 5680 3058 5746 ἐκεῖνος,
3105 5679 3201 5735 καὶ
3230 5674 3317 5734 ora
3343 5680 3414 5732 τὰ
3456 5680 3560 5750 τῆς

1978 5767 2160 5841 ψυχῆς
2193 5771 2343 5843 αύτῷ
2372 5773 2491 5828 ἐστι
2538 5776 2881 5843 γεννήματα,
2921 5774 3039 5838 πῶς
3069 5772 3136 5829 ἂν
3174 5771 3339 5839 αὐτὸς
3371 5771 3557 5828 εὐτόλ-
