4032 6214
290 308 426 377 ιειςι

1049 299 1469 362 EUSTATIIII
1497 296 2259 364 TllESSALONICENSiS
2298 302 2688 367 EPISTOLE
2708 351 2726 371 .

3405 302 3542 369 1282

274 435 377 474 τον
415 416 655 486 σώματι.
693 408 756 465 Ἥ
786 410 845 465 ει
876 408 1204 480 στιλπνότης
1235 409 1550 464 ἀπολείϐειν
1582 410 1636 480 (δ
1669 409 1864 481 φασιν)
1893 413 1940 474 Α
1970 417 2136 485 σύνης
2157 416 2267 486 γὰρ
2294 415 2355 469 οὐ
2382 416 2536 481 νόσος
2560 416 2823 486 ἀντεδόθη
2840 416 2978 487 πρὸς
3001 417 3247 481 κόλασιν,
3272 415 3388 471 ἀλλ’
3406 415 3546 483 ιεω-

285 510 464 563 ἀδόκει
500 505 666 575 ὑγρὸν
711 503 915 557 ελαιον.
961 502 1072 555 Kal
1100 500 1318 556 ικειντο
1354 502 1545 573 χρῆμα
1568 502 1736 557 καλὸν
1770 504 1867 558 ἐπὶ
1963 506 2184 577 τερικοῦ
2216 506 2431 576 κόσμου
2463 508 2771 577 ἀφαίρεσις.
2804 508 3033 577 Μήποτε
3060 508 3118 563 δὲ
3139 509 3235 563 καί⁵
3265 507 3341 572 ῶς
3372 503 3462 562 οἷά
3490 526 3547 561 τι

287 597 439 668 καλῷ
487 594 568 667 τῷ
601 592 882 663 στρώματι
929 592 987 646 αί
1017 592 1274 657 σινδόνες,
1306 591 1732 663 δυσωπούμεναι
1771 594 1866 648 τὸν

288 689 512 759 θεατὴν,
544 687 736 757 πόρρω
760 702 865 738 που
892 684 1100 755 μένειν,
1124 685 1200 749 ὡς
1235 684 1311 756 μὴ
1358 686 1442 739 δτι
1490 700 1557 754 γε
1596 686 1868 755 ῑγκαθευ.

288 781 474 850 δῆσαι,
510 778 644 833 ἀλλά
679 777 813 849 μηδὲ
847 779 926 841 είς
954 778 1019 831 τὸ
1049 778 1158 831 πᾶν
1184 777 1418 849 ψαῦσαι,
1464 776 1541 849 μὴ
1574 780 1667 833 καὶ
1694 796 1866 851 χραν-

292 875 415 943 θείη
442 872 514 927 τά
542 871 688 925 οὕτω
713 870 893 941 τίμια.
926 870 1001 923 Τὸ
1032 869 1090 923 δὲ
1118 870 1493 941 ἐπικείμενον,
1512 872 1624 926 είτε
1640 870 1867 936 δάπιδος

292 965 425 1021 αὐτὸ
446 966 556 1019 εῖτε
586 966 680 1017 καὶ
706 963 903 1026 κοινῶς
948 962 1284 1033 ἀπλὼματος
1322 965 1560 1034 νοήματι
1598 964 1869 1035 σεμνῦναι

291 1059 437 1129 χρὴ,’
450 1058 550 1111 οὐκ
584 1056 651 1112 ἂν
680 1056 809 1126 ἀχρι
832 1056 1056 1127 ταχεῖαν
1078 1055 1370 1127 ἔκφρασινο
1395 1058 1578 1111 έκεῖνο
1609 1056 1668 1111 δὲ
1691 1059 1868 1111 είπεῖν

292 1152 476 1221 ἀρκεῖ,
496 1150 572 1214 ὡς
599 1149 734 1220 ἀρα,
752 1149 812 1202 δν
827 1150 1031 1220 τρόπον
1048 1148 1287 1220 ὕπερθεν
1305 1150 1417 1204 τῶν
1438 1151 1642 1205 λοιπῶν
1661 1150 1868 1217 ἔκειτο,

293 1245 440 1297 οὕτω
465 1244 558 1297 καὶ
590 1243 700 1296 τῶν
732 1241 937 1296 λοιπῶν
966 1242 1310 1313 ὑπερέκειτο.
1335 1243 1512 1314 Σκεύη
1541 1245 1633 1298 ἐπὶ
1657 1244 1870 1311 τούτοις

294 1336 362 1388 τὰ
387 1335 488 1406 μὲν
519 1336 625 1388 ἀπὺ
676 1334 888 1403 γυμνοῦ
935 1335 1163 1405 χαλκοῦ,
1196 1337 1264 1390 τά
1290 1336 1350 1390 δι
1381 1334 1479 1391 καὶ
1501 1336 1869 1407 γεγανωμένα

296 1428 616 1493 καττιτέρου
648 1429 931 1499 φανότητι,
963 1428 1058 1483 καὶ
1078 1429 1169 1483 τὸν
1208 1431 1451 1501 άργυρον
1472 1429 1876 1500 καθυποκρινό-

301 1539 459 1590 μενα.
492 1518 661 1574 Εἶπεν
686 1521 753 1574 ἀν
780 1520 1187 1593 όόρῶν,αὐτοῖς
1208 1522 1569 1592 ὲναπομένειν
1596 1521 1695 1595 τὴν
1723 1522 1870 1593 Nm.

303 1614 593 1669 Ἔστιλ.6ον
611 1612 718 1683 γάρ
735 1614 832 1668 καὶ
861 1614 1003 1683 ὑπὲρ
1025 1614 1167 1669 αὐτά
1188 1616 1497 1685 κάτοπτρα.
1514 1617 1670 1687 Θήκη
1693 1616 1870 1687 μύρου

1966 600 2135 672 φυτὸν
2164 600 2488 671 ἀχαριστίας
2524 601 2634 654 τῶν
2669 600 3051 656 ἐπανθούντων
3082 601 3411 672 περιθέτων,
3440 603 3546 655 ὅσα

1967 696 2062 748 καὶ
2091 692 2328 764 φύλλων,
2370 692 2849 765 ἀπογεγύμνωμαι
2872 710 2888 726 ο
2940 693 2974 765 ἢ
3011 696 3108 750 καὶ
3140 694 3317 756 άλλως
3346 695 3544 756 είπεῖν,

1968 783 2289 856 φυλλορῤοῶ
2313 784 2415 855 τὴν
2439 782 2697 836 εὔκλειαν
2719 800 2735 815 ο
2762 783 2904 853 τάχα
2936 785 3032 838 καὶ
3084 784 3161 847 ῶς
3210 783 3547 853 παραδείσου

1967 879 2186 950 τρυφῆς
2239 878 2391 945 ἄξιος
2440 878 2718 931 ἐκπεσεῖν.
2788 878 2903 946 Τὴν
2960 877 3254 949 παροῦσαν
3306 878 3552 945 ἐπέγνων

1970 970 2290 1041 γύμνωσιν⁹
2355 968 2431 1038 μή
2494 985 2587 1038 μοι
2639 965 2697 1021 δὲ
2740 968 2953 1037 γένοιτο
2985 971 3080 1022 καὶ
3130 969 3213 1031 είς
3235 968 3293 1021 τὸ
3325 970 3551 1041 ἀρχαῖον

1971 1062 2447 1125 ἀποκατάστασις.
2516 1060 2723 1123 Πένθος
2778 1058 2905 1130 χθὲς
2958 1060 3054 1114 καὶ
3088 1055 3221 1131 ἦχος
3249 1062 3551 1115 κλαιόντων

1971 1160 2070 1210 καὶ
2101 1154 2415 1226 βαρυθυμία
2442 1170 2459 1188 ο
2491 1154 2588 1208 καὶ
2612 1153 2789 1207 ταῦτα
2822 1152 2954 1220 περὶ
2990 1151 3123 1222 ὃλην
3151 1154 3252 1224 τὴν
3295 1154 3388 1207 τοῦ
3413 1153 3550 1207 Θεοῦ

1972 1249 2309 1318 ἐκκλησίανσ
2366 1249 2463 1301 καὶ
2522 1248 2556 1317 ή
2611 1247 2949 1310 κατάστασις
2995 1247 3139 1317 αῦτη
3167 1247 3261 1299 καὶ
3290 1247 3549 1317 σήμερον.

1987 1339 2151 1394 Ἀλλά
2166 1339 2262 1393 καὶ
2286 1339 2368 1403 είς
2393 1339 2609 1408 μακρδν
2634 1336 2717 1390 ἔτι
2747 1338 3084 1408 παραμενεῖ.
3110 1337 3219 1389 Kal
3259 1338 3423 1408 ἡμεῖς
3454 1337 3554 1406 μὲν

1974 1429 2034 1485 ἓν
2061 1430 2313 1500 τρυφαῖς,
2339 1428 2433 1493 οὓς
2460 1428 2568 1483 ἔδει
2595 1427 2719 1483 λίαν
2750 1428 2980 1491 ἄξεσθαι
3022 1426 3311 1495 δάκρυσιν.
3344 1427 3554 1482 Οὐκοῦν

1973 1524 2199 1585 ἐνδίκως
2232 1523 2266 1591 ἡ
2288 1520 2410 1591 δίκη
2442 1518 2712 1591 μετῆλθεν
2758 1520 2933 1589 ἡμᾶς.
2985 1520 3180 1572 Κεῖται
3228 1520 3368 1589 ἀνὴρ
3396 1521 3557 1573 αὐτό-

1975 1630 2166 1687 χρημα
2203 1613 2370 1683 σοφία
2403 1612 2499 1666 καὶ
2526 1609 2833 1680 ἀγιωσύνη,
2858 1609 2920 1663 οῦ
2954 1611 3015 1662 τὸ
3050 1610 3338 1680 μεγαλεῖον
3363 1612 3425 1665 οὐ
3460 1613 3557 1680 μό-

302 1706 556 1769 στακτοῦ,
590 1706 772 1759 δποῖόν
804 1723 864 1758 τε
898 1706 1191 1770 ἀποϐλύζει
1230 1708 1420 1779 ῥόδων,
1442 1708 1539 1761 καὶ
1568 1709 1707 1779 ὅπερ
1727 1703 1873 1773 οἶνος
1904 1766 1945 1779 __
1978 1723 2069 1760 νον
2102 1708 2182 1770 είς
2209 1703 2602 1777 ἀρχιερετικὸν
2632 1703 2825 1774 θρόνον
2859 1702 3240 1771 ἀνυψωθέντος
3292 1702 3551 1771 ἐξεφάνη,

301 1766 572 1869 σκευωρεῖ
596 1801 1059 1871 φαρματτόμενος
1075 1766 1300 1857 εὐώδεσι
1323 1766 1614 1872 μίγμασιν.
1647 1766 1875 1874 ’λνάφοξ
1904 1766 1949 1827 Β
1976 1798 2112 1853 ἀλλά
2134 1766 2232 1853 καὶ
2252 1766 2560 1866 ἀὐτοῦ
2582 1766 2683 1866 τὴν
2710 1766 3042 1864 οἰκουμένην
3064 1766 3345 1865 ἐπλήρου.
3373 1766 3484 1848 Καὶ

304 1909 398 1963 ρον
424 1893 588 1947 καλὸν
610 1894 759 1961 ίδεῖν,
796 1894 972 1949 πλατὺ
1000 1895 1275 1966 χωρῆσαι.
1306 1892 1417 1951 Kal
1453 1891 1523 1967 ἦν
1570 1896 1704 1951 αὐτὸ
1728 1896 1875 1967 θήκη

301 1985 551 2055 χιτῶνος,
573 1984 633 2040 δν
662 1987 765 2040 οὐκ
806 1986 874 2041 ἂν
912 1982 1035 2040 εἶπέ
1059 2004 1146 2051 τις
1176 1990 1361 2058 χεῖρας
1390 1990 1626 2058 καμεῖν,
1644 1988 1740 2042 καὶ
1771 1988 1877 2057 ὑφ-

303 2078 562 2148 ασμάτων
587 2075 643 2131 δι
670 2077 875 2133 λασίων
906 2076 1009 2149 (ὡς
1035 2076 1102 2133 ἀν
1124 2078 1322 2147 είκεῖν)
1351 2079 1431 2151 τῷ
1447 2078 1556 2134 ἀπὸ
1581 2077 1730 2133 λίνου
1757 2096 1879 2151 τρι-

301 2170 540 2242 χώματι,
555 2170 594 2225 ά
614 2169 724 2241 χρὴ
747 2171 840 2224 τὺν
873 2170 978 2241 ἢδη
1009 2170 1352 2241 λουσάμενον
1373 2169 1778 2241 περιτίθεσθαι,
1798 2171 1878 2234 ὡς

301 2262 720 2333 ἀπομάττεσθαι
779 2261 880 2331 τὴν
905 2261 1204 2332 ὑγρότητα.
1256 2261 1413 2316 Καλά
1438 2262 1511 2315 τὰ
1540 2261 1748 2327 πάντα,
1782 2262 1880 2316 καὶ

301 2354 470 2427 τιμὴν
512 2355 715 2428 πολλὴν
759 2353 1107 2425 εὑρίσκοντα.
1145 2380 1215 2393 -
1255 2353 1444 2408 Ταῦτα
1484 2353 1881 2426 ὑπιλεξάμενος

305 2445 515 2516 (πολλά
542 2446 602 2500 δέ
634 2463 725 2517 μοι
748 2445 1107 2517 παράκειται,
1133 2444 1233 2501 καὶ
1254 2445 1394 2500 αὐτά
1431 2446 1758 2517 τεραστίως,
1782 2444 1881 2501 καὶ

305 2538 384 2603 ὡς
412 2539 515 2593 οὐκ
544 2539 613 2595 ἀν
640 2536 926 2610 ἧλπιζον),
954 2539 1185 2610 είχόμην
1212 2540 1314 2610 τὴν
1353 2538 1436 2602 είς
1480 2538 1542 2593 τὺ
1574 2538 1880 2610 βαλανεῖον.

310 2630 420 2686 Kal
448 2630 588 2695 τέως
614 2631 649 2702 ὴ
676 2629 800 2694 όδδς
828 2629 1035 2695 εὐθεῖα,
1067 2630 1163 2685 καὶ
1186 2625 1305 2701 εῖχέ
1337 2646 1405 2699 με
1444 2628 1506 2684 τδ
1527 2629 1877 2701 κατάντημα·

310 2722 406 2778 καὶ
427 2721 604 2794 σωρὸς
628 2720 741 2775 τῶν
769 2721 981 2776 σκευῶν
1005 2721 1217 2777 ἔκειτο·
1242 2722 1339 2776 καὶ
1368 2720 1584 2794 [αὐ]τὺς
1602 2721 1882 2778 ἀποδυσά-

310 2830 495 2885 μενος,
526 2816 624 2870 καί⁵
659 2814 763 2885 τὴν
786 2812 1009 2885 στοιϐὴν
1029 2812 1366 2884 ὑπαυξήσας.
1412 2808 1496 2879 οἷς
1527 2813 1883 2885 προσεθέμην

308 2907 377 2963 τά
397 2906 493 2962 τοῦ
523 2905 849 2979 ίματισμοῦ,
912 2905 1158 2978 ιχώρουν
1214 2906 1351 2965 ῑσω.
1401 2907 1498 2961 καὶ
1529 2906 1641 2961 τῶν
1662 2907 1884 2978 θερμῶν

308 2995 520 3050 ὑδάτων
548 2995 794 3066 γίνομαι.
830 2995 943 3051 Kal
960 2994 1054 3049 τὸν
1086 2994 1260 3067 ῥύπον
1284 2996 1571 3068 ἀποσύρας
1593 3035 1610 3062 ,
1667 2999 1763 3053 καί⁵
1803 2998 1884 3062 είς

1979 1889 2082 1961 μὶν
2120 1889 2269 1944 άλλοι
2319 1887 2661 1957 ἑννοούμενοι
2707 1886 2770 1940 τὺ
2820 1885 2991 1949 πάθος
3020 1886 3251 1956 δάκρυσι
3277 1884 3552 1950 λούονται,

1977 1980 2074 2036 καὶ
2102 1981 2194 2034 τδν
2226 1978 2592 2049 πενθητήριον
2628 1976 2881 2049 ᾅδουσινο
2913 1978 3074 2047 ἡμεῖς
3105 1977 3165 2031 δὲ
3212 1979 3271 2031 τὺ
3313 1977 3556 2047 ἔμπαλιν

1978 2074 2320 2135 σπεύσαντες
2384 2068 2651 2141 αίσχύνην
2701 2069 2963 2139 δφλομεν.
3034 2069 3380 2142 Ἐδράμομεν
3437 2071 3554 2142 βίου

1975 2163 2115 2226 ὑδδν,
2163 2163 2251 2231 ὑφ’
2376 2161 2477 2215 οὐκ
2511 2160 2664 2215 εστιν
2710 2159 2771 2225 ὃς
2819 2161 2920 2213 οὐκ
2956 2160 3025 2214 άν
3053 2163 3386 2232 νεμεσήσειε
3410 2178 3428 2195 ’
3462 2162 3557 2216 καὶ

1980 2253 2233 2326 βραϐεῖον
2256 2251 2537 2322 ἠράμεθα,
2564 2252 2775 2306 καὶτὸν
2805 2253 3154 2323 ἀγωνοθέτην
3183 2254 3443 2325 περιόντα
3465 2253 3556 2310 διά

1970 2343 2258 2414 θαύματος
2293 2344 2537 2415 ἤγομεν·
2571 2342 2647 2406 ῶς
2667 2343 2724 2397 δὲ
2753 2343 2969 2413 ἀπῆλθε
3000 2344 3257 2409 λυθέντος
3284 2346 3380 2400 τοῦ
3421 2346 3555 2400 θεά-

1979 2454 2110 2509 τρου
2134 2436 2368 2501 ἐκεῖνος,
2412 2433 2806 2506 ἱξελαθόμεθα.
2851 2434 3068 2490 Οὐκοῦν
3129 2437 3360 2508 θέατρον
3414 2438 3558 2507 γινό-

1983 2530 2128 2603 μεθα
2174 2528 2272 2584 ἀπὶ
2319 2528 2540 2598 γέλωτι,
2590 2529 2688 2583 καὶ
2715 2527 2989 2597 γυμνικὸν
3019 2524 3133 2582 οἷον
3165 2524 3335 2583 ἆθλον
3359 2529 3558 2585 τοῦτον

1980 2622 2376 2696 ἀσχημοσύνης
2406 2620 2668 2693 άνύομεν.
2698 2616 2771 2675 Ὦ
2799 2620 3029 2693 ἡμερῶν
3080 2622 3329 2688 ἐκείνων,
3374 2623 3432 2677 ιν
3465 2619 3557 2687 αἷς

1979 2713 2127 2789 ἦμεν
2150 2714 2504 2786 περίϐλεπτοι
2532 2712 2610 2785 τῷ
2631 2712 2767 2785 λαῷ,
2796 2716 2912 2779 τοῖς
2948 2712 3046 2768 τοῦ
3076 2713 3227 2785 ίεροῦ
3270 2711 3559 2784 συλλόγου,

1981 2812 2092 2870 τοῖς
2114 2809 2176 2863 ιν
2199 2807 2379 2874 ἀξίαις
2407 2807 2716 2878 βασιλικαῖς
2733 2824 2749 2841 ·
2771 2807 2834 2861 τὺ
2859 2807 2967 2862 πᾶν
2992 2807 3191 2873 είπιῖν,
3215 2808 3328 2871 τοῖς
3353 2806 3557 2861 άπασι.

1983 2903 2099 2959 Νῦν
2126 2903 2184 2959 δι
2209 2903 2312 2958 οὐκ
2338 2902 2487 2957 εστιν
2516 2902 2715 2968 είπεῖν,
2753 2902 2879 2956 ὅσον
2913 2902 3465 2974 περιπεφρονήμεθα.
3487 2894 3561 2953 Ὠ

1984 2997 2185 3070 χρυσὸς
2208 2998 2416 3063 ἐκεῖνος
2448 2998 2479 3052 ὑ
2508 2996 2872 3067 καθημέριος,
2900 2994 3083 3060 ἔοικας
3104 2997 3205 3067 ήδη
3243 2995 3421 3051 θέλειν
3444 2998 3565 3051 ιπι-

309 3085 579 3158 καλλονὴν
626 3085 909 3150 καταστάς
935 3084 1075 3158 ἡλίῳ
1120 3087 1439 3157 ἀντίμιμον,
1484 3087 1546 3151 ός
1595 3089 1690 3141 καὶ
1718 3089 1883 3153 αὐτ³.ς
1908 3104 1955 3166 c
1985 3090 2194 3146 λείπειν
2220 3091 2389 3162 ἡμᾶς.
2437 3088 2631 3160 Ἦμεῖς
2660 3090 2717 3144 δὲ
2741 3090 2916 3153 άλλως
2937 3088 3041 3160 τῆς
3071 3089 3286 3153 ἐλπίδος
3310 3089 3554 3160 εῖχομεν.

306 3179 566 3250 λαμπρὸν
602 3180 906 3251 παμφαίνει
930 3178 1180 3234 ὠκεανοῦ
1206 3179 1497 3250 λουόμενος
1526 3179 1733 3247 ῦδασιν,
1758 3180 1883 3251 ἱζή-

306 3287 434 3326 τουν
461 3271 716 3327 ἀναδῦναι
747 3271 853 3341 μὲν
872 3270 970 3327 τοῦ
993 3270 1141 3326 ἔνδον
1172 3272 1486 3343 ἀλαμποῦς,
1516 3273 1798 3329 ἀνατεῖλαι
1822 3274 1879 3328 εδ

306 3359 421 3418 οἷον
441 3363 794 3435 φαυστήριος.
832 3364 945 3419 Kal
972 3364 1133 3419 τοῦτο
1163 3364 1261 3434 μὲν
1283 3360 1432 3435 εῐχον
1454 3365 1666 3423 αὐτόθι.
1693 3367 1876 3439 Ζητη-

308 3453 401 3508 θὲν
430 3454 485 3508 δὲ
517 3455 578 3508 τὸ
602 3453 911 3526 λουτήριον,
950 3454 1014 3508 τὸ
1033 3454 1377 3526 περίϐλημα,
1421 3455 1571 3512 ἐστιν
1594 3457 1834 3528 οὐδαμοῦ
1860 3474 1877 3491 ο

304 3545 446 3601 ἀλλά
474 3545 571 3600 καὶ
611 3545 744 3601 αὐτὸ
780 3547 1040 3616 άφαντον,
1072 3551 1167 3601 καὶ
1194 3547 1229 3617 ὴ
1278 3547 1441 3620 λοιπὴ
1476 3550 1535 3605 δὲ
1565 3551 1875 3623 ἀποσκευῇ.

307 3637 373 3691 Τί
403 3638 469 3709 δὴ
528 3636 738 3705 ταῦτας
795 3638 967 3693 Πόθεν
1001 3654 1095 3710 μοι
1126 3640 1188 3692 τὸ
1214 3642 1416 3708 κακόν,
1453 3643 1725 3712 ’Δρπυιαι
1750 3644 1879 3696 ἀνεο

311 3729 590 3800 ρείψαντο,
615 3730 710 3784 καὶ
735 3730 836 3785 οὐκ
858 3731 924 3785 ἀν
954 3732 1233 3801 πτερωταὶ
1254 3732 1620 3802 παρεισδῦσαι
1650 3732 1880 3787 ἐλάνθα-

306 3840 434 3877 νον*
467 3822 605 3877 ἀλλά
657 3822 900 3893 χανοῦσα
959 3822 1031 3893 γῆ
1064 3822 1389 3888 ὑπεδέξατο.
1422 3824 1533 3878 Καὶ
1576 3826 1675 3895 οὐχ
1704 3825 1881 3891 οὕτως

308 3915 467 3987 ἡμεῖς
494 3915 589 3969 τοῦ
622 3915 764 3970 κατὰ
803 3913 1028 3985 σεισμὸν
1060 3914 1270 3977 πάθους
1314 3914 1672 3986 δυσαίσθητοι
1692 3933 1708 3948 ο
1740 3917 1878 3972 ἀλλά

310 4004 422 4077 πῦρ
449 4006 719 4072 ἀνάλωσε,
749 4007 843 4060 καὶ
877 4006 1108 4079 ἤλεγχεν
1142 4006 1209 4062 ἂν
1231 4006 1410 4079 τέφρα
1439 4007 1501 4061 τδ
1550 4008 1646 4064 τοῦ
1704 4012 1879 4081 πυρὸς

307 4100 490 4169 ἔργον.
524 4100 590 4154 Τί
619 4100 675 4154 δὲ
699 4100 839 4154 ἀλλά
868 4100 1053 4171 φῶρες
1076 4100 1331 4167 λαθόντες
1368 4103 1662 4175 ἀπήγαγον
1692 4104 1763 4158 τὰ
1787 4107 1884 4175 ξη-

308 4194 584 4265 τούμενα;
614 4194 730 4258 πῶς
757 4193 815 4248 δὲ
846 4193 914 4249 ἀν
942 4194 1179 4259 κλοπεὺς
1223 4195 1481 4250 τοσοῦτον
1531 4197 1698 4267 άχθος
1739 4197 1883 4253 οὕτω

308 4286 488 4341 λαθὼν
525 4287 699 4357 μέσης
734 4286 945 4359 ἡμέρας
970 4288 1191 4358 άροιτο;
1236 4288 1534 4359 Ἀπαγωγὴ
1555 4290 1616 4342 τὸ
1646 4291 1883 4359 πρᾶγμα

308 4380 595 4452 λῃστρικὴ,
646 4382 842 4450 ἐφόδου
887 4382 1201 4451 πολεμικῆς
1261 4382 1513 4447 ἔνδειξις,
1578 4382 1880 4454 θαρραλέου

310 4471 604 4543 ἅρπαγμα.
642 4474 719 4527 Ού
741 4472 916 4526 ταῦτα
958 4473 1129 4537 δόλος,
1177 4475 1240 4528 οὐ
1275 4474 1514 4546 λαθραία
1559 4475 1881 4546 ὑφαίρεσις·

309 4562 444 4615 ἀλλὰ
481 4563 705 4632 μελέτη,
758 4564 897 4619 ἀλλά
949 4564 1206 4635 σκέμμαο
1262 4567 1358 4620 καὶ
1416 4566 1609 4638 ⁴ηβίας
1643 4566 1885 4639 ἔργον,ἢ

312 4655 583 4721 παίγνιον.
611 4656 923 4728 Σκοπητέον
942 4672 958 4688 ο
984 4656 1081 4710 καὶ
1104 4656 1169 4726 δὴ
1205 4659 1279 4727 μὴ
1310 4658 1491 4726 μόνον,
1518 4660 1684 4714 πόθεν
1712 4677 1802 4730 μοι
1826 4660 1886 4713 τὸ

312 4746 500 4807 κακὸν,
533 4746 671 4801 ἀλλά
720 4748 814 4802 καὶ
858 4748 923 4801 τὸ
952 4748 1150 4804 αίτιον.
1182 4776 1254 4789 -
1276 4750 1344 4803 Ὠ
1377 4767 1467 4819 μοι
1487 4767 1503 4783 ’
1543 4752 1758 4823 συνῆκα
1789 4751 1884 4805 τοῦ

309 4839 682 4912 ἀτοπήματος,
710 4841 833 4894 ὅθεν
855 4840 1193 4912 βέϐλαμμαι.
1219 4841 1332 4911 Πρὸ
1354 4841 1650 4913 ὀφθαλμῶν
1679 4846 1708 4896 ό
1732 4844 1887 4912 ἐλεγ-

308 4948 423 5002 χος.
456 4933 671 5004 Γυμνίον
704 4933 894 5003 ὥσπερ
928 4950 1018 5004 μοι
1068 4933 1129 4986 τὸ
1161 4933 1349 5004 σῶμα,
1393 4932 1537 4988 οὕτω
1568 4936 1664 4988 καὶ
1695 4936 1759 4989 τὸ
1788 4935 1887 4999 τῆς

310 5025 491 5097 ψυχῆς
524 5025 964 5096 πταῖσμα,καὶἠ
987 5024 1253 5095 καταδίκη
1288 5022 1394 5086 ἔξω
1426 5025 1885 5097 μέμψεως.Ἀγα-

309 5116 509 5187 πητὸν,
543 5117 594 5169 εί
629 5116 706 5185 μὴ
757 5116 1021 5186 προοίμια
1052 5117 1226 5171 ταῦτα
1279 5118 1428 5172 κακά
1462 5117 1716 5188 μεγάλων
1744 5117 1889 5185 ἀγώ-

311 5223 439 5261 νων.
487 5207 788 5278 Ἀγαπῲην
818 5207 905 5271 ἂν,
936 5209 986 5261 εί
1020 5209 1180 5280 μέχρι
1213 5208 1406 5263 τούτου
1442 5226 1532 5279 μοι
1563 5209 1797 5280 ὥρισται
1826 5209 1886 5264 τὸ

313 5298 510 5352 κακόν.
540 5298 675 5367 Δίκη
708 5299 776 5353 τά
831 5300 1077 5370 παρόντα
1118 5300 1344 5355 θεόθεν·
1394 5300 1491 5354 τοῦ
1536 5301 1886 5357 πλεονεκτεῖν

314 5390 664 5459 ἀνταπόδομα
684 5407 698 5422 ο
727 5390 905 5461 ψυχῆς
929 5391 1029 5445 οὐκ
1055 5391 1381 5462 εὐχαρίστου
1422 5394 1582 5463 ποινή
1606 5408 1622 5425 ·
1671 5393 1884 5457 ἀδικίας

308 5482 652 5546 ἀντέκτισις·
687 5483 866 5554 ψυχῆς
888 5481 1171 5554 χ[ώλωμα1
1196 5484 1519 5555 ὲφαμάρτου
1546 5484 1882 5557 ὀξύρροπον,

308 5572 387 5636 ὡς
407 5573 475 5628 τά
507 5572 676 5627 πολλά
717 5573 832 5644 ἔχει
866 5572 965 5645 τὴν
997 5572 1265 5628 κάκωσιν.
1302 5573 1413 5627 Kal
1457 5573 1592 5628 αὐτὸ
1634 5574 1736 5645 μὲν
1781 5574 1885 5628 οὐκ

308 5665 446 5737 όρθά
477 5666 706 5737 βαδίζει,
746 5668 807 5721 τὸ
838 5666 895 5721 δὲ
923 5667 1084 5738 σῶμα
1131 5664 1509 5737 σφαλλόμενον
1541 5667 1837 5721 σκύλλεται
1861 5681 1880 5701 ’

306 5760 425 5816 ἀλλ’
446 5759 575 5832 ἐμοὶ
604 5759 1148 5836 φιλανθρωποτέραή
1184 5759 1556 5830 ἔπεξέλευσις.
1602 5759 1886 5832 Ἀγνωμοο

1978 3179 2052 3237 Ὦ
2079 3184 2239 3253 τιμαὶ
2262 3184 2355 3237 καὶ
2382 3182 2593 3253 θρόνων
2614 3182 3045 3254 παραχωρήσεις
3073 3182 3171 3235 καὶ
3210 3180 3349 3236 ὁδῶν
3385 3181 3563 3236 ὑπεκ-

1982 3276 2224 3339 στάσεις,
2252 3276 2348 3330 καὶ
2371 3274 2519 3338 ὅσοις
2537 3275 2720 3338 ἀλλοις
2745 3276 2910 3345 ἡμεῖς
2936 3274 3067 3344 χθές
3094 3291 3200 3327 που
3229 3276 3325 3329 καὶ
3355 3273 3561 3345 πρῴην

1977 3363 2122 3439 ἦμεν
2159 3368 2537 3439 ἐμπρέποντες
2556 3382 2572 3399 ο
2596 3367 2698 3422 οὐκ
2724 3366 3069 3438 ἐκληρονομή
3080 3384 3253 3436 ταμεν
3277 3366 3458 3437 ὑμῶν.
3485 3367 3563 3420 Ού

1980 3460 2352 3531 παρεμείνατε
2407 3462 2505 3515 καὶ
2568 3461 2648 3523 είς
2691 3456 2871 3525 τελος,
2898 3457 3016 3513 ἀλλ’
3047 3459 3152 3531 ἢδη
3193 3459 3564 3531 ἀναχωρεῖτε,

1978 3549 2119 3605 ἀλλά
2144 3550 2501 3620 δραπετεύειν
2527 3550 2765 3603 ιοίκατε.
2791 3549 2907 3603 Νῦν
2934 3548 3175 3619 δμαυτοῦ
3202 3550 3402 3618 γέγονα
3425 3566 3439 3580 ·
3467 3548 3566 3603 νῦν

1979 3641 2284 3711 ιπανῆλθον
2309 3643 2389 3706 είς
2409 3641 2555 3695 νοῦν.
2588 3642 2758 3705 Μόλις
2791 3640 2982 3709 ἔγνων,
3016 3642 3133 3694 οἴου
3167 3642 3375 3709 ἀγαθοῦ
3405 3642 3565 3695 tat!-

1983 3750 2181 3807 ρημαι,
2206 3734 2327 3794 οῖας
2375 3733 2666 3802 εὐετηρίας
2707 3734 3066 3788 ὲκπέπτωκα.
3101 3732 3305 3787 Οὐκέτι
3338 3734 3569 3788 ἀποϐλέ-

1983 3840 2159 3895 πομαι
2181 3840 2196 3857 ·
2241 3822 2438 3894 μενοῦν
2464 3840 2529 3892 γε
2560 3826 2657 3879 καὶ
2683 3824 3114 3895 περιϐλέπομαι.
3156 3820 3357 3880 Είλκον
3388 3826 3564 3881 πολλά

1979 3917 2092 3972 τῶν
2122 3915 2423 3988 ἀλλοτρίων
2465 3918 2598 3986 περὶ
2644 3917 2778 3987 ἐμέ·
2815 3914 2912 3970 νῦν
2970 3917 3027 3971 δὲ
3062 3917 3156 3971 καὶ
3209 3918 3278 3970 τά
3315 3918 3562 3989 παρόντα

1981 4011 2209 4081 οίχεται.
2246 4008 2671 4077 Γυμνοτέρους
2702 4009 2932 4077 ὑπέρου
2968 4008 3126 4078 λόγος
3178 4010 3410 4075 παλαιός
3458 4029 3563 4082 φη·-

1986 4121 2074 4158 σιν
2094 4120 2111 4137 ο
2149 4105 2312 4173 ἡμεῖς
2339 4103 2396 4157 δὲ
2416 4102 2518 4156 οὐκ
2558 4099 2674 4156 οῖδα
2732 4103 2781 4156 εί
2809 4104 2904 4155 καὶ
2936 4102 3092 4157 αὐτοὶ
3142 4103 3451 4174 κεισόμεθα
3483 4106 3568 4170 είς

1983 4198 2304 4267 παροιμίαν,
2339 4195 2483 4250 οὕτω
2502 4195 2972 4266 καταπαιχθέντες
3004 4196 3085 4259 είς
3108 4196 3413 4267 γύμνωσιν.
3448 4199 3567 4253 Ka-

1982 4289 2075 4344 λδν
2128 4290 2162 4362 ἡ
2222 4287 2430 4343 παλαιά
2491 4288 2651 4358 ἡμῶν
2718 4287 3016 4357 γυμνιτεία
3072 4290 3425 4360 μακαρισμοῦ
3450 4287 3571 4360 εἷχε

1984 4383 2213 4453 πλάσμα
2234 4396 2251 4413 ο
2287 4380 2635 4452 ὲχρωμάτιζε
2662 4381 2754 4432 τὸν
2780 4381 2838 4432 ὲν
2874 4378 2976 4449 βίῳ
3027 4380 3307 4451 σπουδαίῳ
3337 4383 3569 4453 ἀπέριτ-

1914 4456 1963 4517 Ῑ)
1987 4491 2101 4528 τον.
2145 4474 2210 4527 Ἦ
2243 4473 2298 4527 δὲ
2320 4472 2605 4543 γύμνωσις
2635 4470 2777 4541 αῦτη
2811 4471 2957 4523 κατὰ
2987 4472 3086 4542 τὴν
3120 4473 3183 4526 ὲκ
3218 4473 3430 4538 κοιλίας
3460 4492 3570 4545 μη-

1992 4566 2150 4637 τέρος
2192 4565 2544 4618 καθίσταται.
2600 4563 2742 4634 Ἤδη
2796 4581 2883 4627 τις
2921 4565 3017 4619 καὶ
3044 4567 3571 4637 γυμνοσοφιστεύειν

1992 4656 2139 4727 ἡμᾶς
2179 4655 2588 4726 μυκτηρίσειεν.
2657 4654 2849 4709 Ἔστιν
2905 4656 3033 4728 ἄρτι
3096 4661 3293 4728 καιρὸς
3351 4657 3567 4725 λέγειν’

1991 4747 2333 4817 ὲξεδυσάμην
2377 4746 2449 4798 τά
2497 4745 2692 4817 ίμάτιά
2739 4760 2874 4817 μου⁶
2928 4748 3046 4811 πῶς
3071 4748 3567 4817 ινδύσομαιαύτάς

1989 4838 2196 4902 Φαῦλος
2221 4837 2411 4901 οίωνὺς
2430 4836 2498 4891 τά
2528 4837 2800 4909 παρόντα,
2848 4839 2924 4909 μὴ
2978 4840 3075 4893 καὶ
3130 4840 3212 4902 είς
3242 4838 3341 4906 τὴν
3372 4838 3568 4912 λοιπὴν

1990 4930 2180 4985 οὐσίαν
2228 4946 2321 5000 μοι
2376 4930 2437 4983 τὸ
2476 4929 2647 4983 κακὸν
2703 4929 3050 5000 διαϐήσεται,
3083 4930 3176 4983 καὶ
3203 4930 3347 5003 ἀρχὴ
3395 4930 3571 4984 ταῦτα

1993 5023 2261 5094 μειζόνων
2290 5022 2445 5076 ἔσται
2472 5023 2682 5077 κακῶν.
2733 5023 2932 5093 Ἰωσὴφ
2989 5022 3317 5093 ὲγυμνοῦτο·
3328 5022 3449 5093 μὲν,
3476 5023 3571 5077 άλ-

1988 5118 2081 5168 λον
2112 5114 2171 5167 δὲ
2204 5114 2405 5186 τρόπον
2425 5111 2756 5183 ἐσεμνύνετο
2776 5129 2791 5145 ο
2823 5113 2951 5183 ἐμοὶ
2981 5112 3039 5165 δὲ
3067 5114 3168 5166 οὐκ
3190 5112 3288 5168 οἵδ’
3320 5115 3470 5177 ὅπως
3502 5114 3570 5168 ἂν

1987 5205 2050 5258 τδ
2074 5204 2246 5268 πάθος
2286 5221 2370 5268 τις
2412 5203 2782 5274 ὲγγράψηται.
2819 5203 3040 5258 Χιτῶνα
3081 5203 3446 5273 πολυτίμητον
3477 5203 3571 5255 εὐ·-

1987 5297 2268 5367 φροσύνης
2321 5295 2754 5368 ιτεριετιθίμην⁸
2813 5295 2931 5350 ἀλλ’
2966 5297 3049 5350 ὅτι
3098 5295 3191 5349 τὸν
3223 5292 3570 5362 ὲξυφάναντα

1990 5390 2478 5462 περιπεφρόνηκα,
2510 5389 2593 5441 ὅτι
2616 5389 2799 5458 γυμνῇ
2826 5391 2891 5458 τῇ
2912 5388 3120 5457 κεφαλῇ
3154 5386 3202 5456 (ὅ
3220 5386 3407 5457 φασιν)
3430 5387 3571 5457 ἀπῃ-

1990 5482 2383 5551 ναιδευσάμην,
2414 5480 2608 5552 πάσχω
2635 5480 2736 5552 τὴν
2779 5482 2835 5533 ὲν
2859 5477 3056 5546 γελοίῳ
3096 5478 3307 5548 ταύτην
3341 5477 3567 5546 γύμνω-

1990 5590 2101 5629 σιν.
2164 5572 2364 5645 Ἐχρῆν
2416 5573 2476 5627 δὲ
2527 5573 2638 5644 ἀρα
2692 5572 2785 5625 τὸν
2821 5568 3125 5623 σπεύδοντα
3171 5568 3418 5639 πληροῦν
3442 5565 3568 5631 τοὺς

1984 5667 2242 5731 κόλπους,
2274 5664 2349 5721 ὧν
2385 5667 2460 5738 μὴ
2493 5667 2684 5736 ἐχρῆν,
2741 5662 2935 5726 αὐτοῖς
2964 5661 3188 5724 κόλποις
3221 5660 3319 5729 τὴν
3347 5660 3568 5715 ἅπασαν

1982 5757 2171 5815 ὀλέσαι
2214 5758 2447 5828 σκέπην,
2503 5758 2598 5812 καὶ
2640 5757 2725 5822 είς
2752 5754 2914 5812 τοῦτο
2948 5754 3294 5817 καταστῆναι
3344 5749 3570 5816 γυμνώ-
