4062 6222
382 277 517 348 ιξδδ
639 292 654 307 -
1121 279 1553 343 EUSTATHII
1595 279 2358 358 THESSALQNICENSIS
2399 285 2816 354 120157an.
3506 298 3643 365 ms

373 373 728 472 710325.100»
755 398 812 454 δὲ
829 396 890 454 οῦ
919 415 1011 470 μοι
1038 398 1210 473 θυμὸς
1235 399 1482 467 τοιοῦτος
1507 401 1708 472 ἐνίησι,
1741 419 1954 476 μεμνη-
1985 401 2034 462 Δ
2061 403 2228 474 λῆρος
2251 407 2407 473 οὗτος
2446 409 2699 484 Ὅμηρος
2720 429 2737 444 ·
2783 414 2882 470 καὶ
2925 406 2993 485 ἧν
3027 414 3140 487 ἄρα
3171 416 3390 485 γελοῖον
3426 419 3648 490 άληθῶς

377 495 526 565 μένῳ
588 494 699 548 τῶν
741 494 1031 548 ἀποθέτων
1091 494 1385 565 κρατήρων
1405 532 1423 558 ,
1477 492 1572 557 οὓς
1604 495 1954 564 ¹ἐπιστεφέας
2059 499 2122 554 τὸ
2151 501 2409 582 πρᾶγμα.
2435 503 2646 575 Βρέφος
2677 507 2974 578 ἐγενόμην.
3003 511 3097 562 καὶ
3130 509 3274 580 τάχα
3301 506 3370 581 ἦν
3402 528 3494 582 μοι
3523 511 3644 566 τότε

375 590 711 662 φερομένους
734 588 1010 662 ἀναπολῶ.
1046 588 1103 644 '0
1123 588 1322 644 ὲνδύων
1347 588 1420 644 τά
1447 589 1607 660 κρίνα
1632 588 1725 643 τοῦ
1755 587 1952 659 ἀγροῦ,

374 681 428 733 τί
470 679 546 750 μὴ
576 681 673 734 καὶ
697 681 846 751 ἡμᾶς
895 679 1194 748 έπενδύεις,
1225 679 1365 735 ἀλλὰ
1385 680 1637 752 ἀνάγκην
1675 681 1952 748 ἐπιτίθης,

372 771 622 842 δαπανᾷν
659 774 920 843 χρήματα
975 775 1056 836 είς
1111 772 1444 844 ἱματισμὸν,
1478 774 1667 830 καὶτὸ
1723 773 1955 844 ζωτικὸν

371 862 656 929 ἐκκενοῦν,
687 865 782 918 καὶ
801 864 902 935 τὴν
924 864 1104 936 ψυχὴν
1139 865 1378 937 έκχέειν,
1424 869 1523 921 καὶ
1554 866 1850 939 ὑττορῤέειν
1877 867 1955 934 ὡς

371 957 452 1020 εἰς
481 956 724 1027 φθοράνς
759 958 1072 1027 Ἄνθρωπε,
1120 959 1272 1026 ὅστις
1301 959 1434 1015 ποτὲ
1479 955 1551 1025 εί,
1586 963 1614 1016 6
1643 960 1955 1030 λωποδυτῆ-

372 1059 470 1104 σας
500 1044 646 1111 ἡμᾶς
677 1043 696 1116 (
715 1041 869 1113 οἶμαι
905 1046 984 1106 δὲ.
1029 1040 1171 1100 εἷναί
1200 1063 1260 1108 σε
1293 1047 1404 1102 τῶν
1437 1049 1531 1108 καὶ
1567 1049 1822 1117 μεγάλων
1855 1049 1952 1103 καὶ

369 1133 478 1185 τῶν
505 1133 600 1187 τοῦ
623 1135 908 1206 βήματος·
957 1135 1102 1192 οὕτω
1147 1137 1258 1210 γὰρ
1307 1139 1690 1211 ὑποψιθυρίζει
1739 1139 1802 1194 τδ
1849 1141 1950 1210 τῆς

369 1228 558 1298 φήμης
587 1231 812 1299 στόμα),
859 1230 1046 1284 δίκαια
1074 1232 1292 1299 ταῦτα;
1333 1234 1512 1304 Ἐρεῖς
1546 1234 1666 1302 μὲν,
1702 1228 1846 1299 οἶδα,
1874 1235 1950 1288 δί-

368 1336 500 1372 καια
520 1336 532 1350 ·
564 1320 676 1386 ἐγὼ
708 1323 763 1375 δὲ
786 1323 922 1380 ἀλλὰ
945 1326 1124 1377 εἰπεῖν
1152 1324 1251 1396 μὲν
1275 1325 1454 1388 ἄλλως
1480 1325 1602 1394 οὐδὲ
1627 1326 1788 1391 αύτος
1810 1327 1946 1398 ἔχω,

367 1413 739 1482 ταμιεύσομαι
791 1415 847 1469 δὲ
908 1416 1060 1487 ὅμως
1115 1419 1354 1486 ἄμυναν.
1413 1418 1623 1487 Μικρὸν
1655 1418 1809 1483 ὅσον,
1853 1421 1949 1474 καὶ

365 1501 538 1570 ψῆφοι
573 1505 668 1558 καὶ
712 1504 1240 1589 πολυπραγμοσύναι
1279 1506 1371 1562 καὶ
1404 1509 1541 1580 βίων
1581 1509 1836 1582 πράσεις,
1871 1504 1946 1586 ὧν

367 1594 478 1662 ἐγὼ
502 1594 560 1650 δὲ
594 1595 728 1658 ἄλλα
753 1597 924 1650 εἰπεῖν
947 1587 1051 1666 μὲν
1077 1587 1255 1662 ἄλλως
1283 1600 1407 1654 οὐδὲ
1451 1601 1614 1666 αὐτὸς
1673 1600 1805 1672 ἔχω,
1842 1620 1947 1656 τα-

367 1676 668 1757 μιεύσομαι
695 1689 752 1742 δὲ
784 1691 932 1760 ὅμως
952 1692 1190 1761 ἄμυναν.
1222 1693 1436 1763 Μικρὸν
1467 1692 1613 1760 ὅσον,
1644 1693 1742 1748 καὶ
1772 1694 1944 1765 ψῆφοι

367 1779 467 1832 καὶ
509 1780 1038 1852 πολυπραγμοσύναι
1081 1783 1177 1836 καὶ
1228 1781 1360 1853 βίων
1420 1783 1675 1854 πράσεις,
1714 1777 1790 1840 ὧν
1833 1784 1945 1854 ἐγὼ

367 1872 740 1942 ὑπερίσταμαι
767 1889 781 1904 ·
814 1875 910 1926 καὶ
935 1873 1164 1944 ζήτησις
1184 1874 1279 1928 τοῦ
1309 1875 1400 1928 τὸν
1427 1877 1571 1946 ἱερὸν
1604 1875 1947 1948 ἀναϐησομέ-

363 1982 455 2018 νου
488 1965 678 2034 θρόνον
702 1981 716 1996 ⁸
753 1968 844 2020 καὶ
874 1967 976 2020 ούκ
1013 1966 1252 2037 ἔναρθρα
1280 1968 1399 2038 μὲν,
1434 1969 1708 2039 βοήσομαι
1751 1970 1798 2023 δ’
1827 1969 1944 2040 οὖν,

363 2057 608 2127 ῥήματα»
633 2056 842 2121 ὁποίοις
875 2057 1254 2128 ἔντέοραμμαι
1276 2075 1291 2090 ο
1326 2059 1739 2132 καταϐοήσομαι
1762 2075 1777 2092 ·
1803 2077 1945 2130 συμ-

364 2147 592 2218 φορήσω
647 2149 1053 2217 συκοφαντίαςο
1089 2149 1261 2222 ψεύδη
1315 2151 1725 2223 συμπλάσομαι.
1776 2152 1946 2206 Ἰδιω-

360 2238 510 2290 τεύω
537 2237 640 2308 μὲν
669 2238 862 2304 τᾶλλα,
889 2241 1008 2292 οὐδὲ
1037 2233 1358 2312 Δείὁήθριοι
1383 2241 1556 2306 οὕτως
1576 2245 1681 2309 ἔξω
1715 2245 1905 2314 σοφίας
1925 2260 1939 2276 ⁸

361 2331 459 2402 οὐχ
492 2329 639 2388 οὕτω
682 2331 1098 2404 βαρϐαρόφωνοι
1133 2335 1320 2404 Κᾶρες
1366 2336 1418 2390 οῖ
1451 2338 1940 2410 περιλαλούμενοι·

361 2423 462 2476 οὐκ
488 2422 784 2494 ἐμμούσως
812 2422 922 2494 ἔχω
948 2423 1048 2494 τῆς
1073 2424 1324 2496 γλώττης
1343 2442 1357 2458 ο
1383 2426 1518 2482 ἀλλὰ
1541 2429 1610 2482 τὰ
1635 2432 1738 2499 μὲν
1759 2431 1945 2496 τοιαῦ.

361 2527 428 2562 τα
461 2510 772 2580 σοφίσομαι.
792 2506 863 2564 Ὦ
885 2511 1034 2582 δεινὴ
1059 2513 1220 2586 τύχη,
1249 2515 1476 2588 τοιούτῳ
1504 2519 1658 2589 κακῷ
1686 2538 1755 2589 με
1787 2539 1946 2592 περιγ

362 2599 624 2654 ϐαλοῦσα.
659 2602 770 2654 Καὶ
799 2602 1074 2659 κυδιστῶν
1110 2622 1240 2660 ποτε
1284 2606 1576 2679 ἄνθρωπος
1627 2611 1942 2684 ὑφαιρεῖται

362 2693 423 2745 τὸ
454 2693 684 2763 ἀμφιον,
712 2694 810 2748 καὶ
851 2694 1096 2752 κίνδυνον
1138 2699 1272 2772 ἔχει,
1315 2702 1654 2772 ἀμφοτέραις
1705 2705 1940 2775 ἐπικρύ-

362 2803 539 2852 πτειν,
571 2787 609 2842 ἃ
640 2788 718 2858 μὴ
751 2789 976 2852 θεᾶσθαι
1007 2793 1159 2858 ἄξιον
1187 2809 1202 2825 ·
1261 2794 1378 2850 ἀλλ’
1413 2795 1524 2849 οὐδ’
1557 2795 1723 2860 αὐτὸς
1757 2798 1943 2863 αίδοῦς

359 2878 629 2952 τοσαύτης
664 2882 1071 2954 ἐμπέπλησται.
1095 2883 1166 2940 Ὦ
1193 2889 1241 2942 οἰ
1271 2892 1398 2961 περὶ
1426 2889 1525 2961 ἐμὲ
1561 2885 1707 2946 οὗτοι
1735 2893 1942 2963 ἄνθρω-

361 2989 480 3040 ποι,
510 2975 564 3029 τί
605 2975 668 3046 δή
708 2994 838 3031 ποτε
871 2979 1126 3045 τοσοῦτος
1164 2981 1321 3054 ὄχλος
1359 2985 1779 3041 ὲπισυνίστασθε
1824 3005 1941 3057 1.1.0).-

2058 595 2336 652 λούεσθαι.
2372 597 2756 673 ’Υπερανέὸην
2810 602 2914 673 τὴν.
2945 603 3213 674 βρεφικὴν
3257 604 3498 676 ἠλικίαν,
3545 606 3643 660 καὶ

2056 689 2264 756 οὐκέτι,
2294 691 2415 746 ἀλλ’
2445 695 2495 747 εί
2533 693 2648 765 ἄρα
2676 695 2736 747 ὲν
2769 700 3058 767 ποταμοῖς.
3099 699 3412 769 Ἥκμαζον,
3443 700 3536 754 καὶ
3571 695 3643 769 ἦν

2056 783 2116 838 ἐν
2146 785 2262 850 τοῖς
2289 784 2476 849 αὐτοῖς
2501 800 2520 820 ⁸
2547 783 2735 842 εἷλκον
2768 787 2911 843 οθτω
2937 789 3028 845 τὸν
3057 788 3175 859 βίον
3205 790 3448 861 ὁμαλῶς,
3485 791 3644 860 Ὠμί-

2055 876 2199 949 λησα
2247 878 2330 948 τῷ
2387 879 2603 950 ὑστέρῳ
2663 879 2795 950 βίῳ.
2845 881 3139 944 Πακτωλδς
3183 881 3307 946 ὅλος
3353 885 3483 952 περὶ
3513 882 3639 952 ἑμὲ,

2053 971 2244 1042 χρυσῷ
2273 971 2436 1042 ῥέων.
2479 971 2781 1043 Ἐγενόμην
2839 977 2953 1036 τοῖς
3003 974 3238 1043 ἀγαθοῖς
3282 974 3641 1046 ὑπέραντλος,

2053 1065 2152 1119 καὶ
2176 1065 2272 1121 τοῦ
2300 1065 2494 1120 λοιποῦ
2535 1065 2698 1138 κόρον
2756 1067 2859 1122 οὐκ
2879 1063 3032 1138 εἶχον
3062 1067 3174 1121 ,τοῦ
3214 1067 3636 1122 καταλούεσθαι.

2053 1157 2268 1216 ούκοῦν
2316 1158 2500 1222 καλῶς
2537 1157 2771 1231 αἰσχύνη
2830 1177 2934 1228 μου
2982 1158 3336 1230 καταχίεται.
3370 1161 3638 1215 Εύκταῖον

2049 1253 2113 1322 δή
2148 1271 2264 1322 μοι,
2294 1254 2458 1324 μέχρι
2485 1251 2746 1307 τοσούτου
2773 1252 2965 1321 στῆναι
2986 1253 3054 1308 τὰ
3080 1253 3302 1323 λυπηρά
3335 1253 3442 1325 (ώς¹
3460 1254 3636 1322 ἔγωγε

2049 1345 2149 1400 καὶ
2179 1344 2240 1398 τὸ
2265 1345 2436 1400 εἰσέτι
2466 1344 2663 1414 μέλλον
2693 1345 3086 1414 φαντάζομαι),
3120 1344 3195 1416 μὴ
3227 1345 3323 1400 καὶ
3352 1345 3636 1414 περιάγων

2053 1453 2124 1504 με
2161 1438 2194 1490 6.
2220 1437 2316 1491 τοῦ
2348 1436 2467 1506 βίου
2501 1437 2698 1508 τροχὸς
2731 1438 2814 1500 εἰς
2847 1440 3044 1496 ταυτὸν
3085 1438 3285 1506 ἀγάγοι
3330 1439 3504 1502 πάθος
3553 1437 3633 1509 τῷ

2049 1529 2438 1601 θρυλλουμένῳ
2479 1530 2684 1597 Ἰξίονι.
2721 1529 2916 1584 Πολλοὶ
2969 1529 3094 1585 κατ’
3121 1530 3260 1599 ἐμοῦ
3307 1529 3529 1601 δαψιλὲς
3573 1532 3635 1584 τὸ

2050 1623 2207 1690 μῖσος
2263 1621 2565 1692 ἐθρέψαντο
2591 1635 2606 1652 ·
2658 1621 2875 1684 πολλοῖς
2929 1621 3342 1698 ὲνειργασάμην
3404 1623 3633 1693 πικρίαν

2048 1715 2291 1784 ἄκρατον
2312 1727 2330 1746 ο
2358 1712 2459 1766 ούκ
2490 1711 2694 1781 ὀλίγοις
2726 1711 2993 1782 ἐπετέθην
3027 1712 3197 1783 βαρύς
3221 1728 3236 1744 ο
3275 1713 3489 1778 οὐδενὸς
3523 1713 3633 1766 τῶν

2049 1803 2316 1859 ἁπάντων
2357 1802 2689 1873 ἐλογιζόμην
2731 1797 2874 1860 εἶναι
2902 1802 3174 1874 δεύτερος.
3203 1804 3268 1859 OE
3300 1805 3494 1872 γένους
3529 1804 3632 1857 αὑ-

2048 1895 2274 1966 χοῦντες
2326 1893 2692 1965 λαμπρότητα
2744 1893 3019 1964 μισθωτοῦ
3059 1895 3220 1964 δίκην
3252 1894 3635 1960 ἐξουθενοῦντό

2049 2000 2185 2056 μοι·
2243 1985 2536 2051 ἀπηξίουν,
2588 1985 2821 2053 ἐντίμως
2878 1987 2991 2048 τοῖς
3038 1987 3097 2038 ὲν
3155 1986 3336 2052 ἀξιαις
3389 1988 3633 2057 προσφέ-

2046 2075 2262 2146 ρεσθαι.
2303 2075 2502 2143 Λογίου
2551 2073 2608 2128 δὲ
2657 2073 2897 2130 ἀκοῦσαι
2931 2077 3280 2146 φωνήματος,
3318 2078 3456 2134 άλλά
3479 2079 3630 2134 τοῦθ’

2045 2169 2233 2238 ὅμοιον
2259 2165 2389 2239 παρ’
2412 2166 2559 2236 ἐμοὶ,
2585 2166 2718 2219 ώσεὶ
2739 2167 2829 2219 καὶ
2859 2167 3027 2222 ἵππου
3057 2170 3447 2239 χρεμετισμός.
3468 2172 3632 2242 Στερ..

2046 2259 2204 2313 κτέον
2233 2257 2350 2322 οὖν,
2381 2259 2430 2310 εί
2463 2258 2542 2328 μὴ
2571 2258 2631 2312 τὸ
2672 2258 2889 2328 ἱμάτιον
2929 2259 3345 2331 ἀποδυσάμενος
3372 2262 3627 2333 ἕκαστος,

2043 2349 2316 2421 εὐσταλὴς
2346 2347 2524 2413 ἔσται,
2547 2349 2729 2412 λίθους
2784 2352 3080 2424 ἐπαφιέναι
3139 2369 3251 2423 μοι,
3285 2354 3382 2408 καὶ
3419 2355 3629 2425 χιτῶνα

2043 2441 2235 2497 τοῦτον
2266 2441 2314 2512 (6
2347 2442 2411 2513 δὴ
2436 2443 2682 2511 λέγεται)
2715 2443 2998 2500 ὲνδύσουσί
3039 2462 3108 2514 με
3140 2445 3375 2500 λίθινονο
3413 2448 3509 2520 καὶ
3537 2466 3626 2503 νο·

2046 2535 2288 2607 μιστέον,
2315 2537 2394 2602 είς
2421 2535 2625 2604 ἀγαθόν
2660 2554 2750 2606 μοι
2782 2536 2852 2590 τὰ
2879 2537 3122 2605 παρόντα
3153 2540 3433 2608 γενέσθαι.
3472 2541 3629 2612 Οῖχε,

2044 2645 2135 2682 ται
2181 2627 2251 2681 τὰ
2295 2626 2530 2698 λαμπρά
2560 2628 2892 2698 στρώματαο
2935 2630 3032 2684 καὶ
3075 2629 3275 2694 καλῶς.
3327 2631 3553 2701 Οῖχεται
3597 2635 3628 2686 6

2047 2719 2375 2790 ἰματισμός·
2418 2719 2494 2783 ώς
2556 2718 2616 2774 αὖ
2664 2737 2752 2789 γε.
2807 2720 2966 2776 Οὕτω
2997 2719 3106 2790 γάρ
3141 2721 3357 2790 κούφως
3385 2721 3626 2793 δραμοῦυ

2039 2827 2168 2881 μαι,
2202 2812 2298 2865 καὶ
2329 2810 2510 2866 λαθὼν
2548 2811 2911 2883 διαφεύξομαι
2954 2813 2987 2884 ἢ
3019 2813 3228 2882 οἶκαδε,
3258 2814 3292 2888 ἦ
3324 2812 3443 2870 ἀλλ’
3463 2815 3543 2878 εἰς
3567 2813 3627 2868 τὸ

2045 2904 2344 2977 βάραθρον.

2143 3017 2148 3022 ·
2779 2994 2882 3052 16'.

360 3066 694 3163 πτησόμενος
732 3069 798 3122 Τί
834 3087 925 3163 μοι
961 3073 1059 3163 τὴν
1100 3073 1282 3144 θλίψιν
1325 3077 1629 3145 ὲπαύξετε;
1677 3079 1810 3132 Τίνα
1848 3081 1935 3134 δο-
1965 3081 2008 3139 C
2113 3086 2180 3141 Τί
2206 3087 2309 3154 ὅτι,
2344 3086 2624 3156 ἀγιώτατέ
2654 3105 2755 3159 μου
2794 3090 3050 3152 δέσποτα,
3089 3090 3166 3160 τῷ
3197 3090 3453 3163 μύρμηκι
3479 3092 3625 3146 λέον,-

360 3158 508 3210 κεῖτε
546 3156 769 3228 βλέπειν
788 3175 806 3227 ;
842 3161 912 3214 Ἢ
946 3161 1020 3224 ὡς
1051 3163 1150 3216 ἐπὶ
1177 3163 1308 3219 θέαν
1342 3167 1528 3237 ἥκετε,
1555 3168 1937 3240 δραμούμενον

360 3250 644 3319 γυμνικῶς
677 3252 1000 3322 θεασόμενοι
1019 3269 1038 3322 ;
1071 3255 1394 3326 ’Ἄνθρωπος
1423 3258 1534 3327 ἐγὼ
1577 3261 1704 3332 χθὲς
1743 3264 1844 3331 μὲν
1879 3250 1937 3319 ὲν

359 3345 548 3412 τιμαῖς
578 3344 940 3412 περίϐλεπτος
965 3361 978 3376 ·
1007 3347 1063 3400 αί
1093 3347 1151 3402 δὲ
1177 3342 1319 3420 ἦσαν
1345 3351 1408 3404 οὐ
1433 3354 1618 3422 φύσει.
1657 3353 1800 3408 Ἀλλ’
1825 3353 1936 3424 ἐγὼ

355 3434 693 3513 ἡιπατώμην.
731 3437 839 3491 Καὶ
873 3437 1052 3491 τοίνυν
1109 3440 1165 3494 αἱ
1209 3443 1310 3512 μὲν
1357 3439 1472 3497 οἷον
1527 3444 1935 3516 πτερυξάμεναι

357 3525 618 3593 οἴχονται,
679 3526 840 3590 αὐτὸς
889 3526 946 3581 δὲ
998 3529 1594 3602 παραδειγματίζομαι.
1636 3529 1706 3588 Ὦ
1748 3537 1798 3588 οἱ
1843 3537 1934 3590 τὸν

361 3618 658 3687 ἱματισμὸν
702 3619 792 3672 τὸν
833 3618 1117 3690 ἀλλότριον
1149 3624 1532 3694 μερισάμενοι,
1569 3625 1762 3680 σποδὸν
1812 3627 1935 3680 ἀντὶ

357 3708 525 3777 ἄρτου
553 3707 780 3777 φάγοιτε
806 3725 822 3742 ο
853 3710 1018 3777 χολῆς
1063 3710 1348 3778 γεύσοισθε
1373 3728 1389 3743 ⁸
1423 3715 1618 3782 πικρία
1657 3717 1727 3770 τὰ
1777 3717 1934 3788 βρώέ-

361 3816 506 3869 ματα
535 3799 611 3867 τῷ
643 3799 798 3868 ὑμῶν
826 3802 912 3869 εἴη
946 3799 1205 3869 λάρυγγι.
1242 3803 1307 3855 Τί
1338 3805 1445 3874 γὰρ
1475 3807 1599 3876 ἐμοὶ
1632 3808 1726 3861 καὶ
1757 3810 1932 3880 ήμῖνς

361 3891 573 3960 Πτωχοί
601 3891 722 3952 ἐστε
748 3905 762 3920 ο
798 3889 1044 3944 σκελετοὶ
1067 3892 1308 3960 γένεσθε.
1345 3896 1660 3966 Λιμώττετε
1679 3915 1695 3934 ο
1732 3900 1808 3971 μὴ
1839 3901 1933 3954 κό-

359 4001 453 4054 ρος
480 3983 610 4050 ὑμῖν
643 3999 774 4036 ποτε
806 3981 1016 4051 γένοιτο
1047 3983 1324 4054 βρώσεως.
1350 3987 1781 4057 Γυμνητεύοιτε·
1819 3991 1933 4064 πῦρ

358 4078 391 4143 ἢ
418 4074 652 4143 παγετὸν
677 4073 1008 4130 ἐνδύσοισθε.
1048 4076 1136 4130 Ἐν
1162 4077 1377 4149 φυλακῇ
1403 4079 1527 4132 ὲστε
1547 4096 1563 4113 ο
1589 4081 1931 4154 βυθισθείητε

358 4170 454 4222 καὶ
509 4171 588 4233 εἰς
633 4168 915 4240 τέταρτον.
950 4169 1041 4240 Μὴ
1085 4171 1192 4241 γὰρ
1235 4171 1302 4226 ἂν
1344 4171 1470 4241 ἐμοὶ
1513 4174 1756 4243 ἀρέσκοι,
1788 4177 1933 4245 ὑμᾶς

356 4257 788 4328 ἐπισκέψασθαι.
825 4257 988 4327 ’Υμῖν
1030 4258 1504 4330 ὲγλισχρευόμην·
1541 4261 1670 4330 ὑμῖν
1699 4261 1933 4332 ἐθησαύ-

360 4350 507 4419 ριςον
531 4365 544 4379 ’
578 4349 707 4418 ὑμῖν
735 4347 1121 4418 ὲμισθάρνουν.
1150 4347 1301 4419 Μηδὲ
1334 4348 1445 4419 ἐγὼ
1470 4349 1614 4418 ὑμᾶς
1641 4351 1928 4421 ἐγέννησα.

357 4442 607 4512 Οίχεσθε,
643 4439 714 4494 τὰ
742 4439 853 4510 ἐμά
882 4441 1361 4504 κατασπάσαντες.
1397 4436 1528 4496 Εἶτα
1557 4444 1584 4496 6
1613 4442 1926 4514 κατάρατος
1959 4423 2003 4478 D

361 4536 621 4605 βαλανεὺς
655 4537 750 4589 καὶ
779 4535 841 4588 τὸ
875 4533 1018 4602 ἐμὸν.
1039 4532 1219 4605 λοῦμα
1259 4533 1674 4608 ψηφηφορήσει,
1710 4535 1803 4589 καὶ
1831 4553 1931 4589 κα-

357 4623 663 4694 λαμήσεταί
721 4641 788 4693 με
835 4621 1062 4686 ὀϐολοὺς
1116 4625 1530 4694 προσαπαιτῶν.
1585 4623 1780 4691 Ἄλλος
1838 4642 1929 4696 μοι

357 4715 513 4768 ’τιῦτο
575 4715 826 4778 θάνατος.
864 4714 1092 4784 Ὅμοιον
1133 4715 1264 4784 γὰρ,
1315 4715 1689 4771 ἀποϐαλέσθαι
1725 4715 1924 4788 ψυχὴν,

357 4807 455 4862 καὶ
502 4807 906 4863 καταϐαλέσθαι
941 4807 1214 4878 δραχμήν.
1255 4805 1397 4877 Ἐγὼ
1434 4807 1491 4861 δὲ
1540 4808 1930 4879 ἀνταπαιτήσω

355 4898 476 4968 μὲν,
515 4898 552 4953 ἃ
580 4899 631 4952 οἱ
658 4897 841 4962 κακῶς
873 4900 931 4952 ὲν
958 4899 1172 4970 φυλακῇ
1199 4899 1447 4969 ὀλόμενοι
1476 4899 1925 4971 κατεϐρόχθισαψ

352 4991 381 5043 ὀ
411 4991 466 5044 δέ
502 5007 606 5044 που
633 4991 728 5045 καὶ
761 4991 974 5061 πληγὰς
1010 4993 1152 5046 κατὰ
1186 4992 1356 5063 κόρης
1395 4991 1639 5062 ἐντρίψει
1674 5009 1786 5063 μοι.
1832 4992 1928 5046 Φι-

351 5083 533 5154 λητὶν,
561 5083 610 5134 εί
643 5082 718 5152 μὴ
754 5083 1186 5154 προσαπαιτοίη,
1217 5083 1312 5137 καῖ
1343 5079 1420 5138 ὧν
1448 5084 1663 5154 φθάσας
1697 5085 1924 5155 έστέρη-

331 5169 464 5228 ται.
493 5172 661 5236 Ὄλας
687 5173 776 5226 ἀεὶ
800 5173 1097 5242 δεξαμενὰς
1121 5172 1338 5245 θερμῶν
1364 5173 1573 5227 ὑδάτων
1594 5171 1924 5244 ἀπήντλουνο

351 5265 447 5318 καὶ
495 5267 523 5317 6
568 5266 669 5334 μὲν
709 5265 885 5336 ἐξῄτει
923 5265 1115 5335 μισθὸν
1144 5265 1237 5320 τοῦ
1267 5267 1558 5337 λούματος,
1588 5265 1698 5335 ἐγὼ
1743 5265 1800 5319 δὲ
1835 5264 1927 5319 καὶ

353 5357 583 5424 χάριτας
606 5355 912 5422 ὲποφείλειν
935 5375 1024 5427 μοι
1053 5358 1260 5428 ἤθελον.
1289 5359 1402 5412 Νῦν
1427 5358 1484 5411 δὲ
1515 5361 1682 5430 μέσος
1707 5359 1922 5429 ἔχομαι,

355 5444 450 5496 καὶ
480 5446 559 5506 εἰς
584 5445 817 5514 εὐθύνην
844 5434 1164 5516 πρόκειμαι.
1199 5447 1257 5501 ’0
1287 5447 1343 5499 δὲ
1372 5447 1684 5519 σκώμματα
1714 5448 1926 5519 ἐπαφή-

355 5551 437 5586 σει
473 5551 590 5605 μοι,
625 5535 902 5607 κωμῳδῶν
929 5538 1011 5600 εἰς
1040 5536 1100 5590 τὸ
1127 5536 1475 5611 φιλόλουτρον
1499 5555 1514 5573 ο
1555 5542 1651 5596 καί
1695 5559 1798 5596 που
1829 5544 1923 5598 καὶ

351 5630 430 5692 είς
464 5627 628 5681 ἵππον
662 5629 856 5682 στατὸν
884 5631 1212 5702 παραὸαλεῖ,
1239 5633 1469 5689 εἰωθότα
1497 5636 1730 5708 ποταμῷ
1764 5637 1919 5692 λούε-

353 5718 496 5774 σθαι.
544 5719 863 5792 Ὁμηρικὸς,
898 5723 1084 5794 φησὶν,
1124 5717 1278 5788 οὗτος
1319 5722 1504 5796 ἵππος,
1536 5730 1684 5794 ὅστις
1735 5731 1863 5786 ποτὲ
1893 5735 1921 5786 ό

2038 3197 2130 3244 τος
2156 3180 2566 3250 προσπλάττεις
2597 3181 2809 3252 ἀλκήν;
2840 3182 2870 3252 ἢ
2902 3182 2980 3252 τῷ
3024 3183 3272 3252 σκώληκι
3318 3183 3624 3255 ταχύτητος

2035 3274 2281 3345 ἀρετήν;
2313 3273 2533 3342 Μᾶλλον
2565 3274 2668 3342 μὲν
2692 3271 2810 3339 οὖν,
2841 3273 2986 3329 ἰνατί
3010 3275 3101 3328 τὸν
3125 3275 3385 3346 σκώληκα
3408 3277 3623 3339 τάττεις

2035 3365 2116 3427 είς
2142 3364 2454 3434 ἄνθρωπον,
2493 3365 2587 3419 καὶ
2616 3365 2676 3419 τὸ
2711 3365 2881 3435 μηδὲν
2910 3367 2992 3429 εἰς
3024 3368 3140 3421 ῐσον
3169 3367 3322 3436 άγεις
3351 3366 3430 3437 τῷ
3461 3366 3618 3432 ὀντι;

2034 3457 2138 3528 ἤδη
2164 3455 2224 3510 δὲ
2257 3456 2353 3510 καὶ
2380 3458 2586 3527 τιμίοις
2619 3456 3053 3526 έγκατατάττεις
3084 3458 3176 3514 τὸν
3205 3459 3419 3523 οὐδενὸς
3452 3459 3618 3530 λόγου

2033 3550 2391 3617 τιμώμενον;
2455 3547 2647 3618 λογίζῃ
2697 3549 2800 3601 ,καὶ
2860 3549 3008 3618 ἡμᾶς
3075 3549 3216 3618 μετὰ
3270 3549 3620 3622 ἀνθρώπωνς

2033 3637 2292 3708 ἀριθμεῖς
2341 3636 2482 3707 μετὰ
2522 3638 2632 3691 τῶν
2693 3637 2860 3701 ἀξίων
2897 3638 3058 3706 λόγου
3107 3640 3292 3707 τινός;
3323 3640 3530 3706 ἀγαθόν
3564 3657 3618 3696 τι

2035 3730 2286 3799 (pthan
2323 3731 2453 3798 περὶ
2483 3727 2646 3798 ἡμῶν
2670 3745 2686 3796 ;
2717 3729 2810 3800 Μὴ
2840 3728 2906 3782 σύ
2934 3745 3024 3796 γε,
3059 3728 3334 3797 ἀγιώτατε
3360 3730 3616 3784 δέσποτα·

2033 3822 2153 3876 ἀλλ’
2183 3823 2346 3892 εῦχου
2379 3824 2543 3891 μόνον
2579 3821 2720 3892 ὑπὲρ
2747 3821 2926 3890 ἡμῶν.
2965 3821 3143 3891 Ἥμᾶς
3171 3821 3252 3886 δὲ,
3285 3814 3389 3875 οἷοί
3425 3822 3615 3891 ἐσμεν,

2033 3906 2142 3965 οἵδε
2173 3911 2274 3982 μὲν
2308 3912 2336 3964 6
2365 3910 2497 3972 Θεός
2521 3925 2534 3939 ·
2579 3904 2686 3962 οἵδε
2717 3909 2776 3964 δὲ
2809 3910 2903 3963 καὶ
2948 3911 2976 3964 6
3005 3909 3136 3980 παρ’
3168 3911 3299 3980 ἡμῖν
3336 3909 3548 3982 κριτὴς,
3580 3914 3613 3984 ὴ

2037 4004 2366 4071 συνείδησις.
2419 4002 2493 4056 Οὐ
2543 4001 2882 4071 λανθάνομεν
2930 4000 2986 4056 δὲ
3038 4001 3160 4056 οὐδὲ
3203 4002 3331 4064 τοὺς
3363 4003 3615 4072 ἀκριϐεῖς

2034 4093 2344 4160 ἐξεταστάς·
2377 4092 2485 4150 τῶν
2525 4091 2657 4146 καθ’
2682 4091 2854 4163 ἡμᾶς.
2884 4122 2955 4133 -
2979 4092 3126 4148 Ὅσα
3162 4092 3220 4148 δὲ
3251 4093 3618 4164 ἐψυχαγώγη-

2035 4184 2162 4256 θην,
2183 4183 2530 4256 τὴνιγραφῆν
2557 4184 2852 4256 δεξάμενος
2872 4187 2970 4256 τῆς
3001 4185 3102 4256 σῆς
3128 4186 3443 4255 ἁγιότητος,
3472 4181 3619 4240 οἶδεν

2032 4281 2072 4337 6
2093 4278 2274 4332 πάντα
2299 4262 2456 4343 εἰδώς
2484 4260 2968 4350 Θεός.”Αντικρυς
3003 4281 3113 4348 γὰρ
3149 4279 3286 4350 αὐτῇ
3325 4280 3482 4346 ἔδοξα
3527 4282 3614 4335 ὲν-

2032 4369 2216 4436 τυχεῖν
2280 4369 2348 4439 τῇ
2407 4368 2686 4442 ἁγιωσύνῃ
2738 4386 2856 4434 σου,
2905 4370 3137 4440 καὶτῆς
3167 4371 3431 4438 γλυκείας
3478 4372 3621 4430 ἀπο-

2017 4457 2221 4515 Δλαύειν
2250 4459 2379 4522 θέας
2411 4476 2468 4512 τε
2517 4461 2612 4514 καὶ
2662 4460 2850 4531 φωνῆς
2869 4475 2885 4493 ·
2915 4455 2984 4534 ἦς
3013 4461 3284 4533 ἐπιϐραχὺ
3336 4462 3614 4528 καταξιω-

2032 4550 2170 4618 θεὶς,
2203 4551 2554 4622 ἀνάγραπτον
2607 4553 2780 4621 αὐτὴν
2831 4553 2988 4606 ἐσαεὶ
3026 4554 3178 4624 φέρω
3227 4557 3286 4609 έν
3323 4558 3387 4625 τῇ
3438 4555 3612 4626 ψυχῇ.

2032 4641 2189 4695 Ποίει
2214 4638 2308 4696 οῦν
2337 4641 2698 4714 οὖτως,ἆγιε
2745 4643 3000 4712 δέσποτα,
3036 4648 3130 4702 καὶ
3162 4644 3480 4716 ψυχαγώγει
3521 4647 3613 4700 διὰ

2029 4734 2290 4804 γραφῶν·
2321 4734 2395 4798 ὡς
2430 4734 2497 4788 ἂν
2544 4735 2630 4805 εῐη
2684 4740 2779 4789 καὶ
2832 4738 2993 4790 τοῦτο
3040 4738 3177 4808 ἡμῖν
3219 4736 3280 4790 τὸ
3331 4737 3497 4790 καλὸν
3543 4741 3613 4792 ὲκ

2029 4823 2190 4890 Θεοῦ,
2223 4825 2313 4895 ὑφ’
2346 4824 2407 4878 οῦ
2445 4826 2618 4896 μυρία
2644 4827 3080 4900 εύεργετήμεθα.

2784 4920 2870 4973 K'.

2101 5003 2270 5064 Εἶπον
2301 5009 2367 5066 ἂν
2403 5009 2585 5064 ὀκνεῖν
2629 5009 2693 5065 τδ
2739 5011 2995 5081 γράφειν,
3031 5008 3338 5084 ήγιασμένε
3393 5025 3483 5079 μοι
3522 5008 3610 5062 δέ.

2032 5104 2230 5167 σπότα,
2259 5102 2309 5157 εἰ
2351 5103 2428 5175 μὴ
2472 5104 2573 5175 τὴν
2614 5103 2818 5172 πολλὴν
2849 5120 2944 5156 σου
2978 5104 3164 5172 φιλίαν
3190 5100 3337 5173 εἶχον
3373 5103 3606 5172 ἐποτρύ-
3685 5112 3690 5126 ¹

2030 5195 2232 5249 νουσάν
2263 5211 2354 5264 με,
2383 5195 2477 5249 καὶ
2508 5194 2645 5264 πρὸς
2691 5194 2790 5266 τὴν
2837 5194 3055 5266 γραφὴν
3088 5195 3460 5268 ὲρεθίζουσαν.
3495 5187 3606 5245 Ἦν

2027 5287 2074 5342 δ’
2104 5289 2169 5342 ἄν
2202 5305 2294 5358 μοι
2322 5287 2416 5342 τοῦ
2445 5288 2608 5342 ἤκνου
2637 5288 2929 5360 πρόφασις,
2960 5288 3041 5342 ὅτι
3087 5288 3162 5359 μὴ
3207 5287 3301 5340 τοῦ
3345 5285 3603 5356 τυχόντος

2028 5377 2122 5431 νῦν
2155 5380 2313 5447 λόγου
2341 5381 2494 5451 παρὰ
2521 5381 2618 5450 τῆς
2649 5381 2748 5452 σῆς
2780 5380 3092 5450 ἁγιωσύνης
3115 5379 3346 5452 ἠξίωται
3376 5378 3444 5432 τά
3477 5375 3601 5431 καθ’

2027 5471 2213 5540 ἡμᾶς·
2264 5472 2403 5542 ὅπερ
2453 5472 2502 5526 εἰ
2554 5468 2613 5527 εῦ
2665 5471 2802 5542 ἔχει,
2841 5471 2994 5541 παρά
3045 5487 3132 5524 σοι
3166 5469 3369 5524 κείσθω
3413 5470 3598 5540 κριτῇ.

2037 5562 2180 5616 Ἀλλ’
2206 5560 2325 5618 οῖδα
2369 5566 2427 5618 εν
2462 5567 2643 5626 κενοῖς
2676 5563 3081 5632 ὐπογογγύσας,
3118 5565 3212 5617 καὶ
3239 5562 3330 5616 τὸν
3356 5561 3600 5616 ἀναίτιον

1965 5693 1968 5698 .
2023 5652 2428 5722 αἰτιασάμενος.
2461 5653 2628 5707 Οὐδὲν
2660 5654 2871 5718 καινὸν,
2906 5655 3147 5709 δέσποτα
3187 5671 3314 5723 μου,
3357 5654 3597 5722 πεποίηο

2024 5761 2123 5807 κας
2179 5745 2214 5813 ἢ
2279 5747 2578 5811 πέπονθας.
2625 5747 2770 5818 Ἐγὼ
2816 5750 2926 5822 γὰρ
2975 5751 3158 5820 αὐτὸς,
3189 5753 3286 5807 ἐὰν
3322 5745 3597 5809 τοσούτοις
