4032 6214
490 273 626 341 1287

1890 272 2280 336 ADDENDA.

3621 275 3767 342 1288

488 392 683 463 ἐτυχον
736 394 1133 467 έναπειλῆφθαι
1185 396 1535 470 πράγμασιν,
1585 395 1759 451 όπόσα
1814 394 1917 469 τήν
1971 394 2072 466 σὴν
2098 385 2152 448 Δ
2174 392 2273 447 οὑκ
2303 392 2421 447 εστι
2445 390 2558 446 τῶν
2592 391 2721 463 περὶ
2750 388 2964 460 λόγους·
2989 388 3086 445 καὶ
3114 389 3170 444 τῖ
3215 388 3355 459 πρδς
3384 386 3540 457 κῦμα
3587 391 3771 443 πολλὰ

491 487 807 559 ἁγιωσύνην
840 492 1280 563 περιειλήφασιν,
1316 490 1655 562 ἐξελαθόμην
1681 490 1749 545 ἂν
1777 491 1871 545 καὶ
1903 488 2070 546 αὑτοῦ

492 575 592 633 τοῦ
621 579 906 649 ὀνόματος.
927 583 1141 636 οὐκοῦν
1170 584 1587 653 καινοπραγεῖς,
1623 581 1761 636 άλλὰ
1786 581 2074 652 συνεκτρέ-

494 683 608 739 χεις
639 673 706 739 τῇ
736 671 899 737 φύσει
928 672 1025 726 τοῦ
1049 674 1399 743 πράγματος.
1444 674 1688 742 Ὑγίαινε
1712 666 1839 727 οὖν·
1864 666 1923 726 εὖ
1947 670 2070 740 έχε·

498 756 625 823 μένε
677 758 883 823 άλυπος
907 775 922 791 ο
957 760 1016 814 εὖ
1050 780 1132 815 σοι
1165 762 1412 817 πιπτέτω
1456 763 1523 817 τά
1554 763 1665 816 τῶν
1703 762 2073 833 πραγμάτων.

509 847 673 917 Ἡμῖν
702 849 759 902 δὲ
788 854 974 921 ἀρκεῖ,
1006 855 1075 908 ἂν
1108 857 1169 910 ἐν
1194 857 1437 929 ζωπὺρφ
1476 858 1571 912 καὶ
1609 856 1757 927 μόνῳ
1787 855 2077 923 φυλαττοί-

502 941 641 1010 μεθα
672 945 824 1014 παρὰ
851 948 917 1016 τῇ
946 946 1048 1017 τῆς
1076 951 1174 1019 σῆς
1194 949 1376 1020 ψυχῆς
1404 949 1579 1020 ἑστίᾳ,
1605 949 1699 1002 καλ¹
1731 948 1891 1019 μόνον
1928 946 2078 1001 εστιν

494 1036 583 1088 ὅτε
614 1036 705 1089 διά
741 1039 963 1111 μνήμης
993 1041 1313 1113 φεροίμεθα.
1348 1072 1418 1085 -
1451 1043 1584 1113 Περὶ
1626 1041 1723 1097 τοῦ
1776 1040 1943 1096 καλοῦ
1982 1042 2075 1110 φί-

494 1125 612 1194 λου,
639 1129 735 1185 τοῦ
767 1130 1105 1199 λογιωτάτου
1129 1135 1325 1204 κυρίου
1351 1135 1651 1202 Γεωργὶου,
1686 1136 1771 1188 δτι
1809 1135 1908 1203 μὲν
1932 1135 2079 1189 δεινὰ

498 1223 779 1292 ἐνόσησεν,
816 1225 1021 1293 έμαθον
1043 1240 1058 1256 ·
1111 1230 1160 1279 εί
1195 1226 1251 1281 δέ
1297 1228 1394 1281 καὶ
1431 1226 1725 1298 ἀπηλλάγη
1753 1227 1847 1281 τοῦ
1878 1226 2075 1293 κακοῦ,

498 1315 705 1381 έμαθον
737 1317 916 1372 οὐδέν.
941 1319 1035 1372 Διὸ
1064 1320 1157 1372 καὶ
1181 1320 1528 1389 συμμερίτης
1554 1320 1749 1390 ἐκείνῳ
1778 1319 1873 1373 τοῦ
1898 1318 2078 1373 δεινοῦ

501 1407 723 1477 γίνομαι
756 1410 843 1462 διὰ
873 1410 1074 1481 λύπην,
1109 1412 1203 1463 καὶ
1236 1410 1413 1473 άλλως
1443 1412 1505 1465 οὑ
1536 1411 1679 1465 καλά
1712 1412 1940 1481 πάσχων
1970 1411 2077 1465 οὐδ’

499 1500 664 1562 αὐτὸς
697 1501 784 1553 διὰ
816 1500 972 1555 νόσον
1000 1503 1143 1572 ιμήν
1168 1503 1350 1574 δεινήν
1375 1521 1435 1557 τε
1464 1507 1558 1559 καὶ
1590 1504 1944 1575 πολυήμερον
1965 1522 1981 1537 ο
2011 1497 2080 1577 ἧς

503 1592 661 1661 μόλις
687 1595 998 1666 άνασφῆλαι
1028 1596 1348 1667 δεδύνημαι.

1228 1690 1361 1743 KA'.

2176 484 2439 556 λαλητίον
2481 485 2706 554 κωφόν;
2748 484 2781 556 ἢ
2818 481 3082 561 πολλάκις
3130 483 3407 552 ἐπεστάλη
3447 481 3636 552 αὐτῷ·
3669 483 3772 536 καὶ

2175 580 2230 631 τί
2249 578 2328 632 δεῖ
2349 578 2515 633 πάλιν
2544 580 2635 633 καὶ
2663 578 2828 633 πάλιν
2856 579 3090 648 γράφειν
3113 594 3129 645 ;
3152 577 3226 630 Ἥ
3246 575 3544 647 δεξάμενος
3564 576 3774 645 συχνάς

2176 670 2278 734 τάς
2301 670 2618 738 έπιστολὰς,
2660 670 2723 725 οὑ
2753 671 2853 742 τὴν
2895 674 3019 740 ῖσην
3060 670 3403 741 ἀντιγραφὴν
3436 671 3528 722 καὶ
3560 667 3725 731 αὑτός
3750 682 3770 699 ·

2176 766 2231 821 τί
2263 765 2395 836 γοῦν
2427 768 2508 821 δεῖ
2534 768 2767 838 κάμνειν
2792 767 2893 839 τήν
2921 768 3079 837 χεῖρα
3112 766 3418 834 γράφοντα,
3463 765 3560 818 καὶ
3590 779 3776 832 προσ-

2177 854 2360 913 λαλεῖν
2388 860 2481 914 τδν
2518 861 2655 931 μηδὲ
2705 858 2812 930 γρῦ
2850 858 3388 929 άντιφθεγγόμενονς
3441 855 3775 927 Προσάγαγε

2178 953 2293 1014 τοῖς
2330 951 2457 1006 καθ’
2481 953 2629 1023 ήμάς
2658 953 2759 1024 τὴν
2787 952 3077 1023 διαίρεσιν.
3110 949 3199 1021 Μὴ
3232 947 3499 1019 ἔγραψας,
3530 950 3635 1002 οὐκ
3675 948 3779 1001 ἁνε-

2180 1045 2539 1117 τεγράψαμεν
2570 1048 2664 1115 δέ;
2706 1048 2777 1100 Ἣ
2834 1045 2965 1117 φῂς,
3015 1044 3094 1110 ὡς
3148 1043 3273 1097 οὔτε
3316 1042 3585 1112 ἔγραψας,
3642 1040 3776 1093 οὔτε

2181 1136 2430 1208 ῐγραψας
2476 1139 2589 1192 Καὶ
2642 1138 2839 1211 ψεύδῃ.
2886 1135 3088 1206 τρίτον
3132 1136 3244 1207 γὰρ
3300 1134 3573 1207 ἡμέτερον
3612 1133 3778 1186 τοῦτο

2180 1230 2420 1301 γράμμα
2447 1231 2583 1301 πρὸς
2608 1232 2690 1287 σέ.
2736 1231 3087 1293 Ἑπίστειλας
3121 1229 3401 1300 συχνάκις,
3447 1229 3545 1281 καὶ
3584 1228 3777 1293 λέγειν

2183 1325 2445 1394 ναρκείςς
2480 1325 2591 1377 Καὶ
2622 1324 2739 1388 πῶς
2777 1322 2805 1375 ό
2856 1323 2993 1394 μηδὲ
3024 1325 3084 1379 τὸ
3120 1326 3222 1393 τῆς
3271 1318 3473 1390 Ἠχοῦς
3530 1319 3780 1389 μιμησά·

2187 1432 2346 1485 μενος
2364 1416 2775 1488 ὑστερόφωνον;
2810 1416 2957 1471 Ἀλλ’
2982 1416 3043 1469 οὑ
3069 1416 3179 1469 τῶν
3204 1417 3331 1485 περ)⁵
3352 1415 3547 1480 λόγους
3563 1413 3734 1481 ἡμεῖς
3755 1426 3774 1475 ς

2196 1508 2338 1561 Ἀλλ’
2369 1505 2415 1563 ὦ
2446 1510 2621 1575 λόγοι,
2653 1511 2749 1561 καὶ
2784 1509 3004 1577 μοῦσαι,
3034 1509 3130 1563 καὶ
3160 1508 3365 1580 χρόνοι,
3397 1506 3493 1560 καί⁵
3520 1504 3773 1575 ἱδρῶτες·

2186 1605 2283 1658 καὶ
2314 1604 2407 1658 ἐπὶ
2456 1604 2644 1666 πᾶσιν,
2688 1593 2735 1654 ὦ
2779 1601 3114 1665 διδάσκαλοι,
3164 1600 3417 1669 σύμφατε
3465 1597 3543 1666 τῷ
3589 1595 3778 1665 κυρίῳ

2187 1692 2446 1765 Γεωργίῳ
2477 1694 2570 1747 καὶ
2602 1695 2785 1764 ὑμεῖς.
2825 1693 2922 1746 Ἐν
2954 1693 3035 1746 ἔτι
3066 1693 3175 1744 τῶν
3204 1689 3471 1744 δισκελῶν
3496 1688 3598 1757 τῆς
3626 1688 3773 1742 διαι-

570 1780 722 1834 Δοκῶ
775 1798 866 1853 μοι
913 1780 1133 1851 βλέπειν
1172 1781 1272 1852 τὴν
1302 1781 1619 1852 ἁγιωσύνην
1656 1764 1778 1847 σου,
1803 1780 1930 1851 ἁγιέ
1971 1798 2076 1853 μου
2114 1766 2154 1821 Β
2186 1764 2389 1859 ρέσεως
2420 1786 2691 1841 λείπεται.
2736 1785 3029 1854 Φιλοῦμεν,
3074 1784 3168 1838 καὶ
3190 1784 3250 1837 οὑ
3281 1781 3610 1851 φιλούμεθα.
3656 1781 3776 1831 Ἕν-

502 1875 756 1939 δέσποτα,
788 1874 924 1945 μηδέ
966 1874 1153 1927 λαϐεῖν
1195 1874 1287 1927 ἐπὶ
1321 1876 1480 1944 χεῖρα
1510 1873 1775 1927 θέλουσαν
1811 1872 1911 1945 τήν
1944 1875 2081 1945 ἐμὴν

501 1966 709 2037 ταύτην
737 1965 956 2038 γραφὴν
981 1966 1057 2030 ώς
1098 1966 1391 2035 όψίσασαν,
1420 1966 1516 2020 καὶ
1560 1966 1696 2035 μετὰ
1725 1966 1895 2020 πολὺν
1938 1964 2082 2020 οὕτω

502 2059 697 2130 καιρδν
728 2062 1029 2129 γενομένην
1060 2060 1211 2130 παρά
1262 2061 1330 2130 τῇ
1390 2060 1456 2129 οῇ
1520 2058 1790 2130 ἁγιότητι.
1838 2058 1947 2113 Καί
1976 2075 2082 2113 που

502 2152 597 2205 καὶ
631 2152 854 2221 γραφὴν
898 2151 994 2205 τοῦ
1029 2151 1332 2222 ἁμνηστεῖν
1384 2150 1568 2219 φιλίας
1603 2150 1889 2224 ὲπιγράφῃ
1915 2152 2081 2223 ήμῖν·

499 2245 595 2299 καὶ
624 2242 769 2298 οὕτω
797 2242 1171 2313 διατιθέμενος
1201 2242 1370 2313 ἔχεις,
1402 2242 1478 2307 ώς
1513 2241 1663 2306 εῖκδς
1695 2241 1787 2296 τδν
1824 2243 1919 2297 ἐπὶ
1948 2242 2082 2296 πολὺ

501 2338 643 2407 πρός
672 2354 766 2392 του
795 2334 908 2391 τῶν
930 2336 1104 2404 φίλων
1135 2334 1569 2408 ἀπροσφώνητον
1602 2335 1883 2406 μείναντα.
1923 2334 2086 2389 Ἀλλὰ

506 2432 607 2501 μὴ,
638 2428 764 2498 ἁγιί
823 2446 926 2500 μου
976 2427 1254 2483 δίσποτα·
1303 2428 1555 2500 συνήθως
1608 2428 1666 2482 δέ
1713 2426 2085 2498 ἁμνησικάκει

504 2523 601 2577 καὶ
654 2522 751 2575 νῦν
802 2522 934 2592 ἡμῖν
958 2537 973 2553 ·
1024 2521 1122 2575 καὶ
1183 2519 1369 2590 μαθὼν
1411 2520 1512 2592 τὴν
1550 2518 1753 2587 αίτίαν,
1788 2520 1865 2589 μὴ
1905 2518 1990 2571 δτι
2018 2532 2083 2585 γε

504 2616 676 2687 ἁχθου
736 2612 863 2668 καθ’
913 2612 1098 2683 ήμῶν,
1154 2611 1293 2667 ἁλλὰ
1351 2613 1446 2666 καὶ
1496 2611 1902 2683 σκυθρώπασον
1945 2609 2087 2681 ὑπέρ

507 2710 693 2779 ήμῶν,
730 2709 824 2762 καὶ
875 2701 1026 2772 εὖξαι
1061 2705 1148 2760 διὰ
1190 2704 1282 2759 τδν
1325 2704 1479 2761 Θεόν.
1520 2704 1742 2766 Ἰούλιος
1785 2703 1892 2774 μὴν
1926 2701 2088 2759 κατέ-

506 2799 689 2853 κλινεν
722 2798 871 2868 ήμάς
895 2812 909 2829 ·
946 2797 1041 2851 καὶ
1068 2795 1226 2849 οὔπω
1254 2796 1416 2867 μέχρι
1449 2796 1547 2849 καὶ
1582 2794 1825 2866 σήμερον
1857 2793 1995 2863 (εστι
2025 2792 2087 2848 εδ

507 2890 655 2960 ἁρχὴ
697 2889 793 2943 τοῦ
830 2886 1156 2957 όκτιοσρίου)
1182 2885 1430 2956 καθαρὰν
1458 2884 1648 2953 ὑγείαν
1676 2884 1913 2954 εἴδομεν.
1930 2882 2088 2947 Τίνος

505 2983 600 3038 οὑν
621 2983 746 3047 οίει,
780 2982 1051 3049 ἁγιώτατε
1091 2979 1358 3043 δέσποτα,
1394 2978 1544 3048 ἡμᾶς
1592 2978 1652 3033 ἐν
1696 2975 1935 3046 τοσούτῳ
1962 2976 2087 3031 ἐπι-

509 3074 838 3146 στρέφεσθαι
860 3072 970 3127 τῶν
1001 3072 1057 3126 ἐν
1093 3071 1194 3144 βίῳ
1217 3068 1508 3143 πράξεωνς
1541 3066 1619 3124 Ἦ
1649 3068 1841 3123 τούτου
1866 3067 2085 3130 πάντως

506 3169 603 3220 καὶ
636 3166 799 3235 μόνου
836 3162 955 3229 τοῦ,
988 3164 1104 3227 πῶς
1124 3164 1190 3219 ἂν
1224 3164 1648 3232 ἁνασφήλωμεν,
1682 3160 1776 3215 καὶ
1798 3159 1960 3231 ήμῶν
1992 3160 2087 3213 αὑ-

509 3260 620 3314 τῶν
666 3260 954 3329 γενώμεθα
981 3275 999 3292 ·
1052 3258 1081 3311 δ
1136 3261 1233 3313 καὶ
1262 3258 1473 3325 γίνεται
1522 3256 1613 3311 διὰ
1644 3254 1753 3308 τῶν
1777 3254 1887 3307 σῶν
1915 3252 2089 3321 ἁγίων

510 3352 709 3422 εὐχῶν.
750 3353 851 3403 Διὰ
897 3349 1070 3403 ταῦτα
1117 3346 1482 3419 ἐμεμνήμεθα
1519 3345 1619 3415 μιν
1651 3344 1805 3397 ἐσαεὶ
1850 3344 1950 3412 τῆς
1990 3345 2089 3412 σῆς

513 3444 822 3513 ἁγιότητος,
855 3444 951 3495 καὶ
979 3442 1079 3510 τήν
1102 3440 1211 3495 τῶν
1237 3440 1345 3493 σῶν
1371 3439 1543 3507 ἁγίων
1571 3436 1746 3507 εὐχῶν
1771 3434 2090 3506 ἐπικουρίαν

506 3533 907 3606 άνεζητοῦμεν,
940 3533 1015 3598 ώς
1046 3534 1141 3587 καὶ
1172 3532 1201 3585 ό
1225 3530 1390 3595 καλδς
1418 3525 1531 3585 οἶδε
1562 3528 1923 3600 Δομέστικος·
1954 3527 2093 3595 γρά-

513 3646 637 3700 φειν
667 3628 723 3681 δέ
754 3628 854 3681 οὐκ
880 3626 1125 3697 εἴχομεν,
1158 3625 1242 3679 δτι
1297 3623 1431 3694 μηδὲ
1484 3621 1586 3695 ζῇν
1636 3621 1915 3693 καθαρῶς.
1958 3622 2095 3674 Συν-

513 3722 720 3790 έγνως,
794 3714 933 3786 οἶδα,
999 3718 1162 3790 ἡμῖν,
1226 3716 1353 3785 ἁγιε
1419 3716 1687 3770 δέσποτα·
1762 3712 2091 3785 ῖλαρὺνθης·

513 3814 719 3869 ἀπέθου
748 3814 845 3883 τήν
872 3811 994 3866 καθ’
1027 3812 1183 3883 ήμῶν
1214 3808 1678 3880 σκυθρωπότητα·
1704 3808 1802 3861 καὶ
1840 3806 1967 3871 δόξα
2014 3804 2094 3874 τῷ

513 3906 653 3975 Θεῷ.
685 3903 858 3975 Εὖχου
903 3904 1083 3957 τοίνυν
1133 3903 1204 3956 τὰ
1257 3900 1396 3971 ὑπὶρ
1439 3899 1621 3970 ήμῶν,
1662 3899 1759 3953 καὶ
1800 3898 2094 3969 γενήσεται

514 4000 648 4070 ήμῖν
700 3993 759 4052 εὖ
811 3996 901 4051 διὰ
946 3996 1044 4065 τῆς
1076 3995 1173 4066 σῆς
1207 3993 1503 4049 θεοκλύτου
1540 3991 1729 4064 εὐχῆς,
1762 3991 1915 4061 λιτῆς
1943 4006 2094 4058 γενο-

522 4093 690 4162 μένης
720 4092 806 4145 διὰ
838 4090 1145 4160 παρουσίας
1170 4088 1271 4158 τῆς
1297 4086 1539 4158 μεγάλης
1573 4084 1884 4154 ἁγιωσύνης
1907 4080 2096 4147 αὑτοῦ,

516 4185 605 4237 οἵα
638 4185 893 4237 οὐδέποτε
922 4182 1166 4251 γέγονεν.
1225 4182 1283 4234 '0
1310 4182 1515 4251 κόσμος
1543 4197 1602 4232 τε
1633 4180 1743 4249 γὰρ
1772 4175 1871 4241 (ώς
1900 4174 2097 4245 εἰπεῖν)

518 4274 639 4336 ὅλος
666 4273 864 4343 παρῆν,
897 4273 971 4335 ώς
995 4273 1090 4326 καὶ
1128 4270 1308 4326 πάντα
1338 4268 1797 4339 στενοχωρεῖσθαι
1824 4265 1901 4335 τῷ
1932 4265 2096 4336 ὄχλῳ,

519 4365 617 4419 καί
647 4381 795 4427 τινας
828 4365 923 4416 καὶ
959 4362 1203 4416 ἐκλιπεῖν
1244 4360 1323 4431 τῷ
1352 4360 1531 4430 πολλῷ
1564 4358 1656 4413 τοῦ
1684 4354 1952 4427 σφιγμοῢ.
1988 4356 2098 4409 Καὶ

2183 1878 2380 1935 τεῦθεν
2416 1879 2726 1951 γράφομεν,
2755 1880 2849 1931 καὶ
2882 1880 2909 1930 ὀ
2940 1875 3293 1948 ἀντιγράφων
3324 1874 3522 1937 οὐδείς.
3565 1872 3775 1927 Δαλοῦ-

2185 1989 2310 2043 μεν,
2346 1972 2440 2026 καὶ
2469 1973 2532 2026 οὑ
2577 1968 3073 2043 πφσφωνοῦμεθα.
3110 1967 3177 2022 Τί
3206 1965 3300 2020 οὖν
3327 1967 3489 2019 σκιάν
3526 1964 3765 2028 διώκεις,

2185 2065 2455 2120 Εὑστὰθιε
2481 2079 2497 2132 ;
2524 2064 2591 2118 Τί
2606 2065 2733 2127 τοὺς
2758 2066 2966 2136 χάρτας
2992 2064 3049 2117 ἐν
3074 2063 3252 2126 κενοῖς
3275 2060 3528 2124 ἁναλοῖςς
3560 2058 3768 2129 Σχὰσον

2182 2158 2245 2212 τὸ
2270 2160 2555 2230 γραφεῖον·
2595 2156 2672 2229 μή
2704 2154 3009 2227 στώμυλλε.
3059 2154 3178 2211 Κάν
3209 2170 3314 2208 που
3363 2151 3639 2224 γράφοντί
3661 2165 3770 2203 τινι

2185 2248 2439 2319 ἐντύχῃς,
2476 2247 2688 2300 ἐκείνου
2722 2248 2825 2316 τὴν
2858 2244 3150 2315 ἐπιστολήν
3179 2242 3402 2297 ἐπιδὺου
3432 2242 3531 2296 καὶ
3568 2239 3772 2303 αὑτός·

2185 2340 2282 2394 καὶ
2315 2337 2745 2410 προσαγορεύων
2778 2337 2939 2409 μόνον
2970 2335 3169 2407 άρκοῦ.
3203 2335 3271 2390 Τί
3300 2335 3411 2405 γάρ
3438 2335 3640 2397 ἁλλους
3676 2334 3777 2404 μὲν

2186 2431 2513 2497 λακωνίζειν
2553 2432 2682 2502 χρὴ,
2711 2431 2772 2485 σὲ
2798 2431 2857 2485 δέ
2890 2430 3137 2501 μακροὺς
3163 2428 3513 2483 κατατείνειν
3538 2427 3775 2497 λόγουςς

2188 2525 2301 2580 Καὶ
2337 2522 2572 2597 ἁρκτέον
2618 2522 2869 2578 ἐντεῦθεν
2894 2538 2909 2553 ·
2942 2522 3374 2593 προσαγορεύω
3405 2538 3488 2586 σε,
3537 2522 3778 2592 αὑθὲντη

2191 2634 2319 2690 μου.

2913 2707 3044 2763 KI".

2261 2801 2489 2870 Ὅμοιον
2521 2798 2632 2873 ἐρῶ
2684 2815 2769 2853 σοι
2814 2797 3119 2867 αίνίγματι.
3162 2795 3256 2850 Ἔν
3303 2795 3482 2866 ταυτῷ
3521 2796 3785 2866 ἥττημαε

2190 2896 2282 2951 καὶ
2316 2893 2602 2963 νενίκηκα·
2636 2889 2866 2945 κατόπιν
2896 2889 2973 2943 ῶν
3002 2888 3317 2960 ἔμπροσθεν
3344 2888 3559 2956 γέγονα.
3606 2888 3787 2941 Λὺσω

2191 3002 2273 3041 σοι
2318 2986 2379 3038 τὸ
2426 2984 2681 3052 αἴνιγμα.
2728 2982 3016 3051 Ἥττημαι
3070 2979 3167 3034 τοῦ
3218 2980 3411 3050 κυρίου
3458 2979 3785 3049 Δημητρίου

2108 3093 2155 3159 c
2188 3074 2481 3145 ἐπιστολῆς
2507 3072 2697 3128 κάλλει
2730 3089 2788 3126 τε
2837 3074 2932 3127 καὶ
2973 3072 3154 3141 τάχει.
3213 3070 3469 3140 Κατῆρξε
3507 3071 3619 3139 γάρ
3648 3072 3785 3141 γρά-

2189 3169 2319 3240 ψας,
2354 3169 2450 3224 καὶ
2496 3167 2714 3238 γράψας
2745 3165 2979 3234 ἔλαμψε.
3024 3162 3313 3233 Νενίκηκά
3345 3180 3404 3217 σε
3446 3162 3640 3216 κάλλει
3686 3163 3781 3229 μὲν

2190 3263 2409 3333 γραφῆς
2440 3259 2501 3313 οὐ
2538 3258 2642 3329 (μὴ
2678 3256 2823 3311 οὕτω
2868 3257 3118 3329 μανείην,
3159 3255 3292 3310 ὥσθ’
3332 3255 3479 3310 οὕτω
3515 3255 3780 3326 φρονεῖν),

2192 3357 2349 3425 τάχει
2377 3353 2457 3407 δέ.
2486 3350 2751 3422 Κατῆρξα
2782 3351 2913 3418 γάρ.
2951 3350 3198 3403 Κατόπιν
3248 3344 3415 3420 ἦλθον
3461 3349 3559 3403 τοῦ
3606 3348 3787 3421 γράμ-

2196 3457 2365 3511 ματος
2390 3438 2626 3492 ἐκείνου·
2660 3438 2850 3507 φθάνω
2884 3440 2944 3492 τὸ
2995 3437 3108 3492 σόν.
3159 3437 3305 3507 ὐρα
3350 3436 3511 3506 γοῦν,
3568 3440 3644 3508 μή
3702 3456 3787 3491 σοι.

2191 3529 2380 3602 δεήσοι
2414 3528 2767 3599 περιπλοκῶν
2792 3528 2873 3599 τῷ
2900 3528 3213 3598 γράμματι,
3252 3528 3302 3580 εί
3334 3526 3410 3597 μὴ
3442 3528 3588 3581 κατὰ
3619 3531 3787 3593 πόδας

2193 3626 2529 3697 ῑπιστείλῃς,
2556 3627 2651 3680 καὶ
2683 3625 2785 3680 κάν
2826 3624 2957 3693 γοῦν
2989 3624 3249 3694 δευτέρας
3274 3624 3438 3696 ἔλθῃς
3461 3643 3476 3657 ·
3512 3625 3593 3689 ὡς
3626 3628 3779 3695 ήμεῖς

2194 3735 2257 3787 γε
2288 3718 2382 3771 καὶ
2408 3717 2753 3786 πλατυτέραν
2781 3716 3045 3787 δευτέραν
3071 3716 3191 3786 μετ’
3218 3716 3278 3769 οὑ
3305 3716 3442 3770 πολῦ
3472 3718 3573 3770 καὶ
3593 3719 3781 3787 τρίτην

2197 3825 2279 3861 σοι
2307 3808 2603 3879 στελοῦμεν
2629 3809 2850 3880 γραφήν
2876 3822 2890 3838 ·
2926 3807 3002 3871 ὡς
3033 3806 3288 3860 ἐντεῦθεν
3332 3808 3587 3879 δεύτερόν
3636 3827 3699 3862 σε
3751 3811 3786 3882 ἢ

2194 3901 2379 3972 τρίτον
2411 3901 2746 3966 διεκπεσεῖν,
2774 3900 2802 3954 δ
2829 3902 2892 3955 σὺ
2926 3901 3002 3972 μὴ
3028 3902 3261 3974 ἀνάσχῃ.
3305 3901 3366 3955 Εἰ
3404 3900 3463 3953 δέ
3496 3901 3595 3972 μὴ,
3632 3904 3787 3973 τόπῳ

2197 3991 2586 4064 περιγραπτὴν
2614 3992 2724 4063 ὲρῶ
2756 3992 2856 4065 τὴν
2881 3992 3086 4062 φιλίαν·
3120 3994 3220 4048 καὶ
3256 3991 3520 4048 τοσοῦτον
3560 3994 3790 4063 σκώψας

2200 4104 2267 4139 πε
2278 4085 2576 4157 παύσομαι.

2926 4178 3054 4234 KA'.

2271 4273 2545 4327 Κάλλιστε
2594 4272 2690 4327 καὶ
2726 4274 3075 4328 πανσὲδαστέ
3125 4292 3229 4346 μου
3274 4276 3535 4346 αὑθέντη.
3582 4278 3788 4349 Ἦμᾶς,

2201 4365 2275 4429 ώς
2306 4366 2503 4431 ἔοικεν,
2534 4365 2635 4419 οὒκ
2664 4364 2811 4419 ἔστιν
2842 4364 3124 4441 ἐπιλιπεῖν
3156 4383 3287 4421 ποτε
3320 4369 3389 4422 τά
3428 4368 3695 4439 δυσχερῆ·
3722 4372 3793 4424 τά

516 4458 733 4527 δάκρυα
761 4456 903 4509 κατὰ
934 4455 1177 4523 ποταμὸν
1203 4453 1479 4525 ἐχύθηοαν
1502 4468 1517 4484 ·
1541 4451 1636 4506 καὶ
1661 4448 1885 4521 νηστεία
1907 4446 2103 4501 ὲπετά-
2134 4465 2177 4520 D
2209 4459 2309 4530 μὲν
2336 4457 2521 4520 αὐτοῖς
2547 4458 2680 4527 ἡμῖν
2728 4456 3113 4527 ἐπιγινόμενα,
3138 4457 3206 4510 τὰ
3252 4457 3310 4510 δδ
3363 4460 3458 4511 καὶ
3508 4462 3626 4523 τοῖς
3658 4462 3792 4517 ἀνα-

519 4549 625 4620 χθη
656 4566 718 4601 τε
745 4550 837 4601 καὶ
866 4546 1243 4616 κατεπράχθη,
1276 4545 1372 4599 καλ
1403 4544 1583 4597 πάντα
1612 4540 1848 4613 προέϐη,
1871 4540 1972 4592 ὅσα
2001 4539 2096 4592 καὶ

520 4645 610 4696 ἐπὶ
644 4638 953 4703 Νινευίταις
985 4640 1270 4711 ἱστόρηται
1289 4654 1305 4669 ·
1328 4638 1527 4692 ταυτὸν
1550 4636 1607 4691 δέ
1636 4636 1833 4701 εἰπεῖν,
1865 4627 1945 4699 οἷς
1982 4632 2094 4697 ἐξι-

516 4734 736 4789 λεοῦται
761 4733 915 4796 Θεός.

1240 4820 1287 4873 Κ
1297 4819 1371 4873 B'.

601 4917 698 4981 Ὠς
719 4916 789 4980 ἐξ
811 4916 981 4985 ἡμῶν
1001 4916 1108 4970 τὸν
1126 4914 1318 4969 δεῖνα·
1350 4913 1481 4968 εῖπὲ
1500 4912 1581 4979 τῷ
1602 4913 1772 4969 δεῖνι·
1798 4925 2100 4981 προσαγο-

514 5006 786 5075 ρευθήτω
832 5010 865 5061 ό
906 5007 1098 5062 δεῖνα.
1142 5006 1298 5061 Οὕτω
1337 5006 1644 5077 γράφουσιν
1688 5008 1737 5059 οί
1790 5004 2097 5076 γράφοντες

523 5099 707 5167 λόγον·
733 5096 875 5151 οὕτω
899 5100 1331 5167 μνημονεύουσιν
1355 5100 1403 5152 οῖ
1432 5098 1709 5167 φιλοῦντες
1732 5098 1905 5167 φίλον·
1923 5096 2100 5161 οὕτως

521 5190 580 5241 ὲν
612 5186 832 5260 γραφῆς
863 5190 1128 5259 παρέργῳ
1157 5189 1350 5242 τοῦτον
1378 5189 1620 5243 τιθέασιν
1667 5189 1700 5260 ἢ
1737 5190 1817 5252 είς
1849 5187 2095 5253 άντλίαν,

521 5282 556 5353 ἢ
588 5286 666 5345 είς
696 5281 924 5351 πρώραν
956 5280 1097 5334 κατὰ
1121 5280 1210 5333 τὸν
1240 5282 1297 5333 ὲν
1328 5284 1393 5352 τῇ
1434 5282 1709 5352 τραγῳδίᾳ
1741 5282 2098 5351 Φιλοκτήτην.

523 5373 647 5441 Μνη
657 5374 807 5427 στίον
827 5376 936 5441 γάρ
952 5375 1008 5426 ιν
1027 5370 1204 5444 καιρῷ
1228 5372 1361 5441 πρὸς
1380 5373 1471 5425 τὸν
1489 5372 1557 5425 τὰ
1583 5372 1771 5442 φιλικὰ
1791 5370 2104 5443 χωλεύοντά

527 5480 607 5519 σε.
643 5464 705 5516 Εἰ
729 5465 785 5518 δὲ
820 5466 913 5518 καὶ
954 5466 983 5517 ό
1014 5464 1553 5535 προσαγορευόμενος
1606 5462 1811 5535 Ἐρμοῦ
1847 5465 2104 5534 θεράπων

530 5556 736 5623 λογίου,
769 5556 931 5627 βαϐαὶ
959 5557 1057 5626 τῆς
1082 5556 1387 5627 ὑϐρεως.-
1413 5556 1572 5628 Φέρε,
1605 5555 1870 5625 διέλωμαί
1902 5573 1983 5609 σοι
2005 5560 2105 5626 τήν

541 5648 934 5715 προσηγορίαν.
973 5646 1035 5703 ’0
1080 5649 1622 5719 προσαγορευόμενος
1671 5646 1704 5715 ἢ
1756 5645 1817 5699 οὑ
1864 5647 2007 5701 πάνυ
2054 5665 2105 5701 τι

542 5738 799 5808 φιλεῖται,
827 5740 921 5793 καὶ
948 5740 1111 5810 ἁρκεί
1148 5740 1295 5810 αὐτῷ
1318 5740 1380 5792 τδ
1421 5738 1553 5809 γοῦν
1580 5738 1770 5808 μνείας
1801 5740 2014 5810 τυχεῖν·
2066 5741 2101 5812 ἢ

2198 4552 2468 4622 γράπτοις
2498 4551 2632 4619 ἡμῖν
2663 4550 2742 4613 είς
2781 4548 2986 4618 ψυχήν·
3017 4549 3104 4618 ἐφ’
3137 4543 3219 4613 οἷς
3248 4549 3344 4604 καὶ
3373 4550 3561 4615 αὐτοῖς
3588 4552 3668 4615 ὡς
3702 4554 3798 4605 ἐπὶ

2199 4641 2489 4713 ἡμετέροις
2536 4643 2731 4703 κακοῖς
2764 4640 3136 4708 διετιθέμεθα,
3192 4642 3288 4696 καὶ
3337 4642 3661 4714 λυπούμεθα
3715 4645 3798 4713 μὰ

2198 4732 2299 4803 τὴν
2318 4732 2565 4802 κεφαλήν
2596 4748 2713 4795 σου,
2737 4730 2806 4802 ἢν
2831 4731 2932 4785 οὐκ
2961 4731 3029 4785 ἂν
3052 4731 3257 4801 ὀμόσας
3283 4731 3601 4804 ψευσαίμην
3634 4737 3796 4790 ποτε.

2200 4822 2419 4895 Μικροῦ
2470 4824 2580 4877 δεῖν
2614 4825 2642 4877 ό
2696 4824 2909 4895 χάρτης
2944 4823 3201 4894 ἀπερρύη
3265 4842 3367 4894 μου
3428 4826 3538 4878 τῶν
3586 4827 3799 4895 χειρῶν

2206 4916 2420 4969 ἐπιόντι
2455 4932 2547 4985 μοι
2584 4917 2679 4970 καὶ
2707 4914 3097 4987 άναλεγομένῳ
3129 4917 3198 4969 τά
3235 4917 3293 4967 ἐν
3317 4915 3491 4987 αὐτῷ.
3524 4918 3635 4970 Καὶ
3667 4919 3799 4973 οὐαὶ

2201 5007 2278 5077 τῷ
2308 5007 2509 5077 φθόνῳ·
2547 5006 2611 5060 οὐ
2644 5010 2752 5076 γάρ
2782 5003 2849 5059 ἂν
2884 5005 3014 5059 ἁλλο
3050 5023 3104 5058 τι
3137 5005 3377 5060 τοιοῦτον
3424 5008 3792 5080 αἰτιάσωμαι.

2212 5102 2279 5155 Ἦ
2309 5101 2367 5155 δέ
2394 5099 2650 5154 αὑθεντία
2688 5116 2782 5152 σου
2810 5097 3203 5169 εὑχαριστείτω
3236 5098 3331 5151 ἐπὶ
3366 5100 3502 5152 πᾶσι
3531 5099 3610 5167 τῷ
3644 5100 3796 5168 Θεῷ,

2204 5194 2298 5247 καὶ
2332 5192 2494 5255 αὐτὸς
2526 5192 2744 5262 ποιήσει
2771 5220 2841 5229 -
2870 5189 2969 5258 ὀψὲ
3006 5189 3128 5259 μέν·
3155 5188 3271 5242 ἁλλ’
3299 5185 3394 5243 οὖν
3423 5191 3588 5260 ἡμεῖς
3621 5207 3804 5261 προσ-

2204 5284 2477 5355 κυνοῦμεν
2519 5282 2619 5354 τὴν
2664 5280 2955 5351 ἀντίληψιν
3008 5297 3139 5343 σου,
3196 5282 3532 5348 ὑγιαίνοντες
3587 5283 3802 5353 μόνον,

2204 5379 2406 5449 ὁμοίως
2438 5377 2532 5431 καὶ
2560 5376 2764 5439 πάντες
2797 5377 2846 5429 οί
2871 5373 2965 5427 τοῦ
2999 5373 3211 5427 κελλίου
3246 5391 3373 5445 μου.

2940 5458 3069 5518 κε’.
3403 5455 3410 5461 ’

2283 5560 2525 5628 Μεγάλε,
2584 5557 2988 5627 ἐπιφανέστατέ
3041 5573 3147 5627 μου
3205 5556 3464 5611 αὑθέντα.
3511 5556 3805 5628 Γλίσχρως

2213 5651 2321 5722 ἔχω
2350 5652 2419 5704 τὰ
2452 5652 2509 5716 ὲς
2539 5650 2858 5720 ἐπιστολὴν,
2894 5650 2993 5703 καὶ
3026 5651 3169 5702 κατὰ
3202 5651 3324 5712 τοὺς
3373 5648 3637 5721 ἀτέχνους
3683 5649 3803 5703 τῶν

2213 5743 2521 5816 ζωγράφων
2566 5744 2890 5813 διάκειμαι·
2922 5744 2973 5796 οῖ
3018 5742 3119 5796 οὐκ
3166 5741 3232 5797 ἁν
3258 5741 3559 5813 γράφοιεν,
3610 5743 3662 5794 ει
3714 5743 3803 5812 μὴ
