4062 6222
360 299 492 363 1293

1162 298 1588 362 EUSTATIIII
1623 299 1916 361 THESSA
1929 295 2386 358 LONICENSIS
2436 295 2863 357 EPISTOLIE.

3483 288 3618 354 1290

357 416 494 480 πρὸς
529 411 840 482 ἀρχέτυπον
863 412 1151 482 γράφοιεν.
1189 412 1379 479 Κάγὼ,
1419 413 1465 463 εἰ
1501 411 1577 482 μὴ
1607 411 1706 474 τὰς
1735 410 1933 480 ὐμετέ-
1963 424 2007 477 Α
2042 424 2202 478 μενος
2227 406 2365 477 πρὸς
2398 407 2496 474 τὴν
2542 395 2724 459 ἐκεῖσε
2775 404 2934 474 λῆξιν
2990 403 3238 476 μετάρω,
3290 402 3397 458 ὑπὸ
3429 402 3618 476 μηδενὶ

362 518 460 569 ρας
509 502 734 572 ἐμαυτῷ
769 502 890 556 κατ’
933 504 1088 572 δμμα
1134 502 1516 574 προδαλοῦμαι
1549 501 1802 572 γραφάς,
1833 501 1932 555 οὒκ

363 594 429 644 ἂν
460 593 636 654 ἄλλως
668 593 858 663 σχοίην
889 596 1146 662 γράφειν.
1203 593 1456 647 Στείλατε
1486 590 1580 647 οὖν
1608 595 1670 646 τὸ
1708 594 1938 663 ἀρχέτυ-

359 701 485 746 πον,
521 686 656 756 πρὸς
689 685 718 738 ὃ
746 689 807 740 τὸ
853 690 1114 758 γραφεῖον
1163 689 1481 758 κινήσομεν*
1539 688 1615 752 ὡς
1660 690 1792 756 ἡμῖν
1839 689 1940 740 οὐκ

359 775 585 830 ἄλλοθεν
612 778 645 849 ἢ
676 780 891 832 ἐκεῖθεν
923 780 1077 833 ἔσται
1106 779 1166 832 τὸ
1197 779 1500 848 ἐνδόσιμον⁹
1531 779 1640 832 οὐδ’
1667 779 1733 832 ἂν
1763 779 1939 841 ἄλλως

359 868 420 917 τὸ
450 869 718 938 ἡμέτερον
753 871 935 943 ὴχήσῃ
981 871 1251 941 χαλκεῖον,
1284 873 1333 923 εί
1369 871 1444 942 μὴ
1475 869 1749 940 γραφικδν
1779 869 1940 939 ὑμεῖς

359 959 588 1012 αὐτόθεν
616 961 816 1032 ἄνεμον
849 963 1184 1032 σχεδιάσετε.
1223 963 1502 1017 [Ινεύσατε
1529 963 1644 1026 οῦν,
1677 967 1773 1017 καὶ
1813 962 1942 1032 χαλ-

359 1050 456 1114 κὸς
485 1052 700 1122 ἡχήσει.
747 1052 812 1106 Ἦ
847 1054 902 1106 δέ
933 1055 1043 1125 ἠχὴ
1092 1055 1288 1123 φθάσει
1341 1057 1504 1126 μέχρι
1550 1057 1645 1109 καὶ
1671 1057 1728 1118 ἐς
1767 1056 1938 1125 ἡμᾶς,

361 1142 458 1193 καὶ
509 1145 909 1215 περικτυπήσει
957 1145 1058 1208 τὰς
1112 1147 1302 1211 ἀκοάς.
1348 1148 1408 1201 Εἰ
1460 1142 1555 1202 οῦν
1605 1146 1681 1217 μή
1723 1146 1936 1216 βαρεῖαι

364 1231 529 1283 πάλιν
562 1232 855 1301 πνεύσατε,
896 1235 992 1288 καὶ
1023 1236 1188 1290 πάλιν
1235 1238 1457 1307 ἠχήσει,
1493 1237 1588 1290 καὶ
1635 1237 1812 1300 αὖθις,
1847 1237 1943 1290 καὶ

361 1323 548 1378 πάλιν.
585 1326 696 1378 Καὶ
726 1327 800 1397 μὴ
833 1327 990 1380 τοῦτο
1035 1330 1115 1392 είς
1147 1330 1398 1399 ἄπειρον,
1435 1328 1642 1399 Χριστέ
1674 1328 1896 1398 βασιλεῦ
1923 1343 1938 1358 ⁸

367 1417 647 1486 συντόμως
678 1418 787 1489 γὰρ
831 1420 1038 1492 ἴδοιμεν
1089 1420 1354 1492 ἀλλήλους
1405 1424 1498 1476 καὶ
1551 1421 1942 1491 ὁμιλήσαιμεν,

368 1510 444 1578 μὴ
479 1509 853 1580 μεσιτεύοντος
883 1513 1233 1583 γράμματος.
1253 1543 1324 1554 -
1357 1513 1498 1573 Ἀλλ’
1527 1515 1692 1584 ὀρᾶτέ
1726 1531 1816 1584 μοι
1844 1514 1944 1582 τὴν
1985 1520 1992 1527 ’

366 1603 648 1674 δεινότητα
687 1605 788 1673 τῆς
832 1607 1145 1678 ἐπιστολῆς,
1195 1609 1230 1678 ἢ
1280 1609 1479 1678 μικροῦ
1529 1625 1597 1677 με
1643 1608 1940 1679 διέφυγεν;

381 1694 753 1764 ’Λμφοτὲρους
789 1700 888 1768 μιᾷ
916 1699 1092 1771 ταύτῃ
1131 1699 1435 1770 δεξιοῦμαι.
1483 1703 1594 1755 Καὶ
1645 1701 1809 1770 τυχὸν
1845 1701 1942 1769 μὲν

2037 502 2274 574 δεσπότῃ
2326 501 2546 563 δούλους
2581 502 2872 571 τυγχάνειν
2909 498 3198 571 βούλομαι.
3241 499 3403 555 ’Δλλά
3456 501 3620 570 μέχρι

2044 595 2142 663 μὲν
2177 593 2338 655 αὐτὸς
2375 595 2433 644 ἐν
2467 595 2578 655 τοῖς
2607 593 2774 657 ζῶσίν
2829 594 2968 660 εἰμι,
3025 593 3145 662 μετ’
3196 591 3333 660 ἐμοῦ
3385 591 3622 648 ἔσονται.

2041 686 2140 737 καὶ
2170 686 2270 750 τῆς
2304 683 2362 748 ἐξ
2397 685 2550 763 ἔθους
2601 704 2694 754 μοι
2732 686 3056 756 κηδεμονίας
3093 685 3489 756 άξιωθήσονται
3515 702 3528 714 ’
3561 687 3623 757 ἢν

2040 779 2138 830 οὐκ
2168 771 2285 830 οῖδα
2309 778 2477 844 εἴπερ
2501 778 2785 849 κρείττονα
2812 779 2963 849 παρὰ
2983 782 3096 841 τοῖς
3125 780 3349 843 οἰκείοις
3378 780 3443 834 ἂν
3473 780 3625 848 ἔσχον

2040 869 2262 938 γονεῦσί
2286 886 2447 934 ποτε,
2475 869 2659 924 οἶκαδε
2687 872 2963 940 μένοντες.
2994 872 3266 940 Ὀπηνίκα
3296 871 3351 923 δὲ
3377 870 3473 924 τοῦ
3508 871 3626 941 μεθ’

2041 962 2191 1030 ἡμᾶς
2224 961 2529 1030 μετάξομαι
2565 961 2705 1031 βίου,
2734 962 2893 1016 ἄδεια
2946 961 3009 1016 τὸ
3041 963 3291 1016 ἐντεῦθεν
3325 964 3510 1026 αὐτοῖς
3542 964 3628 1016 tv-

2042 1055 2353 1124 δοθήσεται,
2376 1054 2611 1122 διάγειν,
2634 1054 2711 1117 ὡς
2731 1054 3040 1122 ἐλευθέροις
3068 1057 3283 1122 ἐφεῖται
3310 1056 3625 1124 Ῥωμαίοις,

2044 1145 2285 1214 ἔνθαπερ
2328 1143 2398 1198 ἂν
2460 1145 2758 1214 βούλοιντο·
2811 1148 2912 1198 καὶ
2955 1145 3131 1207 οὐδεὶς
3162 1145 3284 1198 οὔτε
3339 1146 3449 1198 τῶν
3492 1147 3626 1199 κατό

2043 1235 2236 1303 γένους
2262 1230 2405 1306 αἷμά
2443 1253 2529 1288 σοι
2579 1234 2992 1305 προσηκόντων,
3033 1235 3155 1288 οὔτε
3204 1238 3314 1289 τῶν
3349 1236 3525 1299 ἄλλως
3556 1239 3626 1289 0E-

2044 1332 2211 1386 κείων
2245 1349 2306 1384 τε
2342 1333 2437 1385 καὶ
2460 1331 2792 1402 γνωρίμων,
2847 1330 2920 1393 ὡς
2947 1330 3156 1396 δούλοις
3189 1333 3502 1402 ἐγχειρήσει
3536 1333 3627 1384 αύο

2043 1427 2176 1487 τοῖςο
2213 1425 2306 1476 τοῦ
2345 1424 2611 1493 παρόντος
2643 1423 2926 1492 ἐγγράφου
2959 1439 3060 1490 μου
3092 1422 3420 1491 άρκέσοντος
3449 1420 3630 1486 αὐτοῖς

2045 1515 2164 1568 ἀντὶ
2223 1515 2524 1583 ἀσφαλείαις
2581 1515 2800 1581 ἀπάσης
2862 1515 2999 1581 πρὸς
3051 1514 3372 1584 ἀποτροπὴν
3429 1515 3630 1579 παντὸς

2048 1609 2446 1679 βουλησομένου
2488 1609 2904 1662 καταδουλῶσαι
2939 1609 3156 1674 αὐτοὺς,
3209 1609 3304 1661 τοῦ
3343 1609 3398 1661 δέ
3434 1610 3630 1662 εἰδέναι

2055 1701 2388 1769 ὀφείλοντος,
2419 1702 2503 1753 ὅτι
2533 1701 2632 1755 σὺν
2661 1700 2738 1770 τῷ
2776 1700 2942 1771 μηδὲν
2972 1701 3170 1754 ἀνῦσαι
3201 1701 3295 1755 καὶ
3319 1705 3383 1772 τῇ
3413 1701 3504 1755 τοῦ
3541 1718 3633 1771 με·

367 1787 470 1838 οὑκ
503 1788 608 1852 ἔξω
638 1789 822 1858 λόγου,
854 1789 949 1853 οὓς
978 1794 1074 1845 καὶ
1099 1793 1302 1862 τρόπος
1327 1795 1419 1846 καὶ
1451 1793 1642 1864 χρόνος
1675 1793 1770 1845 καὶ
1800 1794 1948 1846 πᾶσα
1982 1798 2022 1851 Β
2049 1795 2214 1862 γάλου
2256 1793 2394 1847 Θεοῦ
2428 1794 2538 1864 ἀρᾷ
2590 1793 3140 1863 καθυποὸ).ηθῆσεται
3190 1794 3261 1856 ὡς
3303 1794 3636 1847 ἀντιϐαίνειν

372 1879 697 1951 ἃτερίστασις
727 1883 961 1950 ἥνωσεν,
990 1883 1146 1937 ἑνοῦν
1177 1886 1272 1938 καὶ
1315 1886 1395 1954 τῷ
1426 1887 1739 1955 γράμματι.
1786 1885 1948 1937 Ἀλλά

375 1970 625 2039 σεμνύνω
658 1972 860 2039 μᾶλλον
887 1973 980 2025 τὸν
1002 1974 1231 2042 χάρτην,
1265 1973 1360 2028 καὶ
1388 1974 1530 2026 ποιῶ
1559 1974 1744 2028 τοῦτον
1775 1974 1951 2040 πανή-

375 2080 555 2133 γυξριν.
607 2065 682 2116 Οὐ
740 2065 848 2133 γὰρ
899 2061 982 2128 εἷς
1034 2069 1162 2135 περὶ¹
1214 2063 1404 2119 τοῦτον
1450 2070 1770 2136 πονήσεται,
1812 2065 1951 2118 ἀλλά

375 2156 555 2224 χεῖρες
579 2156 768 2210 τούτου
799 2155 1084 2225 δράξονται
1106 2157 1397 2228 τέσσαρες⁹
1423 2158 1524 2222 ,καὶ
1551 2156 1773 2228 ὀμματα
1795 2173 1951 2227 περι-

374 2247 664 2317 βλέψονται
687 2248 945 2301 τοσαῦταο
990 2250 1084 2301 καὶ
1114 2248 1266 2318 χείλη
1292 2248 1483 2302 τούτου
1525 2249 1952 2318 περιλαλήσουσι

377 2340 812 2410 τοσαυτάριθμα·
845 2342 937 2392 καὶ
989 2340 1176 2404 καινὸς
1226 2333 1381 2402 οὗτος
1423 2339 1622 2410 δρόμος
1667 2340 1726 2392 ἐν
1757 2339 1954 2409 σταδίῳ

372 2430 556 2499 τούτῳ
591 2432 786 2502 βραχεῖ
807 2430 1073 2499 ὀμμάτων
1098 2431 1251 2484 ἔσται
1281 2432 1376 2485 καὶ
1405 2430 1648 2502 χειλέων⁶
1674 2430 1954 2484 κάνταῦθα

381 2523 476 2576 καὶ
515 2525 680 2592 μόνον
707 2522 770 2575 τὸ
803 2523 906 2593 τῆς
936 2523 1065 2586 θέας
1115 2523 1299 2577 ἔνθεον
1343 2525 1506 2594 τάχος
1539 2523 1808 2593 άνισασθῇ
1841 2540 1957 2586 πως

376 2619 494 2680 τοῖς
523 2616 753 2685 χείλεσι,
780 2614 1126 2686 προθεούσης
1158 2618 1258 2686 μὲν
1287 2617 1382 2669 καὶ
1428 2617 1612 2686 ἀκαρῆ
1638 2616 1697 2668 τὸ
1727 2615 1956 2686 θέατρον

381 2707 1002 2779 ὀργώσηςκπεριελθεῖν,
1059 2708 1520 2780 παρομαρτούσης
1566 2708 1613 2762 δ’
1657 2707 1807 2770 ὅμως
1864 2710 1958 2759 καὶ

386 2799 845 2872 συγχρονιζούσης
867 2801 980 2863 τοῖς
1006 2800 1260 2870 χείλεσιν.
1293 2801 1384 2862 Ὠς
1406 2797 1662 2869 εὐτυχὴς,
1685 2791 1730 2851 ὦ
1757 2796 1955 2866 χάρτα.

383 2891 502 2944 Νῦν
535 2891 632 2962 μὲν
663 2886 757 2945 οὖν
805 2891 884 2956 ὡς
927 2893 1056 2952 τοὺς
1103 2892 1426 2953 Μολιονίδας
1473 2890 1660 2960 ήνωσα
1719 2886 1956 2958 γράψας⁹

388 2986 584 3055 μικρὸν
616 2985 674 3039 δὲ
707 2985 798 3037 καὶ
843 2985 919 3047 ὡς
987 2983 1250 3052 Ὀρέστην
1295 2984 1537 3052 διαθήσω
1583 2981 1680 3035 καὶ
1712 2980 1962 3048 Πυλάδην

386 3079 558 3145 ὑμᾶς.
593 3078 703 3131 Καὶ
725 3078 867 3134 οὕτω
901 3081 1009 3151 γὰρ
1043 3081 1314 3142 κάκείνως
1343 3078 1495 3148 μένει
1526 3074 1594 3129 τὰ
1622 3077 1720 3145 τῆς
1751 3073 1958 3143 φιλίας.

389 3168 426 3247 ᾖ
463 3175 824 3243 συνετάκγβε.
1522 3178 1532 3189 “

1108 3265 1266 3334 an'

462 3360 756 3432 Αὐτάρκης
788 3363 888 3432 μὲν
917 3355 1017 3434 τήν
1045 3363 1222 3435 ἀρχὴν
1248 3364 1276 3416 ὀ
1305 3363 1593 3434 ἄνθρωπος
1626 3362 1962 3424 πέπλασται,

388 3453 557 3517 αὐτὸς
582 3453 811 3524 ὀφείλων
847 3456 1028 3527 ἐαυτῷ
1054 3457 1150 3509 ἐπὶ
1176 3459 1296 3520 ταῖς
1325 3458 1470 3510 κατά
1497 3457 1590 3509 τὸν
1621 3453 1735 3526 βίον
1765 3454 1968 3522 πράξε-

391 3562 482 3598 σιν
513 3548 795 3612 ἐπαρκεῖν.
837 3547 1032 3618 Τρυφὴ
1074 3548 1131 3601 δέ
1168 3549 1616 3619 παρεισπεσοῦσα
1656 3547 1735 3616 τῷ
1781 3546 1900 3616 βίῳ,
1930 3545 1966 3616 ἢ

391 3639 489 3690 καὶ
507 3637 682 3700 ἄλλως
709 3638 944 3709 νωθρεία
961 3655 1048 3702 τις
1072 3641 1130 3693 ἐν
1153 3642 1266 3703 τοῖς
1287 3641 1580 3709 πρακτέοις
1602 3639 1694 3690 καὶ
1717 3638 1971 3690 ἀνάπτω-

397 3745 506 3790 σις,
543 3729 601 3778 τὸ
633 3728 736 3797 τῆς
766 3729 984 3796 θητείας
1009 3729 1177 3798 ὄνομα
1204 3732 1602 3798 παρεισήγαγε⁹
1636 3727 1703 3779 δι’
1727 3721 1786 3781 οὗ
1809 3727 1970 3795 ἡμεῖς

396 3821 500 3890 μὲν
531 3819 991 3881 ἀναπεπτωκότες
1014 3820 1248 3888 ήσυχίαν
1277 3820 1502 3888 ἄγομεν,
1537 3819 1586 3869 οί
1614 3815 1972 3886 μισθαρνοῦν-

397 3928 488 3973 τες
542 3911 587 3962 δ’
619 3911 736 3964 ἀνθ’
763 3911 923 3980 ἡμῶν
968 3903 1148 3963 εἷλκον
1181 3911 1280 3980 τὴν
1328 3909 1645 3978 ἀθλιότητα.
1708 3908 1862 3960 Ἐπεὶ
1915 3906 1972 3959 δέ

399 4003 579 4066 καλῶς
610 4003 757 4070 ἔδοξε
790 4005 858 4057 τὰ
891 4003 1196 4073 πράγματα
1244 4001 1412 4071 ἔχειν,
1467 4001 1564 4054 καὶ
1609 4001 1669 4053 τὸ
1721 3999 1973 4070 θητεύειν

400 4115 465 4166 φε
478 4098 718 4166 ρεπόνως
743 4096 887 4167 ἔχειν
927 4097 1077 4166 ἡμᾶς
1106 4094 1301 4160 ἐποίει,
1332 4094 1701 4164 μηχανώμεθα
1731 4092 1825 4146 καὶ
1851 4093 1975 4145 δου-

404 4192 580 4254 λείαν,
607 4189 682 4252 ὡς
713 4189 781 4242 ἂν
815 4189 1033 4258 ἔχοιμεν
1058 4187 1120 4240 τὸ
1149 4186 1400 4256 θητεύειν
1426 4186 1664 4239 αἰώνιον.
1689 4185 1845 4238 Ἔστι
1864 4185 1975 4252 γὰρ

409 4289 443 4351 ἡ
473 4282 690 4335 δουλεία
725 4280 914 4351 θητεία
946 4295 1030 4341 τις
1065 4277 1296 4347 ἄμισθός
1343 4293 1402 4328 τε
1457 4275 1552 4329 καὶ
1599 4273 1974 4344 πολυχρόνιος.

411 4373 718 4427 Κάντεῦθεν
757 4372 817 4424 τὸ
855 4369 948 4423 τοῦ
991 4369 1263 4422 δουλεύειν
1293 4370 1376 4430 είς
1409 4367 1501 4418 τὸν
1531 4365 1644 4435 βίον
1677 4365 1976 4434 παρεισεῤ-

2052 1884 2250 1937 ἐθέλων
2303 1885 2628 1954 δικαιοτάτῳ
2679 1885 2772 1936 καὶ
2827 1884 3070 1952 θεοφιλεῖ
3122 1884 3266 1937 οὕτω
3319 1884 3588 1954 θελήματι
3618 1901 3636 1916 ο

2051 1975 2190 2042 ὅπερ
2219 1973 2308 2026 διά
2347 1974 2570 2026 πλείονα
2619 1973 2915 2043 βεϐαίωσιν
2967 1975 3062 2026 καὶ
3093 1973 3171 2043 τῷ
3215 1974 3348 2044 ίερῷ
3382 1975 3636 2046 ἐκδικείῳ

2052 2062 2450 2132 ἐμφανισθῆναι
2498 2063 2769 2134 ἠθέλησα,
2815 2064 2890 2127 ὡς
2929 2059 2998 2116 ἂν
3048 2062 3236 2116 αὐτόθι
3297 2065 3636 2132 ἐπιγνωσθὲν

2054 2157 2133 2216 είς
2182 2155 2462 2222 ἐκδίκησιν
2492 2158 2607 2218 τοῖς
2659 2159 2816 2225 ἐμοῖς
2846 2156 3136 2223 γενήσεται
3174 2155 3404 2218 δούλοις,
3449 2157 3526 2227 τῷ
3571 2175 3634 2210 τε

2052 2245 2201 2299 δεῖνα
2233 2246 2330 2299 καὶ
2356 2245 2524 2310 δεῖνα,
2571 2247 2626 2299 εῖ
2670 2248 2802 2300 ποτέ
2851 2265 2936 2311 τις
2976 2248 3138 2317 τυχὸν
3192 2247 3331 2317 μετά
3375 2249 3466 2301 τὸν
3502 2251 3637 2318 ἐμδν

2053 2337 2290 2391 θάνατον
2328 2340 2394 2408 τῇ
2431 2339 2609 2392 αὐτῶν
2641 2338 2930 2409 ἐλευθερίᾳ
2953 2338 3205 2409 ἐμποδὼν
3237 2340 3491 2406 γενέσθαι
3515 2342 3638 2409 βού-

2059 2440 2116 2480 διο
2124 2445 2224 2483 ιτο.

2784 2522 2910 2577 KZ'.

2130 2615 2244 2669 Οὐκ
2277 2611 2457 2683 εἶπον,
2511 2619 2608 2669 καὶ
2667 2613 2793 2672 ἰδοῦ
2814 2619 3150 2674 τετέλεσται.
3189 2621 3514 2676 Τετέλεσται
3543 2621 3637 2690 δὲ,

2061 2709 2160 2777 οὐχ
2203 2709 2394 2779 ὅτιπερ
2458 2706 2610 2763 εἷπον
2644 2710 2746 2782 (μὴ
2778 2711 2923 2765 οὕτω
2973 2715 3225 2783 μανείην,
3275 2714 3351 2776 ὡς
3384 2715 3479 2767 καὶ
3525 2719 3642 2776 τοῖς

2062 2799 2218 2867 ἐμοῖς
2250 2799 2430 2868 λόγοις
2483 2801 2694 2855 οἴεσθαι
2749 2803 2872 2856 κατ’
2935 2803 3079 2873 ίχνος
3139 2807 3520 2876 συνεκτρέχειν
3573 2809 3643 2859 τὰ

2064 2888 2418 2962 πράγματα)’
2451 2893 2567 2945 ἀλλ’
2595 2894 2702 2964 ἔχω
2731 2893 2922 2963 μαθὼν
2947 2898 3015 2966 τῇ
3049 2899 3216 2966 συχνῇ
3243 2897 3408 2968 πείρα
3428 2900 3497 2951 τὰ
3521 2899 3642 2952 κατ’

2065 2982 2183 3051 ἐμὲ,
2239 2986 2334 3036 καὶ
2383 2985 2629 3047 μάντεων
2676 2986 2980 3058 ὑπέρτερον
3012 2989 3231 3057 φθάνων
3264 2989 3405 3044 αὐτὰ
3437 3003 3643 3059 προση-

2071 3073 2354 3143 μαίνομαι.
2382 3076 2523 3139 Χθές
2552 3077 2703 3145 κῦμα
2731 3079 2938 3147 κωφὸν,
2976 3082 3009 3150 ή
3028 3081 3129 3151 τῆς
3155 3082 3310 3136 νόσου
3339 3100 3430 3152 μοι
3459 3085 3644 3154 πλημ-

1989 3140 2034 3202 C
2070 3140 2580 3236 μυρὶς-ἀνεσάλευε,
2629 3140 2809 3236 λιγέος
2829 3140 3260 3239 ⁷όινέμοευυτινδς
3291 3140 3646 3244 ἐκδεχόμενον

2065 3258 2343 3313 κέλευθον·
2375 3262 2618 3331 σήμερον
2649 3264 2971 3338 κατερράγη
3000 3266 3060 3318 τδ
3083 3265 3323 3336 πνεῦμα,
3345 3269 3442 3320 καὶ
3462 3267 3646 3320 οὐκέτι

2065 3343 2218 3416 κῦμα
2244 3350 2452 3416 κωφὸν,
2485 3349 2621 3404 ἀλλά
2665 3353 2806 3423 βαρὺ
2841 3353 3066 3424 βρέμον,
3114 3355 3214 3427 τὴν
3251 3356 3397 3427 ἐμήν
3443 3359 3647 3427 ταύτην

2066 3439 2316 3507 ἐκμαίνει
2363 3441 2458 3492 τοῦ
2507 3444 2784 3513 κατάρρου
2818 3445 3117 3499 θάλασσαν.
3171 3446 3313 3509 Χθές
3358 3447 3529 3519 λεπτή
3560 3464 3648 3511 τις

2069 3528 2366 3598 ὑπέτρεχεν
2394 3532 2644 3599 ἐπιφρὶξ,
2671 3533 2762 3599 ὑφ’
2787 3527 2855 3602 ἧς
2877 3536 3061 3602 ἠρέμα.
3085 3535 3145 3586 τὸ
3169 3535 3264 3589 τοῦ
3285 3536 3460 3607 χυμοῦ
3486 3537 3650 3607 βάθος

2069 3620 2379 3689 ἐπόρφυρεν
2408 3619 2696 3690 ἐπιπολῆς·
2716 3625 2959 3692 σήμερον
2987 3625 3139 3676 ὀλοὸν
3165 3627 3436 3696 ἐγείρεται
3471 3630 3646 3698 κῦμα,

2071 3709 2204 3762 αὐτὸ
2253 3709 2354 3778 μὲν
2398 3707 2594 3762 οὔκουν
2622 3711 2844 3780 κυρτὸν,
2874 3715 3023 3780 ἡμᾶς
3057 3715 3114 3765 δὲ
3161 3715 3262 3785 τῆς
3292 3717 3458 3786 ὀρθῆς
3493 3736 3652 3789 περι-

2073 3804 2258 3858 κινοῦν
2291 3807 2554 3871 στάσεως,
2579 3809 2673 3859 καὶ
2704 3808 2886 3860 κλίνον
2915 3811 3008 3862 ἐπὶ
3039 3813 3306 3881 κεφαλήν.
3349 3813 3440 3866 Ἐν
3465 3831 3651 3884 προοι-

2077 3897 2220 3966 μίοις
2247 3899 2280 3966 ἠ
2311 3898 2465 3962 νόσος
2494 3899 2738 3969 ἔναγχος,
2775 3902 2870 3954 καὶ
2896 3903 3048 3973 παρά
3080 3904 3247 3968 πόδας
3277 3905 3305 3957 ὀ
3336 3907 3506 3974 ἁγὼν·
3537 3911 3650 3968 τοῖς

2075 3991 2389 4061 προοιμίοις
2439 3992 2724 4062 ἀναλογῶν
2774 3988 2886 4048 οἷον
2928 3995 3091 4065 νέφος
3135 3999 3313 4051 ἐκεῖνο
3354 4003 3420 4070 τῇ
3461 4017 3651 4070 προτε-

2077 4080 2227 4151 ραίᾳ,
2258 4080 2434 4152 βραχὺ
2473 4083 2572 4152 τὴν
2600 4083 2906 4150 διάστασιν,
2939 4088 3001 4140 ού
3048 4089 3197 4158 παχὺ
3232 4089 3333 4159 τὴν
3368 4090 3650 4144 σύστασιν⁹

2075 4171 2212 4224 ἀλλὰ
2242 4172 2335 4224 τὸν
2363 4175 2624 4245 ἐκνεφίαν
2659 4176 2791 4244 ἡμῖν
2836 4170 2950 4232 οἷον
2989 4179 3362 4248 ἐξεφύσησεν,
3394 4181 3531 4234 ἀλλά
3560 4182 3653 4234 τὸν

2078 4264 2325 4334 χειμῶνα
2359 4266 2592 4336 πηλίκον
2619 4252 2938 4340 ἐξέρρηξεν.
2976 4270 3068 4331 Et;
3093 4271 3145 4322 τί
3175 4287 3266 4341 μοι.
3287 4271 3492 4340 ταῦτα;
3524 4275 3653 4326 Κεί-

2082 4357 2227 4426 μεθα
2261 4358 2564 4422 νοσοῦντες,
2590 4359 2824 4412 αὐθέντα
2858 4362 3132 4432 Κομνηνὲ,
3171 4365 3370 4432 μικροῦ
3425 4367 3656 4437 σπινθῆ-

410 4468 515 4537 ρύη
549 4465 741 4529 κακὸν,
793 4463 955 4531 φύσει
1008 4461 1108 4530 μὲν
1156 4460 1542 4527 ἀγνοούμενον,
1591 4455 1876 4526 πλεονεξίᾳ
1916 4455 1973 4507 δὲ
2006 4474 2050 4529 D
2082 4464 2176 4516 ρος
2209 4448 2418 4501 ἐκείνου
2454 4450 2720 4518 μεγίστην
2752 4451 2886 4519 ήμῖν
2929 4453 3112 4520 πυρὰν
3146 4453 3528 4525 ὑπανάψαντος
3557 4475 3656 4510 πυ-

405 4557 725 4628 ἀνθρωπίνῃ
772 4553 1135 4624 παρευρεθέν.
1168 4550 1277 4604 Ἦν
1329 4551 1395 4604 ἂν
1455 4549 1548 4604 οῦν
1574 4550 1809 4620 ἀρέσκον
1858 4547 1977 4616 Θεῷ

409 4654 472 4704 τὸ
509 4651 608 4717 τῆς
637 4648 876 4710 δουλείας
900 4647 980 4707 είς
1013 4645 1112 4714 τὴν
1159 4646 1392 4714 ἀρχαίαν
1421 4642 1734 4713 ἐλευθερίαν
1761 4643 1978 4695 ἀποκα-

409 4741 622 4811 θιστᾷν,
659 4741 754 4793 καὶ
783 4740 842 4792 τὸ
871 4738 970 4807 τῆς
997 4736 1308 4800 πλεονεξίας
1349 4736 1657 4803 ἁμάρτημα
1685 4731 1982 4786 ἐπανισοῦν

409 4835 612 4902 φυσικῇ
645 4831 988 4901 ἀδελφότητι.
1019 4829 1129 4882 Καὶ
1159 4830 1265 4898 γὰρ
1287 4829 1387 4881 οὐκ
1413 4829 1478 4880 ἂν
1506 4826 1839 4897 συγγνώμης
1867 4829 1984 4895 εἴη·

413 4942 514 4994 μεν
533 4924 692 4989 ἄξιοι,
714 4928 761 4977 εί
791 4923 923 4986 Θεὸς
958 4922 1056 4991 μὲν
1084 4925 1111 4975 ὁ
1135 4920 1298 4988 φύσει
1319 4918 1595 4986 Δεσπότης
1615 4918 1740 4980 τοὺς
1761 4915 1981 4978 δούλους

413 5018 560 5087 ἡμᾶς
589 5017 783 5084 ἀνάγει
806 5015 940 5084 πρὸς
967 5014 1325 5083 ἀδελφότητα,
1365 5011 1458 5064 καὶ
1491 5009 1677 5062 καλεῖν
1714 5008 1982 5075 ἀδελφοὺς

407 5111 511 5162 οὐκ
541 5107 784 5172 ἀπαξιοῖ·
841 5109 1006 5178 ἡμεῖς
1063 5106 1120 5159 δὲ
1163 5107 1288 5167 τοὺς
1339 5103 1603 5169 ἀδελφοὺς
1642 5103 1706 5153 ἐκ
1739 5099 1832 5152 τοῦ
1883 5098 1982 5165 τῆς

417 5201 661 5268 ἰσότητος
731 5197 898 5266 ὕψους
954 5200 1033 5261 εἰς
1080 5195 1322 5258 δουλείας
1383 5193 1656 5263 βάραθρον
1718 5189 1982 5257 κατάγειν

414 5292 690 5360 ἐθέλομεν.
724 5290 912 5345 Ταῦτα
960 5289 1058 5342 καὶ
1087 5289 1245 5350 αὐτὸς
1297 5285 1668 5355 ἐννοούμενος,
1719 5285 1788 5336 τά
1841 5282 1984 5335 κατά

411 5385 736 5438 ἀκολουθίαν
761 5382 1068 5452 ἀνθρώποις
1102 5379 1303 5450 συνήθη
1328 5379 1420 5430 καὶ
1449 5379 1626 5446 χρόνῳ
1650 5374 1827 5443 πολλῷ
1849 5392 1986 5441 κρα-

411 5475 702 5528 τυνθεῖσαν
761 5473 1114 5545 περιελθόντα
1173 5487 1262 5540 μοι
1309 5467 1556 5536 ψυχάρια
1597 5464 1778 5537 [ἐλεῶ,
1819 5461 1878 5534 ἃ]
1927 5465 1986 5514 ἐν

411 5569 564 5636 αὐτῴ
599 5566 676 5635 τῷ
708 5566 886 5636 χρόνῳ
915 5565 1010 5634 τῆς
1055 5562 1300 5625 δουλείας
1330 5561 1541 5628 ἐτεροτα
1581 5558 1688 5612 τῶν
1727 5557 1850 5608 κατ’
1882 5555 1985 5624 ἐμὲ

411 5663 583 5730 τύχης
615 5658 919 5724 ἐλογίζοντο
947 5656 1129 5723 (φύσει
1165 5654 1272 5722 γὰρ
1315 5651 1604 5717 ἐλεύθερον
1647 5649 1786 5716 ζῶον
1838 5648 1986 5711 ἄπας

414 5752 748 5821 ἀνθρωπος)·
789 5751 881 5801 καὶ
915 5749 1078 5800 ὁπότε
1121 5749 1221 5815 τὴν
1267 5743 1389 5798 καθ’
1422 5745 1572 5815 ημᾶς
1606 5743 1752 5816 ζωὴν
1784 5742 1985 5798 ἀποθέ-

756 5845 1022 5907 ΡΑτιιοιι.
1061 5846 1177 5907 Gn.
1214 5839 1547 5904 CXXXVI.

2081 4538 2257 4606 ρετοῦ.
2297 4538 2510 4592 Οὔκουν
2567 4539 2684 4592 ἐστι
2715 4540 2986 4610 τολμῆσαι
3036 4543 3135 4612 τὴν
3168 4547 3544 4617 μετακίνησιν,
3582 4549 3659 4616 μὴ

2080 4633 2174 4685 καὶ
2205 4633 2467 4703 λάθοιμεν
2522 4631 2618 4684 τοῦ
2658 4633 2833 4686 κακοῦ
2889 4634 3214 4703 μεταδόντες
3268 4640 3380 4696 τοῖς
3420 4653 3659 4704 προστυ-

2081 4722 2258 4792 χοῦσυ
2296 4725 2548 4795 καθάπερ
2600 4725 2758 4793 λόγος
2812 4725 2924 4795 ἔχει
2978 4727 3113 4796 δρᾷν
3164 4727 3257 4779 τὸν
3310 4726 3657 4791 κατώϐλεπα,

2083 4815 2272 4884 θηρίον
2304 4817 2501 4880 ἐκεῖνο,
2558 4810 2619 4868 οὒ
2654 4818 2824 4886 πυρὸς
2855 4819 3132 4888 κρατῆρες
3177 4817 3344 4887 (εἴποι
3375 4835 3460 4881 τις
3490 4817 3580 4888 ἂν)
3608 4822 3659 4873 οι

2081 4907 2372 4978 ὀφθαλμοί·
2407 4907 2458 4963 οἳ
2492 4907 2608 4977 ἅμα
2641 4927 2700 4962 τε
2733 4906 2875 4962 εἶδον
2911 4912 3045 4970 ἄνω,
3080 4911 3172 4962 καὶ
3215 4909 3327 4980 πῦρ
3366 4911 3658 4981 ἠκόντισαν

2083 4998 2503 5068 ἢέξετόξευσαν
2534 5018 2546 5030 ·
2606 5003 2700 5053 καὶ
2749 5002 2811 5052 τὸ
2863 5001 3166 5071 προστυχὸν
3204 5002 3389 5054 οὐκέτι
3441 5003 3650 5065 ἀκτῖνες

2084 5093 2476 5160 περικέχυνται
2502 5094 2754 5156 ὀπτικαὶ,
2788 5093 2923 5145 ἀλλὰ
2954 5092 3150 5160 φλόγες
3181 5091 3349 5156 ὀξεῖαι
3381 5092 3651 5162 βάλλουσισ

2086 5183 2178 5234 καὶ⁵
2216 5181 2276 5235 τὸ
2323 5183 2522 5254 βληθὲν
2555 5187 2734 5237 κεῖται
2775 5183 2996 5238 κανθέν.
3042 5183 3498 5252 ’Λναδιδάσκομεν
3544 5178 3657 5243 οὖν,

2085 5275 2232 5337 ὅπως
2259 5275 2370 5344 ἔχει
2402 5281 2468 5327 τὰ
2507 5276 2629 5330 καθ’
2657 5278 2830 5348 ἡμᾶς,
2861 5278 2951 5329 τὸν
2980 5276 3070 5329 διὰ
3095 5277 3157 5329 τὸ
3189 5276 3349 5344 φύσει
3377 5275 3541 5328 καλὸν
3564 5273 3658 5328 τοῦ

2086 5364 2288 5434 τρόπου
2326 5367 2422 5419 καὶ
2455 5367 2517 5417 τὸ
2544 5366 2642 5436 τῆς
2669 5367 2867 5436 ψυχῆς,
2907 5364 3110 5435 μᾶλλον
3143 5365 3244 5430 μὲν
3271 5359 3364 5416 οὖν
3388 5363 3449 5415 τὸ
3483 5365 3661 5414 πάντα

2087 5459 2302 5521 πάντως
2332 5459 2510 5512 καὶτὸ
2539 5460 2802 5531 πάντοθεν
2833 5457 3083 5524 εὐγενὲς,
3114 5458 3171 5507 ἐν
3202 5456 3346 5522 λόγῳ
3375 5454 3662 5523 τιθέμενον

2087 5555 2159 5608 τὰ
2191 5554 2309 5607 καθ’
2334 5555 2504 5624 ἡμᾶς.

2813 5644 2856 5695 Κ
2867 5642 2945 5697 ll'.

2163 5739 2276 5794 οὐκ
2324 5740 2410 5806 είς
2466 5736 2698 5806 πλῆθος
2749 5736 2808 5790 τὸ
2860 5737 3059 5808 δῶρον,
3106 5731 3343 5788 αὑθέντα
3388 5731 3662 5802 Κομνηνέ.
