4062 6222
501 330 639 394 1295

1944 318 2304 380 ΑΒΠΕΝΒᾹ

3638 320 3776 386 ιεοσ

498 445 698 505 ποιεῖς·
729 441 762 511 ἢ
792 440 1019 511 γράφων
1065 436 1365 506 ἀμνηστεῖς
1392 432 1487 489 τοῦ
1517 433 1949 501 Θεσσαλονίκης·
1983 433 2080 486 καὶ
2111 440 2152 495 Α
2180 434 2366 497 τάτοις
2393 431 2685 497 δεσπόταις
2723 450 2850 502 μου,
2880 436 2958 504 τῷ
2989 434 3123 487 δεῖνι
3150 433 3248 489 καὶ
3276 435 3435 501 δεῖνι,
3470 435 3781 494 διαλείπειν

495 538 619 590 οὐδὲ
658 534 820 587 τοῦτο
844 530 1033 585 καλόν.
1082 528 1139 581 '0
1190 528 1493 595 Περατικδς
1531 526 1705 598 μέγας
1741 525 1932 587 παπᾶς
1967 541 2080 593 μα-

499 628 664 691 θέτω,
719 627 868 696 ἡμᾶς
919 624 1020 693 μὲν
1075 619 1257 682 καλῶς
1305 619 1478 689 ἐχειν,
1529 619 1620 671 τὸν
1673 618 1731 671 δέ
1773 615 1890 669 υίδν
1918 614 2084 669 αὐτοῦ

498 717 991 790 περιαρῤιυστεῖν*
1047 712 1143 767 καὶ
1176 711 1428 783 εὐχέσθω
1485 711 1627 780 ὑπέρ
1676 726 1736 763 τε
1787 706 1949 778 ἡμῶν
1988 706 2085 761 καὶ

496 811 731 865 ἐκείνου.
772 807 927 862 Εἰδέ
972 805 1141 859 θέλων
1170 804 1354 859 ἐλθεῖν
1405 803 1485 866 εἰς
1529 802 1681 871 ἡμᾶς
1739 801 1988 853 πτοεῖται
2021 797 2083 852 τὸ

494 902 597 971 τῆς
626 899 906 969 θαλάσσης
932 897 1138 966 ὄχημα.
1176 895 1339 966 ἡμεῖς
1380 894 1514 948 ἄλλο
1547 911 1601 947 τι
1625 893 1687 947 τό
1711 909 1774 963 γε
1799 891 1895 945 νῦν
1918 891 2081 958 ποιῆ-

500 1009 591 1045 σαι
629 992 731 1046 οὐκ
761 990 984 1062 ἔχομεν,
1018 989 1123 1052 ἓως
1157 987 1223 1041 ἂν
1259 984 1594 1057 τεκτήνηταί
1625 1002 1710 1047 τις
1741 985 1877 1055 ἡμῖν
1908 984 2083 1037 ῐππον

495 1086 761 1155 δούρειον,
792 1084 827 1156 ἢ
860 1084 955 1135 καὶ
982 1082 1062 1144 εἰς
1089 1081 1363 1150 τέτρωρον
1394 1078 1706 1148 ἐλεφάντων
1758 1077 2083 1148 εὐπορήσω-

498 1195 625 1246 μεν.
668 1178 729 1231 '0
766 1175 861 1230 τοῦ
905 1175 1055 1228 δεῖνα
1109 1173 1293 1244 πατὴρ
1347 1170 1460 1226 εῐθε
1488 1171 1752 1241 ὑγιαίνοι.
1786 1170 1902 1225 Καὶ
1939 1171 2079 1223 ἀνα-

495 1271 820 1343 διδαχθήτω,
852 1267 1025 1331 οὕτως
1060 1266 1208 1337 ἔχειν
1237 1266 1333 1318 καὶ
1354 1265 1526 1334 ἡμᾶς,
1554 1262 1693 1316 Θεοῦ
1723 1262 2076 1333 βοηθοῦντος.

2191 524 2316 596 ἄρτι
2348 525 2448 592 τὴν
2478 526 2534 578 ἐν
2565 528 2631 596 τῇ
2662 525 3048 593 Μεγαλοπόλει
3102 526 3414 599 διατριϐὴν,
3447 529 3782 599 στοχαζόμε-

2189 634 2277 679 νος
2312 616 2407 684 ἀφ’
2434 610 2509 671 ὧν
2539 616 2707 680 είκός·
2741 619 2790 670 εί
2821 618 2877 672 δὲ
2904 617 3019 688 ἔχει
3054 618 3282 682 τούτους
3316 621 3350 685 ἡ
3403 620 3640 690 μεγίστη
3670 623 3785 675 τῶν

2188 690 2422 776 πόλεων,
2476 708 2773 779 προσκυνῶ
2829 709 2927 763 καὶ
3000 709 3280 781 δηλοποιῶ
3323 710 3396 765 δι’
3433 712 3610 782 ὑμῶν,
3640 714 3787 782 ὅπερ

2196 803 2354 857 αὐτοὶ
2387 802 2472 856 διά
2501 804 2600 873 τὴν
2626 804 2769 856 κατά
2807 803 2940 857 Θεὸν
2981 803 3205 874 ἀγάπην
3239 803 3382 876 ὑπὲρ
3406 805 3563 876 ἡμῶν
3590 804 3789 875 εὔχον-

2184 913 2277 950 ται
2297 935 2314 962 ,
2344 898 2442 965 τὴν
2485 898 2545 948 ἐν
2593 894 2887 958 τοσαύταις
2924 897 3221 966 μερίμναις
3243 896 3340 950 καὶ
3368 895 3560 959 κόποις
3586 898 3784 952 θεόθεν

2187 989 2373 1057 ὑγείαν
2422 992 2517 1043 καὶ
2548 990 2852 1059 ὑπομονήν.
2890 989 3039 1045 Ἀλλ’
3066 993 3227 1062 ἡμεῖς
3261 992 3632 1064 πλεονάζομεν
3666 992 3785 1046 ἰδοὺ

2183 1081 2464 1136 κάνταῦθα
2495 1082 2597 1153 τὴν
2621 1081 2830 1150 φιλίαν,
2860 1084 2956 1135 καὶ
3002 1082 3415 1152 προσλαλοῦμεν
3438 1084 3532 1138 τὸν
3558 1083 3783 1152 ἄφιλον.

2182 1173 2334 1227 Είσῖν
2388 1175 2518 1243 ἡμῖν
2569 1174 2666 1227 καὶ
2702 1174 2888 1243 ἕτεροι
2940 1173 3342 1244 Ἀσκληπιάδαι
3385 1175 3554 1242 φίλοι.
3605 1176 3779 1229 Ἀλλὰ

2181 1264 2392 1319 τούτων
2428 1267 2456 1318 6
2490 1265 2589 1335 μέν
2613 1265 2838 1329 δικαίως
2867 1266 3343 1337 προσαγορεύεται
3366 1269 3500 1339 παρ’
3529 1270 3717 1339 ἡμῶν,
3758 1274 3786 1323 6

497 1365 636 1428 Τοὺς
694 1362 1036 1432 σοφωτάτους
1117 1359 1572 1429 θεοφιλεστάτους
1631 1375 1734 1428 μου
1811 1356 2079 1423 ἀδελφοὺς
2177 1357 2345 1411 δεῖνα⁶
2379 1358 2643 1421 πολλάκις
2671 1358 2900 1428 μὲνγὰρ
2932 1358 3193 1429 ἔγραψεν,
3233 1359 3291 1412 '0
3324 1359 3384 1413 δὲ
3429 1360 3575 1414 δεῖνα
3602 1364 3659 1426 ἐς
3691 1365 3784 1415 κδ.

499 1456 814 1528 προσκυνῶ,
844 1455 940 1508 τὸν
981 1455 1128 1508 δεῖνα
1163 1454 1255 1506 καὶ
1285 1453 1433 1505 δεῖνα.
1480 1452 1682 1522 (ποίοις
1727 1450 1783 1503 δὲ
1815 1451 1924 1503 τῶν
1956 1451 2077 1502 ὀνο-

498 1550 687 1618 μάτων
735 1545 1025 1616 ἀγορεύσω
1057 1545 1278 1611 αύτοὺς,
1312 1543 1497 1613 ἀγνοῶ
1518 1560 1532 1575 ο
1570 1542 1985 1614 ἀναδιδαχθείην
2018 1543 2074 1596 δὲ

495 1639 565 1694 τά
596 1638 921 1709 κάλλιστα)·
958 1638 1225 1700 ὡσαύτως
1272 1637 1368 1691 καὶ
1418 1637 1512 1689 τὸν
1559 1638 1723 1690 καλόν
1778 1636 1882 1704 μού
1942 1653 2073 1690 ποτε

2190 1465 2387 1519 ρακας,
2413 1449 2444 1502 6
2469 1451 2659 1512 κακός·
2691 1449 2814 1503 ούδέ
2848 1451 2980 1518 γάρ,
3010 1452 3090 1505 ὅτι
3139 1451 3206 1521 ζῇ
3225 1490 3242 1513 .
3268 1452 3572 1522 ἀνέμνησεν
3604 1456 3781 1524 ἡμᾶς,

2178 1539 2329 1610 Τάχα
2368 1540 2445 1605 δὲ,
2474 1542 2522 1594 εί
2560 1542 2743 1612 παρῆν
2770 1545 2797 1596 6
2832 1541 2972 1606 θεῖος
3005 1541 3194 1609 αὐτοῦ,
3229 1541 3446 1613 ὥθησεν
3495 1546 3562 1598 ἂν
3590 1544 3782 1600 αὐτόν.

2177 1626 2285 1684 Ἠν
2330 1632 2385 1685 δέ
2436 1633 2530 1687 καὶ
2566 1634 2687 1687 τότε
2742 1635 2913 1705 χωρὶς
2953 1635 3170 1704 ἐκείνῳ.
3229 1636 3328 1687 Ὃν
3357 1637 3548 1704 ἀφῆκα
3599 1638 3782 1705 θεοφι-

497 1730 899 1800 ἁρχιδιάκονον.
936 1731 1050 1783 Οὐκ
1114 1730 1179 1783 ἂν
1230 1730 1287 1782 δέ
1347 1730 1581 1783 ἐνταῦθα
1635 1729 1904 1801 λαθοίμην
1951 1730 2072 1783 οὐδὲ
2113 1791 2151 1803 __
2184 1726 2445 1780 λέσ-ατον
2488 1726 2836 1792 διδάσκαλον,
2870 1716 2962 1779 τὸν
2995 1727 3278 1797 Ῥαδηνδν,
3307 1724 3782 1803 οῖμαικαταμέμ-

495 1822 590 1874 τοῦ
622 1822 1079 1892 θαυμασιωτάτου
1107 1821 1544 1892 δευτερεύοντος,
1578 1821 1719 1875 ἀλλά
1759 1822 2075 1893 προσκύνη-

498 1930 583 1965 σιν
613 1914 710 1966 καῖ
747 1912 896 1982 αύτῷ
920 1913 987 1966 δι’
1013 1913 1173 1983 ὑμῶν
1204 1913 1617 1984 διαπέμπομαι.
1654 1913 1881 1983 Φιλικῆς
1914 1932 2079 1985 προσα

499 2004 715 2072 ρὴσεως
764 2003 1118 2074 ἀναμνήσατε
1171 2005 1267 2056 καὶ
1322 2005 1414 2056 τὸν
1586 2006 1791 2077 ἀρρηη
1828 2006 2077 2076 βινδηνδν

2181 1819 2375 1886 φεσθαι
2408 1820 2587 1889 ἡμῶν,
2618 1822 2678 1874 τὸ
2716 1821 2793 1891 μὴ
2830 1821 3034 1891 γράψαι
3068 1822 3241 1893 αὐτῷ.
3288 1822 3432 1878 Ἀλλ’
3471 1826 3634 1887 αὐτὸς
3660 1828 3770 1896 μέν

2180 1911 2587 1981 ἀναμνησθεὶς,
2614 1913 2699 1967 ὅτι
2728 1913 2791 1966 ού
2822 1912 3070 1977 τοιοῦτος
3098 1915 3179 1977 είς
3221 1916 3393 1984 ἡμᾶς,
3426 1915 3623 1970 παύσει
3659 1918 3766 1988 τὴν

2181 2005 2411 2074 μέμψινθ
2438 2008 2602 2076 ἡμεῖς
2620 2006 2677 2060 δέ
2700 2005 3038 2071 καινίζοντες
3065 2006 3163 2078 τὴν
3187 2007 3437 2079 ἀγάπην,
3470 2009 3755 2078 ποιοῦμεν,

496 2095 633 2166 (εῖθε
688 2096 784 2149 καὶ
825 2095 900 2164 μὴ
942 2095 1097 2148 λύσοι
1152 2094 1253 2166 τὴν
1308 2095 1594 2164 γλῶσσαν,
1637 2100 1728 2151 καὶ
1774 2097 1897 2151 οὔτε
1927 2101 2077 2171 ἡμᾶς
2178 2095 2315 2166 ὅπερ
2364 2096 2466 2150 οὐκ
2516 2098 2745 2163 ἐκεῖνος,
2799 2099 3314 2171 προσαγορεύοντες
3369 2101 3554 2155 αὐτόν.
3617 2100 3764 2154 Ἀλλ’

495 2187 698 2256 ἀφήσει
728 2186 824 2240 τοῦ
860 2186 1230 2253 κατακλῦσαι,
1271 2188 1367 2241 καὶ
1417 2190 1580 2258 ἡμεῖς
1630 2189 2075 2262 αίσθησόμεθα)ο

380 2290 393 2302 ·
493 2276 698 2346 ὁμοίως
746 2277 966 2330 καὶτὸν
1013 2277 1245 2347 ἀδελφὺν
1294 2266 1391 2333 καί
1444 2296 1577 2334 ποτε
1633 2279 1937 2352 σύντροφόν
1972 2300 2075 2354 μου

495 2371 588 2423 τὸν
614 2369 802 2438 δεῖνα,
845 2371 938 2423 τὸν
977 2373 1069 2425 καὶ
1106 2371 1272 2425 αὑτὸν
1318 2374 1383 2424 ἐκ
1436 2372 1537 2437 τῆς
1588 2374 1883 2446 ἑϐδομάδος
1931 2392 2074 2446 μου·

497 2461 578 2514 ἐτι
615 2460 724 2530 γάρ
750 2460 1061 2529 οίκειοῦμαι
1096 2463 1266 2532 αὐτὴν
1292 2502 1307 2528 ,
1357 2464 1452 2518 καὶ
1505 2463 1626 2517 ούδέ
1680 2464 1967 2536 παύσομαι
1997 2468 2079 2521 οἱ-

497 2550 817 2620 κειούμενος
843 2588 859 2616 ,
891 2550 986 2602 καὶ
1027 2548 1115 2602 ἐπ’
1146 2551 1286 2621 αὐτῇ
1325 2550 1713 2621 καυχώμενος.
1745 2553 2079 2625 Προσφωνή-

498 2658 626 2696 σατε
651 2640 848 2711 δικαίῳ
879 2641 1037 2711 ἡμῶν
1067 2642 1165 2694 καὶ
1204 2643 1333 2705 τοὺς
1364 2642 1459 2696 τοῦ
1487 2644 1796 2713 μακαρίτου
1824 2644 2076 2716 Λήμνουο

497 2733 593 2788 καὶ
635 2735 766 2795 τοὺς
798 2733 1003 2797 καλούς
1056 2733 1163 2803 μού
1219 2750 1354 2789 ποτε
1394 2736 1758 2808 συντρόφους,
1801 2738 1933 2803 τοὺς
1977 2738 2080 2810 τῆς

499 2825 841 2895 εύεργέτιδός
873 2842 976 2896 μου
1010 2826 1175 2894 ἁγίας
1211 2826 1503 2898 Εὐφημίας
1532 2829 1859 2899 κληρικούς·
1892 2831 1943 2885 οἳ
1986 2835 2083 2888 καὶ

498 2917 920 2987 γινωσκέτωσαν
944 2956 960 2981 ,
1009 2917 1092 2971 ὅτι
1120 2956 1136 2980 ,
1175 2916 1365 2988 ὥσπερ
1429 2921 1530 2973 οὐκ
1585 2920 1825 2990 ἐμαυτοῦ
1852 2964 1867 2989 ,
1905 2922 2083 2991 οὕτως

497 3007 621 3063 οὐδέ
669 3007 854 3062 αὐτῶν
909 3007 1364 3079 ἐπιλανθάνομαι.
1418 3010 1480 3063 Et
1538 3009 1593 3065 δὲ
1655 3015 1733 3083 μὴ
1791 3014 1887 3067 καὶ
1945 3016 2081 3086 πρὸς

2176 2181 2291 2251 οἷός
2334 2203 2401 2257 με
2435 2186 2726 2257 διεξέφυγε
2780 2189 2934 2260 παρὰ
2980 2188 3154 2261 βραχὺ
3215 2188 3494 2261 Ῥαδηνδς,
3527 2194 3555 2245 6
3586 2191 3768 2246 κάλλι-

2182 2296 2309 2343 στος
2337 2280 2514 2350 φίλος,
2549 2281 2578 2333 6
2607 2280 2704 2334 καλ⁸
2742 2282 2953 2350 γλυκὺς
2998 2285 3197 2349 είπεῖν,
3231 2284 3327 2338 καὶ
3357 2285 3566 2355 πρᾶξαι
3596 2287 3765 2355 ταχὺς

2181 2373 2278 2424 καὶ
2311 2373 2580 2444 ἐπιτυχής
2605 2390 2618 2403 ·
2655 2374 2685 2427 6
2719 2375 2923 2446 θερμὸς
2990 2376 3374 2445 εὐεργετῆσαι,
3418 2378 3518 2434 καί⁵
3548 2381 3629 2441 εἰς
3662 2379 3762 2432 ἀν-

2180 2461 2511 2536 τιληπτικὴν
2548 2465 2925 2538 χειραγωγίαν
2950 2466 3238 2538 εῦδρομος.
3298 2468 3551 2531 ’Δλλ“είς
3577 2470 3768 2525 τοῦτον

2181 2554 2333 2609 οὐδὲν
2362 2556 2471 2628 χρὴ
2496 2559 2821 2625 κοπωθῆναι
2838 2560 3008 2632 ἡμᾶς.
3056 2562 3199 2616 Ἀλλ’
3219 2564 3247 2617 6
3267 2562 3467 2634 κύριος
3491 2563 3764 2631 Στέφανος

2180 2647 2281 2719 τὴν
2336 2648 2739 2723 ἐξαδελφότητα
2794 2652 3171 2723 δυσωπηθεὶς,
3228 2653 3451 2725 ἁμυδρᾷ
3510 2654 3611 2723 μὲν
3667 2656 3762 2711 καὶ

2184 2739 2477 2812 φειδομένῃ
2537 2745 2602 2814 τῇ
2657 2745 2835 2815 φωνῇ,
2901 2744 3341 2817 προσαγορεύσει
3398 2745 3446 2799 δ’
3494 2741 3609 2808 οὖν,
3664 2746 3765 2813 ἀφ’

2182 2835 2343 2905 ἡμῶν
2381 2836 2690 2905 ἀπαγαγὼν
2722 2838 2821 2905 τὴν
2851 2839 3010 2907 χεῖρα
3046 2836 3223 2908 βραχύ
3252 2855 3311 2891 τι
3343 2836 3437 2891 τοῦ
3467 2838 3755 2907 στόματος.

2196 2924 2259 2981 Ὀ
2294 2926 2658 2997 ’Δντιοχείτης
2686 2928 2768 2990 είς
2795 2927 3167 2999 μελαντηρίαν
3199 2928 3295 2982 ἐπὶ
3324 2928 3531 2991 τούτοις
3555 2927 3759 2998 βάπτε-

2183 3035 2297 3085 ται,
2326 3019 2494 3073 πολὺν
2527 3021 2970 3095 προδεδλημένος
2992 3023 3082 3078 τοῦ
3113 3025 3414 3096 προσώπου
3449 3027 3539 3079 τον
3558 3019 3757 3096 ὣχρον.

497 3101 731 3171 πρᾶγμα
786 3101 1069 3170 ἐκφαίνειν
1118 3102 1278 3156 τοῦτο
1311 3102 1629 3173 δεδύνημαι,
1681 3106 1836 3160 οὐδὲν
1868 3106 2078 3180 θαῦμα·
2111 3134 2156 3191 c
2186 3112 2282 3164 καὶ
2310 3112 2436 3174 τοὺς
2467 3112 2786 3184 ὀφθαλμοὺς
2817 3116 3006 3185 ἀγριοῖ
3038 3121 3288 3186 συνάγων
3337 3120 3420 3182 είς
3448 3120 3640 3190 ὀργὴν,
3667 3120 3760 3173 καὶ

497 3193 650 3247 οΰπω
702 3193 811 3263 γὰρ
851 3193 1063 3263 καιρός.
1110 3194 1216 3247 Τὸν
1290 3197 1758 3264 πανεντιμότατον
1816 3199 2084 3271 δεσπότην

501 3301 606 3353 μου
640 3285 733 3338 τὸν
772 3286 1064 3338 σακελλίου
1098 3288 1193 3339 κα)⁸
1227 3286 1422 3357 παρὼν
1451 3288 1823 3360 ἐσεόαζόμην,
1857 3294 1953 3346 καὶ
1984 3294 2081 3348 νῦν

503 3376 608 3429 οὐκ
632 3374 808 3438 ἄλλως
831 3376 1136 3444 διάκειμαι.
1177 3376 1468 3445 Δηλώσατε
1502 3376 1597 3433 οὗν
1626 3380 1789 3435 τοῦτο
1814 3386 1882 3456 τῇ
1911 3385 2080 3438 αὐτοῦ

500 3469 782 3542 τιμιότητι
815 3470 1292 3540 προσκυνητικῶς.
1329 3470 1660 3526 Γινωσκέτω
1691 3473 1772 3539 δὲ,
1805 3475 1911 3543 ὅτι,
1944 3479 2075 3546 περὶ⁸

498 3552 563 3613 οὗ
599 3558 1089 3630 παρηγγέλθημεν,
1150 3560 1442 3629 ζητοῦντες
1494 3563 1597 3616 οὐκ
1658 3564 2080 3634 ἀναπίπτομεν·

497 3652 527 3706 ὃ
573 3653 632 3707 δέ
667 3652 920 3721 θέλομεν,
970 3636 1069 3725 οὐχ
1122 3655 1461 3726 εὑρίσκομεν
1488 3672 1503 3687 ⁸
1538 3657 1673 3711 ἀλλὰ
1709 3658 1933 3722 ἐλπίδας
1985 3659 2084 3728 μὲν

498 3746 561 3800 ού
613 3745 885 3816 στεθεράς
936 3745 1135 3817 ἔχομεν
1193 3745 1562 3821 ἐξευρίσκειν,
1613 3748 1992 3819 ἐντελέστερον
2021 3750 2079 3804 δέ

497 3834 653 3891 οὔπω
714 3837 866 3891 ούδέν
919 3838 1141 3909 ἔχομεν.
1188 3836 1247 3892 Ὀ
1299 3837 1633 3906 λογιώτατος
1684 3838 2007 3903 διδάσκαλος
2055 3840 2085 3893 6

498 3931 650 3985 δεῖνα
706 3931 753 3982 εί
788 3929 882 3982 καὶ
919 3928 1445 3998 κατανωτισάμενος
1476 3930 1626 4000 ἡμᾶς
1677 3927 1847 3992 ἔοικε,
1898 3929 2083 3996 λέγειν

501 4021 667 4086 αἰδὼς
705 4022 765 4074 ἐν
794 4020 1118 4091 ὀφθαλμοῖς⁸
1143 4019 1263 4074 ἀλλ’
1286 4020 1444 4089 ὑμεῖς
1477 4020 1758 4092 ἡμετέραν
1784 4020 1932 4091 αὐτῷ
1963 4021 2084 4075 δια-

499 4109 804 4182 κομίσασθε
837 4111 1160 4180 πρόσρησιν,
1217 4108 1335 4179 ἃμα
1375 4111 1471 4163 καὶ
1520 4110 1917 4176 ύπολα).οῦντες
1946 4111 2084 4164 ὀνει-

499 4203 914 4273 διστικώτερον,
950 4201 1034 4254 ὅτι
1065 4201 1168 4254 οὐκ
1201 4199 1345 4254 εἶναι
1373 4201 1555 4271 πάντη
1599 4202 1798 4272 ψευδὲς
1849 4203 1995 4255 ἔοικε
2024 4204 2085 4256 τὸ

500 4295 595 4348 τοῦ
652 4292 963 4347 Εὐσταθίου
1026 4292 1344 4363 ὑπονόημα,
1403 4293 1487 4346 ὅτι
1520 4293 1590 4346 τά
1645 4294 1939 4348 τελευταῖα
1985 4295 2083 4348 τοῦ

501 4386 669 4457 φίλου
691 4385 977 4455 ἀποθύμια
1002 4379 1148 4456 ἦσαν
1180 4383 1353 4455 αὐτῷ’
1380 4385 1441 4438 ού
1467 4385 1577 4456 γὰρ
1611 4385 1678 4438 ἂν
1709 4387 1792 4450 εἰς
1825 4385 2084 4439 τοσοῦτον

2188 3205 2530 3273 παραδλέπει
2563 3208 2666 3277 τὴν
2696 3208 3015 3279 ἐπιστολὴν,
3051 3211 3157 3265 ποῦ
3190 3229 3325 3266 ποτε
3356 3213 3531 3284 αὐτῆς
3561 3217 3757 3269 κεῖται.

2187 3298 2295 3350 Καὶ
2330 3298 2442 3355 ίδοὶι
2489 3300 2587 3356 καὶ
2619 3301 2783 3366 αὐτὸς
2821 3306 2917 3356 καὶ
2963 3305 3133 3374 ἐχέτω
3161 3306 3366 3371 καλῶς,
3402 3308 3757 3379 βοηθούμενος

2186 3390 2253 3442 ἐκ
2280 3391 2444 3458 Θεοῦ,
2482 3394 2575 3445 καὶ
2603 3394 2905 3464 μεμνήσθω
2935 3395 3118 3465 ἡμῶν.
3168 3396 3298 3450 Ἐὰν
3327 3397 3385 3451 δέ
3410 3401 3756 3471 προσκυνήσει

2185 3478 2282 3549 ἀφ’
2314 3481 2471 3550 ἡμῶν
2502 3482 2594 3534 τὸν
2626 3484 3048 3552 παναγιώτατόν
3084 3503 3186 3552 μου
3216 3487 3506 3558 δεσπότην,
3536 3488 3628 3541 τὸν
3650 3507 3753 3541 παο

2184 3572 2464 3643 τριάρχην
2503 3571 2865 3643 θεουπόλεως,
2897 3576 2997 3629 καὶ
3035 3576 3391 3649 ἐξαιτήσηται
3416 3579 3543 3650 ἡμῖν
3564 3580 3751 3647 εὐχὴν,

2186 3663 2635 3736 εὐχαριστοῦμεν.
2667 3666 2839 3736 αὐτῷ,
2892 3666 2969 3730 ὡς
3020 3667 3144 3722 ἀντὶ
3185 3667 3521 3740 βραχυτάτης
3546 3668 3748 3739 ταύτης

2186 3756 2482 3826 ἐπιστολῆς
2522 3758 2817 3830 ἐπιστολὴν
2842 3760 3112 3816 ἀντιδόντι
3164 3762 3461 3834 άγιασμοῦ.
3487 3764 3756 3834 Πραγμά-

2184 3849 2373 3902 τευσαί
2423 3867 2513 3919 μοι
2559 3852 2655 3903 καὶ
2702 3851 2790 3915 σὺ,
2841 3847 2886 3906 ὦ
2918 3852 3075 3924 κύριε
3136 3855 3382 3927 Ἰωάννη,
3412 3857 3575 3927 εὐχὴν
3602 3857 3760 3923 ἀγὶου

2187 3938 2407 4009 ἀνδρὸς,
2465 3940 2560 3994 τοῦ
2622 3942 3063 4014 Τετραγωνίτου,
3096 3944 3186 4001 διά
3241 3947 3413 4015 μέσου
3459 3946 3554 4002 τοῦ
3586 3948 3763 4017 φίλου,

2185 4031 2282 4085 τοῦ
2339 4030 2585 4105 μαθητοῦ
2636 4035 2852 4091 ἐκείνου
2880 4054 2895 4070 '
2932 4037 2991 4091 6v
3026 4039 3121 4092 καὶ
3150 4041 3423 4111 πρόσειπε
3456 4043 3549 4112 ἀφ’
3581 4046 3763 4112 ἡμῶν.

2188 4124 2345 4179 Οὕτω
2374 4126 2433 4180 δέ
2462 4132 2559 4180 καὶ
2596 4128 2687 4181 τὸν
2716 4131 3015 4199 γενόμενόν
3036 4149 3169 4185 ποτε
3190 4132 3479 4198 Ξανθείας·
3513 4138 3767 4207 εὑρήσεις

2186 4216 2297 4288 γάρ
2324 4235 2426 4272 που
2456 4219 2553 4272 καὶ
2581 4221 2766 4285 αὐτὸν,
2796 4224 2888 4277 καὶ
2917 4224 3282 4293 ἀναδιδάξεις,
3309 4228 3394 4283 ὅτι
3428 4230 3767 4299 ὑγιαίνομεν,

2190 4311 2534 4381 μεμνημένοι
2580 4313 2769 4381 αὑτοῦ,
2806 4315 2943 4388 ὅπερ
2991 4317 3077 4371 διὰ
3110 4321 3330 4390 γραφῆς
3357 4323 3631 4392 ἡμετέρας
3666 4343 3771 4391 μα-

2187 4401 2301 4454 θεῖν
2333 4401 2587 4472 ἡξίωσεν.
2642 4405 2704 4458 ΕΞ
2752 4406 2809 4461 δὲ
2858 4408 2953 4461 καὶ
2997 4408 3089 4461 τὸν
3141 4409 3292 4463 δεῖνα
3352 4411 3599 4483 ἰσχύσεις
3665 4433 3773 4467 που

501 4478 882 4577 iamut}?
932 4476 1027 4530 τὸν
1075 4478 1224 4577 «fw
1260 4478 1545 4577 γνώριμον
1566 4477 1741 4577 κοῦτω
1767 4479 1906 4577 Ταχὺ
1947 4480 2081 4577 dm}
2106 4494 2157 4555 ι)
2187 4494 2338 4562 ίδεῖν,
2373 4495 2447 4565 μὴ
2481 4497 2722 4572 ὀκνήσῃς
2753 4504 3100 4568 προσειπεῖν,
3128 4501 3210 4555 ὅτι
3243 4476 3555 4575 Maecio»;
3584 4476 3775 4577 (mn-

505 4567 700 4637 μαθεν.
744 4567 895 4621 Ἔδει
933 4583 1001 4637 με
1054 4566 1152 4620 τοῦ
1210 4583 1346 4621 ποτε
1392 4569 1451 4621 ἐν
1502 4568 1617 4631 τοῖς
1671 4568 1914 4639 πρώτοις
1972 4570 2081 4623 τῶν

502 4659 694 4730 φίλων,
753 4657 850 4713 τοῦ
904 4659 1241 4727 λογιωτάτου
1302 4661 1473 4724 δεῖνος
1504 4701 1519 4725 ,
1561 4661 1696 4732 μηδέ
1757 4663 2077 4733 μνησθῆναι

500 4752 562 4805 τὺ
601 4752 850 4818 σύνολον,
889 4752 1125 4821 πρᾶγμα
1181 4750 1446 4816 παθόντος
1500 4752 1532 4823 ἢ
1594 4753 1692 4807 καὶ
1745 4755 2083 4825 ποιήσαντος

501 4847 633 4914 ¹ἡμῖν
682 4845 1137 4915 ἀκαραδόκητον,
1193 4845 1296 4915 τὴν
1354 4845 1434 4908 είς
1486 4842 1746 4900 τοσοῦτον
1779 4848 1952 4920 λήθην
1989 4849 2084 4904 καὶ

502 4938 771 5008 τοσαύτην
801 4938 961 5011 σιγὴν
990 4938 1088 4991 καὶ
1121 4937 1458 4992 ἀνάπτωσιν.
1492 4939 1559 4992 Τί
1595 4941 1705 5012 γὰρ
1734 4944 1831 4995 καὶ
1864 4942 2010 5014 προδ
2020 4961 2082 4996 α-

500 5028 698 5097 λεῖται,
727 5029 779 5080 εί
826 5029 903 5099 μὴ
940 5030 1102 5099 τυχὸν
1125 5031 1229 5099 τῆς
1255 5028 1694 5099 Μεγαλοπόλεως
1722 5033 1957 5102 γέγονεν
1992 5033 2083 5085 εκ-

502 5121 676 5190 δημος
703 5135 718 5186 ;
750 5120 921 5195 Τοῦτο
951 5120 1059 5191 γὰρ
1088 5122 1187 5175 καὶ
1233 5125 1394 5191 μόνον
1427 5122 1580 5191 αύτῷ
1614 5124 1752 5193 πρὸς
1781 5126 2082 5193 ἀπολογίαν

505 5214 693 5269 ἱκανὸν
740 5215 1072 5268 ἐκκείσεται.
1116 5214 1260 5268 Ἀλλ’
1302 5213 1415 5283 ἐγὼ
1449 5217 1768 5286 μέμνημαι,
1816 5220 1914 5270 καὶ
1962 5218 2084 5275 οὐδέ

502 5306 787 5377 πεύσομαι
815 5305 960 5359 οὕτω
992 5304 1187 5359 ποιῶνο
1228 5306 1326 5358 καὶ
1352 5307 1596 5374 γενέσθω
1623 5307 1783 5361 τοῦτο
1823 5309 1981 5379 δῆλον
2015 5312 2082 5379 τῇ

499 5400 694 5469 ἀγάπῃ
721 5396 915 5451 αὐτοῦ.
948 5395 1208 5451 Ἀκούετε
1237 5412 1340 5451 που
1365 5398 1496 5468 περί
1537 5413 1648 5451 που
1683 5399 1752 5452 τὰ
1783 5399 1877 5451 τοῦ
1914 5399 2083 5469 φόρου

501 5491 752 5560 νοτάριον
801 5489 895 5542 τὸν
944 5489 1121 5555 δεῖνα,
1175 5488 1455 5560 γνώριμον
1514 5492 1645 5561 ἡμῖν
1709 5491 1771 5542 ἐκ
1824 5488 2119 5546 παλαιοῦ(

503 5574 670 5644 Οὗτος
725 5580 827 5632 οὐκ
893 5578 1112 5652 ὤκνησε
1200 5580 1269 5633 δι’
1332 5581 1625 5651 ἐπιστολῆς
1688 5581 2082 5652 προσφωνῆσαι

501 5672 672 5739 ἡμᾶς.
719 5674 1093 5742 Ἀμειδόμεθοι
1145 5672 1240 5729 οὖν
1285 5676 1381 5729 καὶ
1411 5677 1570 5747 ἡμεῖς
1603 5675 1767 5728 αὑτὸν
1802 5675 1913 5738 τοῖς
1948 5676 2083 5739 ἴσοις

501 5762 585 5816 διὰ
615 5764 714 5834 τῆς
746 5767 1015 5837 ὑμετέρας
1060 5766 1301 5837 ἀγάπης.
1338 5769 1563 5840 Νομίζω
1590 5810 1604 5838 ,
1646 5769 1763 5833 τοῖς
1799 5785 2077 5839 πανιερω-

2187 4599 2279 4637 σεν
2342 4585 2637 4656 ἐγγράφως
2686 4587 2999 4657 μεμνῆσθαι
3042 4590 3223 4660 ἡμῶν.
3290 4595 3554 4662 Ὀκνεῖτε,
3585 4590 3777 4667 οἶμαι,

2183 4674 2281 4737 τὰς
2326 4675 2629 4744 ἀγγαρείας
2662 4677 2866 4742 ταύτας
2893 4718 2910 4742 ,
2936 4675 2981 4734 ὧ
3019 4682 3454 4761 σπουδαιότατοι,
3486 4688 3585 4739 καὶ
3628 4688 3777 4741 ἀνα-

2185 4768 2438 4820 πίπτετε·
2473 4773 2567 4820 καὶ
2594 4771 2769 4843 ταῦτα
2823 4772 2950 4827 οὔτε
2982 4774 3223 4841 σταδίοις
3261 4775 3387 4832 οὔτε
3422 4779 3627 4850 μιλίοις
3661 4784 3780 4852 ὀρι-

2185 4858 2445 4927 ζομένας,
2476 4861 2613 4915 ἀλλὰ
2647 4865 2745 4926 τὰς
2777 4865 3000 4930 πλείους
3062 4867 3300 4933 ἐνοδίους
3359 4875 3773 4943 γενησομένας.

2197 4949 2321 5004 Ἐὰν
2368 4950 2426 5004 δέ
2461 4951 2620 5022 ὑμεῖς
2669 4953 2842 5022 οὓτω,
2886 4956 2970 5022 τίς
3004 4958 3071 5011 ἂν
3104 4959 3193 5031 εἴη
3240 4964 3270 5014 6
3317 4964 3454 5034 πρὸς
3481 4966 3781 5031 τοσούτους

2188 5042 2398 5113 μέλλων
2428 5047 2791 5117 ἐγχαράττειν
2825 5051 3043 5119 γραφάς
3073 5068 3090 5120 ;
3117 5053 3280 5115 Ἐμοὶ
3311 5055 3369 5108 δὲ
3395 5055 3551 5109 οῦπω
3594 5061 3782 5129 πέρας

2185 5133 2255 5188 τά
2287 5134 2478 5204 φιλικά
2532 5137 2774 5205 ὀνόματα
2806 5140 2983 5211 ἔσχεν,
3016 5142 3133 5196 ἀλλ’
3159 5145 3408 5215 ἐπιρρέει
3454 5147 3553 5218 οὐχ
3607 5143 3781 5220 ἦττον

2186 5227 2218 5296 ἧ
2249 5228 2327 5299 τῷ
2370 5227 2657 5299 Ὁμηρικῷ
2701 5232 3011 5305 Λαερτιάδη
3042 5233 3113 5287 τὰ
3170 5238 3271 5304 τῆς
3300 5241 3518 5302 νεκυίας
3549 5242 3780 5296 εἴδωλα·

2187 5320 2385 5374 εἴδωλα
2431 5320 2541 5391 γάρ
2594 5341 2710 5386 πως
2742 5324 2837 5376 καὶ
2892 5325 3055 5388 αὐτὸς
3086 5325 3190 5396 τῆς
3220 5327 3330 5380 τῶν
3380 5330 3552 5397 φίλων
3579 5332 3781 5399 οὐσίας

2186 5410 2340 5465 καλῶ
2388 5414 2456 5466 τὰ
2485 5415 2748 5484 ὀνόματα.
2782 5416 2996 5470 Οὐκοῦν
3057 5419 3178 5471 κατ’
3226 5422 3438 5474 ἐκεῖνον
3490 5424 3640 5478 ἕλκω
3683 5430 3784 5479 καὶ

2185 5502 2345 5567 αὐτὸς
2372 5503 2432 5556 τὸ
2459 5502 2609 5573 ξίφος
2629 5506 2689 5558 τὸ
2718 5509 2983 5575 τμητικὸν
3004 5509 3102 5578 τῆς
3124 5511 3438 5581 ἐπιστολῆς,
3455 5515 3781 5570 7.01612630-

2186 5591 2266 5645 6ὦ
2311 5593 2378 5646 τά
2426 5595 2795 5666 ἐπερχόμενα,
2832 5596 2928 5650 καὶ
2970 5597 3132 5650 παύω
3162 5599 3303 5668 ὑμᾶς
3330 5599 3424 5653 τοῦ
3457 5602 3777 5672 ἀσχάλλειν.

2188 5685 2290 5738 Καὶ
2318 5682 2426 5753 ἐγὼ
2462 5686 2564 5755 μέν
2597 5684 2741 5740 οὕτω
2765 5687 3039 5754 ,δεδοικὼς
3076 5692 3174 5763 τὴν
3206 5692 3476 5762 ὑμετέραν
3516 5696 3777 5766 Κίρκην,

2187 5776 2307 5846 ἣτις
2356 5779 2552 5849 ῥᾳδίως
2596 5779 2739 5834 οὕτω
2784 5782 2911 5848 τοὺς
2938 5780 3263 5853 ἀνθρώπους
3291 5785 3613 5853 ἀποθηριοῖ,
3653 5789 3778 5843 ὅσοι

3940 356 3983 389 ,ιε
