4032 6214
425 249 562 311 1291

1208 259 1634 321 EUSTATHII
1674 262 1778 320 ΤΠ
1792 258 2442 320 ESSALONICENSIS
2475 258 2893 321 EPISTOL/E.

3557 260 3683 327 1298

416 374 493 441 μὴ
533 369 1011 439 προσφθέγγονται
1046 373 1200 442 ἡμᾶς
1222 388 1237 404 ⁸
1276 375 1380 443 ἤδη
1413 375 1470 428 δὲ
1513 375 1610 428 καλ⁸
1658 376 1686 428 6
1737 375 1907 439 δεῖνα,
1933 376 1992 429 δν
2022 393 2064 443 Α
2095 373 2258 443 ἡμεῖς
2290 372 2340 425 οί
2373 372 2562 443 μικροὶ
2588 374 2805 443 ἔχομεν,
2841 372 2978 426 ἀλλά
3041 371 3135 428 καὶ
3186 373 3324 444 μετά
3367 336 3555 444 δώρων
3589 392 3684 444 με-

409 465 573 534 ὑμεῖς
606 463 730 517 κατ’
773 467 989 535 ἐκείνην
1040 466 1136 535 τὴν
1192 467 1362 520 πάλαι
1396 468 1475 535 τῷ
1531 455 1849 538 καθ”ύμᾶς
1891 487 1990 522 κυ-

407 557 575 610 κεῶνι
629 556 713 618 είς
763 558 946 625 χοῖρον
1000 557 1459 626 μετεσκευάσατε.
1499 560 1697 614 Ἀλλον
1722 561 1831 631 γάρ
1866 578 1988 614 τινα

409 647 520 702 τῶν
553 647 857 718 ὑμετέρων,
898 647 973 718 μὴ
1024 648 1236 716 γένοιτο
1289 650 1440 721 ὑμῖν.
1485 652 1828 721 ’Δρκούντως
1878 652 1990 723 γὰρ

409 743 456 794 οῖ
490 740 669 793 λοιποὶ
714 740 776 791 τὸ
822 741 917 793 τοῦ
960 741 1164 812 Ἐρμοῦ
1198 741 1351 810 μῶλυ
1382 742 1612 814 φέρουσι
1640 746 1855 812 φωνὴν,
1893 746 1989 799 καὶ

410 837 574 898 αὐτὸς
608 836 1010 905 ἀναλαμϐάνει.
1049 838 1158 893 Καὶ
1187 838 1248 890 οὐ
1295 839 1436 892 κατὰ
1483 840 1574 893 τόν
1619 840 1862 911 Γρύλλον
1890 839 1986 893 τοῦ

410 926 739 995 Χαιρωνέως
770 926 959 996 σοφοῦ,
997 928 1130 982 ἀλλά
1162 931 1302 984 κατά
1350 930 1445 983 τὸν
1487 931 1658 995 δντως
1699 931 1989 1004 ἄνθρωπον

410 1018 745 1089 φθέγξεται*
775 1019 989 1072 καὶτὸν
1019 1018 1267 1074 κυκεῶνα
1318 1021 1449 1091 ἡμῖν
1504 1023 1841 1093 περιτρίψει,
1894 1025 1989 1078 καὶ

411 1116 650 1183 ποιήσει,
696 1114 771 1182 μὴ
817 1113 1043 1169 τοιαῦτα
1091 1115 1257 1169 αὐτοῦ
1308 1117 1823 1185 καταφθέγγεσθαι.
1874 1119 1987 1172 Kal

417 1205 673 1276 (νομίζω)
705 1205 933 1274 εὖξησθε
962 1207 1049 1272 ἂν,
1088 1209 1246 1276 σιγᾷν
1277 1209 1442 1262 αὐτὸν
1466 1209 1553 1262 διὰ
1585 1209 1785 1280 βίου,ῆ
1817 1209 1991 1264 θέλειν

410 1294 672 1363 γράφειν.
740 1291 894 1348 Εἶδον
952 1294 1062 1366 γὰρ
1124 1297 1286 1349 αὐτὸν
1362 1297 1509 1351 κατά
1548 1297 1645 1367 τὴν
1700 1299 1993 1370 κωμῳδίαν

408 1387 671 1451 όξιλέιλον
729 1386 916 1440 όδὸντα
986 1388 1269 1458 θήγοντα,
1336 1393 1429 1442 καὶ
1491 1390 1669 1460 θυμοῦ
1724 1391 1982 1446 πνέοντα.

422 1478 484 1531 Ὀ
526 1477 659 1539 Θεὸς
711 1478 947 1548 φυλάξαι
1005 1481 1152 1551 ὑμᾶς
1199 1480 1373 1551 ὑγιεῖς
1429 1483 1525 1535 καὶ
1563 1484 1767 1547 παντὸς
1817 1484 1991 1538 κακοῦ

409 1567 663 1630 ἀπαθεῖς.
718 1570 823 1625 Kal
874 1572 1265 1643 ἀντιγράψοιτε
1298 1573 1452 1643 ἡμῖν,
1490 1571 1546 1626 εί
1577 1591 1632 1627 τι
1666 1573 1833 1627 καλόν
1854 1589 1868 1603 ·
1894 1575 1992 1627 καὶ

416 1661 523 1731 πρὸ
553 1662 771 1716 πάντων
802 1662 883 1726 είς
920 1663 1128 1727 πλάτος
1156 1662 1225 1717 τὰ
1265 1662 1361 1717 τοῦ
1400 1661 1668 1734 κραταιοῦ
1701 1667 1799 1719 καὶ
1830 1666 1989 1733 ἀγίου

2095 463 2304 533 μνήσῃ,
2323 464 2640 518 καὶτούτων
2673 467 3117 536 μεγαλοπρεπῶν
3147 469 3239 521 καὶ
3257 467 3424 533 ἀξίων
3448 466 3642 521 πολλοῦ
3665 483 3680 499 ο

2093 553 2188 607 καὶ
2214 554 2474 609 οὐδέποτε
2506 556 2719 629 παύσῃ,
2751 558 2861 611 τῶν
2900 558 3194 613 Εὐϐοιόθεν
3226 558 3447 630 ὡραίων
3475 559 3680 627 καρπί-

2095 663 2233 716 μων,
2278 649 2380 702 ὄσα
2426 650 2545 714 τοῖς
2592 650 2734 704 κατά
2779 651 2878 722 τὴν
2929 651 3204 716 Βύζαντος
3388 651 3674 720 τιμῶνται,

2091 741 2227 809 ημῖν
2258 741 2401 795 κατά
2437 743 2717 814 ποταμοὺς
2750 744 3055 799 ἐπαντλῶν.
3092 744 3279 810 Οὕτως
3312 743 3677 817 εὐδαιμονοῦ-

2095 847 2199 900 μεν
2221 832 2385 900 ἡμεῖς
2410 832 2495 886 διὰ
2521 833 2583 888 σέ
2601 849 2616 864 ⁶
2646 832 2821 898 οὕτως
2846 834 3188 906 ἀναπληροῖς
3214 839 3349 907 ἡμῖν
3371 837 3432 890 τὸ
3458 837 3636 890 ἐνδέον
3654 851 3676 871 ο

2090 923 2269 987 οὕτως
2311 926 2393 988 είς
2439 923 2677 979 Εὐϐοιαν
2726 929 3163 997 μετασκευάζεις
3210 932 3306 983 καὶ
3356 935 3676 1000 μεταποιεῖς

2090 1014 2294 1087 ταύτην
2320 1016 2421 1086 τὴν
2454 1016 2582 1070 καθ’
2602 1018 2754 1088 ἡμᾶς
2781 1035 2795 1051 ’
2828 1017 2973 1072 οὕτω
3003 1020 3102 1083 τάς
3133 1021 3420 1091 ἀποθήκας
3452 1024 3681 1093 ἀνευρύο

2091 1123 2256 1176 νομεν
2286 1107 2374 1160 διὰ
2407 1108 2508 1173 σὲ,
2540 1109 2635 1162 καὶ
2670 1109 2868 1180 ἔχομέν
2902 1127 2962 1164 σε
2997 1111 3259 1183 ἄντικρυς
3291 1113 3505 1184 ἐτήσιον
3537 1115 3675 1183 ἄφε-

2092 1216 2205 1265 νος,
2248 1200 2281 1271 ἢ
2325 1201 2617 1271 Δήμητρος
2660 1203 2992 1272 καινοτάτην
3034 1204 3233 1269 ἀκτήν.
3272 1204 3348 1258 Οὐ
3395 1206 3502 1276 μὴν
3537 1206 3676 1261 ἀλλά

2090 1292 2188 1346 καὶ
2234 1290 2594 1357 Κυκλώπειος
2634 1293 2841 1364 ὄμϐρος
2882 1294 3048 1366 ὥριος
3090 1297 3223 1366 ἡμῖν
3266 1298 3671 1369 ἐπιῤῥήγνυταί

2092 1401 2199 1445 σοι,
2228 1384 2490 1456 ἄσπαρτα
2515 1385 2609 1438 xal
2634 1386 2876 1456 ἀνήροτα
2905 1387 3065 1440 πάνθ’
3088 1389 3218 1458 ἡμῖν
3245 1389 3475 1441 αὐτόθεν
3504 1390 3675 1453 ἀνιείς

2089 1476 2158 1528 τὰ
2195 1476 2402 1544 ἀγαθά.
2438 1476 2504 1529 Τί
2549 1494 2641 1547 μοι
2682 1478 2710 1531 ό
2751 1478 3089 1548 καθημέριος
3123 1483 3222 1550 τῆς
3266 1481 3541 1550 ποιήσεως
3587 1480 3675 1550 βό-

2089 1584 2225 1634 τρυς
2250 1583 2266 1630 ;
2305 1565 2365 1620 δν
2393 1566 2632 1637 ἀλλαχοῦ
2662 1585 2720 1621 τε
2751 1569 2855 1638 γῆς
2889 1569 3212 1639 βλαστάνειν
3240 1572 3269 1624 6
3295 1572 3474 1639 γέρων
3505 1572 3677 1641 μῦθος

2095 1661 2434 1728 σεμνολογεῖ,
2468 1662 2563 1713 καὶ
2595 1663 2685 1713 ναὶ
2722 1660 2785 1729 δὴ
2822 1662 2918 1716 καὶ
2954 1663 3083 1734 περὶ
3116 1663 3320 1734 ταύτην
3354 1660 3422 1736 ἦν
3454 1665 3541 1717 ὅτε
3575 1665 3675 1733 τὴν

415 1755 575 1825 ἡμῶν
610 1754 876 1824 βασιλέως
928 1754 1315 1824 ἀριστεύματα
1342 1770 1359 1788 ο
1405 1754 1442 1809 ἀ
1479 1757 1827 1827 περιᾴδονται
1863 1758 1984 1828 μὲν,
2018 1761 2062 1815 Β
2093 1753 2232 1805 κατά
2259 1751 2340 1814 σὲ.
2367 1753 2462 1820 ἀφ’
2482 1746 2655 1823 οὗπερ
2679 1754 2953 1823 ὁσημέραι
2980 1756 3212 1818 σπονδὰς
3238 1758 3288 1809 οἱ
3315 1756 3571 1827 ἐγχώριοι
3594 1758 3674 1826 τῷ

413 1849 516 1901 οὐκ
566 1850 647 1911 είς
693 1847 1094 1918 εὐδιάρθρωτον
1136 1848 1193 1901 δὲ
1248 1850 1382 1918 ἡμῖν
1432 1848 1512 1902 ἔτι
1567 1851 1987 1920 περιηχοῦνται.

412 1938 658 1991 Φθονεῖτε
717 1940 827 2009 γὰρ
886 1939 1023 2009 ἡμῖν
1074 1935 1276 2009 (οἶμαι)
1323 1939 1419 1993 τοῦ
1470 1939 1668 2005 καλοῦ,
1707 1940 1795 1995 ἵνα
1833 1942 1989 2012 μόνοι

411 2030 884 2083 καταπολαύοιτε·
932 2030 1032 2084 οὐκ
1069 2031 1296 2095 εἰδότες,
1347 2031 1430 2085 δτι
1493 2033 1591 2086 καὶ
1641 2031 1798 2102 ὐμῶν
1829 2033 1991 2087 ἀκόν-

413 2140 523 2175 των
548 2123 688 2175 αὐτᾶ
725 2121 1203 2191 περιηχησόμεθα.
1233 2124 1332 2177 καὶ
1369 2123 1502 2194 ὑμῖν
1533 2125 1695 2194 χάριν
1731 2125 1990 2192 οὐδεμίαν

415 2214 538 2266 οὐδὲ
589 2213 845 2266 ἐντεῦθεν
902 2212 1180 2281 είσόμεθα.
1216 2216 1285 2267 Ὠ
1336 2233 1426 2286 μοι
1453 2219 1553 2286 τῆς
1581 2216 1782 2287 λήμης,
1815 2217 1861 2271 ὥ
1897 2235 1988 2287 μοι

417 2305 520 2371 τῆς
561 2306 942 2374 παροράσεως,
992 2305 1087 2359 ἐὰν
1135 2305 1316 2370 ἀλλοις
1360 2307 1461 2377 μὲν
1501 2309 1610 2362 τῶν
1652 2305 1825 2376 φίλων
1870 2312 1990 2363 ἐνε-

411 2397 679 2463 τράνισα,
716 2396 808 2449 τὸν
840 2396 897 2449 δὲ
937 2394 1273 2464 λογιώτατον
1307 2397 1455 2453 δεῖνα
1495 2402 1684 2471 ἀφῆκα
1723 2402 1855 2457 ίδεῖν
1880 2417 1896 2433 ⁸
1929 2400 1990 2456 δν

411 2490 573 2557 ὑμεῖς
599 2488 701 2559 ἠΰν
730 2505 786 2541 τε
821 2488 995 2559 μέγαν
1019 2505 1080 2543 τε
1113 2490 1564 2561 προσφωνοῦντες
1594 2494 1654 2547 οὐ
1685 2493 1949 2565 ψεύδεσθε
1971 2514 1986 2528 ·

409 2582 614 2647 ὅμοιον,
643 2580 716 2642 ὡς
746 2580 843 2633 ἐὰν
868 2582 960 2634 καὶ
987 2583 1079 2635 ἐπὶ
1103 2583 1212 2638 τῶν
1238 2585 1371 2653 παρ’
1401 2582 1631 2655 Ὁμήρῳ
1664 2587 1989 2655 Παναχαιῶν

410 2676 535 2737 τούς
578 2676 677 2744 μὲν
709 2674 904 2737 ἀλλους
938 2677 1283 2746 προσέϐλεπέ
1316 2695 1430 2744 τις,
1463 2679 1492 2731 6
1524 2678 1582 2733 δέ
1620 2679 1825 2748 μείζων
1854 2680 1990 2744 Ala;

410 2770 571 2824 αὐτὸν
602 2771 884 2828 ἐλάνθανε.
916 2772 1030 2826 Καὶ
1056 2774 1199 2844 τάχα
1236 2772 1592 2847 παρέδραμεν
1625 2773 1692 2828 ἂν
1723 2773 1818 2825 καὶ
1853 2772 1986 2841 ἐμὲ,

408 2863 555 2917 καθά
594 2865 688 2917 καὶ
728 2865 787 2917 ἐν
823 2867 890 2934 τῇ
930 2864 1136 2937 περαίᾳ
1172 2865 1275 2935 τῆς
1316 2864 1590 2935 βασιλίδος
1628 2865 1737 2918 τῶν
1780 2865 1990 2919 πόλεων

411 2953 538 3017 τούς
579 2955 1008 3031 τιτυσκομένους
1050 2957 1173 3011 κατ’
1201 2953 1403 3017 αὐτοῦ,
1448 2957 1498 3010 ει
1547 2957 1622 3028 μὴ
1667 2960 1734 3028 τῇ
1776 2956 1989 3029 διανοίᾳ

410 3047 964 3115 καταστοχασάμενος
1004 3047 1171 3101 αὐτοῦ
1216 3047 1425 3120 ἔτυχον.
1468 3050 1581 3104 Kal
1621 3049 1732 3104 ίδοῦ
1773 3049 1988 3118 κατέχω

2094 1841 2331 1909 Διονύσῳ
2359 1840 2675 1896 ἀπέθλιϐον.
2708 1842 2847 1896 Ἀλλ’
2873 1844 3099 1908 ἐκεῖνος,
3131 1845 3186 1897 εί
3212 1862 3265 1897 τι
3295 1846 3390 1899 καὶ
3422 1846 3695 1904 πειστέον,

2092 1931 2170 2001 τῷ
2206 1930 2387 2001 μύθῳ,
2423 1930 2619 2001 βότρυς
2651 1927 2740 2002 ἦν,
2774 1935 2869 1985 καὶ
2906 1933 3101 2003 βότρυς
3130 1929 3235 2000 εἷς,
3267 1935 3362 1988 καὶ
3394 1927 3549 1999 οὗτος
3577 1953 3677 1989 τυ·

2091 2024 2186 2095 χδν
2223 2025 2252 2075 6
2292 2024 2574 2094 ὀμφακίας
2600 2041 2614 2055 ·
2652 2025 2748 2079 καὶ
2780 2024 2843 2079 τὸ
2879 2026 3090 2079 ἐκεῖθεν
3123 2025 3443 2096 θλιϐόμενόν
3474 2045 3537 2081 τε
3581 2029 3678 2082 καὶ

2092 2117 2389 2187 ἀπορῤέον,
2420 2118 2548 2170 ὅσον
2574 2116 2643 2170 ἀν
2675 2118 3011 2184 ἀποστάξειε
3047 2120 3243 2187 βότρυς
3263 2136 3278 2152 ο
3310 2121 3384 2181 ὡς
3421 2120 3579 2190 μόλις
3610 2120 3678 2174 ἂν

2089 2205 2152 2258 τὸ
2181 2207 2392 2259 ἐκεῖθεν
2422 2208 2839 2277 ἐκπιεζόμενον,
2870 2211 2922 2262 εί
2947 2227 3030 2273 τις
3061 2211 3146 2278 ἐφ’
3168 2210 3290 2263 ὅλον
3319 2210 3439 2274 ἔτος
3467 2213 3546 2274 είς
3575 2211 3676 2280 ἀγ-

2091 2313 2188 2363 ro:
2232 2296 2315 2349 ἀν·
2340 2298 2696 2366 ἐπισυνάγειν
2737 2299 2934 2365 ἐθέλοι,
2976 2301 3109 2369 μίαν
3154 2303 3404 2373 ἐπιχειλῆ
3444 2303 3674 2373 ποιήσα-

2093 2388 2221 2440 σθαι
2262 2387 2514 2456 λάγυνον.
2561 2389 2633 2442 Σὺ
2675 2389 2721 2442 δ’
2747 2389 2903 2453 ὅλους
2946 2391 3080 2463 ημῖν
3120 2392 3350 2447 αὐτόθεν
3396 2393 3672 2464 ἀμφορεῖς

2091 2480 2334 2551 Διονύσῳ
2373 2481 2733 2553 τελουμένους
2770 2484 2980 2553 όσῶραι
3020 2486 3434 2540 ναυστολεῖσθαι
3476 2490 3670 2551 ποιεῖς,

2091 2573 2187 2626 καὶ¹
2217 2572 2445 2637 τούτους
2480 2575 2747 2646 νέκταρος
2787 2575 3023 2648 ἐρυθροῦ
3064 2577 3187 2631 καθ’
3213 2578 3463 2648 ’Όμηρον
3499 2578 3672 2649 ἀπορ-

2092 2666 2311 2737 ρῶγας,
2342 2667 2439 2721 καὶ
2469 2667 2566 2721 τοῦ
2604 2668 2928 2741 Ἰσμαρικοῦ
2947 2710 2961 2734 ,
2993 2669 3051 2732 δς
3084 2671 3174 2724 καὶ
3199 2670 3288 2725 τὸν
3316 2671 3509 2741 ἄγριον
3537 2671 3673 2731 ὑπέ-

2091 2773 2219 2810 σανε
2260 2757 2580 2827 Κύκλωπα,
2630 2760 2799 2829 μηδὲν
2842 2761 3192 2823 ἀποδέοντας.
3244 2761 3390 2829 Σιγῶ
3435 2762 3535 2825 τὰς
3582 2778 3675 2815 κο-

2088 2847 2408 2920 λυμβάδας·
2451 2850 2527 2905 ἐῶ
2571 2853 2639 2905 τὰ
2682 2852 2899 2916 όξωτά·
2940 2854 3011 2908 τά
3054 2853 3133 2924 τῷ
3176 2853 3371 2924 κιτρίῳ
3415 2851 3475 2906 εὖ
3526 2852 3672 2924 μάλα

2089 2941 2477 3011 κατηρτυμένα
2511 2943 2605 2996 καὶ
2638 2944 2777 3014 πρὸς
2813 2945 3006 3016 ἡδονὴν
3039 2946 3469 3016 ἐσκευωρημένα
3505 2962 3671 2997 σκευ-

2092 3031 2247 3102 άρια.
2278 3031 2343 3084 Τί
2384 3034 2494 3100 γάρ
2536 3052 2627 3102 μοι
2660 3034 2872 3099 τούτοις
2911 3036 3309 3107 ἐνδιατρίϐειν,
3344 3034 3464 3102 ὲξδν
3498 3037 3616 3089 ἐκεῖ
3646 3054 3674 3089 ο

410 3140 575 3192 αιτδν
613 3143 679 3208 τῇ
725 3141 898 3210 ψυχῇ,
941 3142 1038 3194 καὶ
1083 3140 1296 3211 χαίρειν
1342 3142 1669 3212 προσφωνεῖ),
1711 3141 1812 3196 καὶ
1853 3142 1990 3208 ἀξιῶ
2017 3137 2064 3197 ο
2093 3121 2306 3212 είπεῖν,
2337 3123 2421 3175 ὅτι
2449 3140 2555 3193 περ
2582 3124 2948 3178 ἀποπλουτεῖς
2976 3127 3140 3195 ἡμῖν,
3176 3128 3273 3179 καὶ
3300 3126 3381 3179 ὅτι
3412 3125 3552 3179 κατὰ
3582 3126 3673 3177 τὸν

413 3233 637 3300 μνήμην
668 3231 813 3302 ἔχειν
847 3232 1026 3302 ἡμῶν,
1066 3233 1303 3288 στέλλων
1358 3236 1451 3288 καὶ.
1512 3235 1886 3307 προσκύνησιν
1920 3235 1994 3289 δι’

411 3325 577 3379 αὐτοῦ
610 3326 691 3396 τῷ
727 3326 1182 3397 πανεντιμοτάτῳ
1220 3328 1379 3382 δεῖνι.
1412 3330 1687 3399 Πρόσθετε
1722 3331 1789 3399 τῇ
1826 3329 1991 3399 όμάδι

410 3419 518 3471 τῶν
548 3420 1107 3488 προσαγορευομένων
1132 3419 1379 3487 ἀδελφῶν
1408 3421 1507 3475 καὶ
1533 3420 1626 3475 τὸν
1656 3420 1990 3488 λογιώτατον

408 3511 588 3570 δεῖνα,
621 3510 714 3564 τὸν
746 3511 911 3564 καλὸν
944 3513 1074 3580 ἡμῖν
1109 3512 1273 3583 μέχρι
1309 3511 1736 3581 Θεσσαλονίκης.
1768 3512 1841 3565 Τὸ
1879 3512 1989 3579 γὰρ

412 3604 664 3657 ἐντεῦθεν
703 3604 1107 3672 συνταξάμενος
1148 3605 1339 3676 ὥσπερ
1377 3607 1589 3673 ἀφῆκεν
1628 3606 1797 3675 ἡμᾶς.
1826 3604 1993 3657 Ἤθε-

409 3694 502 3747 λον
529 3694 585 3746 δὲ
608 3735 623 3760 ,
654 3694 704 3746 εί
733 3696 1057 3764 ἐπεστράφη
1087 3696 1184 3748 καὶ
1214 3676 1590 3766 προσέϐλεψεν
1614 3711 1632 3728 ο
1662 3697 1727 3750 οὐ
1757 3696 1868 3768 γάρ
1897 3695 1991 3765 δή-

413 3800 518 3841 που
545 3785 781 3839 δέδοικεν
810 3785 1234 3856 όξαλατισθῆναι
1262 3789 1330 3857 τῇ
1360 3788 1692 3859 ἐπιστροφῇ.

696 3970 782 4035 Τῷ
810 3969 1194 4038 Αὐτωρειανῷ
1225 3970 1408 4037 κυρίῳ
1438 3970 1701 4037 Μιχαὴλ.

477 4059 590 4128 Ὣς
633 4061 859 4131 ἀγαθόν
898 4062 1091 4127 ἐστιν,
1134 4061 1480 4130 ἐπωνυμίας
1522 4065 1761 4127 πολλὰς
1801 4062 1988 4130 ἔχειν,

411 4150 585 4215 εἶπεν,
614 4153 672 4206 δν
702 4150 870 4215 οἶδας.
907 4154 1032 4208 Ἐπὶ
1060 4154 1117 4208 δέ
1150 4155 1213 4221 γέ
1247 4172 1332 4207 σοι
1361 4155 1420 4207 τὸ
1448 4154 1692 4213 τοιοῦτον
1717 4156 1991 4225 ἀποϐῆναι

410 4246 491 4307 είς
519 4245 619 4299 οὐκ
647 4244 849 4312 ἀγαθὸν
875 4242 1073 4298 ἔοικεν.
1104 4245 1248 4307 Ἕως
1283 4259 1384 4311 μεν
1409 4244 1519 4314 γάρ
1549 4243 1989 4314 πρωτονοτάριος

408 4329 497 4406 ἧς.
527 4335 683 4399 ἄλλος
714 4337 849 4407 ἡμῖν
877 4336 1101 4405 ἐφαίνου
1126 4353 1142 4367 ⁶
1177 4336 1302 4389 ἐπεὶ
1330 4336 1386 4389 δὲ
1419 4336 1555 4405 πρὸς
1585 4335 1800 4407 ἑτέραις
1827 4334 1991 4403 ἀξιώ.

411 4445 528 4481 σεσι
562 4428 654 4482 καὶ
684 4428 745 4481 τδ
779 4429 1160 4498 ὲκπροσωπεῖν
1190 4429 1399 4500 ἔχρωσέ
1432 4445 1492 4482 σε
1523 4428 1660 4498 πρὸς
1689 4428 1751 4481 τὸ
1790 4431 1987 4498 σεμνέ-
2021 4467 2063 4522 D

409 4536 598 4588 τερον,
641 4520 736 4573 καὶ
771 4519 1031 4590 ὀνόμασιν
1071 4519 1399 4590 ἔπεγράφης
1436 4518 1848 4590 λαμπροτέροις
1891 4520 1986 4573 καὶ

413 4611 647 4677 πλείοσι,
675 4611 888 4679 δέομαι,
918 4613 1000 4664 ὅτι
1031 4610 1095 4663 ἐκ
1128 4610 1424 4681 προσώπου
1454 4627 1547 4665 σου
1576 4610 1802 4681 ἐξῆλθεν
1832 4611 1866 4680 η
1899 4628 1987 4677 φι-

408 4705 502 4758 λία
542 4705 720 4773 ἡμῶν.
759 4703 825 4758 Τί
864 4703 1229 4772 σκυθρωποὺς
1268 4705 1401 4774 ἡμῖν
1439 4702 1822 4772 παραυγάζεις
1856 4705 1988 4767 τοὺς

408 4795 719 4865 ὀφθαλμούς
743 4811 759 4862 ;
788 4795 840 4847 τί
867 4794 930 4846 τὸ
957 4794 1250 4864 πρόσωπον
1281 4796 1598 4862 συννεφοῖς;
1629 4795 1827 4848 Οὐκέτι
1855 4795 1987 4864 ἀλη-

411 4889 522 4953 θῶς
549 4888 704 4951 τίθης
730 4887 882 4956 mu;
905 4888 962 4941 ἐν
990 4886 1137 4956 λόγῳ
1162 4885 1240 4956 τῷ
1272 4886 1427 4957 πρίν.
1456 4887 1567 4941 Καὶ
1595 4888 1646 4941 εί
1675 4889 1775 4956 μὲν
1805 4887 1893 4941 διά
1919 4888 1989 4942 τά

409 4968 710 5031 ἐπιλαϐόντα
740 4992 799 5027 σε
830 4974 1157 5043 πράγματα,
1184 4973 1342 5027 τοῦτό
1371 4990 1453 5028 σοι
1479 4975 1621 5044 τάχα
1647 4975 1827 5035 αἰτίας
1852 4975 1986 5028 ἀπό-

409 5068 564 5128 λυσις
585 5083 601 5099 ο
630 5068 680 5119 εί
708 5064 765 5119 δὲ
792 5064 919 5119 ἄλλο
946 5081 995 5117 τι
1025 5064 1085 5117 τὸ
1112 5062 1424 5134 ἀπαλεῖψαν
1447 5065 1598 5135 ἡμᾶς
1626 5066 1725 5135 τῆς
1754 5064 1855 5134 σῆς
1883 5064 1987 5135 ψυ-

410 5157 538 5226 χῆς,
564 5155 679 5209 ἀλλ’
703 5154 815 5222 ἐγὼ
839 5153 963 5209 οὔτε
991 5155 1208 5209 σύνοιδα
1234 5155 1470 5217 πταίσας
1488 5172 1503 5187 ο
1532 5156 1626 5210 καὶ
1650 5158 1733 5211 ὄτι
1760 5157 1818 5210 δὲ
1843 5159 1987 5226 ἁπη-

411 5247 597 5315 λίφην,
640 5246 901 5316 ἐξέδραμέ
954 5263 1047 5317 μοι
1088 5246 1183 5301 τοῦ
1235 5248 1505 5319 στόματος
1548 5235 1665 5302 οὔτι
1712 5266 1815 5302 που
1861 5249 1987 5304 καθ’

412 5342 761 5396 ἐκούσιον.οὐ
798 5340 1042 5396 πιστεύω
1068 5344 1177 5413 γὰρ
1202 5342 1346 5396 οὕτω
1370 5344 1584 5409 παθεῖν,
1605 5347 1657 5399 εί
1682 5344 1757 5415 μὴ
1773 5344 1869 5397 καὶ
1888 5344 1988 5413 τῆς

415 5434 601 5505 βίϐλου
634 5432 743 5488 τῶν
779 5433 999 5499 ζώντων
1022 5433 1204 5505 πολλῷ
1233 5437 1500 5509 πρότερον
1539 5435 1982 5507 ἀπαλιφήσομαι.

1133 5525 1263 5582 AA'.

685 5615 770 5682 Τῷ
798 5615 964 5682 καλῷ
994 5616 1189 5687 Καιρῷ
1216 5618 1298 5685 τῷ
1325 5619 1396 5683 ἐξ
1424 5620 1716 5688 Είφίπου.

497 5708 611 5769 Ἀεὶ
645 5708 711 5767 σὺ
748 5709 811 5766 οὐ
851 5710 1017 5781 μόνον
1056 5712 1311 5786 μεμνήσῃ
1352 5711 1547 5784 ἡμῶν,
1587 5712 1617 5766 δ
1653 5712 1794 5767 πάνυ
1837 5709 1984 5781 μέγα

2109 3210 2462 3282 Ἀλεξάνδρου
2501 3214 2627 3283 ὅρον
2659 3214 2833 3268 ἔοικεν
2866 3217 2926 3267 ἐν
2962 3216 3047 3269 σοὶ
3089 3216 3302 3270 κεῖσθαι
3341 3217 3472 3286 ἡμῖν
3502 3218 3532 3271 6
3573 3218 3673 3285 θη-

2096 3304 2296 3373 σαυρός
2319 3321 2336 3372 ;
2373 3304 2506 3375 Εῖην
2536 3306 2603 3360 ἂν
2634 3306 2744 3375 ἐγὼ
2779 3309 3075 3378 προσήκων
3113 3310 3335 3379 μᾶλλον,
3360 3311 3518 3380 ’ἥπερ
3549 3314 3673 3364 Διο-

2096 3395 2274 3467 μήδης
2306 3398 2549 3464 ἐκεῖνος,
2588 3399 2988 3466 σεμνύνεσθαι,
3020 3401 3054 3472 ἢ
3096 3402 3126 3454 6
3155 3401 3351 3456 τούτου
3387 3401 3673 3470 δορύξενος

2093 3490 2335 3555 Γλαῦκος
2354 3531 2369 3555 ,
2400 3494 2483 3546 ὄτι
2515 3510 2574 3546 σε
2605 3494 2776 3560 ξεῖνον
2806 3497 2963 3563 φίλον
2990 3497 3232 3551 τοιοῦτον
3259 3498 3361 3552 οὐκ
3390 3499 3446 3550 ὲν
3474 3499 3673 3566 Ἀργει

2097 3580 2251 3649 μέσῳ
2274 3621 2288 3644 ,
2317 3580 2433 3632 ἀλλ’
2458 3584 2517 3633 ἐν
2551 3582 2763 3636 Ἐλλάδι
2796 3586 2935 3656 μέσῃ
2965 3586 3270 3659 ηὐτύχησα.
3309 3590 3502 3657 Ἡμεῖς
3530 3589 3588 3642 δὲ
3618 3588 3671 3640 τί

2095 3687 2178 3725 σοι
2232 3672 2369 3741 πρὸς
2408 3674 2620 3753 ταῦτα;
2667 3676 2733 3727 Τί
2780 3677 2824 3729 δ’
2850 3678 2916 3731 ἂν
2962 3679 3225 3750 σχοίημεν
3269 3683 3667 3752 ἁντιμετρῆσαι

2094 3765 2209 3828 τοῖς
2250 3764 2476 3831 ἀγαθοῖς
2515 3782 2645 3833 σονς
2683 3769 2875 3838 Ἦμεῖς
2921 3771 3019 3839 μὲν
3051 3773 3302 3842 οὐδαμῶς
3328 3790 3340 3802 ·
3379 3774 3406 3825 6
3448 3773 3504 3825 δὲ
3527 3774 3663 3837 Θεός

2095 3870 2176 3909 σοι
2214 3855 2449 3925 ἀντιδοίη
2481 3855 2552 3910 τά
2587 3852 2663 3910 ὧν
2695 3858 2843 3924 ἄξιος
2879 3856 2948 3914 εί.
2986 3858 3053 3915 Εἴ
3086 3863 3144 3916 δέ
3177 3864 3269 3916 τοῦ
3312 3863 3535 3929 παντὸς,
3568 3866 3668 3918 ἁν-

2095 3946 2329 4018 θρώπων
2363 3947 2585 4001 πάντων
2618 3949 2902 4014 κάλλιστος
2936 3950 3011 4006 ὢν
3046 3953 3137 4005 καὶ
3171 3953 3630 4023 ἐλευθεριώτατος
3651 3995 3667 4020 ,

2094 4041 2187 4091 καὶ
2215 4039 2309 4091 τὸν
2339 4038 2555 4111 ἑταῖρον
2590 4042 2664 4112 μὴ
2697 4041 3025 4113 ψευδόμενος
3047 4061 3062 4076 ·
3097 4048 3190 4100 καὶ
3219 4047 3271 4099 τί
3304 4048 3446 4117 γάρ,
3480 4048 3512 4117 ἢ
3550 4047 3670 4118 Ἐρ-
3778 4072 3790 4084 ·

2097 4128 2200 4200 μοῦ
2236 4132 2387 4195 παῖς,
2419 4132 2515 4184 καὶ
2547 4133 2782 4189 Μουσῶν
2812 4136 3116 4208 ὑποφήτης,
3149 4139 3244 4190 καὶ
3278 4139 3531 4209 Χαρίτων
3563 4157 3670 4192 πλ-

2093 4220 2205 4274 σῶν
2229 4221 2466 4292 μέλημα,
2491 4225 2585 4277 καὶ
2606 4226 2704 4295 τῆς
2731 4225 3051 4295 Ἑλληνικῆς
3076 4230 3287 4301 ἐκείνης
3309 4230 3407 4299 τῆς
3430 4230 3667 4294 παλαιᾶς

2093 4314 2373 4382 εὐγενείας
2417 4315 2693 4386 σπινθήρ;
2730 4317 2926 4388 Ἡμεῖς
2958 4318 3015 4371 δέ
3050 4335 3130 4371 σοι
3164 4322 3340 4373 έκεῖνο
3381 4339 3666 4393 προσεπα-

2094 4405 2298 4475 σόμεθα
2323 4447 2337 4471 ,
2368 4405 2398 4458 ὃ
2433 4408 2528 4459 καὶ
2564 4408 2729 4462 πάλαι
2762 4425 2847 4472 τις
2879 4408 2988 4460 τῶν
3020 4410 3543 4483 ὐπεραντλουμένων
3574 4415 3667 4469 εὑ-

2090 4497 2298 4566 τυχίαις
2334 4498 2607 4568 ἀνέκραγε
2629 4538 2645 4563 ,
2682 4501 2878 4568 μικρὸν
2909 4502 3389 4571 παραποιήσαντες
3412 4518 3427 4533 °
3464 4503 3665 4573 στῆσόν

2091 4603 2220 4640 ποτε
2259 4588 2360 4659 τὴν
2400 4591 2599 4659 χεῖρα·
2644 4589 2763 4653 ἃλις
2807 4591 2940 4660 ἡμῖν
2978 4594 3077 4661 τῆς
3123 4594 3225 4663 σῆς
3267 4597 3660 4664 ἀγαθοχυσίας.

2091 4680 2255 4735 Ὅσον
2283 4681 2395 4751 γὰρ
2421 4682 2555 4751 ἡμῖν
2587 4682 2953 4757 ἐπιδαψιλεύῃ
2980 4686 3080 4748 τὰς
3111 4685 3339 4755 χάριτας
3359 4727 3375 4752 ,
3407 4686 3663 4740 τοσοῦτον

2086 4774 2188 4844 τὴν
2210 4774 2380 4844 ’ἡμῶν
2414 4773 2750 4842 στηλιτεύεις
2785 4774 3081 4830 οὐθένειαν.
3118 4774 3254 4827 Οὐδὲ
3285 4776 3395 4846 γὰρ
3427 4776 3624 4848 ἔχομεν
3644 4815 3662 4840 ,

2087 4866 2116 4918 ὅ
2144 4881 2198 4917 τι
2229 4867 2329 4930 τῆς
2366 4866 2501 4936 πρὸς
2535 4866 2682 4937 ἡμᾶς
2720 4883 2813 4921 σου
2838 4868 3079 4939 χρηστῆς
3101 4867 3396 4933 διαθέσεως
3426 4867 3662 4935 ἐνδειξά-

2090 4956 2230 5029 μεθα
2259 4958 2425 5024 ἀξιον.

2156 5054 2163 5060 ’
2814 5052 2934 5109 ΔΒ’.

2613 5143 2700 5210 Τῷ
2734 5145 3147 5215 οίκουμενικῷ.

2156 5237 2359 5296 Ἦλθόν
2394 5256 2483 5310 μοι
2512 5239 2815 5310 πρόσφατοι
2843 5239 2978 5293 Θεοῦ
3011 5241 3184 5306 φωναί
3202 5256 3222 5272 η
3247 5237 3552 5309 θεόφθογγα
3583 5239 3660 5304 ώς

2087 5333 2149 5401 ἐξ
2177 5333 2408 5404 οὐρανοῦ
2444 5350 2536 5404 μοι
2566 5330 3035 5405 κατεπέμφθησαν
3065 5333 3308 5403 ῥήματα.
3340 5331 3533 5387 Μάννα
3567 5349 3659 5403 μοι

2087 5427 2398 5499 ἐπεϐρέχθη
2453 5426 2617 5491 θεῖον,
2662 5426 2757 5479 καὶ
2794 5424 2954 5477 τοῦτο
2995 5427 3192 5494 συχνὸν
3238 5425 3332 5478 καὶ
3375 5424 3504 5479 ἀλλο
3569 5416 3673 5477 ἐπ”

2086 5522 2252 5593 ἄλλῳ,
2282 5521 2373 5575 καὶ
2398 5520 2499 5592 τὴν
2524 5519 2716 5590 πρώην
2746 5519 2935 5571 πεῖναν
2963 5519 3218 5588 ἠκέσατο.
3248 5517 3545 5580 Φωτειανός
3575 5533 3661 5580 τις

2085 5609 2250 5688 ἦλθε,
2287 5615 2471 5684 φέρων
2503 5628 2593 5682 μοι
2623 5609 2883 5680 τοιαύτην
2912 5610 3279 5683 παραψυχὴν,
3311 5612 3546 5682 γράμμα
3577 5609 3664 5662 δε-

2091 5706 2293 5761 σπότου
2315 5719 2332 5736 ο
2366 5706 2424 5759 ἐν
2454 5697 2500 5772 ᾧ
2536 5702 2629 5756 καὶ
2664 5701 3027 5774 προσταγθεὶς
3062 5704 3191 5774 περὶ
3223 5703 3476 5773 όφφικίου
3496 5741 3512 5768 ,
3545 5699 3663 5769 ἅμα
