4032 6214
429 248 565 311 1299

1881 253 2238 313 ADDENDA

3544 243 3567 304 1
3579 247 3679 309 30'.)

430 352 661 418 ἱπῆὶθον
707 353 804 416 τάς
855 359 982 426 περὶ
1026 360 1214 410 τούτου
1265 361 1647 428 προσκυνητὰς
1696 359 2003 426 συλλαϐάς,
2030 365 2080 423 Α
2106 359 2354 428 δόμενον.
2385 357 2452 410 Τί
2479 357 2543 426 δὴ
2573 358 2802 428 πάσχειν
2832 357 2933 426 ἐμὲ
2960 357 3139 420 εἰκὸς.
3169 357 3264 412 τοῦ
3295 359 3416 426 ἐμοὶ
3447 357 3677 412 δεόντως

423 443 518 495 καὶ
547 445 745 499 αὐτίκα
775 448 953 518 (ἔτυχε
984 448 1093 517 γάρ
1122 448 1308 521 ὥσπερ
1341 452 1480 504 κατά
1510 453 1654 504 θεῖον
1684 453 1997 522 σφραγίδων

422 537 684 590 τοιούτων
712 540 920 608 καιρδε)
953 541 1246 612 ἐπλήρωσα
1272 545 1334 596 τὺ
1372 545 1732 614 προσταχθὲν.
1765 549 1846 608 εἰς
1876 545 2002 600 ὅσον

423 627 652 696 δύναμις
673 647 688 660 ⁸
717 631 920 700 θατέρᾳ
953 634 1051 701 μὲν
1075 637 1196 687 ταῖν
1222 638 1406 706 χεροῖν
1431 637 1570 706 ὀχῶν
1599 637 1677 692 ἔτι
1704 637 1796 689 τὸν
1821 638 2003 704 τίμιον

425 719 637 789 χάρτην
666 724 744 785 εἰς
777 722 1062 792 βάσταγμα
1081 766 1096 787 ,
1130 725 1338 798 θατέρᾳ
1367 727 1421 778 δὲ
1450 729 1551 798 τῆν
1584 729 1852 798 σφραγῖδα
1883 730 1986 783 δια·

425 811 785 880 τυπούμενος.
832 816 1042 880 Μικρὸν
1088 820 1180 870 καὶ
1227 819 1411 888 ἕτερος
1456 819 1683 886 ἄγγελος
1728 815 1861 888 ἦλθέ
1913 837 2003 887 μοι

427 905 709 974 χαρμονῆς
731 946 745 966 ,
778 907 807 958 ό
843 908 1130 973 σύνδουλός
1166 928 1267 979 μου
1301 911 1329 962 ὀ
1363 913 1818 981 ἐκκλησιαστικδς
1839 953 1855 977 ,
1888 912 2003 966 διά-

428 1014 584 1061 κονος
609 1001 636 1052 ό
661 999 808 1054 δεῖνα
829 1018 843 1030 ⁸
877 1003 972 1055 καὶ
998 1004 1056 1054 τὸ
1087 1022 1122 1071 μ
1143 1006 1263 1055 iw:
1292 1007 1388 1072 τῆς
1419 1005 1612 1074 ἡδονῆς
1641 1003 2000 1073 ἐπληθύνετο.

429 1091 768 1153 Κάντεῦθεν,
801 1096 852 1147 εἰ
880 1094 984 1147 πού
1021 1113 1104 1158 τις
1137 1096 1334 1165 πικρία
1366 1095 1528 1162 ὑπῆν,
1559 1095 1740 1147 οὐκέτι
1769 1091 1857 1166 ἦν.
1893 1096 2006 1150 Σώ-

432 1183 548 1247 ζοιό
583 1201 674 1250 μοι
707 1186 794 1236 ἐπ”
833 1188 1046 1256 μακρὸν
1068 1228 1081 1249 ,
1114 1189 1332 1256 οὐράνιε
1356 1226 1372 1250 ,
1406 1187 1502 1257 τὴν
1539 1188 1738 1258 ἀρετὴν
1770 1190 2003 1253 πανάγιε

431 1276 665 1330 δέσποτα
689 1295 703 1307 ⁸
729 1278 824 1331 καὶ
848 1279 1160 1347 ἐπ·.6ρὲχοες
1186 1280 1316 1348 ἡμῖν
1339 1280 1407 1331 τά
1431 1279 1613 1346 ἀγαθά
1631 1295 1645 1308 ⁸
1671 1281 1720 1332 εἰ
1745 1281 1807 1350 δὴ
1832 1278 2006 1332 τοιοῦ-

431 1383 526 1420 τον
556 1369 742 1438 χάρμα
769 1368 846 1438 τῷ
877 1368 1045 1439 δούλῳ
1079 1387 1172 1422 σου
1203 1371 1264 1422 τὸ
1293 1369 1714 1438 ὀλιγοσύλλαὸον
1742 1371 1841 1440 τῆς
1871 1387 2006 1440 γρῖ-

433 1459 563 1529 φῆς,
591 1459 816 1530 πηλίκον
837 1459 898 1512 τδ
924 1459 1273 1528 πολύστιχον;
1298 1461 1508 1525 Πλάκες
1535 1478 1625 1530 μοι
1646 1462 1816 1514 ταῦτα
1843 1461 2004 1516 θεῖαι.

431 1549 646 1604 Ἐκεῖνο
673 1551 877 1620 βιϐλίον
903 1553 972 1603 τά
1003 1551 1122 1604 θεῖα
1150 1551 1397 1621 ψωμίζον
1427 1569 1495 1620 με
1517 1569 1530 1581 ⁸
1558 1551 1877 1621 ἀναψύξεως
1907 1552 2006 1620 δμ-

433 1639 558 1708 σροι
594 1656 686 1710 μοι
722 1640 900 1696 τοῦτο.
939 1642 1147 1694 Ἐκεῖνο
1181 1643 1435 1712 Χαρίτων
1471 1643 1714 1705 ὠκεανός
1743 1660 1756 1674 ⁸
1791 1645 1880 1696 τὸν
1913 1643 2004 1696 ἐπὶ

2111 448 2304 514 ἐφετοῦ
2353 449 2798 517 ἀποτυγχάνοντα
2846 447 2918 518 (εί
2969 448 3045 518 μὴ
3097 450 3383 512 ἐκπίπτω,
3431 447 3679 517 λογισμῷ

2104 539 2459 608 ἀδιοίκητος),
2491 539 2524 610 ή
2562 540 2779 603 πάντως
2811 540 3040 609 πάσχειν
3066 539 3245 610 λύπην
3270 541 3370 610 τὴν
3397 541 3490 594 ἐπὶ
3524 540 3682 607 μάλι-

2107 647 2208 683 στα
2240 645 2256 696 ;
2290 631 2476 683 Πᾶσαν
2509 630 2608 700 μέν
2637 631 2857 700 γραφὴν
2877 667 2894 692 ,
2927 629 2995 700 ἥν
3027 629 3092 681 ἂν
3121 629 3187 682 ἐκ
3215 630 3412 700 χειρῶν
3443 630 3682 699 ἀπέρχε-

2106 723 2230 775 σθαι
2263 722 2490 792 ἀφήσω,
2524 722 2751 790 ἐφίεμαι
2783 720 3069 787 ἀπελθεῖν,
3103 721 3232 776 ἔνθα
3261 721 3512 775 ἔσταλται
3537 739 3553 751 ⁸
3587 723 3682 794 οὑχ

2103 817 2306 885 ἥκιστα
2333 815 2412 877 δὲ,
2439 815 2505 884 ἢν
2530 814 2812 883 τολμήσας
2838 812 3158 883 ἐντελοῦμαι
3185 813 3517 883 πορευθῆναι
3549 816 3685 884 πρὶς

2105 913 2202 972 τὴν
2233 908 2496 976 μεγίστην
2526 905 2836 975 άγιωσύνην
2866 923 2982 959 σου.
3011 906 3120 959 Καὶ
3147 906 3207 958 ού
3234 905 3398 971 λέγω,
3429 905 3685 976 καθάπερ

2105 1001 2153 1053 εἰ
2187 998 2281 1052 καὶ
2313 997 2535 1068 τοξότης
2565 999 2717 1068 βέλος
2744 998 2902 1066 ἀφεὶς
2930 999 3145 1066 ἐφίεται
3178 996 3360 1065 βαλεῖν
3387 998 3528 1052 κατὰ
3561 1015 3685 1051 σκο-

2106 1095 2209 1147 ποῦ
2242 1093 2323 1163 (τὸ
2357 1095 2465 1162 γάρ
2497 1092 2746 1146 τοιοῦτον
2781 1091 2935 1145 οῦπω
2967 1109 3022 1145 τι
3060 1075 3205 1161 μέγα
3242 1090 3489 1155 βούλεται
3511 1107 3528 1122 ⁸
3566 1091 3686 1144 ἀλλ’

2105 1186 2294 1258 ὧσπερ
2336 1188 2363 1240 ό
2408 1186 2699 1256 εὐχόμενος
2742 1187 2822 1247 είς
2869 1184 3002 1238 Θεὸν
3037 1184 3134 1254 τὴν
3170 1183 3477 1254 προσευχὴν
3510 1185 3688 1237 ἐθέλε.

2106 1277 2560 1341 κατευθύνεσθαι,
2613 1279 2707 1331 καὶ
2758 1278 2836 1348 μὴ
2885 1276 3245 1345 κενεμϐατεῖν
3293 1277 3560 1330 ἀτέλεστα
3614 1279 3688 1339 εἰς

2109 1371 2280 1442 μόνην
2311 1370 2522 1424 λαλιάν.
2560 1370 2669 1422 Καὶ
2706 1370 2833 1438 ἐμοὶ
2869 1369 2968 1439 μέν
3003 1367 3175 1432 οὕτως
3209 1368 3357 1422 ἐστὶν
3393 1368 3650 1434 ἐφίεσθαι
3671 1383 3684 1396 ⁸

2110 1463 2293 1533 βλέπω
2321 1461 2401 1526 δέ,
2428 1461 2503 1525 ὼς
2527 1460 2804 1514 διαπίπτω
2828 1465 2894 1513 τά
2925 1460 3100 1514 πολλά
3125 1459 3219 1513 τοῦ
3250 1459 3688 1528 κατάμὸρθότητα

2109 1554 2362 1625 ὀρεκτοῦ.
2399 1555 2511 1607 Καὶ
2551 1553 2662 1622 ἐγὼ
2709 1553 2807 1622 μὲν
2841 1554 3044 1621 ἀνοίγω
3089 1556 3264 1622 στόμα
3305 1552 3442 1623 πρὸς
3482 1554 3687 1619 tivam-

2115 1649 2212 1716 ραν
2237 1662 2252 1675 ⁸
2287 1646 2382 1700 καὶ
2415 1646 2501 1699 ῖνα
2536 1646 2612 1713 μὴ
2649 1644 3108 1713 κατακαυχῶνται
3137 1645 3442 1712 Ἅρπυιαι,
3475 1644 3555 1705 εἰς
3595 1641 3691 1695 αὖ-

430 1733 500 1802 τῇ
539 1733 728 1804 εἰσόδῳ
765 1735 864 1803 τῆς
903 1740 1155 1805 νηστείας
1196 1737 1354 1803 λόγον
1397 1737 1562 1807 φημί.
1588 1739 1651 1790 Ὢ
1688 1737 1802 1790 οἴου
1839 1737 2006 1790 καλοῦ
2043 1763 2082 1817 Β
2116 1757 2216 1809 ραν
2268 1739 2712 1810 ἀναῤῥίπτουσαι
2760 1738 2822 1792 τὸ
2866 1739 2964 1806 τῆς
3014 1736 3201 1806 φωνῆς
3253 1736 3547 1790 λεπταλέον
3599 1737 3690 1789 καὶ

434 1824 699 1893 ἄγευστος
738 1828 884 1896 ἐγὼἰ
923 1827 968 1881 ὣ
1003 1831 1118 1892 οἵας
1156 1829 1349 1900 σοφίας
1382 1832 1749 1901 ἀνήκουστοςί
1777 1827 1886 1884 ἿΙν
1922 1834 2012 1884 ὅτε

437 1916 624 1990 καιρὸς
645 1960 658 1982 ,
692 1919 780 1972 ὅτε
813 1920 904 1971 καὶ
937 1921 1291 1990 ἀνθρωπίνως
1319 1924 1545 1976 ἐλάλουν
1565 1966 1578 1987 ,
1609 1925 1677 1978 τά
1706 1923 1815 1993 ἐμά
1848 1924 2011 1993 φθεγ-

436 2009 666 2077 γόμενος
693 2027 706 2039 ⁸
747 2012 881 2065 ἀλλά
927 2017 1019 2065 καὶ
1067 2015 1307 2080 ἀγγέλου
1347 2013 1565 2084 γλὼσςῃ
1611 2015 1858 2070 ἐλάλουν.
1903 2017 2012 2075 τοῖς

433 2100 528 2155 τοῦ
560 2102 819 2171 μεγίστου
864 2104 1063 2174 δηλαδὴ
1106 2107 1405 2174 ἀρχιερέως
1448 2107 1802 2178 ὑποφητειὶων
1832 2107 2013 2173 διδάγ-

438 2211 592 2262 μασι.
622 2194 735 2247 Νῦν
761 2195 818 2248 δὲ
870 2197 929 2248 τι
961 2199 1061 2265 μὲν
1105 2199 1236 2265 ἐμὸν
1261 2200 1362 2251 οὒκ
1387 2195 1502 2252 οἶδα
1529 2201 1578 2252 εἰ
1604 2199 2014 2267 περιλέλειπταί

440 2304 566 2354 μοι,
597 2287 659 2340 τὸ
687 2287 744 2340 δὲ
776 2289 1067 2358 ἁγγελικὲν
1094 2291 1399 2348 ἐπιλέλοιπε
1434 2291 1669 2362 φώνημα
1692 2308 1706 2322 ⁸
1742 2294 1835 2346 καὶ
1863 2292 2013 2360 ὅμως

441 2380 806 2448 μακαρίζεταί
839 2376 929 2450 μοι
957 2383 1023 2434 τά
1051 2381 1152 2435 τοῦ
1175 2383 1357 2439 λαλεῖν
1381 2385 1618 2454 ὄργανα,
1647 2384 1717 2436 δι’
1739 2381 1816 2438 ὧν
1840 2385 2017 2438 ἐκεῖνο

436 2469 499 2521 τδ
534 2471 692 2540 μέλος
720 2473 878 2543 ἔρρεε
909 2474 968 2526 τὸ
999 2475 1173 2544 γλυκὺ
1193 2517 1208 2540 ,
1237 2475 1312 2540 ὼς
1341 2477 1436 2529 ἐάν
1470 2478 1564 2532 καὶ
1599 2475 1816 2547 σωλῆνά
1847 2491 1927 2538 τις
1959 2477 2021 2528 ἐν

445 2565 786 2636 μακαρισμῷ
819 2565 993 2638 τιθείη
1021 2609 1032 2629 ,
1070 2566 1139 2620 δι’
1163 2566 1224 2620 οῦ
1263 2570 1426 2622 καλὸν
1463 2569 1608 2640 ’ύδωρ
1643 2567 2014 2638 διωχετεύετο.

440 2661 659 2714 Γένοιτό
688 2679 779 2730 μοι
805 2655 996 2714 πεσεῖν
1022 2665 1115 2716 καὶ
1143 2665 1202 2716 τὸ
1226 2663 1464 2718 τοιοῦτον
1491 2663 1657 2717 καλὸν
1681 2665 1774 2717 ἐπὶ
1798 2665 1983 2736 χεῖρας
2000 2703 2014 2724 .

440 2757 533 2806 καὶ
562 2753 890 2824 ἀγιασθῆναί
921 2773 1009 2825 μοι
1035 2757 1096 2809 τὸ
1123 2757 1232 2810 πᾶν
1253 2773 1265 2786 ·
1296 2758 1392 2820 τὰς
1419 2759 1608 2827 χεῖρας
1633 2755 2019 2816 ἀνελιττούσας

442 2851 539 2897 καὶ
567 2843 996 2914 διαψηλαφὼσας
1027 2846 1086 2898 τὸ
1117 2847 1271 2913 ἀγιον
1296 2863 1310 2877 ⁸
1341 2850 1410 2900 τά
1439 2845 1668 2916 ὄμματα
1701 2845 1981 2916 περιιόντα
2000 2885 2016 2910 ,

442 2939 540 2991 καί
572 2939 747 2992 ταῦτα
781 2939 1050 3008 ἑκατέρας
1084 2938 1296 3003 ἐννοίας
1321 2955 1336 2969 ⁸
1377 2939 1438 2992 τὸ
1481 2939 1580 3008 μὲν
1612 2941 1678 3012 τῇ
1715 2938 1856 2993 κατά
1889 2939 2020 2992 ἀνά-

2114 1831 2504 1898 πνευματικὺν,
2535 1829 2903 1900 καταϐαρύνω
2929 1829 3146 1898 ταύτην,
3181 1830 3262 1892 εἰς
3288 1829 3413 1882 ὅσον
3439 1827 3687 1897 δύναμις,

2116 1922 2370 1992 παχύνων
2402 1923 2483 1987 εἰς
2515 1925 2676 1990 σῶμα
2697 1962 2713 1987 ,
2749 1925 2843 1978 καὶ
2874 1925 3133 1991 κατάγων
3162 1923 3240 1986 είς
3272 1921 3417 1992 ἁφὴν
3438 1963 3454 1985 ,
3489 1924 3588 1976 καὶ
3616 1921 3689 1974 διο

2115 2014 2339 2083 φθέραις
2373 2014 2607 2078 ἐντιθείς
2635 2030 2649 2044 ⁸
2681 2016 2758 2077 ὡς
2793 2015 2859 2068 ἂν
2894 2014 3125 2082 ἐκφύγοι
3163 2013 3263 2084 μὲν
3292 2015 3354 2066 τὸ
3388 2013 3686 2082 ἀνωφορεῖο

2119 2111 2261 2172 σθαι,
2303 2111 2396 2162 καὶ
2440 2108 2519 2170 εἰς
2561 2109 2697 2178 ἀέρα
2742 2107 3120 2172 σκεδάζεσθαι,
3169 2106 3388 2176 φέροιτο
3427 2106 3483 2158 δέ
3527 2104 3690 2158 ίθυτε-

2116 2203 2243 2265 νὼς,
2287 2203 2319 2271 ἢ
2363 2202 2458 2254 καὶ
2503 2203 2716 2255 πέτοιτο
2763 2201 2907 2255 κατά
2943 2201 3040 2270 τὴν
3083 2201 3476 2269 ἱστορουμένην
3514 2195 3687 2271 [ποτὲ]

2116 2296 2451 2366 Θετταλικὴν
2495 2294 2686 2364 μελίαν
2729 2297 2811 2358 εἰς
2851 2297 2950 2356 τὰς
2997 2295 3429 2364 μακαριωτάτας
3471 2296 3688 2362 χεῖρας,

2117 2389 2184 2441 δι’
2203 2383 2279 2441 ὧν
2309 2390 2404 2442 καὶ
2436 2390 2560 2458 ἐμοὶ
2590 2391 2742 2444 πᾶσα
2772 2388 2995 2455 εὖλογὶα
3028 2386 3125 2440 καὶ
3151 2387 3233 2455 τῷ
3263 2385 3454 2456 κόσμῳ
3483 2386 3543 2438 τὸ
3574 2385 3690 2438 θεό⁴

2119 2481 2210 2537 θεν
2258 2483 2551 2552 ἐξίλασμα.
2604 2483 2718 2537 Ούκ
2766 2482 2873 2553 ἔχω
2920 2481 2978 2536 δέ
3027 2479 3114 2534 διὰ
3162 2479 3382 2541 τέλους,
3431 2478 3460 2531 δ
3512 2478 3689 2531 θέλωο

2119 2577 2256 2630 ἀλλά
2283 2577 2350 2628 τά
2383 2575 2554 2628 πλείω
2587 2574 2888 2642 πλάζομαι.
2919 2571 3237 2642 Τεκμήριον
3269 2571 3324 2622 δέ
3357 2571 3386 2623 δ
3419 2569 3693 2629 σύνδουλός

2122 2685 2225 2735 μου
2268 2668 2362 2721 καί
2405 2683 2535 2719 ποτε
2578 2665 2948 2728 συνδιάκονος,
2986 2665 3014 2717 ὁ
3055 2662 3240 2717 δεῖναο
3283 2663 3416 2730 Ep?»
3453 2658 3691 2729 θρέμμα,

2120 2761 2215 2812 καὶ
2248 2758 2454 2826 ἀγαθὸς
2488 2757 2984 2828 ὑπογραμματεῦς,
3024 2755 3182 2824 φίλου
3216 2754 3536 2807 πιστοτάτου
3573 2753 3693 2803 άπ-

2120 2853 2241 2924 ψιός
2265 2869 2280 2885 ⁸
2319 2853 2380 2909 δν
2418 2853 2448 2906 ὁ
2491 2850 2874 2922 φιλάνθρωπος
2915 2850 3097 2916 ζῶντα
3139 2849 3240 2920 μὲν
3278 2849 3358 2909 εἰς
3396 2844 3689 2915 ἡγούμενον

2122 2947 2352 3004 ἐκάλεσε
2377 2987 2394 3012 ,
2451 2945 2681 3000 θανόντα
2734 2945 2793 3000 δὲ
2843 2947 2902 2998 ἐν
2959 2943 3188 3014 σκηναῖς
3237 2939 3410 3008 ἀγίων
3462 2939 3695 3007 (πεποιο

442 3047 644 3098 γνωσιν
671 3028 957 3084 ἐπελεύσει
985 3031 1054 3084 τά
1083 3030 1261 3094 ἐκτὸς,
1295 3030 1364 3085 τὰ
1392 3030 1438 3084 δ’
1461 3031 1613 3095 ἐντὸς
1642 3031 1718 3101 τῷ
1751 3030 1890 3098 φωτὶ
1919 3030 2020 3098 τῆς
2050 3093 2088 3108 Α
2124 3041 2230 3106 of”;
2271 3042 2449 3108 λέγω)
2494 3038 2828 3095 ἀνέπαυσεν,
2873 3035 3049 3100 Οὗτος
3092 3034 3158 3106 δὴ
3197 3035 3226 3088 ὁ
3273 3029 3556 3093 σύνδουλός
3599 3046 3697 3098 μου

443 3123 594 3188 θείας
624 3125 995 3195 ἐναυγάξομαι
1029 3125 1285 3193 γνώσεως
1307 3143 1324 3158 ⁸
1353 3125 1420 3179 τά
1451 3125 1605 3197 χείλη
1637 3125 2016 3204 πτυσσόμενα,

445 3216 541 3270 κλὶ
588 3219 658 3273 αὖ
705 3219 845 3290 πρὸς
893 3219 1159 3290 ὑποδοχήν
1207 3218 1484 3289 άγιασμοῦ
1531 3217 1865 3286 ἀνοιγόμενα
1893 3231 1908 3247 ⁸
1958 3219 2020 3272 ’τὸ

446 3312 623 3381 στόμα
667 3310 1047 3380 πληρούμενον
1091 3309 1186 3364 τοῦ
1233 3313 1441 3365 ἐκεῖθεν
1486 3311 1877 3378 γλυκάσματος
1923 3312 2021 3364 καὶΙ

444 3403 544 3472 τῆς
585 3403 676 3453 ἐπὶ
709 3400 884 3471 τούτῳ
923 3402 1178 3464 αἰνέσεως
1205 3419 1220 3433 ⁸
1255 3400 1363 3474 qh]
1400 3400 1571 3473 ὅλ[ον]
1612 3401 1761 3465 ἐντὸς
1783 3439 1800 3466 ,
1829 3401 1892 3453 τδ
1931 3400 2021 3452 διὰ

446 3490 648 3554 παντὸς
693 3490 858 3544 αὑτοῦ
903 3491 1171 3546 ἱκνεῖσθαι
1209 3493 1277 3547 τὰ
1320 3496 1420 3563 τῆς
1458 3491 1810 3555 διδασκαλίας
1855 3493 2018 3547 καλά.

452 3584 562 3638 Καὶ
609 3582 772 3637 τοῦτο
821 3583 920 3654 μὲν
967 3584 1241 3655 ἐπετάχθη
1298 3584 1688 3656 γραμματικὸς
1737 3583 2022 3648 σύνδουλός

452 3694 543 3746 μοι
562 3689 578 3706 ⁸
607 3674 667 3731 εὖ
693 3671 833 3744 οῖδα,
862 3678 958 3732 καὶ
984 3677 1216 3746 γίνεται.
1247 3678 1356 3731 Καὶ
1380 3678 1490 3747 ἐγὼ
1513 3676 1712 3741 εἰδείην
1738 3676 1805 3732 ἃν
1831 3676 2025 3748 ἐκείνῳ

449 3767 610 3838 χάριν
638 3767 822 3837 ἤματα
851 3771 1052 3832 πάντα,
1081 3768 1160 3830 εἰς
1188 3769 1432 3822 τοιοῦτόν
1461 3786 1552 3839 μοι
1584 3768 1784 3838 ἀγαθὸν
1812 3769 2020 3839 ὑπουρ-

449 3860 702 3927 γήσαντι.
733 3857 877 3926 Ἐγὼ
903 3859 959 3910 δὲ
988 3862 1082 3912 καὶ
1115 3858 1194 3912 ἐτι
1220 3858 1436 3927 τολμῶν
1461 3860 1676 3928 δέομαι.
1711 3857 1832 3912 Ἐπί
1859 3875 2025 3913 τινων

451 3951 559 4020 πρὸ
601 3949 737 4018 ἐμοῦ
774 3949 868 4003 τοῦ
906 3951 1265 4020 ἀχρειοτάτου
1305 3949 1478 4018 ἀγίων
1511 3949 1816 4022 ἀρχιερέων
1850 3965 2026 4020 παρε-

450 4041 780 4112 χωρήθησαν
827 4040 1070 4112 Ἑϐραῖοι
1123 4042 1498 4112 πλατυιθῆναι
1528 4057 1543 4072 ⁸
1596 4042 1698 4096 οὐκ
1744 4036 1866 4104 οἶδ’,
1912 4041 2026 4094 εἴτε

449 4135 594 4188 κατὰ
623 4134 816 4206 λήθην,
848 4135 957 4187 είτε
990 4135 1085 4188 καὶ
1112 4134 1252 4187 κατά
1278 4133 1484 4202 εἴδησιν
1512 4134 1758 4200 ἐκείνων,
1789 4133 1899 4188 εῐτε
1930 4136 2026 4189 καὶ

451 4228 592 4284 κατά
627 4228 780 4281 θείαν
807 4229 930 4282 τινά
963 4227 1230 4281 κέλευσιν.
1266 4226 1436 4301 Τοῦτο
1466 4227 1523 4278 δὲ
1555 4227 1652 4295 οὐχ
1686 4225 2025 4295 εὑρίσκεται.

451 4321 566 4376 Καὶ
593 4320 819 4392 ᾤκησαν
849 4315 896 4372 οἰ
932 4321 1032 4388 μὲν
1060 4321 1118 4372 ἐν
1146 4319 1550 4388 ἐρειποτοπίοις
1581 4318 1990 4387 Χριστιανικοῖς
2008 4357 2025 4383 ,

2126 3133 2436 3206 προεκλήθη
2484 3133 2554 3185 δι’
2581 3121 2760 3201 εὑχῶῦ
2807 3130 2908 3198 τῆς
2958 3127 3204 3200 μεγάλης
3253 3127 3567 3193 ἁγιωσύνης
3610 3139 3698 3176 σου

2124 3234 2205 3294 εἰς
2257 3228 2434 3300 δνομα
2485 3225 2730 3298 ὑψηλὸν,
2782 3223 2965 3291 ψήφου
3021 3221 3174 3285 θείας
3227 3217 3563 3290 μνησθείσης
3610 3215 3700 3269 αὺ-

2122 3322 2219 3376 τοῦ
2257 3323 2336 3384 εἰς
2373 3319 2694 3375 ἐπίσκοπον.
2725 3318 2850 3370 Ὀτι
2889 3315 2946 3368 δὲ
2986 3314 3086 3367 οὐκ
3125 3313 3295 3382 ἐχρῆν
3332 3309 3510 3372 άλλως
3548 3307 3704 3361 αὐτδν

2123 3410 2592 3481 τελεσφορηθῆναι
2629 3409 2720 3478 ὑφ’
2767 3406 2948 3478 ἡμῶν,
2982 3407 3030 3458 εἰ
3067 3404 3142 3473 μὴ
3171 3404 3265 3457 καὶ
3301 3403 3400 3474 τὴν
3451 3400 3701 3465 τοιαύτην

2123 3507 2259 3576 ἡμῖν
2290 3499 2700 3570 τελεσιουργίαν
2730 3497 3078 3565 εύλογῆσασα
3111 3496 3142 3563 ή
3179 3493 3390 3561 μεγάλη
3430 3492 3700 3560 άγιωσύνη

2128 3611 2225 3648 σου
2259 3593 2428 3646 πλείω
2479 3592 2570 3643 τὸν
2606 3587 2880 3656 άγιασμὸν
2939 3585 3244 3655 ἐπιπέμψει
3301 3584 3475 3653 αὐτῷ,
3528 3581 3695 3636 καὶτὸ

2126 3687 2220 3741 ἐπὶ
2257 3684 2503 3754 κεφαλῆς
2547 3680 2721 3754 μύρον
2754 3678 3060 3747 καταϐῆναι
3112 3675 3330 3743 ποιήσει
3372 3672 3695 3742 πλημμῦρον

2128 3779 2222 3833 ἐπὶ
2256 3775 2500 3845 πώγωνα
2541 3774 2637 3828 καὶ
2669 3773 2766 3824 ἐπὶ
2816 3771 2954 3834 πᾶν,
2982 3769 3009 3821 ὃ
3059 3768 3125 3838 δὴ
3152 3767 3346 3820 τούτου
3402 3764 3702 3817 πέπλασται

2128 3870 2399 3934 δεκτικὸν,
2434 3863 2818 3935 ἀνηνέγκαμεν
2865 3860 3158 3932 δεητικῶς.
3217 3857 3359 3911 Ἀλλ’
3389 3859 3444 3909 αἰ
3476 3857 3704 3925 δεήσεις,

2129 3963 2270 4032 τάχα
2301 3960 2442 4014 κατὰ
2477 3960 2575 4022 τὰς
2608 3953 3073 4023 λογοποιουμένας
3098 3949 3252 4014 λιτάς
3283 3949 3458 4021 χωλαὶ
3487 3949 3585 4002 καὶ
3613 3947 3710 3999 αὒο

2131 4055 2224 4110 ταὶ
2250 4053 2559 4116 διεκόᾶσαι,
2576 4047 2878 4102 κατέπεσόν
2911 4063 3037 4117 μου,
3067 4045 3163 4099 καὶ
3183 4042 3284 4097 οὐκ
3313 4042 3471 4114 ἔσχον
3494 4041 3712 4106 ἐξικνεῖ-

2134 4145 2282 4208 σθαι,
2311 4143 2423 4213 ὂπη
2479 4139 2612 4211 παρ’
2647 4137 2808 4209 ήμῶν
2842 4135 3232 4206 ἐπέμφθησαν.
3296 4134 3410 4188 Καὶ
3467 4131 3580 4201 ἐγὼ
3614 4131 3710 4202 μὲν

2133 4240 2274 4309 ὑπὲρ
2316 4236 2508 4290 τούτου
2554 4223 2675 4303 τρὶς
2721 4233 2814 4285 τὸν
2870 4229 3062 4300 κύριόν
3111 4247 3235 4300 μου,
3302 4226 3714 4296 παναγιώτατον

2132 4331 2420 4394 δεσπότην,
2471 4323 2824 4397 παρεκάλεσα
2848 4339 2861 4354 ⁸
2909 4324 2957 4376 οί
2991 4322 3048 4375 δέ
3099 4321 3171 4393 (τί
3202 4322 3268 4373 ἂν
3293 4321 3435 4372 εἴπω
3455 4320 3498 4386 ;)
3529 4320 3723 4371 διακοο

449 4414 839 4466 ἀνοικισθεῖσιν
867 4412 960 4465 ὑπ’
982 4412 1160 4466 αὐτῶν
1185 4428 1200 4442 ⁸
1235 4413 1282 4464 οἱ
1314 4411 1368 4463 δὲ
1406 4410 1501 4462 καὶ
1528 4411 1586 4462 ἐν
1615 4410 1937 4480 οἰκήμασιν,
1969 4412 2028 4463 ἐν
2060 4430 2106 4489 ι)
2133 4423 2352 4483 νοῦντές
2389 4437 2490 4488 μου
2539 4421 2660 4480 ταῖς
2689 4419 2961 4487 δεήσεσιν,
3002 4415 3227 4485 ἀφῆκαν
3262 4412 3588 4482 καραδοκεῖν
3619 4409 3720 4477 τὴν

451 4499 532 4568 οἷς
557 4504 734 4576 ᾤκουν
759 4505 1076 4576 Χριστιανοί
1096 4520 1111 4534 ⁸
1139 4498 1214 4558 ὧν
1239 4505 1562 4571 οἰκημάτων
1589 4504 1714 4558 τινὰ
1741 4503 1836 4554 καὶ
1865 4503 2031 4565 θείοις

450 4597 830 4667 εἰκονίσμασιν
863 4596 1186 4666 ὴγλαῒζοντο
1218 4599 1314 4649 καὶ
1347 4595 1641 4664 ἐψάλλοντο
1667 4612 1680 4626 ·
1719 4595 1815 4648 καὶ
1857 4593 2034 4657 οὐδεὶς

449 4687 519 4762 ἦν
546 4689 651 4753 ἕως
683 4690 776 4744 καὶ
807 4688 930 4759 χθές
959 4690 986 4741 ὁ
1015 4687 1215 4742 λαλῶν.
1245 4689 1407 4759 Ἀρτι
1436 4687 1494 4740 δέ
1525 4686 1591 4742 ἐκ
1615 4703 1759 4751 τινος
1791 4685 2036 4755 ἐριθείας

451 4782 688 4854 ἐλαλήθη
711 4782 774 4836 τὸ
798 4783 1027 4852 πρᾶγμα
1047 4795 1061 4809 ⁸
1087 4780 1183 4832 καί
1207 4779 1340 4848 ἐμοῦ
1364 4779 1424 4830 τὸ
1448 4777 1699 4832 ἐντεῦθεν
1722 4776 2035 4847 ἀναγκαίως

454 4878 924 4944 ὑποκινήσαντος,
958 4872 1117 4940 ἐδόθη
1156 4873 1294 4941 πρός
1327 4888 1494 4924 τινων
1529 4869 1625 4924 καὶ
1660 4871 1993 4940 κατάστιχον
2017 4885 2032 4901 ⁸

455 4970 552 5020 κιὶ
579 4970 763 5037 έχουσι
789 4965 1014 5020 το.αῦτα
1040 4967 1100 5017 ού
1133 4967 1293 5033 μόνον
1323 4967 1354 5034 ή
1385 4963 1748 5035 μητρόπολις,
1777 4963 1915 5016 ἀλλά
1943 4963 2034 5016 καὶ

455 5063 621 5131 ἔτερα
649 5060 942 5130 πρόσωπα.
962 5059 1087 5112 Ὅτι
1114 5057 1244 5125 γοῦν
1269 5057 1392 5127 ἐμοὶ
1421 5055 1520 5108 οὐκ
1543 5056 1931 5122 ἐκγενήσεται,
1955 5054 2036 5114 είς

454 5157 515 5209 τὸ
547 5157 658 5208 πᾶν
686 5151 1071 5222 κατορθῶσαι,
1102 5151 1152 5204 εἰ
1183 5151 1262 5220 μὴ
1291 5151 1354 5202 ἐκ
1384 5151 1481 5219 τῆς
1516 5147 1764 5218 μεγάλης
1795 5146 2038 5213 ἁγιωσύ-

457 5267 554 5314 vn;
596 5265 690 5302 σου
733 5245 1074 5307 συνετισθὼ,
1124 5243 1214 5298 ῖνα
1257 5245 1353 5296 καὶ
1395 5241 1761 5310 ὑπακούωμαι
1788 5256 1803 5272 ⁸
1849 5240 2037 5309 τολμῶ

457 5343 554 5396 κιὶ
597 5340 806 5412 ἐρωτῶ,
855 5340 910 5392 τί
953 5337 1156 5407 ὀφείλω
1203 5335 1465 5405 ποιῆσαι;
1515 5335 1602 5388 ἵνα
1657 5333 2039 5403 προσκυνήσας

459 5435 765 5504 ἐγχειρήσω
797 5433 889 5485 καὶ
918 5430 1193 5484 τελειώσω
1221 5429 1299 5492 εἰς
1330 5425 1559 5494 ἀγαθόν.

1191 5520 1306 5574 Al".

532 5616 644 5669 Καὶ
673 5617 874 5678 παντὸς
903 5615 1002 5685 μὲν
1025 5613 1211 5674 τέλους
1237 5612 1507 5682 ἀποτυχία
1530 5612 1692 5665 λυπεῖ
1712 5611 2000 5683 ἄνθρωπον
2022 5630 2036 5644 ⁸

465 5709 502 5776 η
531 5705 586 5759 δὲ
615 5705 708 5757 τοῦ
743 5706 947 5776 ἀγαθοῦ
980 5706 1072 5760 καὶ
1103 5706 1339 5777 μάλιστα
1369 5706 1461 5759 τὸν
1491 5704 1590 5758 οὐκ
1621 5703 1726 5770 ἔξω
1757 5707 1872 5769 νοὸς
1905 5707 2040 5778 ῥεμ-

2135 4512 2311 4578 λύσιν,
2336 4510 2437 4564 οὐκ
2466 4505 2584 4563 οἶδα
2613 4507 2817 4578 πηνίκα
2859 4505 3223 4575 ἐλευσομένην
3253 4521 3344 4574 μοι
3363 4520 3378 4536 ⁸
3409 4504 3618 4572 ὅμοιον,
3642 4501 3722 4562 ὡς

2135 4607 2186 4659 εἰ
2219 4605 2314 4658 καὶ
2347 4603 2626 4670 ἐξανοίξας
2655 4619 2743 4665 τις
2775 4601 2838 4654 τὸ
2881 4601 3058 4670 στόμα
3081 4599 3161 4659 εἰς
3183 4596 3415 4662 ἔνθεσιν,
3443 4590 3562 4648 εἶτα
3600 4595 3724 4648 δια-

2135 4698 2332 4770 τριϐὴν
2376 4693 2471 4747 τοῦ
2502 4691 2864 4762 ἐλπιζομένου
2913 4689 3196 4760 δυστυχῶν
3232 4688 3490 4758 κάθηται,
3521 4687 3727 4756 διαχάο

2137 4809 2286 4846 σκων
2320 4789 2646 4859 εἰςιάνεμον,
2686 4787 2720 4856 ἢ
2755 4785 2851 4839 καὶ
2871 4786 2972 4854 τὴν
3003 4783 3246 4853 κεφαλὴν
3307 4782 3593 4850 ὑποκύψας
3625 4780 3727 4833 καὶ

2139 4880 2498 4951 ἀνακαλύψας
2527 4882 2602 4942 εἰς
2631 4878 2882 4946 εὐλογίας
2929 4876 3220 4946 ὑποδοχήν.
3266 4875 3389 4928 Ἐπὶ
3422 4873 3636 4944 μακρὸν
3665 4872 3728 4925 δὲ

2137 4976 2345 5045 ταύτην
2395 4973 2538 5042 ὁρῶν
2582 4969 3019 5040 διαμέλλουσαν,
3069 4970 3224 5037 μένει
3279 4969 3375 5020 ἐπὶ
3408 4967 3727 5036 σχήματος,

2139 5068 2412 5137 ἀφέμενος
2451 5066 2554 5134 τῆς
2586 5064 2901 5134 ὀρθότητος.
2943 5061 3086 5114 Ἀλλ’
3123 5061 3234 5115 ἰδοῦ
3289 5062 3384 5114 καὶ
3413 5063 3446 5131 ἡ
3484 5060 3730 5128 ἐλεημο-

2141 5161 2275 5229 σύνη
2309 5159 2400 5214 τοῦ
2434 5158 2744 5226 ἀγιωτάτου
2785 5155 3047 5210 αύθέντου
3093 5157 3190 5208 καὶ
3226 5153 3518 5224 εὐεργέτου
3545 5152 3729 5221 πολλή

2139 5251 2268 5322 περὶ
2297 5250 2424 5319 ἐμέ.
2454 5249 2561 5303 Καὶ
2591 5249 2644 5302 τί
2671 5247 2736 5318 δὴ
2766 5247 2988 5312 κωλύει,
3037 5247 3134 5299 καὶ
3165 5246 3404 5316 τέταρτα
3461 5244 3731 5314 δεηθῆναί

2143 5360 2250 5411 με;
2281 5343 2454 5413 Τυχὸν
2477 5343 2536 5394 ού
2561 5339 2826 5411 ψεύσεται
2851 5356 2939 5410 με.
2986 5338 3046 5392 Ὅ
3073 5337 3207 5406 γοῦν
3234 5337 3438 5409 ταύτην
3477 5333 3736 5405 κομίζων

2139 5429 2238 5500 τὴν
2291 5428 2477 5498 δέησιν
2511 5431 2802 5499 γενήσεται
2833 5429 2964 5498 ἡμῖν
2994 5426 3055 5480 τὸ
3089 5427 3250 5480 καλόν
3269 5442 3283 5456 ⁸
3311 5427 3408 5478 καὶ
3439 5426 3533 5478 ἐπὶ
3553 5423 3732 5478 πλέον

2139 5523 2239 5575 οὐκ
2279 5520 2719 5591 ἀναρτησόμεθα.
2756 5519 2984 5590 Τολμῶν
3013 5515 3108 5574 οὖν
3152 5524 3247 5572 καὶ
3281 5519 3442 5573 πάλιν
3478 5536 3572 5572 σου
3598 5518 3730 5571 δέο-

2144 5631 2262 5683 μαι,
2300 5611 2531 5666 ἀκοῦσαι
2565 5611 2847 5666 σύνδουλόν
2898 5631 3001 5683 μου
3063 5613 3124 5667 τὸ
3174 5611 3731 5682 εὐλογιδθητι⁸’καὶ

2143 5707 2297 5760 ἐσται
2319 5705 2705 5778 εὐλογημένος,
2738 5708 2814 5772 εἰς
2841 5707 2907 5779 ἣν
2943 5707 3079 5779 πρὸς
3097 5705 3233 5762 Θεοῦ
3263 5705 3465 5778 ἐκλήθη
3493 5706 3730 5760 ἐπισκο-
