4032 6214
429 223 561 290 ι3ῖο3

1845 249 2208 327 ΑΒΒΕΝῡΑ

3551 265 3696 332 1304

422 347 518 400 καὶ
544 347 642 417 τῆς
665 347 878 404 ἐκείνου
917 352 1044 416 θέας
1077 355 1170 409 καὶ
1202 355 1496 429 θεραπείας
1546 360 1845 429 ἀξιωθεῖσι,
1879 383 1994 420 κοι-
2023 376 2067 430 Α
2101 371 2176 442 μὴ
2221 371 2316 427 καὶ
2344 377 2704 450 παμφαγήσῃ
2731 379 2793 433 τὸ
2827 379 3053 450 λυποῦν,
3089 383 3136 435 εί
3165 383 3243 454 μὴ
3279 384 3342 438 τὸ
3373 386 3466 439 σὸν
3501 389 3690 457 ἱλαρὸν

421 440 530 504 νῶς
567 441 736 512 ⁴ήμίἓὶς
794 445 1147 511 ἀφοσιοῦσθαι
1197 450 1266 503 τὰ
1303 451 1412 504 τῶν
1463 454 1659 523 εὐχῶν.
1712 457 1809 520 Τίς
1839 459 1896 512 δέ
1931 460 1997 513 ἂν
2101 440 2240 516 κατὰ
2305 440 2498 536 στόμα*
2531 440 2998 543 πῇροσῦπαντῆσαν
3037 440 3267 528 ,παύσει
3328 478 3427 548 τῆς
3461 440 3684 553 βορότη-

419 534 715 604 προσήκων
766 538 852 604 εἴη
907 539 1170 604 τοιούτοις
1220 547 1440 612 σεμνοῖς
1469 548 1704 616 ὕπερθεν
1755 551 1856 620 τῆς
1893 555 1993 622 σῆς

416 624 781 693 ἀντιλήψεωςς
822 629 980 700 είπερ
1019 633 1044 682 6
1069 633 1359 700 κράτιστος
1391 637 1549 706 ἡμῶν
1575 640 1854 706 βασιλεὺς.
1888 643 1997 698 ῶσ-

417 731 521 784 περ
553 717 758 771 ἐκεῖνον
788 719 940 788 Θεὸς,
977 721 1120 778 οὕτω
1159 726 1254 779 καὶ
1284 729 1445 791 αὐτὸς
1490 730 1695 802 εὕρηκε
1734 733 1794 786 σέ
1831 734 1994 804 θερα-

418 808 605 863 πεύειν
658 811 718 863 τὸ
752 811 918 866 αὐτοῦ
966 813 1148 870 ἔνθεον
1199 819 1569 876 ἱκανώτατονο
1622 825 1699 888 ὡς
1755 826 1846 878 τὸν
1896 829 1996 898 μέν

417 897 788 968 αὐτοκράτορα
833 903 1101 971 βασιλέων
1125 908 1434 980 ύπερῆρθαι
1471 913 1711 979 πάντων,
1752 916 1847 979 οὓς
1886 897 1995 972 ἐσω

417 988 654 1055 μεγάλου
679 989 958 1063 θαύματος
977 999 1005 1050 6
1042 999 1250 1067 μακρὸς
1277 1001 1468 1070 χρόνος
1504 1003 1666 1073 ἔθηκε
1686 1021 1698 1034 '
1733 1008 1791 1059 τὸ
1817 1007 1872 1060 δὲ
1904 1009 1994 1064 σὸν

418 1081 757 1150 μεγαλοφυὲς
790 1086 1150 1158 ὑπερκεῖσθαι
1181 1093 1425 1158 πάντων,
1474 1095 1633 1159 ὅσους
1674 1099 1724 1150 οἱ
1759 1100 1994 1170 πατέρες

416 1175 562 1243 ἡμᾶς
586 1177 854 1245 ἐδίδαξαν,
890 1182 985 1233 καὶ
1015 1176 1096 1244 οἷς
1120 1183 1394 1254 ὀφθαλμὸς
1424 1187 1705 1260 αὐτόπτης
1733 1192 1990 1247 ἐπέϐαλε.

416 1266 524 1318 Καὶ
554 1267 696 1350 οὕτω
741 1270 840 1338 μὲν
875 1273 1006 1341 ἡμῖν
1035 1274 1218 1328 ἐκεῖνο
1238 1277 1450 1345 γίνεται
1483 1279 1544 1332 τὸ
1573 1280 1636 1334 ἐκ
1665 1283 1756 1336 τοῦ
1788 1285 1993 1350 κοινοῦ,

2098 572 2209 618 τος.

2808 664 2934 718 ΛΖ’.

2667 772 2751 837 Τῷ
2806 773 3108 840 Μυστικῷ.

2182 883 2240 935 ’0
2266 882 2420 947 Θεὸς,
2448 886 2478 937 6
2505 885 2629 947 τοὺς
2651 885 2840 952 ἁγίους
2865 886 3021 955 ἡμῶν
3051 887 3290 956 βασιλεῖς
3317 891 3412 944 καὶ
3447 895 3677 963 στερεὼ-

2102 991 2200 1037 σας
2231 976 2326 1026 καὶ
2362 977 2619 1045 στερεῶν,
2672 978 2768 1030 καὶ
2801 978 2888 1031 ἀεὶ
2935 980 3157 1049 ἀνυψῶν
3209 983 3304 1036 καὶ
3363 984 3672 1051 ἐπαυξάνων

2097 1069 2196 1138 τὴν
2226 1068 2407 1121 ἔνθεον
2439 1068 2717 1137 βασιλείαν
2748 1070 2948 1133 αὐτῶν,
3000 1063 3074 1125 ὧν
3101 1074 3164 1126 σὺ
3209 1072 3462 1140 θεράπων
3523 1078 3670 1145 ἐγγί-

2098 1157 2208 1222 ζων
2237 1176 2293 1212 τε
2327 1161 2421 1212 καὶ
2453 1161 2800 1225 πιστότατος,
2842 1165 3048 1228 ἐκεῖνος
3115 1167 3380 1237 προσθείη
3435 1172 3671 1237 μακροὺς

2095 1249 2318 1320 χρόνους
2345 1255 2408 1322 τῇ
2437 1256 2503 1322 σῇ
2535 1252 2649 1324 ζωῇ
2676 1271 2691 1286 ·
2730 1255 2816 1308 ἵνα
2847 1255 2946 1329 ἔχῃ
2980 1273 3039 1309 σε
3071 1258 3098 1310 6
3124 1260 3330 1326 κόσμος
3360 1262 3441 1322 εἰς
3495 1261 3672 1317 κοινὸν

414 1355 509 1409 καὶ
541 1349 652 1409 οἷον
682 1361 857 1411 εἰπεῖν
882 1361 942 1413 τὸ
971 1365 1112 1417 κατά
1151 1342 1445 1436 περίληψιν
1472 1369 1573 1438 τῆς
1607 1371 1795 1441 εὐχῆς.
1833 1374 1906 1426 Τὸ
1936 1342 1996 1428 δέ
2097 1342 2425 1441 ἀΥαῩδννκῨῖ
2480 1345 2819 1441 ἀξίωθῗίηςζ
2854 1347 3043 1441 ἄῖσπῗρ
3086 1350 3335 1441 ἐνταῦθα
3402 1354 3672 1420 μεγίστων

416 1447 618 1524 ίδιάζον
667 1451 864 1521 ἔχομεν
910 1454 1062 1507 αὐτοὶ
1089 1456 1154 1509 ἐκ
1195 1458 1304 1512 τῶν
1351 1463 1428 1522 είς
1466 1463 1612 1531 ημᾶ,
1644 1465 1866 1532 ἀγαθῶν
1895 1468 1996 1539 τῆς

414 1539 515 1608 σῆς
542 1542 882 1612 ἀντιλήψεως
908 1561 923 1576 ο
959 1537 1035 1600 ὧν
1065 1549 1198 1618 ἡμῖν
1223 1551 1283 1603 τὸ
1317 1551 1521 1622 ῥεῦμα,
1555 1555 1629 1616 ὡς
1651 1557 1745 1608 καὶ
1768 1559 1847 1621 είς
1873 1537 1996 1613 ἀέν-

413 1650 538 1685 ναον
569 1635 842 1705 ἐξαρκεῖν,
874 1639 1331 1712 ἐπεπλήμμυρεν.
1377 1645 1540 1698 Ἀλλὰ
1572 1648 1736 1701 τοῦτο
1787 1650 1885 1718 μὲν
1931 1651 1992 1704 τὸ

2093 1428 2291 1495 τιμῶν,
2321 1429 2463 1482 οῦτω
2494 1432 2586 1483 καὶ
2642 1433 2701 1484 ἐν
2751 1433 2828 1502 τῷ
2889 1435 3005 1486 ἐκεῖ
3045 1437 3202 1488 αίῶνι
3245 1441 3346 1505 τῆς
3407 1441 3541 1506 πρὸς
3583 1443 3672 1496 τὸν

2095 1521 2450 1586 παμϐασσλέα
2506 1523 2639 1576 Θεὸν
2667 1527 2996 1596 ἐγγύτητος·
3030 1528 3162 1598 ὅπερ
3198 1531 3291 1581 καὶ
3335 1531 3525 1603 θάρόει
3579 1534 3672 1587 σὺν

2093 1613 2235 1678 Θεῷ.
2270 1615 2331 1666 El
2355 1615 2464 1686 γὰρ
2491 1617 2582 1667 καὶ
2630 1617 2810 1680 ἄλλοις
2862 1618 3104 1682 κίνδυνος
3157 1619 3384 1674 ὕπεστιν
3426 1624 3672 1688 ἀκοῦσαι,

417 1726 510 1795 τῆς
535 1703 700 1798 εὐχῆς
731 1729 904 1794 οὕτως
955 1703 1371 1802 εἰσαειγίνεται
1394 1778 1409 1802 ,
1442 1740 1536 1790 καὶ
1583 1740 1702 1793 οὐδὲ
1729 1703 1880 1812 ληξει
1905 1761 1990 1812 γι-
2021 1729 2061 1783 Β
2207 1703 2307 1812 Τὰ,
2335 1705 2526 1812 (“de
2579 1721 2696 1812 ,aov
2750 1708 2826 1812 ν
2869 1709 2975 1812 ,τῇ
3022 1709 3149 1812 ζωῇ,
3185 1725 3303 1766 σου
3357 1713 3671 1812 ἀπέλαϐεᾳ

411 1819 653 1884 νόμενον,
678 1821 782 1884 ἕως
827 1822 895 1876 ἃν
927 1824 1021 1877 καὶ
1050 1827 1078 1878 6
1130 1827 1254 1890 νοῦς
1296 1830 1354 1881 ἐν
1383 1830 1460 1898 τῷ
1495 1831 1792 1886 καθεστῶτι
1827 1837 1987 1908 μένῃ,

413 1912 505 1962 καὶ
532 1912 591 1965 τὸ
618 1914 793 1984 στόμα
821 1917 957 1984 πρὸς
987 1917 1184 1986 λόγους
1207 1920 1514 1991 ἀνοίγηται.
1547 1925 1673 1977 Εἴθε
1707 1926 1764 1977 δέ
1795 1923 1864 1996 ἦν
1895 1929 1987 1981 καὶ

411 2004 503 2057 ἐπὶ
551 2005 676 2059 τάδε
712 2006 805 2060 τοῦ
838 2009 1029 2078 χρόνου
1076 2012 1235 2065 τοῦτο
1282 2013 1548 2080 γίνεσθαι.
1588 2015 1753 2084 Ἦμῖν
1804 2017 1879 2082 δέ,
1906 2021 1988 2072 ὅτι

413 2095 704 2165 γράμμασι
734 2102 1240 2170 προσκυνήσαντες.
1272 2106 1366 2158 καὶ
1398 2106 1488 2158 διὰ
1546 2106 1857 2176 προσώπων
1888 2111 1988 2165 οὐκ

411 2188 514 2253 ἔξω
541 2190 700 2258 λόγου
753 2195 1065 2247 πιπτόντων
1113 2196 1320 2266 ὁμοίως
1366 2201 1851 2270 προσενεχθέντες,
1887 2205 1987 2258 οὐκ

387 2283 640 2353 ἐσχομεν
696 2284 911 2354 μαθεῖν,
945 2289 993 2338 εἱ
1027 2287 1088 2341 τὸ
1136 2288 1293 2358 ἡμῶν
1319 2288 1536 2358 ἀξίωμα
1569 2292 1820 2362 εἰσῆλθεν
1850 2295 1986 2348 ἐγώ-ο

413 2391 540 2428 πιον
586 2379 686 2447 τῆς
715 2376 815 2446 σῆς
848 2380 1210 2450 ἀντιλήψεως,
1253 2381 1602 2435 εὐλαϐεῖσθαι
1634 2390 1985 2456 περιγίνεται

401 2472 505 2524 ’καὶ
541 2470 602 2525 τὸ
630 2472 763 2526 πολὺ
791 2473 884 2526 τοῦ
922 2473 1147 2546 θαρρεῖν
1174 2475 1565 2550 ὑποτέμνεται,
1591 2483 1804 2554 μήποτε
1831 2486 1985 2556 παρά

412 2560 581 2633 Θύρας
612 2563 662 2633 (ὃ
709 2565 896 2635 φασιν)
955 2566 1164 2636 ἥκομεν
1192 2569 1290 2638 τῆς
1325 2571 1426 2640 σῆς
1459 2573 1623 2642 ἁγίας
1655 2574 1856 2646 ψυχῆς,
1893 2577 1987 2629 καὶ

409 2656 487 2716 είς
517 2655 860 2726 ἀποθυμίους
885 2662 1156 2734 πίπτομεν
1179 2684 1193 2698 ο
1215 2668 1352 2738 ὅπερ
1381 2670 1457 2740 μὴ
1486 2672 1639 2742 ἡμῖν,
1668 2672 1824 2744 κύριέ
1859 2691 1984 2741 μου,

413 2745 488 2814 μὴ
517 2746 653 2816 ἡμῖν
673 2764 688 2779 ο
721 2749 797 2819 μὴ
829 2752 985 2822 ἡμῖν,
1019 2755 1355 2830 άντιλῆπτόρ
1388 2777 1490 2827 μου
1517 2778 1532 2792 ο
1587 2761 1725 2834 πρὸς
1753 2763 1854 2830 τῆς
1887 2764 1986 2832 σῆς

407 2837 568 2902 ἁγίας
595 2839 944 2913 ψυχῆςοπρὸς
965 2845 1060 2897 τοῦ
1096 2846 1339 2914 πλάτους
1357 2851 1456 2921 τῆς
1486 2852 1583 2922 σῆς
1622 2854 1983 2922 ἀγαθότητος,

407 2928 473 2999 ἢν
495 2929 597 2984 οὐκ
642 2930 761 2986 ἐστι
816 2940 1368 3009 στενοχωρήσασθαιο
1408 2944 1545 3011 πρὸς
1598 2947 1695 3015 τῆς
1734 2947 1981 3016 μνήμης.

419 3019 629 3132 ’ΐὶλλίιῶ
662 3042 776 3132 μοι,
808 3028 862 3080 τί
893 3028 1120 3100 ἔπαθον,
1157 3032 1239 3087 ὅτι
1289 3035 1549 3106 τοιαύτην
1575 3037 1802 3108 μνήμην
1830 3037 1983 3132 οὗπω
2009 3073 2052 3128 C
2086 3019 2145 3132 ἓξ

404 3116 518 3170 δέον
545 3115 605 3170 δν
633 3119 998 3191 κεκλήρωται,
1030 3123 1089 3178 ὃν
1117 3124 1224 3179 ἔδει
1243 3126 1421 3191 ζῶντα
1440 3129 1555 3190 τοῖς
1587 3129 1690 3198 μὲν
1715 3131 1977 3200 ἐντυγχά-

404 3223 588 3262 νουσιν
613 3212 898 3273 ἀσπασίως
928 3214 1246 3284 βλέπεσθαι,
1273 3220 1387 3281 τοῖς
1418 3221 1475 3272 δέ
1505 3220 1709 3284 λοιποῖς
1736 3221 1825 3276 διὰ
1850 3223 1979 3290 γλυ-

404 3300 561 3362 κείας
595 3304 814 3375 μνήμης
858 3308 1142 3377 φέρεσθαι,
1171 3310 1538 3378 καραδοκοῦσι
1568 3313 1668 3381 τὴν
1696 3314 1772 3375 εἰς
1804 3315 1978 3369 νέωτα

347 3395 353 3402 ’
403 3393 681 3463 ἔντευξιν;
729 3399 820 3468 Μὴ
881 3401 1030 3469 ἡμῖν,
1084 3402 1221 3472 πρὸς
1265 3403 1366 3470 τῆς
1425 3400 1705 3475 ’μακαρίας
1755 3407 1976 3477 μνήμης

403 3488 615 3542 ἐκείνου
641 3491 738 3544 τοῦ
769 3491 920 3556 δντος
957 3495 1269 3566 μακαρίτου
1295 3497 1622 3568 ἀρχιερέως,
1654 3499 1750 3553 τοῦ
1785 3500 1980 3554 δεσπό-

401 3593 498 3630 του
551 3596 652 3647 μου
673 3597 686 3611 ο
719 3575 780 3635 οὗ
814 3584 956 3636 κατὰ
982 3585 1142 3654 σῶμα
1169 3586 1268 3656 μέν
1296 3591 1470 3656 τάφος
1512 3582 1590 3652 εἷς
1610 3607 1626 3622 ο
1665 3591 1721 3643 αἱ
1747 3591 1804 3644 δὲ
1839 3590 1976 3644 πάν-

403 3683 512 3720 των
543 3667 736 3739 ψυχαὶ,
770 3666 850 3735 οἷς
880 3671 1120 3740 ἔγνωστο
1155 3677 1420 3747 (ἔγνωστο
1454 3677 1622 3749 δέ⁹θ⁶⁶)
1656 3679 1978 3750 ἐγκείμενον

402 3757 678 3828 φέρουσιν,
713 3762 809 3833 οὐχ
835 3762 925 3818 οἷά
973 3783 1094 3819 τινα
1129 3769 1361 3837 κενήρια
1416 3768 1514 3824 καὶ
1543 3773 1739 3840 μέχρις
1777 3772 1978 3843 ὀνόμα-

401 3865 491 3913 τος
519 3869 533 3883 ο
565 3851 702 3906 ἀλλά
732 3856 1020 3928 θειότερον,
1074 3859 1156 3912 ὅτι
1192 3861 1331 3930 πρὸς
1364 3863 1598 3932 πρᾶγμα
1621 3863 1715 3917 καὶ
1752 3865 1972 3935 νοερῶς.

413 3943 574 3999 Ἀλλὰ
597 3946 648 3999 τί
669 3947 729 4018 δή
757 3966 885 4002 ποτε
915 3951 1064 4021 αὐτῷ
1101 3953 1201 4021 μέν
1230 3952 1352 4022 ἐμοὶ
1381 3953 1686 4025 ἐξευρίσκω
1722 3957 1975 4028 μηχανὴν

401 4037 734 4108 παρήγορον,
766 4041 856 4094 τὸν
883 4041 941 4094 δέ
994 4043 1248 4097 ἐλεοῦντα
1305 4046 1522 4116 ἐκτήκω
1553 4049 1667 4112 τοῖς
1714 4049 1972 4119 δάκρυσι,

405 4129 594 4200 μνήμῃ
659 4131 918 4197 φιλτάτου
972 4135 1270 4203 ὀνόματος;
1306 4132 1365 4191 οὗ
1420 4141 1734 4209 στερεῖσθαι
1779 4142 1974 4194 ταυτὸν

401 4219 468 4271 ἂν
495 4221 580 4288 είη
621 4221 698 4289 τῷ
729 4224 1087 4292 μεμυημένῳ,
1119 4224 1195 4287 ὼς
1245 4227 1341 4279 ἐὰν
1371 4228 1463 4281 καὶ
1489 4228 1688 4299 ψυχῆς.
1718 4230 1783 4282 Τί
1815 4229 1874 4282 δέ
1913 4233 1973 4283 τὸ

401 4310 540 4379 πρὸς
587 4313 781 4383 ἡδονῆς
825 4315 948 4384 ἐμοὶ
981 4314 1314 4387 θηρώμενος,
1347 4319 1406 4373 τὸ
1429 4321 1567 4390 πρὸς
1599 4319 1974 4393 ἐλεημοσύνην

2094 1794 2230 1846 ἀλλά
2258 1796 2343 1859 σὺ,
2390 1797 2466 1860 ῶς
2519 1800 2700 1853 πάντα
2748 1801 2806 1854 ἐν
2865 1803 2986 1873 Θεῷ
3041 1804 3318 1872 πράττων,
3388 1806 3481 1861 καὶ
3539 1809 3671 1878 πρὸς

2093 1888 2302 1942 ἐκεῖνον
2332 1891 2577 1959 ἀφορῶν,
2610 1894 2701 1946 καὶ
2747 1895 2846 1963 τῆς
2877 1897 2994 1948 ἐκεῖ
3023 1897 3183 1966 δόξης
3241 1899 3556 1968 ἐφιέμενος,
3607 1904 3670 1957 δι’

2091 1978 2158 2046 ἦν
2199 1981 2292 2031 καὶ
2321 1980 2497 2034 πάντα
2529 1985 2703 2046 ποιεῖς
2734 1983 2801 2037 τὰ
2845 1986 2982 2055 πρὸς
3015 1985 3316 2056 θεραπείαν
3368 1990 3506 2044 Θεοῦ
3533 2007 3546 2020 ·
3580 1995 3668 2045 καὶ

2093 2064 2193 2124 ὦδε
2221 2071 2289 2123 τά
2325 2072 2381 2135 ἐξ
2411 2073 2617 2126 ἐκείνου
2645 2073 2790 2142 ἔχεις
2827 2075 3034 2142 ἀγαθὰ,
3084 2079 3178 2130 καὶ
3227 2080 3345 2132 ἐκεῖ
3397 2081 3454 2134 δέ
3512 2083 3670 2135 ἀκού-

2092 2179 2202 2226 σεις
2229 2180 2244 2196 ο
2268 2165 2544 2226 Εἵσελθε,
2565 2165 2768 2228 δοῦλε,
2796 2169 2885 2232 είς
2928 2170 3042 2234 τὴν
3075 2169 3268 2238 χαρὰν
3313 2172 3423 2226 τοῦ
3453 2176 3670 2240 Κυρίου

2088 2271 2224 2312 σου.
2266 2256 2326 2312 Ὀ
2397 2259 2850 2328 θαυμασιώτατος
2918 2263 3330 2333 καθηγούμενος
3376 2268 3405 2320 6
3449 2269 3617 2334 δεῖνα,
3644 2270 3670 2320 6

2091 2351 2396 2413 ἐνδιάθετος
2437 2352 2534 2405 καὶ
2564 2351 2896 2420 θερμότατός
2927 2371 3023 2407 σου
3058 2355 3287 2424 εὐχέτης
3345 2358 3441 2410 καὶ
3498 2359 3672 2427 κῆρυξ

2092 2441 2203 2495 τῶν
2262 2441 2372 2495 σῶν
2421 2443 2804 2513 ἀγαθουργιῶν
2864 2445 3204 2516 διαπρύσιος,
3247 2447 3526 2518 ἐπηύξησέ
3583 2469 3671 2520 μοι

2084 2533 2184 2603 τὴν
2207 2533 2576 2603 εὐχαριστίαν,
2604 2536 2924 2601 ἀναδιδὰξας
2960 2555 3051 2606 με,
3086 2538 3168 2592 ὃτι
3193 2540 3256 2593 ἐκ
3287 2541 3424 2595 Θεοῦ
3448 2543 3668 2612 ὁδηγίας

2087 2625 2372 2694 ἐμνήσθης
2406 2625 2541 2693 πρὸς
2572 2627 2736 2680 αὐτὸν
2770 2627 2870 2694 τῆς
2921 2629 3063 2697 ἐμῆς
3123 2632 3534 2700 ταπεινότητος.
3577 2636 3666 2689 Διὸ

2085 2717 2178 2768 καὶ
2207 2716 2489 2787 θαρρήσας
2517 2718 2821 2786 περικαλῶ,
2857 2719 2945 2773 ἵνα
2974 2721 3061 2774 διά
3101 2721 3193 2776 τὸν
3230 2723 3382 2790 Θεὸν,
3407 2726 3462 2777 δν
3492 2726 3663 2794 ὕπερ-

2085 2806 2387 2871 6αλλόντως
2416 2809 2621 2873 ποθεῖς,
2657 2809 2752 2864 καὶ
2786 2811 2874 2864 διά
2906 2813 2967 2864 τὸ
3023 2813 3256 2880 δίκαιον,
3293 2815 3354 2868 οῦ
3411 2817 3653 2886 ὑπερμα-

2085 2901 2216 2967 χεῖς,
2271 2899 2367 2954 ἐόιν
2391 2919 2476 2963 τις
2508 2903 2616 2955 τῶν
2639 2901 2734 2954 τοῦ
2766 2903 2979 2956 κελλίου
3042 2922 3144 2973 μου
3202 2906 3341 2977 ἔχων
3375 2907 3659 2963 δυσκολίαν

2086 2989 2144 3055 ἐξ
2177 2990 2387 3053 ἀδικίας
2413 2993 2794 3062 προσκαλῆται
2823 2997 2905 3058 εἰς
2938 2995 3194 3066 βοήθειαν
3239 2998 3338 3066 τὴν
3383 2998 3664 3069 ἀντίληψίν

2150 3099 2202 3147 υ,
2228 3083 2550 3155 ἐμπαρέχῃς
2573 3085 2721 3153 αὐτῷ
2754 3087 2852 3154 τὴν
2882 3088 2976 3142 ἐπὶ
3019 3088 3215 3155 δικαίῳ
3248 3089 3526 3158 βοήθειαν.
3555 3091 3669 3144 Καὶ

2087 3175 2302 3237 πάντως
2335 3174 2495 3228 δώσει
2544 3178 2571 3228 6
2615 3175 2748 3239 Θεὸς
2793 3178 2884 3231 καὶ
2919 3177 3061 3249 ὑπὲρ
3110 3179 3304 3234 τούτου
3351 3181 3451 3252 τὴν
3506 3181 3669 3244 ἀξίαν

2086 3265 2321 3335 ἀμοιϐὴν
2344 3269 2411 3336 τῇ
2447 3267 2730 3339 ἀντιλήψει
2767 3287 2886 3326 σου.

2807 3365 2933 3418 AH'.

2688 3477 2772 3543 Τῷ
2807 3480 3066 3549 Σερῤῶν.

2169 3579 2544 3652 Ἐπεθύμησα,
2573 3583 2767 3654 ὥσπερ
2798 3587 2891 3640 τοῦ
2924 3589 3054 3643 ίδείν
3115 3608 3202 3656 σε,
3230 3592 3375 3647 οὕτω
3431 3595 3528 3648 καὶ
3567 3594 3662 3647 τοῦ

2082 3673 2172 3726 διὰ
2198 3674 2417 3744 γραφῆς
2453 3681 2773 3746 προσειπεῖν
2803 3680 2901 3751 τὴν
2946 3683 3046 3753 σὴν
3079 3685 3365 3756 ἀγιότητα.
3400 3688 3512 3740 Καὶ
3569 3687 3660 3742 τοῦ

2086 3761 2187 3832 μὲν
2212 3763 2430 3835 πρώτου
2458 3767 2623 3821 αίτιοι
2676 3768 2799 3822 οὔτε
2827 3771 2958 3839 ἐγὼ,
2985 3772 3108 3825 οὔτε
3143 3774 3252 3844 μὴν
3299 3779 3332 3846 ἡ
3382 3777 3662 3845 ἀγιωσύνη

2085 3870 2180 3906 σου
2204 3870 2221 3887 ’
2277 3855 2339 3909 οὐ
2368 3856 2474 3928 γάρ
2494 3857 2750 3928 θαμίζειν
2771 3862 2909 3931 πρὸς
2931 3862 3196 3934 ἀλλήλους
3232 3867 3452 3936 ἔχομεν.
3479 3869 3584 3922 Τοῦ
3606 3870 3661 3921 δὲ

2081 3950 2390 4024 δευτέρουή
2419 3953 2518 4024 μὲν
2547 3955 2827 4026 ἀγιωσύνη
2855 3974 2950 4012 σου
2997 3959 3114 4022 πῶς
3137 3961 3204 4014 ἀν
3237 3978 3252 4026 ;
3285 3963 3427 4032 τάχα
3456 3964 3514 4017 δὲ
3539 3963 3658 4016 οὐδὲ

2082 4043 2213 4111 ἐγὼ,
2254 4044 2389 4099 ἀλλὰ
2423 4045 2490 4098 τά
2530 4047 2660 4112 περὶ
2691 4049 2792 4115 ἐμὲ
2823 4050 3153 4118 πράγματα.
3204 4054 3655 4124 Πληροφορήθητι

2081 4135 2210 4201 γὰρ,
2257 4135 2356 4200 ὅτι,
2388 4135 2640 4198 τοσοῦτος
2701 4137 2858 4207 δχλος
2905 4139 3208 4208 φροντίδων
3258 4143 3508 4210 ἀμφέπει
3563 4161 3654 4213 με,

2080 4225 2155 4285 ὠς
2184 4225 2292 4277 ἀπὸ
2320 4224 2571 4295 φυλακῆς
2597 4230 2817 4303 πρωίας
2843 4230 2948 4294 ἕως
2984 4233 3079 4285 καὶ
3107 4235 3188 4296 είς
3221 4234 3371 4305 ἥλιον
3396 4236 3456 4288 οὐ
3486 4253 3654 4289 κατα-

2080 4315 2246 4369 δύντα
2277 4316 2462 4384 μόνον,
2492 4317 2626 4372 ἀλλά
2672 4321 2769 4373 καὶ
2807 4324 2920 4386 τοῖς
2957 4323 3062 4376 ὑπὸ
3095 4327 3200 4394 γῆν
3250 4327 3654 4395 ἐμϐαθύναντα,

399 4403 755 4473 ἐπίστροφον,
810 4407 1068 4476 κρατῆρα
1112 4409 1289 4481 λύπης
1319 4412 1602 4481 ἐπιστέφω
1647 4413 1726 4484 τῷ
1759 4414 1978 4484 ἐνδαψι-
2003 4417 2057 4478 Ι)
2082 4413 2362 4482 τρίδεσθαι
2401 4416 2482 4478 είς
2511 4417 2766 4487 ἐντυχίας
2816 4423 3234 4489 πραγματικὰς,
3264 4415 3339 4477 ὧν
3379 4423 3652 4493 ἀμελῆσαι

397 4493 676 4566 λευομένῳ
729 4497 820 4550 τὸν
867 4498 1038 4564 ἔλεον,
1085 4502 1426 4573 ἀντιμετρῶν
1461 4505 1561 4559 οὐκ
1610 4505 1816 4575 ἀγαθὰ,
1850 4509 1973 4564 οὐδὲ

397 4587 508 4640 τῶν
557 4588 884 4658 κρειττόνων
920 4591 1555 4666 ἀντικαταλλασσόμενος
1596 4598 1796 4667 ὄμοια;
1833 4600 1972 4670 Φέρε

305 4685 308 4688 ’
396 4680 461 4750 δὴ
494 4683 883 4751 περιμετρήσω
911 4681 990 4751 τῷ
1009 4682 1254 4750 ,θλίϐοντι
1283 4685 1350 4740 τὰ
1396 4686 1555 4757 ίλαρά
1581 4703 1594 4720 ⁸
1629 4687 1972 4761 ψυχαγωγή-

397 4786 478 4824 σω
519 4770 612 4827 τὸν
648 4770 847 4841 μικροῦ
889 4773 983 4827 καὶ
1020 4774 1343 4829 ἐκλείποντα
1370 4791 1384 4806 ·
1422 4779 1733 4848 ἁντιστήσω
1758 4780 1819 4832 τὸ
1852 4780 1974 4850 τέρ-

397 4878 500 4916 πον
530 4862 607 4933 τῷ
659 4864 927 4935 λυπηρῷο
988 4867 1417 4938 ἀντισταθμήσω
1471 4870 1533 4922 τὸ
1583 4871 1858 4936 γλυκάζον
1893 4873 1972 4943 τῷ

391 4956 761 5025 πικραίνοντι,
808 4957 906 5011 καλ⁵
960 4960 1151 5031 μνήμῃ
1201 4960 1540 5028 γλυκυτάτου
1571 4962 1838 5031 ὀνόματος
1871 4981 1972 5019 κα-

395 5049 693 5128 τακεράσων
716 5050 776 5103 τὸ
796 5051 1063 5120 πικράζον
1084 5053 1282 5120 ἐκεῖνο,
1309 5054 1401 5106 καὶ
1426 5054 1810 5121 ἀνασκευάσω,
1831 5057 1969 5128 πρὸς

393 5142 531 5212 ὅπερ
553 5126 743 5213 ἐχρῆν.
788 5139 931 5213 Πρὸς
965 5144 1064 5213 τῆς
1097 5143 1278 5196 ἐνθέου
1315 5146 1407 5197 καὶ
1466 5145 1775 5216 ἁγιωτάτης
1807 5126 1968 5215 βασι-

393 5232 552 5303 λικῆς
581 5234 842 5304 κεφαλῆς,
871 5234 962 5304 ὑφ’
989 5229 1057 5308 ἦς
1085 5236 1145 5287 τὸ
1181 5236 1287 5289 πᾶν
1305 5237 1399 5306 τῆς
1431 5237 1758 5308 οἰκουμένης
1808 5239 1969 5308 σῶμα

395 5325 490 5377 καὶ
517 5325 801 5394 συνέχεται
826 5327 920 5378 καὶ
946 5326 1221 5395 ἀνέχεται,
1252 5328 1541 5381 εἰσελθέτω
1592 5330 1824 5384 ἐνώπιόν
1869 5348 1967 5388 σου

395 5413 432 5482 ἡ
457 5403 641 5483 δέησίς
676 5431 780 5481 μου
807 5430 822 5447 ο
851 5416 1147 5486 δηλωσάτω
1179 5418 1310 5486 ἡμῖν
1340 5419 1368 5470 6
1393 5418 1453 5469 τὸ
1479 5419 1718 5489 γράμμα
1745 5437 1969 5492 περικο-

399 5502 571 5571 μίζων
606 5507 706 5574 τῆς
755 5506 911 5575 ἡμῶν
952 5509 1342 5579 ταπεινότητος
1397 5508 1457 5560 τὸ
1483 5510 1580 5580 τῆς
1606 5512 1704 5582 σῆς
1749 5513 1969 5582 ἀντιλή-

394 5595 540 5659 ψεως
563 5597 693 5664 περὶ
732 5599 882 5665 ἡμᾶς
926 5599 1172 5667 εὐμενὲς,
1211 5602 1304 5652 καὶ
1327 5600 1637 5672 ζησόμεθα·
1681 5604 1756 5666 ὡς
1787 5606 1880 5658 νῦν
1905 5622 1966 5672 γε

399 5685 826 5752 παρατρῶγεταί
856 5707 906 5741 τι
957 5691 1051 5760 τῆς
1086 5689 1230 5761 ζωῆς
1286 5695 1438 5763 ἡμῖν,
1489 5699 1582 5752 καὶ
1624 5696 1963 5769 δεδοίκαμεν,

2082 4504 2183 4573 μὲν
2221 4505 2321 4559 ούκ
2362 4506 2774 4578 ἀρχιερατικὸν,
2807 4511 3211 4582 ἐπιμεληθῆναι
3239 4513 3296 4566 δὲ
3320 4515 3485 4568 καλὸν
3514 4517 3613 4586 μέν
3635 4531 3651 4548 ·

2076 4601 2194 4655 ἀλλ’
2224 4603 2492 4673 ἀπογείης
2532 4606 2593 4657 ού
2627 4605 2787 4676 μόνον
2812 4605 3196 4675 ἀναγνώσεως,
3229 4609 3367 4663 ἀλλά
3412 4612 3506 4665 καὶ
3556 4612 3650 4680 τῆς

2075 4691 2154 4752 εἰς
2179 4690 2305 4753 τοὺς
2332 4690 2622 4759 φιλοῦντας
2652 4698 3112 4768 προσφωνήσεως.
3158 4698 3222 4750 Ἡ
3246 4699 3375 4766 γοῦν
3403 4701 3650 4769 παροῦσα

2074 4781 2286 4852 γραφὴ,
2321 4783 2560 4852 πρωϊθεν
2586 4785 3018 4859 ὑπισχνουμένη,
3053 4791 3368 4858 παρέτεινεν
3421 4793 3524 4855 ἕως
3552 4794 3647 4847 καὶ

2076 4873 2159 4934 εἰς
2211 4873 2352 4943 ἀέρα
2419 4873 2663 4944 λαμπάδι
2719 4879 3053 4945 φωτίζεσθαι
3109 4881 3353 4936 θέλοντα.
3407 4883 3499 4936 Διὸ
3552 4885 3648 4936 καὶ

2076 4966 2598 5031 ἀπεστένωταιγκαὶ
2629 4969 2837 5041 βραχέα
2863 4971 3050 5024 λαλεῖ·
3096 4973 3289 5044 καίρια
3345 4975 3527 5042 μέντοι
3554 4992 3641 5044 γε,

2073 5059 2164 5113 καὶ
2194 5053 2268 5113 ὧν
2299 5061 2459 5130 ἡμεῖς
2484 5061 2769 5132 ἐφιέμεθα.
2802 5063 3065 5130 Ὑγίαινε,
3097 5065 3190 5117 καὶ
3211 5063 3460 5134 μέμνησο
3489 5066 3646 5134 ἡμῶν

2073 5152 2131 5204 ἐν
2163 5154 2283 5216 ταῖς
2305 5153 2441 5222 πρὸς
2471 5153 2606 5208 Θεὸν
2631 5155 2867 5222 ἀγωγοῖς
2898 5171 2992 5208 σου
3023 5157 3349 5223 ἐντεύξεσιν,
3378 5158 3646 5227 ὑγιαινόν-

2069 5260 2180 5296 των
2209 5245 2304 5297 καὶ
2338 5244 2520 5302 αὐτῶν
2544 5247 2666 5308 ταῖς
2691 5247 2811 5308 σαῖς
2849 5247 3022 5317 ίεραῖς
3052 5248 3259 5318 εὐχαῖς,
3311 5250 3404 5302 καὶ
3448 5251 3640 5303 ἐπικα-

2069 5335 2348 5404 λουμένων
2379 5337 2477 5407 τὴν
2500 5337 2755 5390 ἐντεῦθεν
2781 5337 2964 5392 θεόθεν
2990 5339 3270 5410 βοήθειαν.
3302 5341 3404 5392 Τὸν
3431 5339 3639 5410 θαυμα-

2070 5427 2332 5480 σιώτατόν
2364 5445 2457 5498 μοι
2484 5429 2660 5498 φίλον,
2686 5431 2780 5482 τὸν
2826 5432 3215 5501 γραμματικὸν
3250 5435 3347 5502 τῆς
3401 5431 3638 5499 ἁγιωσύ-

2068 5537 2165 5590 νης
2189 5537 2306 5586 σου,
2355 5521 2747 5592 προσαγορεύω
2783 5538 2798 5554 ’
2835 5521 2894 5584 ὃς
2923 5523 3122 5576 ’ἀδικεῖ
3176 5522 3294 5591 μὲν,
3341 5524 3433 5577 καὶ
3472 5523 3635 5577 αὐτοῦ

2069 5613 2382 5683 καθείργων
2425 5616 2505 5677 εἰς
2531 5614 2773 5682 ἀφωνίαν
2793 5615 2892 5682 τὴν
2931 5616 3181 5683 γλῶσσαν
3204 5618 3298 5670 καὶ
3331 5617 3422 5667 τοῦ
3480 5619 3636 5685 ῥητο-

2072 5706 2253 5774 ρεύειν
2303 5707 2608 5775 άπείργων,
2650 5707 2722 5773 ὡς
2768 5710 2816 5760 εἰ
2879 5709 2972 5762 καὶ
3022 5711 3179 5782 σιγᾷν
3229 5709 3632 5780 κατακέκριτο·
