4032 6214
363 297 499 364 I305

1173 303 1586 366 EUSTATHII
1624 305 2375 369 THESSALONICENSIS
2405 309 2806 371 EPISTOLJE.

3494 307 3629 372 1306

355 412 538 468 ἀδικεῖ
561 409 619 464 δὲ
640 411 736 464 καὶ
785 411 955 483 ἡμᾶς,
993 413 1068 486 μὴ
1093 415 1428 485 γλυκαίνων,
1452 415 1535 481 οἷς
1593 419 1817 488 γράφει,
1842 419 1941 482 τὰς
1970 425 2016 481 Α
2045 422 2324 490 οἰκήσεις-⁸
2355 424 2450 478 καὶ
2477 424 2739 486 πολλάκις
2773 422 2964 487 καιρὸς
3015 420 3324 490 πολύμηνος
3354 422 3626 491 διήρχετο.

356 503 549 563 ἀκοάς.

1096 601 1185 654 ΛΘ
1472 657 1484 666 ,

857 693 941 757 Τῷ
973 696 1446 762 Μετρητοπώλῳ.

357 821 384 830 .-
441 785 570 838 Είθε
609 787 686 858 μὴ
718 785 964 856 ἔγραψας
991 790 1145 856 ἡμῖν,
1196 791 1331 859 μηδέ
1391 793 1585 855 ἕδακες
1633 795 1791 862 ἡμῶν
1840 794 1942 861 τὴν

357 878 536 948 ψυχὴν
586 879 674 933 διὰ
732 879 832 948 τῆς
883 881 1126 950 γραφῆς.
1183 883 1382 950 Ἤρκει
1438 885 1550 954 γάρ
1621 885 1942 956 μεμνῆσθαι

359 969 520 1039 ἡμῶν
546 969 647 1042 τὴν
677 970 899 1041 ἀγάπην
935 987 1052 1035 σου,
1093 974 1187 1026 καὶ
1238 975 1665 1045 ὑπερεύχεσθαι.
1716 977 1944 1047 Μάρτυς

359 1063 388 1114 6
419 1062 589 1127 Θεὸς,
619 1065 650 1133 ή
698 1064 964 1133 ἀλήθεια’
1000 1065 1118 1135 ἅμα
1151 1065 1355 1136 ἔμαθον
1413 1069 1505 1122 τὸν
1559 1069 1788 1124 θάνατον
1845 1067 1942 1123 τοῦ

363 1153 654 1208 καλλίστου
706 1171 801 1207 σου
836 1155 1115 1225 γαμϐροῦ,
1171 1159 1264 1211 καὶ
1321 1158 1496 1223 οὕτως
1557 1160 1823 1228 διετέθην,
1866 1160 1945 1223 ὡς

361 1244 457 1297 ἐὰν
489 1245 763 1299 ἀπέθανεν
810 1247 933 1314 ἐμοὶ
967 1250 1188 1318 γνήσιος
1221 1253 1512 1322 συγγενής.
1541 1248 1614 1306 *Ω
1636 1252 1802 1306 καλόν
1839 1270 1940 1322 μου

366 1335 607 1402 παιδίον,
676 1331 721 1390 ὧ
748 1337 1033 1408 ἀγαπητόν
1059 1356 1076 1373 ο
1108 1335 1152 1393 ὦ
1183 1341 1507 1411 θαυμάσιον.
1540 1339 1610 1397 Ὦ
1641 1345 1939 1414 περιμυθία

365 1427 458 1480 τοῦ
491 1426 656 1480 καλοῦ
700 1446 801 1496 μου
837 1431 1030 1499 κυρίου
1074 1432 1321 1488 Ἰωάννου
1343 1452 1356 1465 ’
1397 1434 1442 1489 ὦ
1472 1437 1635 1500 ἄνθος
1662 1439 1942 1506 μαρανθὲν

363 1517 560 1582 ἄωρον.
609 1518 982 1588 Ἐνθυμοῦμαι
1050 1523 1149 1590 τὴν
1221 1524 1430 1578 ἐκείνου
1480 1528 1784 1593 παίδευσιν,
1841 1530 1942 1599 τήν

363 1606 718 1669 κατάστασιν,
751 1610 851 1678 τὴν
886 1611 1024 1679 πρὸς
1056 1614 1116 1666 σὲ
1151 1616 1318 1684 τιμὴν
1350 1616 1446 1670 καὶ
1479 1618 1725 1686 ἀγάπην,
1753 1619 1813 1672 τὸ
1841 1619 1938 1673 τοῦ

365 1699 480 1766 βίου
546 1701 925 1768 προνοητικὸν,
959 1704 1054 1772 τήν
1102 1707 1449 1773 γεροντιαίαν
1482 1710 1540 1761 ἐν
1572 1711 1787 1780 νεότητι
1813 1713 1945 1782 φρόο

365 1805 539 1856 νησιν,
568 1789 628 1842 τὸ
655 1790 748 1843 τοῦ
777 1791 944 1859 ἦθους
978 1795 1232 1864 γαληνὸν,
1254 1797 1324 1851 τά
1349 1799 1484 1852 ἄλλα
1506 1801 1684 1855 πάντα
1706 1803 1774 1856 τὰ
1801 1804 1941 1874 ὑπὲρ

367 1881 463 1949 τὴν
493 1881 702 1935 ἐκείνου
755 1882 1008 1952 ήλικίανο
1062 1887 1160 1940 καὶ
1204 1888 1471 1958 δάκνομαι
1516 1894 1615 1962 μὲν
1644 1895 1737 1946 καὶ⁵
1776 1897 1941 1959 αὐτὸς

368 1972 460 2039 τὴν
476 1972 672 2043 ψυχὴν,
702 1974 1042 2044 ἐνθυμοῦμαι
1062 1978 1118 2031 δὲ
1141 1983 1234 2037 καὶ
1263 1983 1344 2046 σέ,
1367 1981 1420 2033 τί
1440 1984 1656 2052 μέλλεις
1685 1987 1938 2056 πάσχειν·

368 2066 457 2116 καὶ
499 2065 746 2131 δ.πλάζω
775 2070 873 2140 τὴν
909 2070 1111 2142 λύπην,
1153 2075 1248 2126 καὶ
1302 2073 1579 2138 ταλανίξω
1640 2076 1732 2130 τὸν
1784 2078 1900 2148 βίον
1925 2094 1938 2108 ·

367 2157 457 2207 καὶ
485 2157 583 2221 τάς
623 2160 848 2223 ἐλπίδας
890 2163 1046 2231 ήμῶν
1068 2165 1438 2235 ἐννοούμενος,
1472 2163 1558 2220 οἶα
1598 2187 1699 2236 μεν
1731 2171 1946 2236 ἐλπίζο-

370 2247 597 2316 μτν,οία
628 2251 684 2303 δὲ
719 2251 777 2316 ἐξ
808 2253 1109 2320 ἀποτυχίας
1145 2255 1452 2326 πάσχομεν.
1503 2259 1728 2324 Ἐδοξας
1792 2262 1948 2327 εὐτυ-

371 2340 534 2408 χῆσαι
569 2341 664 2393 καὶ
693 2345 939 2413 ἐντυχεῖν
962 2344 1252 2414 εύρέματι,
1281 2349 1370 2400 ὅτε
1398 2347 1496 2417 τὴν
1556 2349 1731 2420 ἀρχὴν
1788 2346 1946 2422 εὗρες

372 2431 611 2484 τοιοῦτον
637 2437 887 2505 γαμϐρόν
912 2453 927 2468 ο
962 2438 1058 2491 καὶ
1091 2434 1236 2508 εἶχεν
1264 2438 1407 2493 οὕτω
1436 2442 1498 2494 τὸ
1525 2444 1782 2512 πρᾶγμα.
1833 2447 1947 2502 Νῦν

373 2523 427 2576 δὲ
457 2518 566 2577 οἷον
589 2525 808 2592 ἔπαθες,
836 2526 1016 2595 ὀλίγον
1037 2529 1375 2598 γευσάμενος
1406 2529 1502 2583 τοῦ
1543 2532 1787 2586 τοιούτου
1820 2535 1950 2603 γλυ-

373 2614 628 2678 κυτάτου,
659 2612 780 2670 εἶτα
807 2617 892 2671 διὰ
919 2618 1020 2688 τῆς
1049 2622 1358 2692 στερήσεως
1419 2626 1583 2679 αὑτοῦ
1626 2628 1951 2697 πικρανθεὶς

374 2707 601 2761 πλείονα
627 2724 643 2741 ·
681 2711 773 2762 καὶ
800 2712 861 2764 ού
897 2710 1043 2780 λέγω
1077 2715 1164 2768 διά
1198 2717 1260 2768 τὸ
1291 2715 1461 2788 βάρος
1483 2722 1582 2788 τῆς
1617 2722 1828 2791 τροφῆς
1851 2723 1950 2792 τῆς

375 2796 565 2861 ἀθλίας
588 2799 797 2854 ἐκείνου
833 2804 1092 2869 γυναικὸς
1143 2807 1236 2859 καὶ
1297 2809 1397 2878 τῆς
1443 2811 1551 2864 τῶν
1613 2813 1951 2883 βρεφυλλίοιν

375 2891 708 2962 ἀνατροφῆς,
743 2894 880 2950 ἀλλά
909 2897 996 2950 διὰ
1029 2897 1129 2968 τὴν
1179 2899 1390 2953 ἐκείνου
1426 2904 1708 2974 στέρησιν.
1741 2908 1951 2961 Λυπεῖ-

377 2980 500 3034 σθαι
537 2982 637 3052 μέν
663 2979 756 3038 οῦν
791 3003 850 3039 σε
880 2987 965 3040 διὰ
995 2987 1056 3042 τὸ
1103 2990 1270 3042 αὐτοῦ
1303 2993 1590 3063 στέρεσθαι
1613 2996 1674 3050 ού
1723 2998 1797 3068 μὴ
1832 3017 1953 3055 ικω-

2043 515 2136 566 καὶ
2169 517 2196 567 6
2223 514 2412 585 κύριος
2446 517 2852 576 Κωνσταντῖνος
2878 514 3042 567 ῶκνει
3069 514 3168 582 τὴν
3191 515 3272 576 είς
3306 514 3397 567 τὸν
3417 515 3628 567 Εὑστά-

2045 605 2161 658 θιον
2187 605 2473 659 ἐπέλευσιν
2505 624 2519 637 ·
2558 608 2651 659 καὶ
2685 606 3061 676 ἐρωτώμενος,
3100 605 3244 658 διατί
3273 606 3431 658 τοῦτο
3460 608 3626 669 ποιεῖ,

2043 697 2226 752 ἐλάλει
2268 700 2337 750 τὰ
2387 699 2596 759 εἰκότα,
2629 699 2723 752 καὶ
2762 699 2974 753 ἔπειθε.
3029 697 3148 759 Πῶς
3193 697 3257 767 δὴ
3309 698 3406 749 νῦν
3465 700 3630 758 αὐτὸς

2041 789 2144 840 οῦκ
2165 788 2426 840 ἐννοεῖται
2458 790 2588 854 περὶ
2622 789 2776 857 ἡμῶν
2827 788 2895 841 τά
2944 790 3124 853 ὃμοια,
3151 789 3347 857 ἐπικλᾷ
3393 789 3448 840 δὲ
3498 791 3631 856 ἡμῖν

2045 881 2353 950 ἀμνηστίας
2385 882 2660 945 αἰτίασιν;
2707 881 2902 948 Ἡμεῖς
2940 881 3240 952 ἐδοκοῦμεν
3286 883 3628 949 ἀντιγραφῆς

2044 973 2232 1043 ἀρκεῖν
2263 973 2484 1036 καὶτὰς
2535 975 2960 1042 προσηγορείας,
3010 973 3075 1037 ἂς
3135 973 3393 1043 μυριάκις
3439 974 3624 1026 ἐστέλ-

2042 1063 2226 1132 λομεν.
2273 1063 2398 1116 Ἐὰν
2431 1063 2487 1116 δὲ
2514 1064 2798 1129 ἐσιγῶντο,
2829 1064 2996 1131 ψόγος
3031 1067 3144 1125 τοῖς
3173 1065 3585 1132 ἁμαρτάνουσιν
3610 1079 3627 1095 ο

2045 1157 2208 1226 ἡμεῖς
2228 1155 2286 1210 δέ
2311 1155 2712 1210 ἀκαταιτίατοι.
2746 1158 2878 1226 Περὶ
2927 1158 3034 1209 τῶν
3077 1157 3186 1209 σῶν
3231 1158 3330 1208 οὐκ
3385 1156 3632 1225 ἔγραψας

2045 1246 2199 1316 ἡμῖν,
2229 1246 2378 1309 ὅπως
2412 1245 2616 1315 ἔχουσι.
2653 1248 2760 1299 Καὶ
2789 1249 2837 1299 εί
2873 1248 2972 1317 μὲν
3004 1246 3086 1310 εὖ,
3137 1248 3198 1300 ού
3236 1248 3415 1310 καλῶς
3447 1249 3634 1314 ἐποίη-

2049 1355 2174 1401 σας,
2227 1338 2301 1406 μὴ
2335 1337 2506 1392 θέλων
2538 1340 2883 1409 συμμερίτας
2917 1341 3048 1407 ἡμῖν
3075 1338 3217 1409 ἔχειν
3268 1339 3367 1406 τῆς
3415 1341 3591 1408 χαρᾶς
3617 1357 3632 1372 ο

2046 1429 2094 1481 εί
2123 1429 2179 1481 δὲ
2213 1430 2410 1497 ἄλλως,
2443 1431 2582 1500 ὅπερ
2637 1431 3013 1501 ἁπευχόμεθα,
3050 1430 3114 1483 σὺ
3169 1431 3266 1497 μὲν
3313 1431 3488 1492 εἴποις
3543 1430 3632 1494 ἂν,

2045 1519 2250 1572 ὅτιούκ
2290 1520 2635 1582 ἐπέστειλας,
2670 1517 2760 1572 οἶα
2791 1519 2866 1588 μὴ
2914 1518 3085 1572 θέλων
3117 1519 3323 1573 θλίϐειν
3351 1521 3475 1582 ταῖς
3530 1537 3634 1572 κα-

2047 1613 2366 1682 καγγελίαις
2395 1613 2566 1683 ήμᾶς.
2607 1612 2796 1680 Ἡμεῖς
2830 1611 2886 1664 δὲ
2940 1611 3062 1664 ούδέ
3119 1611 3290 1673 οῦτως
3340 1611 3636 1671 αίτιάσεως

2046 1706 2396 1772 ἀπολύσομεν
2425 1721 2508 1769 σε,
2548 1705 2624 1767 ὡς
2657 1703 2737 1776 μὴ
2763 1705 2863 1773 τὴν
2892 1704 3082 1775 κοινὴν
3117 1705 3313 1757 πείναν
3356 1705 3457 1772 τῆς
3482 1705 3640 1757 εὐκο-

2045 1777 2166 1860 λίας
2191 1797 2252 1851 εῦ
2277 1796 2648 1867 διακρίνοντα.

2781 1888 2918 1942 MA'.

2052 1999 2136 2064 Τῷ
2178 1999 2589 2067 πανσεὸάστῳ
2640 1997 2920 2124 σεϐἓστῷ
2963 2000 3062 2054 καὶ
3107 1999 3353 2070 μεγάλῳ
3394 1996 3644 2066 ’ἑταιρειο

2789 2089 2926 2124 mm.

2751 2089 2788 2124 a
2913 2109 2926 2124 .

2121 2165 2236 2218 Μία
2261 2164 2486 2234 χελιδὼν
2543 2165 2629 2231 ἐφ’
2675 2089 3058 2234 ήμᾶῗχξραφὴ
3121 2161 3500 2224 πανσέσαστος
3542 2163 3644 2227 τῆς

2057 2252 2158 2319 σῆς
2209 2252 2553 2322 ἀντιλήψεως
2584 2253 2698 2321 (καὶ
2723 2252 2861 2321 αὑτὴ
2920 2253 2982 2305 ού
3041 2251 3340 2321 δυσαχθὴς,
3374 2253 3456 2305 ὃτι
3511 2253 3646 2322 μηδέ

2052 2340 2212 2403 λάλος
2240 2358 2256 2373 ο
2293 2342 2387 2395 καὶ
2417 2341 2539 2396 οὐδὲ
2563 2325 2660 2396 οῖα
2684 2345 2827 2396 κατὰ
2859 2343 2956 2412 τὴν
2985 2342 3498 2412 παροιμιαζομένην
3532 2360 3646 2408 φω-

2051 2435 2165 2486 νεῖν
2196 2433 2486 2504 βάρϐαραο
2526 2435 2921 2504 μεμετρημένη
2971 2434 3028 2486 δὲ
3077 2435 3177 2504 τὴν
3235 2434 3497 2500 γλυκεῖαν
3545 2435 3645 2488 λαο

2050 2527 2196 2592 λιάν,
2227 2528 2408 2589 ὁποῖος
2437 2519 2590 2588 οὗτος
2639 2527 2804 2594 νόμος
2834 2522 3153 2597 ἐπιστολῆς,
3199 2526 3293 2580 καὶ
3323 2526 3458 2595 πρὸς
3527 2527 3648 2580 Ἐλ-

2049 2620 2263 2692 ληνίδος
2288 2620 2540 2691 γλώσσης
2571 2619 2917 2688 ἀπεξεσμένη
2971 2617 3276 2688 εὐγένειαν)
3310 2648 3380 2661 -
3411 2620 3511 2686 μία
3546 2618 3648 2688 μὲν

2052 2711 2170 2778 οῦν,
2233 2713 2372 2783 ὅπερ
2431 2712 2592 2782 ἔφην,
2656 2711 2799 2781 αῦτη
2855 2711 3082 2782 χελιδὼν
3136 2711 3414 2779 ἐπετάσθη
3475 2712 3646 2779 ἡμῖν’

2052 2803 2478 2875 ἀλλάίθριάζον
2529 2804 2627 2874 ἔαρ
2677 2805 2926 2872 ἐποίησε.
2973 2803 3040 2856 Τί
3089 2803 3169 2865 δὲ,
3232 2802 3331 2856 ἐάν
3385 2802 3518 2855 ποτέ
3561 2818 3646 2864 τις

2052 2896 2288 2965 δευτέρα
2323 2895 2614 2963 ἐπιφανείη
2641 2909 2658 2960 ;
2694 2888 2770 2946 Ἦ
2807 2895 3026 2954 πάντως
3059 2891 3298 2962 χρυσοῦν
3353 2891 3512 2962 θέρος
3543 2907 3646 2965 τη·

2056 2985 2292 3040 νικαῦτα
2323 2987 2558 3054 μηνύσει
2590 2986 2870 3055 ἐσόμενον.
2908 2984 3092 3038 Ἔλθοι
3125 2984 3329 3048 τοίνυν,
3363 2983 3458 3036 καὶ
3486 2984 3648 3050 ἡμεῖς

377 3072 546 3139 λύσω,
605 3074 691 3128 ἵνα
753 3075 828 3146 μὴ
881 3077 1016 3144 δόξω
1047 3079 1416 3152 ἀπάνθρωπος
1465 3085 1560 3137 καὶ
1613 3087 1957 3159 ἀνάλγητοςο
1988 3087 2032 3146 C.
2065 3081 2164 3134 οὐκ
2189 3079 2494 3150 ὁκνήσομεν
2525 3079 2595 3132 τὰ
2623 3079 2830 3150 συνήθη
2886 3076 3187 3147 ἐπιμέλψαι
3244 3077 3408 3147 αὐτῇ.
3458 3073 3651 3128 Τοιοῦ-

378 3163 511 3214 ὂπου
531 3180 593 3232 γε
624 3165 719 3218 καὶ
753 3166 913 3230 αὐτὸς
931 3167 1044 3236 ἐγὼ
1061 3169 1123 3222 ού
1155 3171 1337 3240 μόνον,
1365 3173 1660 3243 δεξάμενος
1689 3177 1788 3247 τὴν
1814 3194 1955 3248 γρα⁴

378 3253 488 3324 φήν
523 3273 640 3319 σου,
673 3259 766 3309 καὶ
796 3260 1090 3320 άναμαθὼν
1124 3261 1214 3315 τὸν
1247 3265 1458 3318 ἐκείνου
1518 3267 1769 3334 θάνατον,
1801 3270 1956 3337 depun-

380 3362 468 3406 νος
526 3346 715 3412 ἔμεινα
777 3349 862 3415 ἐφ’
920 3351 1127 3417 ἰκανὸν,
1186 3353 1320 3406 ἀλλά
1374 3357 1465 3408 καὶ
1521 3359 1714 3420 εἰσέτι,
1765 3361 1956 3422 ὁσάκις

381 3437 588 3489 ἐκεῖνον
620 3438 929 3507 ἐνθυμηθῶ,
982 3442 1050 3494 τὰ
1091 3444 1254 3509 ὁμο-α
1320 3448 1512 3516 πάσχω
1543 3465 1556 3479 ο
1590 3450 1683 3501 καὶ
1738 3450 1830 3501 ἐπὶ
1889 3451 1956 3504 τὰ

384 3528 513 3596 ἐξῆς
544 3527 598 3580 δέ
634 3529 890 3584 οὐδέποτε
954 3533 1118 3585 αὐτοῦ
1184 3536 1535 3607 ἐπιλήσομαι.
1593 3541 1742 3593 Διότι
1799 3541 1959 3608 ἐγγε-

381 3621 702 3690 γραμμένον
747 3619 892 3692 εἶχον
949 3625 1111 3679 αὐτὸν
1165 3627 1244 3689 είς
1300 3627 1479 3698 ψυχὴν
1529 3629 1604 3687 ὡς
1651 3630 1955 3704 [πλείστου]

383 3712 555 3777 ἀξιον.
601 3713 844 3779 Ἀξιώσω
893 3715 948 3768 δέ
1005 3733 1088 3782 σε,
1126 3718 1203 3787 μὴ
1261 3720 1542 3781 παντελῶς
1597 3722 1842 3776 ἐνδοῦναι
1890 3725 1957 3794 τῇ

384 3804 552 3875 λύπῃ,
590 3805 688 3857 καὶ
743 3803 1065 3872 βυθισθῆναι
1093 3805 1200 3858 ὑπὸ
1241 3805 1350 3858 τῶν
1391 3807 1647 3877 θλίψεων,
1683 3810 1800 3863 ἀλλ’
1858 3813 1960 3865 ὑπ-

383 3897 596 3967 ανέχειν
623 3894 850 3948 σεαυτὸν
892 3897 986 3949 καὶ
1014 3896 1498 3966 ἀνακουφίζεσθαι.
1565 3900 1815 3971 ’Δρκέσει
1877 3921 1960 3958 σοι

385 3987 494 4057 γάρ
529 3989 557 4040 6
591 3986 946 4057 ἐλευσόμενος
968 3987 1159 4058 καιρὸς
1193 3991 1271 4051 είς
1299 3989 1362 4042 τὸ
1383 3989 1684 4047 θλίϐεσθαι.
1719 3994 1963 4065 Περιμυ-

389 4077 484 4130 θοῦ
522 4078 579 4131 δέ
610 4079 706 4132 καλ⁸
733 4078 834 4150 τὴν
888 4079 1128 4148 ἐλεεινὴν
1181 4081 1390 4134 ἐκείνου
1442 4087 1679 4149 γυναῖκα
1739 4088 1961 4157 τρόποις

388 4171 568 4236 ἄλλοις
589 4189 670 4238 τε,
729 4174 825 4228 καὶ
878 4172 967 4226 διὰ
1012 4173 1106 4228 τοῦ
1161 4174 1452 4242 φαίνεσθαί
1504 4194 1566 4230 σε
1606 4180 1682 4248 μὴ
1730 4179 1962 4234 πάντοτε

387 4267 642 4319 κλαίοντα
673 4265 767 4318 καὶ
793 4265 1154 4335 λυπούμενον.
1177 4268 1334 4322 Οῦτω
1376 4271 1485 4342 γὰρ
1518 4273 1614 4325 καὶ
1644 4274 1827 4345 ἐκείνη
1865 4292 1963 4329 πε-

391 4359 646 4432 ριμυθίαν
677 4361 796 4412 τινὰ
829 4360 892 4426 λή
904 4358 1078 4430 ψεται.

1133 4455 1202 4508 Μ,

472 4547 838 4617 ’Υγιαίνοντες
894 4548 962 4616 τῇ
1029 4546 1121 4600 τοῦ
1182 4547 1318 4602 Θεοῦ
1381 4549 1625 4620 βοηθείᾳ,
1693 4552 1996 4621 εὐχόμεθα.

391 4637 656 4704 ὑγιαίνειν
688 4636 783 4690 καὶ
821 4636 919 4708 τήν
949 4636 1171 4708 ἀγάπην
1205 4656 1299 4692 σου
1326 4656 1338 4671 ·
1376 4639 1404 4692 δ
1429 4641 1494 4711 δὴ
1551 4642 1648 4696 καὶ
1702 4644 1971 4713 μανθάνο-

394 4747 516 4797 μεν.
550 4729 677 4781 Ἐάν
701 4729 756 4781 δὲ
792 4729 1016 4799 θλιόερά
1042 4729 1125 4782 σοί
1155 4747 1276 4784 τινα
1308 4732 1684 4800 ἐπιγίνωνται,
1716 4735 1874 4788 τοῦτο
1902 4736 1971 4805 τῇ

392 4820 487 4871 τοῦ
518 4819 634 4889 βίου
667 4821 1026 4890 προσλογίζου
1055 4823 1366 4896 ἀνωμαλίᾳ.
1404 4825 1538 4877 Οὐδὲ
1581 4827 1689 4894 γάρ
1716 4825 1968 4889 δυνατὸν,

393 4909 682 4980 ἄνθρωπον
713 4911 773 4964 ἐν
816 4912 916 4982 βίῳ
945 4913 1285 4983 τυγχάνοντα
1310 4915 1618 4984 διαφυγεῖν,
1648 4916 1836 4988 ὥσπερ
1878 4918 1973 4970 ού-

393 5003 445 5055 δέ
473 5003 572 5065 τὰς
610 5003 903 5074 μερίμνας,
932 5003 1105 5068 οὕτως
1130 5005 1249 5058 ούδέ
1282 5005 1380 5068 τὰς
1437 5005 1634 5070 λύπας.
1669 5005 1774 5060 Καὶ
1820 5007 1974 5060 τοῦτο

397 5095 494 5163 μὲν
515 5093 615 5146 οὐκ
644 5094 758 5163 ἔχει
785 5112 837 5148 τι
867 5095 1190 5165 παράδοξον.
1230 5098 1304 5150 Τὸ
1333 5097 1391 5150 δὲ
1422 5098 1837 5166 ὑπολαμϐάνειν
1892 5117 1972 5165 σε,

395 5185 474 5237 ’ότι
506 5184 884 5254 ἐπελαθόμεθά
917 5203 1032 5249 σου,
1064 5188 1158 5240 καὶ
1179 5188 1257 5240 ὅτι
1289 5187 1364 5260 μή
1387 5189 1663 5257 φιλοῦντες
1690 5191 1750 5244 ού
1769 5191 1974 5259 γράφοι

399 5291 518 5342 μεν,
542 5275 698 5328 τοῦτο
731 5276 1031 5345 παράδοξον
1062 5277 1198 5347 ἡμῖν
1231 5278 1375 5343 ἔδοξε
1402 5280 1492 5332 διά
1521 5295 1579 5332 τε
1611 5279 1747 5332 ἄλλα
1781 5282 1974 5343 πολλὰ,

399 5365 490 5418 καὶ
528 5365 660 5419 διότι
681 5366 739 5418 τὸ
775 5367 873 5436 μὲν
895 5370 1129 5439 γράφειν
1161 5369 1258 5422 καὶ
1290 5371 1513 5438 βλέπειν
1557 5371 1820 5442 ἀλλήλους
1859 5373 1976 5426 ἐστι

402 5472 501 5508 που
531 5457 711 5524 φιλεάς
735 5457 1086 5513 ἐνδεικτικόν·
1118 5462 1219 5514 οῦκ
1241 5462 1345 5532 ήδη
1389 5463 1444 5514 δὲ
1485 5463 1545 5516 τὸ
1584 5463 1659 5533 μὴ
1721 5465 1975 5533 γράφειν,

402 5547 536 5617 μηδέ
563 5551 643 5610 εἰς
673 5549 928 5620 ἐντυχίαν
946 5552 1226 5621 ἔρχεσθαι,
1252 5553 1475 5622 ἀφιλίας
1501 5555 1776 5622 λογίζεται
1813 5556 1978 5609 ἐνδει-

401 5639 502 5700 ίις,
569 5639 957 5710 Ἐνθυμήθητι,
994 5644 1096 5708 ὅτι,
1159 5643 1396 5714 ὁπηνίκα
1453 5641 1593 5712 ἦμεν
1645 5645 1865 5716 ἐνδημοι
1910 5650 1974 5718 τῇ

402 5732 798 5804 Μ;γαλοπόλει,
833 5735 1006 5812 βραχὺ
1056 5738 1333 5813 διάστημα
1365 5740 1635 5814 ἐμέσαζεν
1692 5742 1823 5812 ἡμῖν
1880 5743 1975 5809 τάς

2059 3172 2157 3225 τόν
2183 3187 2238 3224 τι
2271 3172 2365 3224 καὶ
2396 3171 2547 3241 παρὰ
2595 3170 2918 3239 τοῖς-πάλαι
2960 3166 3030 3238 ἦν
3059 3170 3344 3238 γινόμενον
3368 3185 3382 3199 ⁸
3421 3168 3514 3220 καὶ
3561 3167 3650 3220 ὅτε

2058 3263 2180 3317 κατ’
2233 3264 2410 3333 ἀρχὴν
2473 3265 2592 3325 ταῖς
2642 3263 2879 3333 χελιδόσι
2933 3262 3028 3316 τοῦ
3090 3262 3380 3330 φαίνεσθαι
3429 3257 3497 3332 ἦν
3547 3261 3649 3328 τὴν

2059 3355 2336 3426 πρώτηνῆ
2364 3355 2460 3408 καὶ
2513 3355 2800 3424 δευτέραν,
2844 3354 3026 3422 λόγοις
3069 3353 3371 3420 ἐδεξιοῦντο
3427 3369 3652 3419 συγκει-

2061 3446 2240 3515 μένοις
2275 3447 2410 3515 πρὸς
2442 3447 2764 3515 ἐμμέλειαν.
2797 3447 2991 3500 Ἔσται
3025 3445 3118 3499 οῦν
3169 3445 3329 3499 τοῦτο
3371 3445 3466 3497 καὶ
3493 3444 3650 3514 ἡμῖν,

2060 3538 2110 3591 οἳ
2145 3537 2270 3589 οὔτε
2300 3536 2395 3589 νῦν
2447 3539 2828 3606 ήμελήσαμεν,
2883 3538 2998 3589 ἀλλ’
3050 3539 3505 3607 ἐπεκροτήσαμεν
3557 3537 3651 3588 καὶ

2059 3629 2276 3699 ᾠδικῶς
2324 3629 2757 3697 ἐσκιρτήσαμεν,
2806 3630 2902 3681 καὶ
2943 3629 3135 3694 ὑγείαν
3174 3632 3271 3681 καὶ
3314 3631 3424 3681 πᾶν
3465 3629 3653 3697 ἕτερον

2059 3719 2266 3788 ἀγαθὸν
2312 3721 2379 3790 τῇ
2433 3719 2717 3791 ἀντιλήψει
2763 3736 2860 3771 σου
2911 3718 3270 3789 ἐπηυξάμεθα
3308 3719 3402 3772 καλ⁸
3454 3719 3535 3779 είς
3588 3719 3650 3770 τὸ

2061 3812 2214 3864 ἐπιὸν
2237 3811 2292 3864 δὲ
2314 3809 2547 3864 τοιοῦτοι
2569 3809 2808 3880 ἐσόμεθα
2832 3826 2849 3841 ο
2875 3810 2948 3872 ῶς
2975 3810 3162 3879 τάχιον
3185 3809 3251 3862 ἂν
3279 3810 3648 3863 διεκπεσεῖται

2063 3903 2197 3972 ήμῖν
2219 3904 2256 3972 ὴ
2305 3903 2524 3970 γλῶσσα
2550 3902 2644 3957 τοῦ
2678 3903 2958 3968 στόματος,
2992 3902 3136 3972 ἤπερ
3185 3901 3355 3971 αὐτὴν
3384 3901 3654 3979 ἐπιλείψει

2062 3991 2333 4047 λαλοῦσαν
2363 3995 2390 4046 6
2421 3993 2578 4062 λόγος
2619 3996 2648 4048 6
2675 3994 2801 4062 περὶ
2833 3992 2934 4062 τῆς
2967 3994 3064 4062 σῆς
3097 3992 3460 4061 ἀντιλήψεως.
3491 3993 3566 4046 Τὸ
3593 3994 3650 4046 δέ

2064 4083 2248 4138 λοιπὸν
2281 4083 2376 4138 τοῦ
2406 4086 2598 4157 καιροῦ
2632 4087 2708 4149 εἰς
2741 4084 2918 4156 ψυχὴν
2969 4085 3139 4154 αὐτὴν
3191 4084 3544 4155 ἀνάγραπτόν
3593 4103 3654 4138 σε

2069 4172 2309 4243 φέρομεν
2336 4190 2351 4206 ο
2383 4175 2479 4226 καὶ
2502 4173 2612 4228 τῶν
2647 4191 2704 4226 τε
2728 4173 2904 4242 εὐχῶν
2938 4178 3030 4226 καὶ
3060 4173 3161 4242 τῆς
3203 4173 3397 4241 λοιπῆς
3429 4175 3651 4243 μνήμης

2068 4263 2252 4333 φέροις
2275 4265 2405 4334 παρ’
2452 4266 2586 4334 ἡμῖν
2610 4264 2680 4318 τὰ
2708 4266 3034 4334 πρωτόλεια.
3085 4265 3376 4318 Ἐπακούοι
3407 4265 3462 4318 δὲ
3499 4266 3654 4327 Θεὸς.

2813 4356 2862 4407 Μ
2872 4352 2946 4408 B'.

1999 4455 2043 4511 ι)
2078 4441 2161 4506 Τῷ
2189 4443 2654 4510 φιλανθρωπίνῳ
2671 4446 3001 4520 παλατίνῳ,
3031 4446 3214 4513 κυρίῳ
3255 4445 3528 4514 Ἰωάννῃ,
3576 4445 3657 4511 τῷ

2434 4536 2527 4588 καὶ
2559 4535 2820 4604 ὕστερον
2847 4541 3293 4610 καθηγουμένῳ.

2143 4626 2260 4679 Νῦν
2293 4627 2489 4697 ἔγνων,
2518 4633 2713 4699 ὅτιπερ
2744 4631 2801 4680 ἐν
2826 4629 2967 4683 οῦτω
2995 4633 3183 4695 καλοῖς
3216 4635 3276 4686 τὸ
3309 4634 3440 4704 ἐμὸν
3491 4633 3653 4694 ἄλσος

2074 4721 2272 4786 κεῖται,
2308 4721 2400 4774 καὶ
2433 4721 2668 4788 δένδροις
2702 4723 2948 4790 εύγενέσι
3002 4726 3171 4794 κομᾷ,
3225 4727 3317 4778 καὶ
3378 4725 3655 4794 θαύματος

2071 4810 2245 4877 ἀξίοις
2274 4814 2644 4884 ἐνευθηνεῖται
2675 4819 2930 4885 καρποῖς,
2969 4818 3064 4869 καὶ
3095 4816 3308 4878 πολλοῖς
3340 4816 3522 4868 θάλλει
3545 4819 3658 4880 τοῖς

2074 4905 2301 4973 ἀγαθοῖς
2332 4921 2345 4935 ’
2380 4905 2473 4959 καὶ
2502 4905 2706 4977 ἐξαίρω
2738 4907 2847 4960 τῶν
2881 4907 3056 4960 ἀλλων
3103 4907 3164 4960 τὸ
3193 4907 3325 4974 ἐμὸν
3373 4907 3531 4961 τοῦτο
3562 4927 3662 4962 κα·
3761 4969 3766 4973 η

2074 4996 2189 5063 λδν,
2213 4998 2304 5049 καὶ
2327 4996 2430 5065 γῆν
2474 4996 2606 5050 αὐτὸ
2641 4998 2814 5068 κρίνω
2863 4997 3131 5067 μακάρων
3156 5015 3171 5030 ·
3204 5000 3290 5052 ὅτε
3325 5001 3506 5054 καὶτὸ
3561 5004 3660 5072 τῆς

2076 5089 2176 5158 σῆς
2208 5088 2516 5158 ἁγιωσύνης
2548 5089 2820 5158 μακάριον
2850 5091 2929 5151 εἰς
2962 5091 3124 5143 πόθον
3173 5093 3532 5156 ἐξεκαλέσατο
3557 5107 3573 5124 ⁸
3603 5092 3661 5152 ὅς

2077 5196 2138 5248 γε
2169 5180 2264 5234 καὶ
2295 5180 2670 5243 κατασκόπους
2694 5181 3051 5251 ἐπι-πέμπεις,
3095 5185 3200 5236 τῶν
3240 5185 3389 5252 ἐμῶν
3441 5181 3662 5250 ἀγαθῶν

2073 5291 2127 5326 τι
2158 5273 2590 5345 προδώσονταςῆ
2619 5276 2711 5326 καὶ
2743 5276 3232 5347 περισυλήσοντας,
3267 5277 3360 5329 δύο
3417 5276 3660 5341 τούτους,

2074 5367 2284 5431 δεινοὺς
2307 5366 2722 5431 ἐπιὸουλεῦσαι,
2775 5371 2974 5436 σοφοὺς
3019 5366 3411 5436 τεχνάσασθαι,
3453 5363 3658 5429 δεξιοὺς

2075 5458 2550 5528 κατασκέψασθαι.
2580 5458 2737 5512 Οῦτω
2768 5459 2900 5510 ποτὲ
2930 5460 3022 5511 καὶ
3049 5449 3282 5528 Ἰησοῦς,
3308 5461 3335 5512 6
3357 5459 3448 5511 τοῦ
3478 5459 3657 5530 Ναυῆ,

2078 5553 2177 5622 τῆς
2233 5551 2582 5622 ὑμνουμένης
2641 5549 2989 5620 Ἱεριχοῦντος
3035 5550 3450 5620 ἐπιὸαλόμενος,
3492 5568 3660 5605 κατα-

2080 5647 2316 5706 σκόπους
2340 5640 2608 5710 ἐξέστειλε
2629 5641 2721 5694 δύο
2741 5656 2755 5671 ο
2789 5639 2839 5691 οἳ
2888 5641 2983 5694 καὶ
3015 5641 3479 5712 παρεισπεσόντες
3511 5641 3661 5695 ἔνδον

2082 5738 2179 5808 τῆς
2209 5737 2436 5804 πόλεως,
2467 5735 2561 5790 καὶ
2582 5737 2715 5802 πᾶν,
2742 5733 2878 5806 ὅπερ
2907 5733 3207 5802 ἐϐούλοντο,
3271 5737 3405 5806 πρὸς
3453 5735 3650 5806 τέχνην
