  <div class='ocr_page' id='page_1' title='image "/cluster/home/n/w/nwhite01/storage/ocr_20150623/136/hvd.32044054100201/661.png"; bbox 0 0 4062 6222; ppageno 0'>
   <div class='ocr_carea' id='block_1_1' title="bbox 449 334 580 386">
    <p class='ocr_par' dir='ltr' id='par_1_1' title="bbox 449 334 580 386">
     <span class='ocr_line' id='line_1_1' title="bbox 449 334 580 386; baseline -0.008 0"><span class='ocrx_word' id='word_1_1' title='bbox 449 335 469 386; x_wconf 84' lang='grc'>1</span> <span class='ocrx_word' id='word_1_2' title='bbox 480 334 580 385; x_wconf 68' lang='grc' dir='ltr'><strong>κω</strong></span> 
     </span>
    </p>
   </div>
   <div class='ocr_carea' id='block_1_2' title="bbox 1851 320 2209 383">
    <p class='ocr_par' dir='ltr' id='par_1_2' title="bbox 1851 320 2209 383">
     <span class='ocr_line' id='line_1_2' title="bbox 1851 320 2209 383; baseline 0 -2"><span class='ocrx_word' id='word_1_3' title='bbox 1851 323 1892 381; x_wconf 79' lang='grc' dir='ltr'>Α</span> <span class='ocrx_word' id='word_1_4' title='bbox 1905 320 2209 383; x_wconf 76' lang='lat' dir='ltr'><strong>DDENDA</strong></span> 
     </span>
    </p>
   </div>
   <div class='ocr_carea' id='block_1_3' title="bbox 3573 318 3710 382">
    <p class='ocr_par' dir='ltr' id='par_1_3' title="bbox 3573 318 3710 382">
     <span class='ocr_line' id='line_1_3' title="bbox 3573 318 3710 382; baseline -0.007 -1"><span class='ocrx_word' id='word_1_5' title='bbox 3573 318 3710 382; x_wconf 69' lang='lat'><strong>1303</strong></span> 
     </span>
    </p>
   </div>
   <div class='ocr_carea' id='block_1_4' title="bbox 431 425 3710 500">
    <p class='ocr_par' dir='ltr' id='par_1_4' title="bbox 431 425 3710 500">
     <span class='ocr_line' id='line_1_4' title="bbox 431 425 3710 500; baseline 0.001 -19"><span class='ocrx_word' id='word_1_6' title='bbox 431 425 932 496; x_wconf 84' lang='grc' dir='ltr'><strong>κατεργασάμενοι,</strong></span> <span class='ocrx_word' id='word_1_7' title='bbox 965 426 1189 497; x_wconf 85' lang='grc' dir='ltr'><strong>μεγάλῳ</strong></span> <span class='ocrx_word' id='word_1_8' title='bbox 1217 426 1297 495; x_wconf 82' lang='grc' dir='ltr'><strong>τῷ</strong></span> <span class='ocrx_word' id='word_1_9' title='bbox 1337 425 1652 496; x_wconf 85' lang='grc' dir='ltr'><strong>στρατηγῷ,</strong></span> <span class='ocrx_word' id='word_1_10' title='bbox 1704 427 1842 497; x_wconf 77' lang='grc' dir='ltr'><strong>πρὸς</strong></span> <span class='ocrx_word' id='word_1_11' title='bbox 1886 428 2025 497; x_wconf 86' lang='grc' dir='ltr'><strong>ὅπερ</strong></span> <span class='ocrx_word' id='word_1_12' title='bbox 2053 434 2101 492; x_wconf 80' lang='grc' dir='ltr'><strong>Α</strong></span> <span class='ocrx_word' id='word_1_13' title='bbox 2126 429 2230 500; x_wconf 77' lang='grc' dir='ltr'><strong>τὴν</strong></span> <span class='ocrx_word' id='word_1_14' title='bbox 2259 427 2615 498; x_wconf 81' lang='grc' dir='ltr'><strong>ὑμνουμένην</strong></span> <span class='ocrx_word' id='word_1_15' title='bbox 2650 428 3046 498; x_wconf 82' lang='grc' dir='ltr'><strong>Ἰεριχουντῖαν</strong></span> <span class='ocrx_word' id='word_1_16' title='bbox 3076 427 3295 495; x_wconf 83' lang='grc' dir='ltr'><strong>ἐκείνην</strong></span> <span class='ocrx_word' id='word_1_17' title='bbox 3327 429 3404 496; x_wconf 78' lang='grc' dir='ltr'><strong>τῷ</strong></span> <span class='ocrx_word' id='word_1_18' title='bbox 3436 429 3533 482; x_wconf 80' lang='grc' dir='ltr'><strong>τοῦ</strong></span> <span class='ocrx_word' id='word_1_19' title='bbox 3566 429 3710 498; x_wconf 87' lang='grc' dir='ltr'><strong>ἐμοῦ</strong></span> 
     </span>
    </p>
   </div>
   <div class='ocr_carea' id='block_1_5' title="bbox 431 517 2022 590">
    <p class='ocr_par' dir='ltr' id='par_1_5' title="bbox 431 517 2022 590">
     <span class='ocr_line' id='line_1_5' title="bbox 431 517 2022 590; baseline 0 -22"><span class='ocrx_word' id='word_1_20' title='bbox 431 517 612 583; x_wconf 73' lang='grc' dir='ltr'><strong>ἡθελε,</strong></span> <span class='ocrx_word' id='word_1_21' title='bbox 647 521 1027 571; x_wconf 79' lang='grc' dir='ltr'><strong>συνεϐάλοντο.</strong></span> <span class='ocrx_word' id='word_1_22' title='bbox 1063 520 1171 571; x_wconf 80' lang='grc' dir='ltr'><strong>Καὶ</strong></span> <span class='ocrx_word' id='word_1_23' title='bbox 1201 520 1307 587; x_wconf 79' lang='grc' dir='ltr'><strong>μὴν</strong></span> <span class='ocrx_word' id='word_1_24' title='bbox 1341 521 1375 587; x_wconf 77' lang='grc' dir='ltr'>ἡ</span> <span class='ocrx_word' id='word_1_25' title='bbox 1411 519 1567 582; x_wconf 85' lang='grc' dir='ltr'><strong>πόλις</strong></span> <span class='ocrx_word' id='word_1_26' title='bbox 1590 520 1771 590; x_wconf 74' lang='grc' dir='ltr'><strong>ἐκείνη</strong></span> <span class='ocrx_word' id='word_1_27' title='bbox 1809 519 2022 590; x_wconf 78' lang='grc' dir='ltr'><strong>μεγάλη</strong></span> 
     </span>
    </p>
   </div>
   <div class='ocr_carea' id='block_1_6' title="bbox 432 603 2024 678">
    <p class='ocr_par' dir='ltr' id='par_1_6' title="bbox 432 603 2024 678">
     <span class='ocr_line' id='line_1_6' title="bbox 432 603 2024 678; baseline 0.004 -22"><span class='ocrx_word' id='word_1_28' title='bbox 432 603 524 677; x_wconf 82' lang='grc' dir='ltr'><strong>ῆν,</strong></span> <span class='ocrx_word' id='word_1_29' title='bbox 547 611 636 659; x_wconf 70' lang='grc' dir='ltr'><strong>καὶ</strong></span> <span class='ocrx_word' id='word_1_30' title='bbox 659 609 798 675; x_wconf 80' lang='grc' dir='ltr'><strong>καλὴ</strong></span> <span class='ocrx_word' id='word_1_31' title='bbox 819 607 903 677; x_wconf 74' lang='grc' dir='ltr'><strong>ἦν,</strong></span> <span class='ocrx_word' id='word_1_32' title='bbox 925 610 1019 662; x_wconf 76' lang='grc' dir='ltr'><strong>καὶ</strong></span> <span class='ocrx_word' id='word_1_33' title='bbox 1049 611 1215 662; x_wconf 73' lang='grc' dir='ltr'><strong>πολλὰ</strong></span> <span class='ocrx_word' id='word_1_34' title='bbox 1243 606 1356 678; x_wconf 76' lang='grc' dir='ltr'><strong>εἶχε</strong></span> <span class='ocrx_word' id='word_1_35' title='bbox 1376 611 1441 663; x_wconf 79' lang='grc' dir='ltr'><strong>τά</strong></span> <span class='ocrx_word' id='word_1_36' title='bbox 1458 611 1724 678; x_wconf 79' lang='grc' dir='ltr'><strong>ἐπαγωγά</strong></span> <span class='ocrx_word' id='word_1_37' title='bbox 1746 627 1759 640; x_wconf 81' lang='grc'><strong><em>⁸</em></strong></span> <span class='ocrx_word' id='word_1_38' title='bbox 1787 612 1879 664; x_wconf 75' lang='grc' dir='ltr'><strong>καὶ</strong></span> <span class='ocrx_word' id='word_1_39' title='bbox 1897 612 2024 663; x_wconf 80' lang='grc' dir='ltr'><strong>τοῦ·</strong></span> 
     </span>
    </p>
   </div>
   <div class='ocr_carea' id='block_1_7' title="bbox 433 699 2027 772">
    <p class='ocr_par' dir='ltr' id='par_1_7' title="bbox 433 699 2027 772">
     <span class='ocr_line' id='line_1_7' title="bbox 433 699 2027 772; baseline 0.001 -20"><span class='ocrx_word' id='word_1_40' title='bbox 433 717 497 752; x_wconf 90' lang='grc' dir='ltr'><strong>το</strong></span> <span class='ocrx_word' id='word_1_41' title='bbox 514 699 636 752; x_wconf 80' lang='grc' dir='ltr'><strong>οὐτε</strong></span> <span class='ocrx_word' id='word_1_42' title='bbox 655 701 779 762; x_wconf 82' lang='grc' dir='ltr'><strong>τούς</strong></span> <span class='ocrx_word' id='word_1_43' title='bbox 797 701 1269 764; x_wconf 80' lang='grc' dir='ltr'><strong>ἐπιϐουλεύοντας,</strong></span> <span class='ocrx_word' id='word_1_44' title='bbox 1287 701 1408 753; x_wconf 83' lang='grc' dir='ltr'><strong>οὐτε</strong></span> <span class='ocrx_word' id='word_1_45' title='bbox 1436 704 1544 770; x_wconf 70' lang='grc' dir='ltr'><strong>μὴν</strong></span> <span class='ocrx_word' id='word_1_46' title='bbox 1565 703 1743 772; x_wconf 81' lang='grc' dir='ltr'><strong>πολλῴ</strong></span> <span class='ocrx_word' id='word_1_47' title='bbox 1761 704 2027 772; x_wconf 82' lang='grc' dir='ltr'><strong>πρότερον</strong></span> 
     </span>
    </p>
   </div>
   <div class='ocr_carea' id='block_1_8' title="bbox 435 792 2024 866">
    <p class='ocr_par' dir='ltr' id='par_1_8' title="bbox 435 792 2024 866">
     <span class='ocr_line' id='line_1_8' title="bbox 435 792 2024 866; baseline 0.001 -22"><span class='ocrx_word' id='word_1_48' title='bbox 435 795 561 855; x_wconf 78' lang='grc' dir='ltr'><strong>τούς</strong></span> <span class='ocrx_word' id='word_1_49' title='bbox 615 792 960 854; x_wconf 78' lang='grc' dir='ltr'><strong>ἐνοικοῦντας</strong></span> <span class='ocrx_word' id='word_1_50' title='bbox 1011 794 1321 847; x_wconf 74' lang='grc' dir='ltr'><strong>ἐλάνθανεν.</strong></span> <span class='ocrx_word' id='word_1_51' title='bbox 1396 796 1552 862; x_wconf 75' lang='grc' dir='ltr'><strong>Ἐμοὶ</strong></span> <span class='ocrx_word' id='word_1_52' title='bbox 1605 797 1662 849; x_wconf 71' lang='grc' dir='ltr'><strong>δὲ</strong></span> <span class='ocrx_word' id='word_1_53' title='bbox 1721 799 1869 866; x_wconf 84' lang='grc' dir='ltr'><strong>μόνῳ</strong></span> <span class='ocrx_word' id='word_1_54' title='bbox 1910 796 2024 847; x_wconf 85' lang='grc' dir='ltr'><strong>τῶν</strong></span> 
     </span>
    </p>
   </div>
   <div class='ocr_carea' id='block_1_9' title="bbox 438 883 2023 957">
    <p class='ocr_par' dir='ltr' id='par_1_9' title="bbox 438 883 2023 957">
     <span class='ocr_line' id='line_1_9' title="bbox 438 883 2023 957; baseline 0.003 -21"><span class='ocrx_word' id='word_1_55' title='bbox 438 883 614 937; x_wconf 81' lang='grc' dir='ltr'><strong>ἄλλων</strong></span> <span class='ocrx_word' id='word_1_56' title='bbox 650 884 747 953; x_wconf 85' lang='grc' dir='ltr'><strong>(ὡς</strong></span> <span class='ocrx_word' id='word_1_57' title='bbox 803 885 968 952; x_wconf 79' lang='grc' dir='ltr'><strong>ἔοικε)</strong></span> <span class='ocrx_word' id='word_1_58' title='bbox 1036 885 1198 954; x_wconf 64' lang='grc' dir='ltr'><strong>μέχρι</strong></span> <span class='ocrx_word' id='word_1_59' title='bbox 1242 889 1336 938; x_wconf 82' lang='grc' dir='ltr'><strong>καὶ</strong></span> <span class='ocrx_word' id='word_1_60' title='bbox 1390 886 1582 957; x_wconf 86' lang='grc' dir='ltr'><strong>ἐσάρτι</strong></span> <span class='ocrx_word' id='word_1_61' title='bbox 1629 889 1690 940; x_wconf 78' lang='grc' dir='ltr'><strong>τὸ</strong></span> <span class='ocrx_word' id='word_1_62' title='bbox 1739 890 1937 957; x_wconf 80' lang='grc' dir='ltr'><strong>κήπιον</strong></span> <span class='ocrx_word' id='word_1_63' title='bbox 1962 888 2023 940; x_wconf 82' lang='grc' dir='ltr'><strong>οὐ</strong></span> 
     </span>
    </p>
   </div>
   <div class='ocr_carea' id='block_1_10' title="bbox 439 974 2028 1050">
    <p class='ocr_par' dir='ltr' id='par_1_10' title="bbox 439 974 2028 1050">
     <span class='ocr_line' id='line_1_10' title="bbox 439 974 2028 1050; baseline 0.004 -23"><span class='ocrx_word' id='word_1_64' title='bbox 439 977 610 1028; x_wconf 86' lang='grc' dir='ltr'><strong>πάνυ.</strong></span> <span class='ocrx_word' id='word_1_65' title='bbox 632 994 687 1029; x_wconf 81' lang='grc' dir='ltr'><strong>τι</strong></span> <span class='ocrx_word' id='word_1_66' title='bbox 739 979 797 1030; x_wconf 75' lang='grc' dir='ltr'><strong>ἐν</strong></span> <span class='ocrx_word' id='word_1_67' title='bbox 831 979 1053 1048; x_wconf 80' lang='grc' dir='ltr'><strong>ἀριθμῷ</strong></span> <span class='ocrx_word' id='word_1_68' title='bbox 1083 974 1152 1049; x_wconf 80' lang='grc' dir='ltr'><strong>ἦν</strong></span> <span class='ocrx_word' id='word_1_69' title='bbox 1175 994 1190 1009; x_wconf 80' lang='grc'><em>’</em></span> <span class='ocrx_word' id='word_1_70' title='bbox 1233 980 1344 1031; x_wconf 78' lang='grc' dir='ltr'><strong>οὐδ’</strong></span> <span class='ocrx_word' id='word_1_71' title='bbox 1391 979 1536 1033; x_wconf 80' lang='grc' dir='ltr'><strong>οὔτω</strong></span> <span class='ocrx_word' id='word_1_72' title='bbox 1571 981 1880 1050; x_wconf 82' lang='grc' dir='ltr'><strong>περιέργως</strong></span> <span class='ocrx_word' id='word_1_73' title='bbox 1911 981 2028 1034; x_wconf 87' lang='grc' dir='ltr'><strong>ἐνέ-</strong></span> 
     </span>
    </p>
   </div>
   <div class='ocr_carea' id='block_1_11' title="bbox 441 1066 2028 1142">
    <p class='ocr_par' dir='ltr' id='par_1_11' title="bbox 441 1066 2028 1142">
     <span class='ocr_line' id='line_1_11' title="bbox 441 1066 2028 1142; baseline 0.006 -26"><span class='ocrx_word' id='word_1_74' title='bbox 441 1066 640 1120; x_wconf 83' lang='grc' dir='ltr'><strong>ϐλεπον</strong></span> <span class='ocrx_word' id='word_1_75' title='bbox 683 1071 794 1132; x_wconf 86' lang='grc' dir='ltr'><strong>τοῖς</strong></span> <span class='ocrx_word' id='word_1_76' title='bbox 851 1069 1020 1123; x_wconf 84' lang='grc' dir='ltr'><strong>αὐτοῦ</strong></span> <span class='ocrx_word' id='word_1_77' title='bbox 1047 1086 1062 1100; x_wconf 77' lang='grc'><strong>⁸</strong></span> <span class='ocrx_word' id='word_1_78' title='bbox 1113 1072 1222 1124; x_wconf 81' lang='grc' dir='ltr'><strong>οὐδ’</strong></span> <span class='ocrx_word' id='word_1_79' title='bbox 1285 1072 1549 1142; x_wconf 61' lang='grc' dir='ltr'><strong>ύπερλίιν</strong></span> <span class='ocrx_word' id='word_1_80' title='bbox 1590 1071 1750 1141; x_wconf 77' lang='grc' dir='ltr'><strong>έμελέ</strong></span> <span class='ocrx_word' id='word_1_81' title='bbox 1799 1091 1889 1140; x_wconf 83' lang='grc' dir='ltr'><strong>μοι</strong></span> <span class='ocrx_word' id='word_1_82' title='bbox 1919 1073 2028 1125; x_wconf 86' lang='grc' dir='ltr'><strong>τῶν</strong></span> 
     </span>
    </p>
   </div>
   <div class='ocr_carea' id='block_1_12' title="bbox 444 1160 2024 1233">
    <p class='ocr_par' dir='ltr' id='par_1_12' title="bbox 444 1160 2024 1233">
     <span class='ocr_line' id='line_1_12' title="bbox 444 1160 2024 1233; baseline 0.004 -22"><span class='ocrx_word' id='word_1_83' title='bbox 444 1160 566 1212; x_wconf 89' lang='grc' dir='ltr'><strong>κατ’</strong></span> <span class='ocrx_word' id='word_1_84' title='bbox 599 1160 752 1212; x_wconf 87' lang='grc' dir='ltr'><strong>αὐτό.</strong></span> <span class='ocrx_word' id='word_1_85' title='bbox 801 1161 1142 1231; x_wconf 84' lang='grc' dir='ltr'><strong>Ἐκρύπτετο</strong></span> <span class='ocrx_word' id='word_1_86' title='bbox 1162 1166 1272 1230; x_wconf 86' lang='grc' dir='ltr'><strong>γάρ</strong></span> <span class='ocrx_word' id='word_1_87' title='bbox 1307 1180 1374 1232; x_wconf 88' lang='grc' dir='ltr'><strong>με</strong></span> <span class='ocrx_word' id='word_1_88' title='bbox 1398 1165 1540 1233; x_wconf 72' lang='grc' dir='ltr'><strong>τάχα</strong></span> <span class='ocrx_word' id='word_1_89' title='bbox 1574 1163 1668 1216; x_wconf 75' lang='grc' dir='ltr'><strong>καὶ</strong></span> <span class='ocrx_word' id='word_1_90' title='bbox 1694 1164 1754 1216; x_wconf 75' lang='grc' dir='ltr'><strong>τὸ</strong></span> <span class='ocrx_word' id='word_1_91' title='bbox 1787 1165 1981 1227; x_wconf 83' lang='grc' dir='ltr'><strong>κάλλος</strong></span> <span class='ocrx_word' id='word_1_92' title='bbox 2010 1181 2024 1195; x_wconf 92' lang='grc'><strong>·</strong></span> 
     </span>
    </p>
   </div>
   <div class='ocr_carea' id='block_1_13' title="bbox 444 1251 2031 1325">
    <p class='ocr_par' dir='ltr' id='par_1_13' title="bbox 444 1251 2031 1325">
     <span class='ocr_line' id='line_1_13' title="bbox 444 1251 2031 1325; baseline 0.002 -21"><span class='ocrx_word' id='word_1_93' title='bbox 444 1254 544 1321; x_wconf 89' lang='grc' dir='ltr'><strong>οὐχ</strong></span> <span class='ocrx_word' id='word_1_94' title='bbox 576 1251 960 1322; x_wconf 81' lang='grc' dir='ltr'><strong>ὐπεξέφαινεν,</strong></span> <span class='ocrx_word' id='word_1_95' title='bbox 1001 1255 1123 1308; x_wconf 74' lang='grc' dir='ltr'><strong>οὐδὲ</strong></span> <span class='ocrx_word' id='word_1_96' title='bbox 1152 1259 1511 1325; x_wconf 76' lang='grc' dir='ltr'><strong>παρεγύμνου</strong></span> <span class='ocrx_word' id='word_1_97' title='bbox 1544 1255 1644 1317; x_wconf 86' lang='grc' dir='ltr'><strong>τὰς</strong></span> <span class='ocrx_word' id='word_1_98' title='bbox 1676 1256 1929 1324; x_wconf 85' lang='grc' dir='ltr'><strong>χάριτας.</strong></span> <span class='ocrx_word' id='word_1_99' title='bbox 1963 1254 2031 1307; x_wconf 77' lang='grc' dir='ltr'><strong>Σὲ</strong></span> 
     </span>
    </p>
   </div>
   <div class='ocr_carea' id='block_1_14' title="bbox 446 1343 2032 1416">
    <p class='ocr_par' dir='ltr' id='par_1_14' title="bbox 446 1343 2032 1416">
     <span class='ocr_line' id='line_1_14' title="bbox 446 1343 2032 1416; baseline 0.003 -21"><span class='ocrx_word' id='word_1_100' title='bbox 446 1343 505 1396; x_wconf 76' lang='grc' dir='ltr'><strong>δὲ</strong></span> <span class='ocrx_word' id='word_1_101' title='bbox 555 1345 654 1396; x_wconf 92' lang='grc' dir='ltr'><strong>οὐκ</strong></span> <span class='ocrx_word' id='word_1_102' title='bbox 689 1344 1016 1399; x_wconf 77' lang='grc' dir='ltr'><strong>ἐλάνθανεν·</strong></span> <span class='ocrx_word' id='word_1_103' title='bbox 1051 1346 1166 1398; x_wconf 85' lang='grc' dir='ltr'><strong>ἀλλ’</strong></span> <span class='ocrx_word' id='word_1_104' title='bbox 1219 1349 1252 1416; x_wconf 85' lang='grc' dir='ltr'><strong>ή</strong></span> <span class='ocrx_word' id='word_1_105' title='bbox 1295 1349 1428 1416; x_wconf 77' lang='grc' dir='ltr'><strong>παρ’</strong></span> <span class='ocrx_word' id='word_1_106' title='bbox 1469 1347 1702 1416; x_wconf 81' lang='grc' dir='ltr'><strong>Ἡσιόδῳ</strong></span> <span class='ocrx_word' id='word_1_107' title='bbox 1737 1347 2032 1409; x_wconf 76' lang='grc' dir='ltr'><strong>ττολυλάλος</strong></span> 
     </span>
    </p>
   </div>
   <div class='ocr_carea' id='block_1_15' title="bbox 447 1437 2034 1510">
    <p class='ocr_par' dir='ltr' id='par_1_15' title="bbox 447 1437 2034 1510">
     <span class='ocr_line' id='line_1_15' title="bbox 447 1437 2034 1510; baseline 0.002 -21"><span class='ocrx_word' id='word_1_108' title='bbox 447 1438 608 1507; x_wconf 76' lang='grc' dir='ltr'><strong>φήμη</strong></span> <span class='ocrx_word' id='word_1_109' title='bbox 657 1437 756 1505; x_wconf 83' lang='grc' dir='ltr'><strong>τὴν</strong></span> <span class='ocrx_word' id='word_1_110' title='bbox 813 1442 1005 1492; x_wconf 82' lang='grc' dir='ltr'><strong>τούτου</strong></span> <span class='ocrx_word' id='word_1_111' title='bbox 1055 1457 1140 1492; x_wconf 91' lang='grc' dir='ltr'><strong>σοι</strong></span> <span class='ocrx_word' id='word_1_112' title='bbox 1195 1439 1458 1508; x_wconf 80' lang='grc' dir='ltr'><strong>ἀλήθειαν</strong></span> <span class='ocrx_word' id='word_1_113' title='bbox 1517 1441 1883 1510; x_wconf 81' lang='grc' dir='ltr'><strong>παρεκόμιζε,</strong></span> <span class='ocrx_word' id='word_1_114' title='bbox 1936 1443 2034 1493; x_wconf 79' lang='grc' dir='ltr'><strong>καὶ</strong></span> 
     </span>
    </p>
   </div>
   <div class='ocr_carea' id='block_1_16' title="bbox 450 1531 2032 1602">
    <p class='ocr_par' dir='ltr' id='par_1_16' title="bbox 450 1531 2032 1602">
     <span class='ocr_line' id='line_1_16' title="bbox 450 1531 2032 1602; baseline 0.004 -22"><span class='ocrx_word' id='word_1_115' title='bbox 450 1532 588 1600; x_wconf 77' lang='grc' dir='ltr'><strong>πρὸς</strong></span> <span class='ocrx_word' id='word_1_116' title='bbox 620 1531 841 1600; x_wconf 78' lang='grc' dir='ltr'><strong>φίλτρον</strong></span> <span class='ocrx_word' id='word_1_117' title='bbox 870 1531 1117 1596; x_wconf 77' lang='grc' dir='ltr'><strong>ἐξέκαεν.</strong></span> <span class='ocrx_word' id='word_1_118' title='bbox 1159 1531 1380 1602; x_wconf 79' lang='grc' dir='ltr'><strong>’Δμέλει</strong></span> <span class='ocrx_word' id='word_1_119' title='bbox 1410 1531 1505 1586; x_wconf 80' lang='grc' dir='ltr'><strong>καὶ</strong></span> <span class='ocrx_word' id='word_1_120' title='bbox 1537 1533 1664 1594; x_wconf 85' lang='grc' dir='ltr'><strong>τούς</strong></span> <span class='ocrx_word' id='word_1_121' title='bbox 1705 1532 2032 1597; x_wconf 88' lang='grc' dir='ltr'><strong>ἐπιϐούλους</strong></span> 
     </span>
    </p>
   </div>
   <div class='ocr_carea' id='block_1_17' title="bbox 451 1621 2032 1696">
    <p class='ocr_par' dir='ltr' id='par_1_17' title="bbox 451 1621 2032 1696">
     <span class='ocr_line' id='line_1_17' title="bbox 451 1621 2032 1696; baseline 0.002 -21"><span class='ocrx_word' id='word_1_122' title='bbox 451 1621 513 1676; x_wconf 83' lang='grc' dir='ltr'><strong>εὖ</strong></span> <span class='ocrx_word' id='word_1_123' title='bbox 559 1624 706 1693; x_wconf 88' lang='grc' dir='ltr'><strong>μάλα</strong></span> <span class='ocrx_word' id='word_1_124' title='bbox 759 1625 1097 1694; x_wconf 82' lang='grc' dir='ltr'><strong>καταρτίσας</strong></span> <span class='ocrx_word' id='word_1_125' title='bbox 1125 1626 1415 1695; x_wconf 81' lang='grc' dir='ltr'><strong>ἐπαφῆκας</strong></span> <span class='ocrx_word' id='word_1_126' title='bbox 1450 1626 1583 1695; x_wconf 76' lang='grc' dir='ltr'><strong>ἡμῖν</strong></span> <span class='ocrx_word' id='word_1_127' title='bbox 1607 1643 1624 1657; x_wconf 81' lang='lat'>&#39;</span> <span class='ocrx_word' id='word_1_128' title='bbox 1679 1627 1894 1696; x_wconf 85' lang='grc' dir='ltr'><strong>φθονῶν</strong></span> <span class='ocrx_word' id='word_1_129' title='bbox 1934 1628 2032 1696; x_wconf 74' lang='grc' dir='ltr'><strong>μὲν</strong></span> 
     </span>
    </p>
   </div>
   <div class='ocr_carea' id='block_1_18' title="bbox 447 1715 2032 1788">
    <p class='ocr_par' dir='ltr' id='par_1_18' title="bbox 447 1715 2032 1788">
     <span class='ocr_line' id='line_1_18' title="bbox 447 1715 2032 1788; baseline 0.003 -22"><span class='ocrx_word' id='word_1_130' title='bbox 447 1743 520 1755; x_wconf 88' lang='lat'><strong>--</strong></span> <span class='ocrx_word' id='word_1_131' title='bbox 569 1716 670 1768; x_wconf 86' lang='grc' dir='ltr'><strong>οὐκ</strong></span> <span class='ocrx_word' id='word_1_132' title='bbox 709 1715 776 1770; x_wconf 83' lang='grc' dir='ltr'><strong>ἂν</strong></span> <span class='ocrx_word' id='word_1_133' title='bbox 832 1716 1049 1786; x_wconf 85' lang='grc' dir='ltr'><strong>είποιμι</strong></span> <span class='ocrx_word' id='word_1_134' title='bbox 1101 1718 1216 1785; x_wconf 88' lang='grc' dir='ltr'><strong>(τοῦ</strong></span> <span class='ocrx_word' id='word_1_135' title='bbox 1257 1718 1366 1787; x_wconf 86' lang='grc' dir='ltr'><strong>γὰρ</strong></span> <span class='ocrx_word' id='word_1_136' title='bbox 1427 1717 1556 1788; x_wconf 80' lang='grc' dir='ltr'><strong>περὶ</strong></span> <span class='ocrx_word' id='word_1_137' title='bbox 1591 1718 1652 1770; x_wconf 78' lang='grc' dir='ltr'><strong>σὲ</strong></span> <span class='ocrx_word' id='word_1_138' title='bbox 1701 1719 1894 1788; x_wconf 53' lang='grc' dir='ltr'><strong>χοροῦ,</strong></span> <span class='ocrx_word' id='word_1_139' title='bbox 1926 1719 2032 1770; x_wconf 84' lang='grc' dir='ltr'><strong>τῶν</strong></span> 
     </span>
    </p>
   </div>
   <div class='ocr_carea' id='block_1_19' title="bbox 448 1801 2110 1880">
    <p class='ocr_par' dir='ltr' id='par_1_19' title="bbox 448 1801 2110 1880">
     <span class='ocr_line' id='line_1_19' title="bbox 448 1801 2110 1880; baseline 0.002 -21"><span class='ocrx_word' id='word_1_140' title='bbox 448 1807 661 1875; x_wconf 82' lang='grc' dir='ltr'><strong>ἀρετῶν</strong></span> <span class='ocrx_word' id='word_1_141' title='bbox 707 1809 1001 1879; x_wconf 81' lang='grc' dir='ltr'><strong>ὑπερόριος</strong></span> <span class='ocrx_word' id='word_1_142' title='bbox 1030 1813 1058 1862; x_wconf 86' lang='grc' dir='ltr'><strong>ό</strong></span> <span class='ocrx_word' id='word_1_143' title='bbox 1094 1811 1287 1876; x_wconf 75' lang='grc' dir='ltr'><strong>φθόνος</strong></span> <span class='ocrx_word' id='word_1_144' title='bbox 1337 1809 1658 1880; x_wconf 76' lang='grc' dir='ltr'><strong>ἐξώρισται)</strong></span> <span class='ocrx_word' id='word_1_145' title='bbox 1681 1828 1697 1843; x_wconf 80' lang='grc' dir='ltr'><strong><em>ο</em></strong></span> <span class='ocrx_word' id='word_1_146' title='bbox 1737 1811 1960 1879; x_wconf 78' lang='grc' dir='ltr'><strong>νέμεσιν</strong></span> <span class='ocrx_word' id='word_1_147' title='bbox 1990 1811 2034 1864; x_wconf 85' lang='grc' dir='ltr'><strong>δ’</strong></span> <span class='ocrx_word' id='word_1_148' title='bbox 2065 1801 2110 1862; x_wconf 84' lang='grc' dir='ltr'><strong>Β</strong></span> 
     </span>
    </p>
   </div>
   <div class='ocr_carea' id='block_1_20' title="bbox 448 1896 2037 1973">
    <p class='ocr_par' dir='ltr' id='par_1_20' title="bbox 448 1896 2037 1973">
     <span class='ocr_line' id='line_1_20' title="bbox 448 1896 2037 1973; baseline 0.001 -19"><span class='ocrx_word' id='word_1_149' title='bbox 448 1896 518 1954; x_wconf 81' lang='grc' dir='ltr'><strong>αὖ</strong></span> <span class='ocrx_word' id='word_1_150' title='bbox 594 1903 1093 1973; x_wconf 82' lang='grc' dir='ltr'><strong>προσμαρτυρῆσαι</strong></span> <span class='ocrx_word' id='word_1_151' title='bbox 1167 1901 1247 1971; x_wconf 84' lang='grc' dir='ltr'><strong>τῷ</strong></span> <span class='ocrx_word' id='word_1_152' title='bbox 1325 1905 1616 1972; x_wconf 82' lang='grc' dir='ltr'><strong>πράγματι</strong></span> <span class='ocrx_word' id='word_1_153' title='bbox 1689 1904 1834 1956; x_wconf 84' lang='grc' dir='ltr'><strong>ὀκνῶ</strong></span> <span class='ocrx_word' id='word_1_154' title='bbox 1913 1905 2037 1957; x_wconf 82' lang='grc' dir='ltr'><strong>κατ’</strong></span> 
     </span>
    </p>
   </div>
   <div class='ocr_carea' id='block_1_21' title="bbox 453 1995 2035 2066">
    <p class='ocr_par' dir='ltr' id='par_1_21' title="bbox 453 1995 2035 2066">
     <span class='ocr_line' id='line_1_21' title="bbox 453 1995 2035 2066; baseline 0.001 -19"><span class='ocrx_word' id='word_1_155' title='bbox 453 1995 720 2062; x_wconf 90' lang='grc' dir='ltr'><strong>ἐμαυτοῦ.</strong></span> <span class='ocrx_word' id='word_1_156' title='bbox 794 1995 1151 2064; x_wconf 64' lang='grc' dir='ltr'><strong>Νεμεσόωθαι</strong></span> <span class='ocrx_word' id='word_1_157' title='bbox 1212 1997 1322 2064; x_wconf 83' lang='grc' dir='ltr'><strong>γὰρ</strong></span> <span class='ocrx_word' id='word_1_158' title='bbox 1412 1995 1610 2050; x_wconf 71' lang='grc' dir='ltr'><strong>οὔκουν</strong></span> <span class='ocrx_word' id='word_1_159' title='bbox 1679 1996 2035 2066; x_wconf 87' lang='grc' dir='ltr'><strong>βεϐούλημαι.</strong></span> 
     </span>
    </p>
   </div>
   <div class='ocr_carea' id='block_1_22' title="bbox 456 2086 2033 2158">
    <p class='ocr_par' dir='ltr' id='par_1_22' title="bbox 456 2086 2033 2158">
     <span class='ocr_line' id='line_1_22' title="bbox 456 2086 2033 2158; baseline 0 -19"><span class='ocrx_word' id='word_1_160' title='bbox 456 2086 644 2156; x_wconf 81' lang='grc' dir='ltr'><strong>Κρίνω</strong></span> <span class='ocrx_word' id='word_1_161' title='bbox 700 2087 851 2154; x_wconf 90' lang='grc' dir='ltr'><strong>γοῦν,</strong></span> <span class='ocrx_word' id='word_1_162' title='bbox 919 2088 1000 2141; x_wconf 84' lang='grc' dir='ltr'><strong>ὄτι</strong></span> <span class='ocrx_word' id='word_1_163' title='bbox 1070 2087 1231 2156; x_wconf 81' lang='grc' dir='ltr'><strong>ζῆλος</strong></span> <span class='ocrx_word' id='word_1_164' title='bbox 1283 2089 1310 2141; x_wconf 90' lang='grc' dir='ltr'><strong>ό</strong></span> <span class='ocrx_word' id='word_1_165' title='bbox 1375 2088 1640 2158; x_wconf 83' lang='grc' dir='ltr'><strong>κρείττων</strong></span> <span class='ocrx_word' id='word_1_166' title='bbox 1691 2087 1882 2141; x_wconf 80' lang='grc' dir='ltr'><strong>ἐκκάει</strong></span> <span class='ocrx_word' id='word_1_167' title='bbox 1952 2104 2033 2154; x_wconf 89' lang='grc' dir='ltr'><strong>σε,</strong></span> 
     </span>
    </p>
   </div>
   <div class='ocr_carea' id='block_1_23' title="bbox 456 2180 2038 2258">
    <p class='ocr_par' dir='ltr' id='par_1_23' title="bbox 456 2180 2038 2258">
     <span class='ocr_line' id='line_1_23' title="bbox 456 2180 2038 2258; baseline -0.001 -23"><span class='ocrx_word' id='word_1_168' title='bbox 456 2180 553 2235; x_wconf 80' lang='grc' dir='ltr'><strong>καὶ</strong></span> <span class='ocrx_word' id='word_1_169' title='bbox 602 2181 636 2250; x_wconf 81' lang='grc' dir='ltr'>ὴ</span> <span class='ocrx_word' id='word_1_170' title='bbox 687 2180 783 2234; x_wconf 84' lang='grc' dir='ltr'><strong>τοῦ</strong></span> <span class='ocrx_word' id='word_1_171' title='bbox 840 2183 1020 2252; x_wconf 85' lang='grc' dir='ltr'><strong>κήπου</strong></span> <span class='ocrx_word' id='word_1_172' title='bbox 1074 2183 1234 2254; x_wconf 86' lang='grc' dir='ltr'><strong>χάρις</strong></span> <span class='ocrx_word' id='word_1_173' title='bbox 1288 2183 1598 2253; x_wconf 72' lang='grc' dir='ltr'><strong>ἐφέλκεται.</strong></span> <span class='ocrx_word' id='word_1_174' title='bbox 1641 2184 1751 2238; x_wconf 78' lang='grc' dir='ltr'><strong>Καὶ</strong></span> <span class='ocrx_word' id='word_1_175' title='bbox 1798 2182 1923 2238; x_wconf 75' lang='grc' dir='ltr'><strong>ἐπεὶ</strong></span> <span class='ocrx_word' id='word_1_176' title='bbox 1965 2187 2038 2258; x_wconf 71' lang='grc' dir='ltr'><strong>μὴ</strong></span> 
     </span>
    </p>
   </div>
   <div class='ocr_carea' id='block_1_24' title="bbox 467 2276 2041 2349">
    <p class='ocr_par' dir='ltr' id='par_1_24' title="bbox 467 2276 2041 2349">
     <span class='ocr_line' id='line_1_24' title="bbox 467 2276 2041 2349; baseline 0.003 -19"><span class='ocrx_word' id='word_1_177' title='bbox 467 2276 807 2344; x_wconf 86' lang='grc' dir='ltr'><strong>μεταστῆσαί</strong></span> <span class='ocrx_word' id='word_1_178' title='bbox 857 2293 948 2346; x_wconf 86' lang='grc' dir='ltr'><strong>μοι</strong></span> <span class='ocrx_word' id='word_1_179' title='bbox 999 2276 1060 2330; x_wconf 77' lang='grc' dir='ltr'><strong>τὸ</strong></span> <span class='ocrx_word' id='word_1_180' title='bbox 1099 2278 1264 2339; x_wconf 76' lang='grc' dir='ltr'><strong>ἄλσος</strong></span> <span class='ocrx_word' id='word_1_181' title='bbox 1313 2278 1457 2348; x_wconf 83' lang='grc' dir='ltr'><strong>ἔχεις</strong></span> <span class='ocrx_word' id='word_1_182' title='bbox 1512 2280 1876 2349; x_wconf 85' lang='grc' dir='ltr'><strong>ἐπισπάστρῳ</strong></span> <span class='ocrx_word' id='word_1_183' title='bbox 1929 2281 2041 2334; x_wconf 74' lang='grc' dir='ltr'><strong>τινὶ</strong></span> 
     </span>
    </p>
   </div>
   <div class='ocr_carea' id='block_1_25' title="bbox 459 2370 2041 2447">
    <p class='ocr_par' dir='ltr' id='par_1_25' title="bbox 459 2370 2041 2447">
     <span class='ocr_line' id='line_1_25' title="bbox 459 2370 2041 2447; baseline 0.004 -25"><span class='ocrx_word' id='word_1_184' title='bbox 459 2370 814 2440; x_wconf 85' lang='grc' dir='ltr'><strong>παλαμναίῳ,</strong></span> <span class='ocrx_word' id='word_1_185' title='bbox 845 2371 980 2440; x_wconf 84' lang='grc' dir='ltr'><strong>μηδέ</strong></span> <span class='ocrx_word' id='word_1_186' title='bbox 1015 2373 1377 2441; x_wconf 82' lang='grc' dir='ltr'><strong>μετακινῆσαι</strong></span> <span class='ocrx_word' id='word_1_187' title='bbox 1405 2373 1619 2447; x_wconf 78' lang='grc' dir='ltr'><strong>ἀνάγκῃ</strong></span> <span class='ocrx_word' id='word_1_188' title='bbox 1646 2374 1754 2428; x_wconf 69' lang='grc' dir='ltr'><strong>τινὶ</strong></span> <span class='ocrx_word' id='word_1_189' title='bbox 1787 2375 2041 2447; x_wconf 81' lang='grc' dir='ltr'><strong>μηχανῆς</strong></span> 
     </span>
    </p>
   </div>
   <div class='ocr_carea' id='block_1_26' title="bbox 457 2463 2040 2538">
    <p class='ocr_par' dir='ltr' id='par_1_26' title="bbox 457 2463 2040 2538">
     <span class='ocr_line' id='line_1_26' title="bbox 457 2463 2040 2538; baseline 0.003 -23"><span class='ocrx_word' id='word_1_190' title='bbox 457 2463 870 2533; x_wconf 75' lang='grc' dir='ltr'><strong>ἐκστόγχειρος,</strong></span> <span class='ocrx_word' id='word_1_191' title='bbox 905 2463 1040 2518; x_wconf 78' lang='grc' dir='ltr'><strong>αὐτὸ</strong></span> <span class='ocrx_word' id='word_1_192' title='bbox 1105 2465 1205 2530; x_wconf 81' lang='grc' dir='ltr'><strong>μὲν</strong></span> <span class='ocrx_word' id='word_1_193' title='bbox 1253 2464 1347 2518; x_wconf 77' lang='grc' dir='ltr'><strong>καὶ</strong></span> <span class='ocrx_word' id='word_1_194' title='bbox 1385 2464 1536 2518; x_wconf 76' lang='grc' dir='ltr'><strong>ἄκων</strong></span> <span class='ocrx_word' id='word_1_195' title='bbox 1566 2466 1660 2536; x_wconf 81' lang='grc' dir='ltr'><strong>ἐᾷς</strong></span> <span class='ocrx_word' id='word_1_196' title='bbox 1710 2467 1803 2520; x_wconf 73' lang='grc' dir='ltr'><strong>ἐπὶ</strong></span> <span class='ocrx_word' id='word_1_197' title='bbox 1856 2466 2040 2538; x_wconf 86' lang='grc' dir='ltr'><strong>χώρας</strong></span> 
     </span>
    </p>
   </div>
   <div class='ocr_carea' id='block_1_27' title="bbox 461 2555 2042 2633">
    <p class='ocr_par' dir='ltr' id='par_1_27' title="bbox 461 2555 2042 2633">
     <span class='ocr_line' id='line_1_27' title="bbox 461 2555 2042 2633; baseline 0.006 -27"><span class='ocrx_word' id='word_1_198' title='bbox 461 2555 666 2623; x_wconf 85' lang='grc' dir='ltr'><strong>μένειν,</strong></span> <span class='ocrx_word' id='word_1_199' title='bbox 693 2557 789 2609; x_wconf 76' lang='grc' dir='ltr'><strong>καὶ</strong></span> <span class='ocrx_word' id='word_1_200' title='bbox 819 2559 954 2627; x_wconf 84' lang='grc' dir='ltr'><strong>παρ’</strong></span> <span class='ocrx_word' id='word_1_201' title='bbox 976 2560 1115 2628; x_wconf 79' lang='grc' dir='ltr'><strong>ἡμῖν</strong></span> <span class='ocrx_word' id='word_1_202' title='bbox 1136 2557 1276 2614; x_wconf 86' lang='grc' dir='ltr'><strong>εῐναι</strong></span> <span class='ocrx_word' id='word_1_203' title='bbox 1303 2577 1318 2592; x_wconf 80' lang='grc' dir='ltr'><strong>ο</strong></span> <span class='ocrx_word' id='word_1_204' title='bbox 1347 2561 1684 2617; x_wconf 77' lang='grc' dir='ltr'><strong>ἐπισπᾶσθαι</strong></span> <span class='ocrx_word' id='word_1_205' title='bbox 1717 2563 1776 2615; x_wconf 71' lang='grc' dir='ltr'><strong>δὲ</strong></span> <span class='ocrx_word' id='word_1_206' title='bbox 1807 2561 2042 2633; x_wconf 78' lang='grc' dir='ltr'><strong>μελετᾷς</strong></span> 
     </span>
    </p>
   </div>
   <div class='ocr_carea' id='block_1_28' title="bbox 455 2648 2044 2723">
    <p class='ocr_par' dir='ltr' id='par_1_28' title="bbox 455 2648 2044 2723">
     <span class='ocr_line' id='line_1_28' title="bbox 455 2648 2044 2723; baseline 0.002 -20"><span class='ocrx_word' id='word_1_207' title='bbox 455 2648 634 2711; x_wconf 75' lang='grc' dir='ltr'><strong>ἄλλως</strong></span> <span class='ocrx_word' id='word_1_208' title='bbox 691 2649 1023 2720; x_wconf 78' lang='grc' dir='ltr'><strong>εὐμηχάνως</strong></span> <span class='ocrx_word' id='word_1_209' title='bbox 1079 2650 1181 2721; x_wconf 77' lang='grc' dir='ltr'><strong>τὴν</strong></span> <span class='ocrx_word' id='word_1_210' title='bbox 1237 2652 1590 2721; x_wconf 71' lang='grc' dir='ltr'><strong>εὐδαιμονίαν</strong></span> <span class='ocrx_word' id='word_1_211' title='bbox 1639 2654 1835 2706; x_wconf 89' lang='grc' dir='ltr'><strong>τούτου</strong></span> <span class='ocrx_word' id='word_1_212' title='bbox 1903 2654 2044 2723; x_wconf 83' lang='grc' dir='ltr'><strong>πρὸς</strong></span> 
     </span>
    </p>
   </div>
   <div class='ocr_carea' id='block_1_29' title="bbox 454 2740 2042 2815">
    <p class='ocr_par' dir='ltr' id='par_1_29' title="bbox 454 2740 2042 2815">
     <span class='ocr_line' id='line_1_29' title="bbox 454 2740 2042 2815; baseline 0.003 -22"><span class='ocrx_word' id='word_1_213' title='bbox 454 2740 680 2795; x_wconf 71' lang='grc' dir='ltr'><strong>ἑαυτόν*</strong></span> <span class='ocrx_word' id='word_1_214' title='bbox 711 2741 806 2796; x_wconf 77' lang='grc' dir='ltr'><strong>καὶ</strong></span> <span class='ocrx_word' id='word_1_215' title='bbox 831 2743 912 2796; x_wconf 83' lang='grc' dir='ltr'><strong>δτι</strong></span> <span class='ocrx_word' id='word_1_216' title='bbox 940 2744 1015 2814; x_wconf 74' lang='grc' dir='ltr'><strong>μὴ</strong></span> <span class='ocrx_word' id='word_1_217' title='bbox 1039 2744 1173 2797; x_wconf 83' lang='grc' dir='ltr'><strong>αὐτὸ</strong></span> <span class='ocrx_word' id='word_1_218' title='bbox 1197 2748 1557 2815; x_wconf 73' lang='grc' dir='ltr'><strong>περιαγαγεῖν</strong></span> <span class='ocrx_word' id='word_1_219' title='bbox 1588 2745 1755 2815; x_wconf 79' lang='grc' dir='ltr'><strong>ἔχεις,</strong></span> <span class='ocrx_word' id='word_1_220' title='bbox 1781 2745 2042 2815; x_wconf 83' lang='grc' dir='ltr'><strong>μετάγειν</strong></span> 
     </span>
    </p>
   </div>
   <div class='ocr_carea' id='block_1_30' title="bbox 458 2835 2041 2909">
    <p class='ocr_par' dir='ltr' id='par_1_30' title="bbox 458 2835 2041 2909">
     <span class='ocr_line' id='line_1_30' title="bbox 458 2835 2041 2909; baseline 0.003 -21"><span class='ocrx_word' id='word_1_221' title='bbox 458 2835 636 2897; x_wconf 79' lang='grc' dir='ltr'><strong>θέλεις</strong></span> <span class='ocrx_word' id='word_1_222' title='bbox 662 2835 732 2889; x_wconf 81' lang='grc' dir='ltr'><strong>τά</strong></span> <span class='ocrx_word' id='word_1_223' title='bbox 760 2838 821 2890; x_wconf 83' lang='grc' dir='ltr'><strong>ἐν</strong></span> <span class='ocrx_word' id='word_1_224' title='bbox 847 2837 1017 2906; x_wconf 84' lang='grc' dir='ltr'><strong>αὐτῷ.</strong></span> <span class='ocrx_word' id='word_1_225' title='bbox 1053 2837 1212 2892; x_wconf 80' lang='grc' dir='ltr'><strong>Οὕτω</strong></span> <span class='ocrx_word' id='word_1_226' title='bbox 1243 2855 1334 2909; x_wconf 91' lang='grc' dir='ltr'><strong>μοι</strong></span> <span class='ocrx_word' id='word_1_227' title='bbox 1362 2839 1529 2902; x_wconf 80' lang='grc' dir='ltr'><strong>καλὸς</strong></span> <span class='ocrx_word' id='word_1_228' title='bbox 1567 2841 1594 2892; x_wconf 86' lang='grc' dir='ltr'><strong>ὁ</strong></span> <span class='ocrx_word' id='word_1_229' title='bbox 1633 2840 1812 2908; x_wconf 85' lang='grc' dir='ltr'><strong>κῆπος</strong></span> <span class='ocrx_word' id='word_1_230' title='bbox 1833 2856 1848 2871; x_wconf 90' lang='grc'><strong>·</strong></span> <span class='ocrx_word' id='word_1_231' title='bbox 1898 2838 2041 2892; x_wconf 71' lang='grc' dir='ltr'><strong>οὕτω</strong></span> 
     </span>
    </p>
   </div>
   <div class='ocr_carea' id='block_1_31' title="bbox 459 2927 2040 3004">
    <p class='ocr_par' dir='ltr' id='par_1_31' title="bbox 459 2927 2040 3004">
     <span class='ocr_line' id='line_1_31' title="bbox 459 2927 2040 3004; baseline 0.011 -25"><span class='ocrx_word' id='word_1_232' title='bbox 459 2927 621 2982; x_wconf 76' lang='grc' dir='ltr'><strong>πίωνο</strong></span> <span class='ocrx_word' id='word_1_233' title='bbox 645 2928 818 2994; x_wconf 74' lang='grc' dir='ltr'><strong>οὕτως</strong></span> <span class='ocrx_word' id='word_1_234' title='bbox 835 2929 1067 3000; x_wconf 71' lang='grc' dir='ltr'><strong>εὐθαλὴς</strong></span> <span class='ocrx_word' id='word_1_235' title='bbox 1086 2945 1100 2960; x_wconf 88' lang='grc'>·</span> <span class='ocrx_word' id='word_1_236' title='bbox 1115 2929 1288 2993; x_wconf 78' lang='grc' dir='ltr'><strong>οὕτως</strong></span> <span class='ocrx_word' id='word_1_237' title='bbox 1301 2931 1382 2993; x_wconf 88' lang='grc' dir='ltr'><strong>είς</strong></span> <span class='ocrx_word' id='word_1_238' title='bbox 1398 2930 1773 3004; x_wconf 73' lang='grc' dir='ltr'><strong>καρπογονίαν</strong></span> <span class='ocrx_word' id='word_1_239' title='bbox 1794 2930 2004 3002; x_wconf 76' lang='grc' dir='ltr'><strong>εὐφυής</strong></span> <span class='ocrx_word' id='word_1_240' title='bbox 2022 2947 2040 2964; x_wconf 85' lang='grc'><strong><em>⁸</em></strong></span> 
     </span>
    </p>
   </div>
   <div class='ocr_carea' id='block_1_32' title="bbox 453 3017 2040 3086">
    <p class='ocr_par' dir='ltr' id='par_1_32' title="bbox 453 3017 2040 3086">
     <span class='ocr_line' id='line_1_32' title="bbox 453 3017 2040 3086; baseline 0.001 -14"><span class='ocrx_word' id='word_1_241' title='bbox 453 3017 632 3082; x_wconf 77' lang='grc' dir='ltr'><strong>οὕτως</strong></span> <span class='ocrx_word' id='word_1_242' title='bbox 687 3020 769 3083; x_wconf 85' lang='grc' dir='ltr'><strong>είς</strong></span> <span class='ocrx_word' id='word_1_243' title='bbox 843 3019 1010 3075; x_wconf 78' lang='grc' dir='ltr'><strong>καλὸν</strong></span> <span class='ocrx_word' id='word_1_244' title='bbox 1071 3021 1218 3076; x_wconf 73' lang='grc' dir='ltr'><strong>ἅπαν</strong></span> <span class='ocrx_word' id='word_1_245' title='bbox 1290 3021 1527 3086; x_wconf 75' lang='grc' dir='ltr'><strong>εὔθετος.</strong></span> <span class='ocrx_word' id='word_1_246' title='bbox 1595 3017 1721 3081; x_wconf 71' lang='grc' dir='ltr'><strong>υἷος</strong></span> <span class='ocrx_word' id='word_1_247' title='bbox 1807 3018 1902 3076; x_wconf 81' lang='grc' dir='ltr'><strong>οὖν</strong></span> <span class='ocrx_word' id='word_1_248' title='bbox 1959 3022 2040 3084; x_wconf 91' lang='grc' dir='ltr'><strong>είς</strong></span> 
     </span>
    </p>
   </div>
   <div class='ocr_carea' id='block_1_33' title="bbox 2127 519 3711 588">
    <p class='ocr_par' dir='ltr' id='par_1_33' title="bbox 2127 519 3711 588">
     <span class='ocr_line' id='line_1_33' title="bbox 2127 519 3711 588; baseline -0.001 -15"><span class='ocrx_word' id='word_1_249' title='bbox 2127 520 2294 573; x_wconf 87' lang='grc' dir='ltr'><strong>τόπου</strong></span> <span class='ocrx_word' id='word_1_250' title='bbox 2348 519 2499 588; x_wconf 86' lang='grc' dir='ltr'><strong>καλῷ</strong></span> <span class='ocrx_word' id='word_1_251' title='bbox 2553 519 2929 588; x_wconf 73' lang='grc' dir='ltr'><strong>παρενέρῤιψε</strong></span> <span class='ocrx_word' id='word_1_252' title='bbox 2982 519 3158 588; x_wconf 82' lang='grc' dir='ltr'><strong>(φιλία</strong></span> <span class='ocrx_word' id='word_1_253' title='bbox 3187 537 3272 582; x_wconf 85' lang='grc' dir='ltr'><strong>τις</strong></span> <span class='ocrx_word' id='word_1_254' title='bbox 3312 519 3515 588; x_wconf 80' lang='grc' dir='ltr'><strong>δηλαδὴ</strong></span> <span class='ocrx_word' id='word_1_255' title='bbox 3546 519 3711 572; x_wconf 78' lang='grc' dir='ltr'><strong>πολυο</strong></span> 
     </span>
    </p>
   </div>
   <div class='ocr_carea' id='block_1_34' title="bbox 2127 611 3711 681">
    <p class='ocr_par' dir='ltr' id='par_1_34' title="bbox 2127 611 3711 681">
     <span class='ocr_line' id='line_1_34' title="bbox 2127 611 3711 681; baseline 0.001 -17"><span class='ocrx_word' id='word_1_256' title='bbox 2127 611 2440 681; x_wconf 80' lang='grc' dir='ltr'><strong>ρέμϐαστος</strong></span> <span class='ocrx_word' id='word_1_257' title='bbox 2467 612 2563 664; x_wconf 75' lang='grc' dir='ltr'><strong>καὶ</strong></span> <span class='ocrx_word' id='word_1_258' title='bbox 2591 612 2756 663; x_wconf 81' lang='grc' dir='ltr'><strong>καλὸν</strong></span> <span class='ocrx_word' id='word_1_259' title='bbox 2779 611 3016 664; x_wconf 83' lang='grc' dir='ltr'><strong>δοκοῦσα</strong></span> <span class='ocrx_word' id='word_1_260' title='bbox 3043 643 3114 652; x_wconf 88' lang='grc'><strong><em>--</em></strong></span> <span class='ocrx_word' id='word_1_261' title='bbox 3144 613 3289 665; x_wconf 82' lang='grc' dir='ltr'><strong>εῐποι</strong></span> <span class='ocrx_word' id='word_1_262' title='bbox 3324 614 3389 665; x_wconf 85' lang='grc' dir='ltr'><strong>ἂν</strong></span> <span class='ocrx_word' id='word_1_263' title='bbox 3427 616 3460 681; x_wconf 85' lang='grc' dir='ltr'>ἡ</span> <span class='ocrx_word' id='word_1_264' title='bbox 3501 611 3711 678; x_wconf 75' lang='grc' dir='ltr'><strong>Σαπφὼ</strong></span> 
     </span>
    </p>
   </div>
   <div class='ocr_carea' id='block_1_35' title="bbox 2124 702 3709 774">
    <p class='ocr_par' dir='ltr' id='par_1_35' title="bbox 2124 702 3709 774">
     <span class='ocr_line' id='line_1_35' title="bbox 2124 702 3709 774; baseline 0.001 -19"><span class='ocrx_word' id='word_1_265' title='bbox 2124 733 2196 742; x_wconf 93' lang='lat'>—</span> <span class='ocrx_word' id='word_1_266' title='bbox 2225 702 2506 770; x_wconf 75' lang='grc' dir='ltr'><strong>δημόσιον)</strong></span> <span class='ocrx_word' id='word_1_267' title='bbox 2532 722 2546 734; x_wconf 75' lang='grc' dir='ltr'><strong><em>ο</em></strong></span> <span class='ocrx_word' id='word_1_268' title='bbox 2581 705 2719 756; x_wconf 81' lang='grc' dir='ltr'><strong>ἀλλά</strong></span> <span class='ocrx_word' id='word_1_269' title='bbox 2745 705 2840 758; x_wconf 73' lang='grc' dir='ltr'><strong>καὶ</strong></span> <span class='ocrx_word' id='word_1_270' title='bbox 2876 705 3114 774; x_wconf 73' lang='grc' dir='ltr'><strong>καθαρὰ,</strong></span> <span class='ocrx_word' id='word_1_271' title='bbox 3153 706 3248 757; x_wconf 77' lang='grc' dir='ltr'><strong>καὶ</strong></span> <span class='ocrx_word' id='word_1_272' title='bbox 3279 705 3420 758; x_wconf 88' lang='grc' dir='ltr'><strong>κατά</strong></span> <span class='ocrx_word' id='word_1_273' title='bbox 3452 705 3550 774; x_wconf 85' lang='grc' dir='ltr'><strong>τὴν</strong></span> <span class='ocrx_word' id='word_1_274' title='bbox 3578 705 3709 774; x_wconf 86' lang='grc' dir='ltr'><strong>παρ’</strong></span> 
     </span>
    </p>
   </div>
   <div class='ocr_carea' id='block_1_36' title="bbox 2139 794 3706 865">
    <p class='ocr_par' dir='ltr' id='par_1_36' title="bbox 2139 794 3706 865">
     <span class='ocr_line' id='line_1_36' title="bbox 2139 794 3706 865; baseline 0.003 -19"><span class='ocrx_word' id='word_1_275' title='bbox 2139 794 2369 864; x_wconf 79' lang='grc' dir='ltr'><strong>Ἡσιόδῳ</strong></span> <span class='ocrx_word' id='word_1_276' title='bbox 2409 795 2578 864; x_wconf 83' lang='grc' dir='ltr'><strong>Δίκην</strong></span> <span class='ocrx_word' id='word_1_277' title='bbox 2612 795 2906 863; x_wconf 74' lang='grc' dir='ltr'><strong>παρθένος,</strong></span> <span class='ocrx_word' id='word_1_278' title='bbox 2957 797 3050 848; x_wconf 79' lang='grc' dir='ltr'><strong>καὶ</strong></span> <span class='ocrx_word' id='word_1_279' title='bbox 3096 795 3312 856; x_wconf 88' lang='grc' dir='ltr'><strong>πολλοῖς</strong></span> <span class='ocrx_word' id='word_1_280' title='bbox 3357 795 3706 865; x_wconf 76' lang='grc' dir='ltr'><strong>ἀνομίλητος.</strong></span> 
     </span>
    </p>
   </div>
   <div class='ocr_carea' id='block_1_37' title="bbox 2131 882 3709 959">
    <p class='ocr_par' dir='ltr' id='par_1_37' title="bbox 2131 882 3709 959">
     <span class='ocr_line' id='line_1_37' title="bbox 2131 882 3709 959; baseline -0.003 -18"><span class='ocrx_word' id='word_1_281' title='bbox 2131 882 2298 942; x_wconf 76' lang='grc' dir='ltr'><strong>Οὗτοι</strong></span> <span class='ocrx_word' id='word_1_282' title='bbox 2328 889 2717 959; x_wconf 71' lang='grc' dir='ltr'><strong>περιελθόντες</strong></span> <span class='ocrx_word' id='word_1_283' title='bbox 2747 889 2896 942; x_wconf 81' lang='grc' dir='ltr'><strong>άπαν</strong></span> <span class='ocrx_word' id='word_1_284' title='bbox 2929 905 3018 958; x_wconf 88' lang='grc' dir='ltr'><strong>μοι</strong></span> <span class='ocrx_word' id='word_1_285' title='bbox 3048 888 3111 940; x_wconf 78' lang='grc' dir='ltr'><strong>τὸ</strong></span> <span class='ocrx_word' id='word_1_286' title='bbox 3140 891 3363 955; x_wconf 78' lang='grc' dir='ltr'><strong>κήπιον,</strong></span> <span class='ocrx_word' id='word_1_287' title='bbox 3397 889 3576 940; x_wconf 77' lang='grc' dir='ltr'><strong>εἵπου</strong></span> <span class='ocrx_word' id='word_1_288' title='bbox 3605 887 3709 954; x_wconf 77' lang='grc' dir='ltr'><strong>μὲν</strong></span> 
     </span>
    </p>
   </div>
   <div class='ocr_carea' id='block_1_38' title="bbox 2133 978 3708 1054">
    <p class='ocr_par' dir='ltr' id='par_1_38' title="bbox 2133 978 3708 1054">
     <span class='ocr_line' id='line_1_38' title="bbox 2133 978 3708 1054; baseline -0.002 -21"><span class='ocrx_word' id='word_1_289' title='bbox 2133 985 2305 1052; x_wconf 78' lang='grc' dir='ltr'><strong>μῆλον</strong></span> <span class='ocrx_word' id='word_1_290' title='bbox 2332 978 2402 1054; x_wconf 79' lang='grc' dir='ltr'><strong>ἦν</strong></span> <span class='ocrx_word' id='word_1_291' title='bbox 2434 983 2695 1051; x_wconf 74' lang='grc' dir='ltr'><strong>ἑκάτερον</strong></span> <span class='ocrx_word' id='word_1_292' title='bbox 2716 998 2730 1011; x_wconf 82' lang='lat'><strong><em>°</em></strong></span> <span class='ocrx_word' id='word_1_293' title='bbox 2784 983 2910 1034; x_wconf 75' lang='grc' dir='ltr'><strong>ὅσον</strong></span> <span class='ocrx_word' id='word_1_294' title='bbox 2942 998 3002 1032; x_wconf 87' lang='grc' dir='ltr'><strong>τε</strong></span> <span class='ocrx_word' id='word_1_295' title='bbox 3031 983 3092 1034; x_wconf 77' lang='grc' dir='ltr'><strong>ἐκ</strong></span> <span class='ocrx_word' id='word_1_296' title='bbox 3123 981 3387 1050; x_wconf 86' lang='grc' dir='ltr'><strong>Περσίδος</strong></span> <span class='ocrx_word' id='word_1_297' title='bbox 3431 979 3543 1048; x_wconf 78' lang='grc' dir='ltr'><strong>ἔχει</strong></span> <span class='ocrx_word' id='word_1_298' title='bbox 3567 981 3708 1048; x_wconf 82' lang='grc' dir='ltr'><strong>τάχα</strong></span> 
     </span>
    </p>
   </div>
   <div class='ocr_carea' id='block_1_39' title="bbox 2134 1072 3709 1146">
    <p class='ocr_par' dir='ltr' id='par_1_39' title="bbox 2134 1072 3709 1146">
     <span class='ocr_line' id='line_1_39' title="bbox 2134 1072 3709 1146; baseline -0.002 -18"><span class='ocrx_word' id='word_1_299' title='bbox 2134 1077 2232 1146; x_wconf 78' lang='grc' dir='ltr'><strong>μὲν</strong></span> <span class='ocrx_word' id='word_1_300' title='bbox 2265 1077 2360 1130; x_wconf 74' lang='grc' dir='ltr'><strong>καὶ</strong></span> <span class='ocrx_word' id='word_1_301' title='bbox 2389 1076 2488 1144; x_wconf 78' lang='grc' dir='ltr'><strong>τὴν</strong></span> <span class='ocrx_word' id='word_1_302' title='bbox 2515 1075 2750 1142; x_wconf 86' lang='grc' dir='ltr'><strong>γένεσιν,</strong></span> <span class='ocrx_word' id='word_1_303' title='bbox 2779 1075 2880 1144; x_wconf 74' lang='grc' dir='ltr'><strong>τὴν</strong></span> <span class='ocrx_word' id='word_1_304' title='bbox 2918 1073 2976 1126; x_wconf 77' lang='grc' dir='ltr'><strong>δὲ</strong></span> <span class='ocrx_word' id='word_1_305' title='bbox 3001 1073 3385 1143; x_wconf 87' lang='grc' dir='ltr'><strong>παρωνυμίαν,</strong></span> <span class='ocrx_word' id='word_1_306' title='bbox 3415 1073 3491 1134; x_wconf 85' lang='grc' dir='ltr'><strong>ὡς</strong></span> <span class='ocrx_word' id='word_1_307' title='bbox 3510 1072 3610 1124; x_wconf 86' lang='grc' dir='ltr'><strong>οὐκ</strong></span> <span class='ocrx_word' id='word_1_308' title='bbox 3640 1073 3709 1130; x_wconf 71' lang='grc' dir='ltr'><strong>ἄν</strong></span> 
     </span>
    </p>
   </div>
   <div class='ocr_carea' id='block_1_40' title="bbox 2131 1166 3708 1239">
    <p class='ocr_par' dir='ltr' id='par_1_40' title="bbox 2131 1166 3708 1239">
     <span class='ocr_line' id='line_1_40' title="bbox 2131 1166 3708 1239; baseline -0.004 -15"><span class='ocrx_word' id='word_1_309' title='bbox 2131 1172 2216 1239; x_wconf 81' lang='grc' dir='ltr'><strong>εῐη</strong></span> <span class='ocrx_word' id='word_1_310' title='bbox 2270 1170 2574 1238; x_wconf 81' lang='grc' dir='ltr'><strong>ἀμφίϐολον</strong></span> <span class='ocrx_word' id='word_1_311' title='bbox 2601 1185 2615 1199; x_wconf 88' lang='grc'><strong>·</strong></span> <span class='ocrx_word' id='word_1_312' title='bbox 2649 1171 2746 1223; x_wconf 71' lang='grc' dir='ltr'><strong>καὶ</strong></span> <span class='ocrx_word' id='word_1_313' title='bbox 2794 1170 2920 1221; x_wconf 79' lang='grc' dir='ltr'><strong>ὅσον</strong></span> <span class='ocrx_word' id='word_1_314' title='bbox 2965 1168 3021 1220; x_wconf 74' lang='grc' dir='ltr'><strong>δέ</strong></span> <span class='ocrx_word' id='word_1_315' title='bbox 3053 1168 3153 1235; x_wconf 79' lang='grc' dir='ltr'><strong>τὴν</strong></span> <span class='ocrx_word' id='word_1_316' title='bbox 3184 1168 3372 1230; x_wconf 81' lang='grc' dir='ltr'><strong>ἁπλῶς</strong></span> <span class='ocrx_word' id='word_1_317' title='bbox 3408 1166 3504 1219; x_wconf 86' lang='grc' dir='ltr'><strong>τοῦ</strong></span> <span class='ocrx_word' id='word_1_318' title='bbox 3538 1166 3708 1235; x_wconf 76' lang='grc' dir='ltr'><strong>μήλου</strong></span> 
     </span>
    </p>
   </div>
   <div class='ocr_carea' id='block_1_41' title="bbox 2133 1256 3706 1332">
    <p class='ocr_par' dir='ltr' id='par_1_41' title="bbox 2133 1256 3706 1332">
     <span class='ocr_line' id='line_1_41' title="bbox 2133 1256 3706 1332; baseline -0.005 -16"><span class='ocrx_word' id='word_1_319' title='bbox 2133 1263 2328 1331; x_wconf 81' lang='grc' dir='ltr'><strong>κλῆσιν</strong></span> <span class='ocrx_word' id='word_1_320' title='bbox 2360 1262 2554 1330; x_wconf 80' lang='grc' dir='ltr'><strong>ἔλαχεν</strong></span> <span class='ocrx_word' id='word_1_321' title='bbox 2608 1261 2994 1319; x_wconf 82' lang='grc' dir='ltr'><strong>ἀσυνδυάστω;</strong></span> <span class='ocrx_word' id='word_1_322' title='bbox 3041 1262 3177 1332; x_wconf 72' lang='grc' dir='ltr'><strong>πρὸς</strong></span> <span class='ocrx_word' id='word_1_323' title='bbox 3231 1259 3525 1312; x_wconf 78' lang='grc' dir='ltr'><strong>ἐπίθετονο</strong></span> <span class='ocrx_word' id='word_1_324' title='bbox 3574 1256 3706 1311; x_wconf 80' lang='grc' dir='ltr'><strong>ἀλλὰ</strong></span> 
     </span>
    </p>
   </div>
   <div class='ocr_carea' id='block_1_42' title="bbox 2131 1350 3706 1424">
    <p class='ocr_par' dir='ltr' id='par_1_42' title="bbox 2131 1350 3706 1424">
     <span class='ocr_line' id='line_1_42' title="bbox 2131 1350 3706 1424; baseline -0.005 -16"><span class='ocrx_word' id='word_1_325' title='bbox 2131 1353 2310 1409; x_wconf 83' lang='grc' dir='ltr'><strong>ταῦτα</strong></span> <span class='ocrx_word' id='word_1_326' title='bbox 2361 1355 2494 1424; x_wconf 84' lang='grc' dir='ltr'><strong>παρ’</strong></span> <span class='ocrx_word' id='word_1_327' title='bbox 2518 1354 2672 1407; x_wconf 76' lang='grc' dir='ltr'><strong>οὐδὲν</strong></span> <span class='ocrx_word' id='word_1_328' title='bbox 2705 1353 2964 1407; x_wconf 85' lang='grc' dir='ltr'><strong>ἐτίθεντο.</strong></span> <span class='ocrx_word' id='word_1_329' title='bbox 3006 1353 3356 1421; x_wconf 82' lang='grc' dir='ltr'><strong>Παρήρχοντο</strong></span> <span class='ocrx_word' id='word_1_330' title='bbox 3399 1351 3452 1403; x_wconf 72' lang='grc' dir='ltr'><strong>δέ</strong></span> <span class='ocrx_word' id='word_1_331' title='bbox 3494 1367 3583 1420; x_wconf 90' lang='grc' dir='ltr'><strong>μοι</strong></span> <span class='ocrx_word' id='word_1_332' title='bbox 3616 1350 3706 1402; x_wconf 80' lang='grc' dir='ltr'><strong>καὶ</strong></span> 
     </span>
    </p>
   </div>
   <div class='ocr_carea' id='block_1_43' title="bbox 2133 1438 3708 1514">
    <p class='ocr_par' dir='ltr' id='par_1_43' title="bbox 2133 1438 3708 1514">
     <span class='ocr_line' id='line_1_43' title="bbox 2133 1438 3708 1514; baseline -0.006 -15"><span class='ocrx_word' id='word_1_333' title='bbox 2133 1448 2231 1510; x_wconf 84' lang='grc' dir='ltr'><strong>τὰς</strong></span> <span class='ocrx_word' id='word_1_334' title='bbox 2260 1448 2503 1514; x_wconf 75' lang='grc' dir='ltr'><strong>εὐγενεῖς</strong></span> <span class='ocrx_word' id='word_1_335' title='bbox 2540 1445 2841 1514; x_wconf 83' lang='grc' dir='ltr'><strong>σταφυλὰς,</strong></span> <span class='ocrx_word' id='word_1_336' title='bbox 2869 1445 2950 1496; x_wconf 76' lang='grc' dir='ltr'><strong>ὅτι</strong></span> <span class='ocrx_word' id='word_1_337' title='bbox 2979 1444 3229 1511; x_wconf 76' lang='grc' dir='ltr'><strong>ὄμφακες</strong></span> <span class='ocrx_word' id='word_1_338' title='bbox 3254 1459 3268 1472; x_wconf 76' lang='grc' dir='ltr'><strong><em>ο</em></strong></span> <span class='ocrx_word' id='word_1_339' title='bbox 3302 1442 3396 1496; x_wconf 78' lang='grc' dir='ltr'><strong>καὶ</strong></span> <span class='ocrx_word' id='word_1_340' title='bbox 3423 1441 3520 1503; x_wconf 72' lang='grc' dir='ltr'><strong>τὰς</strong></span> <span class='ocrx_word' id='word_1_341' title='bbox 3548 1438 3708 1493; x_wconf 71' lang='grc' dir='ltr'><strong>καλὸν</strong></span> 
     </span>
    </p>
   </div>
   <div class='ocr_carea' id='block_1_44' title="bbox 2134 1533 3707 1608">
    <p class='ocr_par' dir='ltr' id='par_1_44' title="bbox 2134 1533 3707 1608">
     <span class='ocr_line' id='line_1_44' title="bbox 2134 1533 3707 1608; baseline -0.007 -15"><span class='ocrx_word' id='word_1_342' title='bbox 2134 1540 2455 1608; x_wconf 84' lang='grc' dir='ltr'><strong>λαμπούσας</strong></span> <span class='ocrx_word' id='word_1_343' title='bbox 2509 1539 2688 1607; x_wconf 71' lang='grc' dir='ltr'><strong>ῥοιὰς,</strong></span> <span class='ocrx_word' id='word_1_344' title='bbox 2744 1538 2941 1607; x_wconf 76' lang='grc' dir='ltr'><strong>ὅτιπερ</strong></span> <span class='ocrx_word' id='word_1_345' title='bbox 2987 1538 3046 1588; x_wconf 89' lang='grc' dir='ltr'><strong>ἐν</strong></span> <span class='ocrx_word' id='word_1_346' title='bbox 3095 1539 3272 1596; x_wconf 79' lang='grc' dir='ltr'><strong>κενοῖς</strong></span> <span class='ocrx_word' id='word_1_347' title='bbox 3314 1535 3573 1603; x_wconf 76' lang='grc' dir='ltr'><strong>λεπύροες</strong></span> <span class='ocrx_word' id='word_1_348' title='bbox 3630 1533 3707 1583; x_wconf 76' lang='grc' dir='ltr'><strong>ἔτι</strong></span> 
     </span>
    </p>
   </div>
   <div class='ocr_carea' id='block_1_45' title="bbox 2135 1625 3710 1699">
    <p class='ocr_par' dir='ltr' id='par_1_45' title="bbox 2135 1625 3710 1699">
     <span class='ocr_line' id='line_1_45' title="bbox 2135 1625 3710 1699; baseline -0.008 -11"><span class='ocrx_word' id='word_1_349' title='bbox 2135 1635 2227 1688; x_wconf 88' lang='grc' dir='ltr'><strong>καὶ</strong></span> <span class='ocrx_word' id='word_1_350' title='bbox 2277 1631 2522 1696; x_wconf 84' lang='grc' dir='ltr'><strong>κάλυξιν.</strong></span> <span class='ocrx_word' id='word_1_351' title='bbox 2567 1629 2647 1686; x_wconf 90' lang='grc' dir='ltr'><strong>Οὐ</strong></span> <span class='ocrx_word' id='word_1_352' title='bbox 2709 1631 3002 1699; x_wconf 75' lang='grc' dir='ltr'><strong>προσεῖχον</strong></span> <span class='ocrx_word' id='word_1_353' title='bbox 3033 1628 3092 1680; x_wconf 88' lang='grc' dir='ltr'><strong>δέ</strong></span> <span class='ocrx_word' id='word_1_354' title='bbox 3140 1627 3230 1680; x_wconf 73' lang='grc' dir='ltr'><strong>τὸν</strong></span> <span class='ocrx_word' id='word_1_355' title='bbox 3264 1625 3389 1679; x_wconf 84' lang='grc' dir='ltr'><strong>νοῦν</strong></span> <span class='ocrx_word' id='word_1_356' title='bbox 3437 1625 3561 1676; x_wconf 83' lang='grc' dir='ltr'><strong>οὐδέ</strong></span> <span class='ocrx_word' id='word_1_357' title='bbox 3592 1626 3710 1681; x_wconf 80' lang='grc' dir='ltr'><strong>ταῖς</strong></span> 
     </span>
    </p>
   </div>
   <div class='ocr_carea' id='block_1_46' title="bbox 2139 1717 3707 1792">
    <p class='ocr_par' dir='ltr' id='par_1_46' title="bbox 2139 1717 3707 1792">
     <span class='ocr_line' id='line_1_46' title="bbox 2139 1717 3707 1792; baseline -0.006 -14"><span class='ocrx_word' id='word_1_358' title='bbox 2139 1727 2330 1785; x_wconf 82' lang='grc' dir='ltr'><strong>συκαῖς</strong></span> <span class='ocrx_word' id='word_1_359' title='bbox 2349 1739 2364 1753; x_wconf 80' lang='grc'><strong>⁹</strong></span> <span class='ocrx_word' id='word_1_360' title='bbox 2390 1721 2542 1776; x_wconf 82' lang='grc' dir='ltr'><strong>οῦπω</strong></span> <span class='ocrx_word' id='word_1_361' title='bbox 2571 1722 2682 1792; x_wconf 69' lang='grc' dir='ltr'><strong>γάρ</strong></span> <span class='ocrx_word' id='word_1_362' title='bbox 2701 1722 2763 1773; x_wconf 70' lang='grc' dir='ltr'><strong>τὸ</strong></span> <span class='ocrx_word' id='word_1_363' title='bbox 2787 1720 2898 1774; x_wconf 85' lang='grc' dir='ltr'><strong>τῶν</strong></span> <span class='ocrx_word' id='word_1_364' title='bbox 2929 1720 3114 1773; x_wconf 89' lang='grc' dir='ltr'><strong>σύκων</strong></span> <span class='ocrx_word' id='word_1_365' title='bbox 3139 1719 3261 1786; x_wconf 90' lang='grc' dir='ltr'><strong>μέλι</strong></span> <span class='ocrx_word' id='word_1_366' title='bbox 3287 1717 3707 1787; x_wconf 80' lang='grc' dir='ltr'><strong>προύϐέϐληντο,</strong></span> 
     </span>
    </p>
   </div>
   <div class='ocr_carea' id='block_1_47' title="bbox 2137 1808 3712 1883">
    <p class='ocr_par' dir='ltr' id='par_1_47' title="bbox 2137 1808 3712 1883">
     <span class='ocr_line' id='line_1_47' title="bbox 2137 1808 3712 1883; baseline -0.006 -13"><span class='ocrx_word' id='word_1_367' title='bbox 2137 1816 2250 1872; x_wconf 80' lang='grc' dir='ltr'><strong>οὐδ’</strong></span> <span class='ocrx_word' id='word_1_368' title='bbox 2301 1818 2382 1877; x_wconf 79' lang='grc' dir='ltr'><strong>είς</strong></span> <span class='ocrx_word' id='word_1_369' title='bbox 2439 1815 2659 1883; x_wconf 80' lang='grc' dir='ltr'><strong>ὁμιλίαν</strong></span> <span class='ocrx_word' id='word_1_370' title='bbox 2725 1810 2841 1867; x_wconf 81' lang='grc' dir='ltr'><strong>οἷον</strong></span> <span class='ocrx_word' id='word_1_371' title='bbox 2901 1813 3216 1880; x_wconf 85' lang='grc' dir='ltr'><strong>ὐπέχαινον.</strong></span> <span class='ocrx_word' id='word_1_372' title='bbox 3267 1812 3332 1862; x_wconf 80' lang='grc' dir='ltr'><strong>Τί</strong></span> <span class='ocrx_word' id='word_1_373' title='bbox 3394 1827 3485 1880; x_wconf 88' lang='grc' dir='ltr'><strong>μοι</strong></span> <span class='ocrx_word' id='word_1_374' title='bbox 3531 1808 3712 1877; x_wconf 69' lang='grc' dir='ltr'><strong>μακρά</strong></span> 
     </span>
    </p>
   </div>
   <div class='ocr_carea' id='block_1_48' title="bbox 2139 1905 3708 1978">
    <p class='ocr_par' dir='ltr' id='par_1_48' title="bbox 2139 1905 3708 1978">
     <span class='ocr_line' id='line_1_48' title="bbox 2139 1905 3708 1978; baseline -0.006 -15"><span class='ocrx_word' id='word_1_375' title='bbox 2139 1913 2358 1978; x_wconf 80' lang='grc' dir='ltr'><strong>λέγειν;</strong></span> <span class='ocrx_word' id='word_1_376' title='bbox 2401 1909 2588 1962; x_wconf 76' lang='grc' dir='ltr'><strong>Πάντα</strong></span> <span class='ocrx_word' id='word_1_377' title='bbox 2619 1909 2690 1962; x_wconf 83' lang='grc' dir='ltr'><strong>τὰ</strong></span> <span class='ocrx_word' id='word_1_378' title='bbox 2720 1909 2836 1960; x_wconf 87' lang='grc' dir='ltr'><strong>ἐκεῖ</strong></span> <span class='ocrx_word' id='word_1_379' title='bbox 2867 1907 3300 1976; x_wconf 71' lang='grc' dir='ltr'><strong>περιδραμόντες</strong></span> <span class='ocrx_word' id='word_1_380' title='bbox 3347 1905 3413 1958; x_wconf 68' lang='grc' dir='ltr'><strong>τὰ</strong></span> <span class='ocrx_word' id='word_1_381' title='bbox 3454 1905 3611 1967; x_wconf 63' lang='grc' dir='ltr'><strong>καλά,</strong></span> <span class='ocrx_word' id='word_1_382' title='bbox 3642 1906 3708 1955; x_wconf 69' lang='grc' dir='ltr'><strong>τὰ</strong></span> 
     </span>
    </p>
   </div>
   <div class='ocr_carea' id='block_1_49' title="bbox 2141 1997 3709 2074">
    <p class='ocr_par' dir='ltr' id='par_1_49' title="bbox 2141 1997 3709 2074">
     <span class='ocr_line' id='line_1_49' title="bbox 2141 1997 3709 2074; baseline -0.006 -16"><span class='ocrx_word' id='word_1_383' title='bbox 2141 2005 2331 2066; x_wconf 79' lang='grc' dir='ltr'><strong>πολλὰ,</strong></span> <span class='ocrx_word' id='word_1_384' title='bbox 2380 2005 2451 2058; x_wconf 88' lang='grc' dir='ltr'><strong>τά</strong></span> <span class='ocrx_word' id='word_1_385' title='bbox 2501 2001 2756 2074; x_wconf 81' lang='grc' dir='ltr'><strong>λαμπρὰ,</strong></span> <span class='ocrx_word' id='word_1_386' title='bbox 2811 2003 2932 2065; x_wconf 80' lang='grc' dir='ltr'><strong>ὲνδς</strong></span> <span class='ocrx_word' id='word_1_387' title='bbox 2991 2003 3232 2069; x_wconf 76' lang='grc' dir='ltr'><strong>ἐγίνοντο</strong></span> <span class='ocrx_word' id='word_1_388' title='bbox 3279 2001 3368 2053; x_wconf 78' lang='grc' dir='ltr'><strong>καὶ</strong></span> <span class='ocrx_word' id='word_1_389' title='bbox 3413 2001 3574 2068; x_wconf 84' lang='grc' dir='ltr'><strong>μόνου</strong></span> <span class='ocrx_word' id='word_1_390' title='bbox 3617 1997 3709 2050; x_wconf 86' lang='grc' dir='ltr'><strong>τοῦ</strong></span> 
     </span>
    </p>
   </div>
   <div class='ocr_carea' id='block_1_50' title="bbox 2141 2089 3707 2168">
    <p class='ocr_par' dir='ltr' id='par_1_50' title="bbox 2141 2089 3707 2168">
     <span class='ocr_line' id='line_1_50' title="bbox 2141 2089 3707 2168; baseline -0.008 -16"><span class='ocrx_word' id='word_1_391' title='bbox 2141 2097 2484 2168; x_wconf 80' lang='grc' dir='ltr'><strong>περιπύστου</strong></span> <span class='ocrx_word' id='word_1_392' title='bbox 2516 2095 2756 2164; x_wconf 82' lang='grc' dir='ltr'><strong>δένδρου,</strong></span> <span class='ocrx_word' id='word_1_393' title='bbox 2780 2092 2877 2147; x_wconf 87' lang='grc' dir='ltr'><strong>τοῦ</strong></span> <span class='ocrx_word' id='word_1_394' title='bbox 2913 2092 3206 2157; x_wconf 82' lang='grc' dir='ltr'><strong>ἐπιφθόνου</strong></span> <span class='ocrx_word' id='word_1_395' title='bbox 3230 2109 3244 2124; x_wconf 79' lang='grc' dir='ltr'><strong>ο</strong></span> <span class='ocrx_word' id='word_1_396' title='bbox 3279 2093 3370 2144; x_wconf 66' lang='grc' dir='ltr'><strong>παλ⁵</strong></span> <span class='ocrx_word' id='word_1_397' title='bbox 3395 2091 3504 2143; x_wconf 85' lang='grc' dir='ltr'><strong>τῶν</strong></span> <span class='ocrx_word' id='word_1_398' title='bbox 3530 2089 3707 2144; x_wconf 75' lang='grc' dir='ltr'><strong>ἄλλων</strong></span> 
     </span>
    </p>
   </div>
   <div class='ocr_carea' id='block_1_51' title="bbox 2141 2184 3712 2264">
    <p class='ocr_par' dir='ltr' id='par_1_51' title="bbox 2141 2184 3712 2264">
     <span class='ocr_line' id='line_1_51' title="bbox 2141 2184 3712 2264; baseline -0.008 -16"><span class='ocrx_word' id='word_1_399' title='bbox 2141 2194 2543 2264; x_wconf 83' lang='grc' dir='ltr'><strong>ἀποκρίναντες</strong></span> <span class='ocrx_word' id='word_1_400' title='bbox 2589 2191 2690 2261; x_wconf 85' lang='grc' dir='ltr'><strong>τὴν</strong></span> <span class='ocrx_word' id='word_1_401' title='bbox 2720 2188 2893 2258; x_wconf 82' lang='grc' dir='ltr'><strong>καλὴν</strong></span> <span class='ocrx_word' id='word_1_402' title='bbox 2943 2189 3179 2258; x_wconf 81' lang='grc' dir='ltr'><strong>μητέρα,</strong></span> <span class='ocrx_word' id='word_1_403' title='bbox 3231 2187 3329 2256; x_wconf 80' lang='grc' dir='ltr'><strong>τὴν</strong></span> <span class='ocrx_word' id='word_1_404' title='bbox 3377 2184 3712 2256; x_wconf 73' lang='grc' dir='ltr'><strong>ἀμυγδαλῆν,</strong></span> 
     </span>
    </p>
   </div>
   <div class='ocr_carea' id='block_1_52' title="bbox 2142 2278 3712 2356">
    <p class='ocr_par' dir='ltr' id='par_1_52' title="bbox 2142 2278 3712 2356">
     <span class='ocr_line' id='line_1_52' title="bbox 2142 2278 3712 2356; baseline -0.007 -16"><span class='ocrx_word' id='word_1_405' title='bbox 2142 2287 2273 2356; x_wconf 80' lang='grc' dir='ltr'><strong>περὶ</strong></span> <span class='ocrx_word' id='word_1_406' title='bbox 2340 2285 2432 2337; x_wconf 78' lang='grc' dir='ltr'><strong>τὸν</strong></span> <span class='ocrx_word' id='word_1_407' title='bbox 2491 2283 2668 2351; x_wconf 80' lang='grc' dir='ltr'><strong>αὐτῆς</strong></span> <span class='ocrx_word' id='word_1_408' title='bbox 2721 2283 2903 2351; x_wconf 86' lang='grc' dir='ltr'><strong>γόνον,</strong></span> <span class='ocrx_word' id='word_1_409' title='bbox 2965 2283 3057 2335; x_wconf 82' lang='grc' dir='ltr'><strong>τὸν</strong></span> <span class='ocrx_word' id='word_1_410' title='bbox 3106 2280 3224 2342; x_wconf 74' lang='grc' dir='ltr'><strong>ἕνα,</strong></span> <span class='ocrx_word' id='word_1_411' title='bbox 3283 2280 3376 2332; x_wconf 73' lang='grc' dir='ltr'><strong>τὸν</strong></span> <span class='ocrx_word' id='word_1_412' title='bbox 3433 2278 3712 2347; x_wconf 71' lang='grc' dir='ltr'><strong>ἀγαπητὸν</strong></span> 
     </span>
    </p>
   </div>
   <div class='ocr_carea' id='block_1_53' title="bbox 2143 2371 3714 2449">
    <p class='ocr_par' dir='ltr' id='par_1_53' title="bbox 2143 2371 3714 2449">
     <span class='ocr_line' id='line_1_53' title="bbox 2143 2371 3714 2449; baseline -0.006 -16"><span class='ocrx_word' id='word_1_413' title='bbox 2143 2381 2479 2449; x_wconf 74' lang='grc' dir='ltr'><strong>ἐκεχήνεσαν</strong></span> <span class='ocrx_word' id='word_1_414' title='bbox 2504 2395 2518 2409; x_wconf 92' lang='grc'><strong>·</strong></span> <span class='ocrx_word' id='word_1_415' title='bbox 2546 2378 2641 2430; x_wconf 75' lang='grc' dir='ltr'><strong>καὶ</strong></span> <span class='ocrx_word' id='word_1_416' title='bbox 2674 2377 2876 2438; x_wconf 76' lang='grc' dir='ltr'><strong>ἰδόντες</strong></span> <span class='ocrx_word' id='word_1_417' title='bbox 2901 2375 2961 2428; x_wconf 75' lang='grc' dir='ltr'><strong>τὸ</strong></span> <span class='ocrx_word' id='word_1_418' title='bbox 2993 2374 3353 2440; x_wconf 77' lang='grc' dir='ltr'><strong>ποθούμενον,</strong></span> <span class='ocrx_word' id='word_1_419' title='bbox 3383 2371 3714 2440; x_wconf 74' lang='grc' dir='ltr'><strong>ἀποσχέσθαι</strong></span> 
     </span>
    </p>
   </div>
   <div class='ocr_carea' id='block_1_54' title="bbox 2141 2461 3714 2544">
    <p class='ocr_par' dir='ltr' id='par_1_54' title="bbox 2141 2461 3714 2544">
     <span class='ocr_line' id='line_1_54' title="bbox 2141 2461 3714 2544; baseline -0.005 -18"><span class='ocrx_word' id='word_1_420' title='bbox 2141 2478 2242 2529; x_wconf 88' lang='grc' dir='ltr'><strong>οὐκ</strong></span> <span class='ocrx_word' id='word_1_421' title='bbox 2277 2476 2491 2544; x_wconf 77' lang='grc' dir='ltr'><strong>ῆθελον,</strong></span> <span class='ocrx_word' id='word_1_422' title='bbox 2547 2473 2667 2525; x_wconf 79' lang='grc' dir='ltr'><strong>ἀλλ’</strong></span> <span class='ocrx_word' id='word_1_423' title='bbox 2700 2472 2812 2526; x_wconf 84' lang='grc' dir='ltr'><strong>ὅλοι</strong></span> <span class='ocrx_word' id='word_1_424' title='bbox 2869 2471 2999 2538; x_wconf 70' lang='grc' dir='ltr'><strong>περὶ</strong></span> <span class='ocrx_word' id='word_1_425' title='bbox 3033 2469 3166 2521; x_wconf 76' lang='grc' dir='ltr'><strong>αὐτὸ</strong></span> <span class='ocrx_word' id='word_1_426' title='bbox 3212 2461 3372 2538; x_wconf 63' lang='grc' dir='ltr'><strong>ἦσαν.</strong></span> <span class='ocrx_word' id='word_1_427' title='bbox 3417 2467 3526 2518; x_wconf 76' lang='grc' dir='ltr'><strong>Καὶ</strong></span> <span class='ocrx_word' id='word_1_428' title='bbox 3576 2466 3714 2532; x_wconf 69' lang='grc' dir='ltr'><strong>ῥητὰ</strong></span> 
     </span>
    </p>
   </div>
   <div class='ocr_carea' id='block_1_55' title="bbox 2145 2560 3714 2638">
    <p class='ocr_par' dir='ltr' id='par_1_55' title="bbox 2145 2560 3714 2638">
     <span class='ocr_line' id='line_1_55' title="bbox 2145 2560 3714 2638; baseline -0.006 -19"><span class='ocrx_word' id='word_1_429' title='bbox 2145 2560 2329 2638; x_wconf 80' lang='grc' dir='ltr'><strong>ρἠοῖς</strong></span> <span class='ocrx_word' id='word_1_430' title='bbox 2365 2566 2690 2620; x_wconf 88' lang='grc' dir='ltr'><strong>συνέϐαλλον</strong></span> <span class='ocrx_word' id='word_1_431' title='bbox 2723 2564 2934 2634; x_wconf 79' lang='grc' dir='ltr'><strong>ψίθυρα</strong></span> <span class='ocrx_word' id='word_1_432' title='bbox 2961 2581 2975 2594; x_wconf 76' lang='grc' dir='ltr'><strong>ο</strong></span> <span class='ocrx_word' id='word_1_433' title='bbox 3012 2566 3106 2615; x_wconf 77' lang='grc' dir='ltr'><strong>καὶ</strong></span> <span class='ocrx_word' id='word_1_434' title='bbox 3143 2563 3246 2615; x_wconf 84' lang='grc' dir='ltr'><strong>οὐκ</strong></span> <span class='ocrx_word' id='word_1_435' title='bbox 3283 2561 3361 2614; x_wconf 77' lang='grc' dir='ltr'><strong>ἔθ’</strong></span> <span class='ocrx_word' id='word_1_436' title='bbox 3397 2560 3502 2614; x_wconf 71' lang='grc' dir='ltr'><strong>ὑπὸ</strong></span> <span class='ocrx_word' id='word_1_437' title='bbox 3531 2560 3714 2627; x_wconf 80' lang='grc' dir='ltr'><strong>κόλπῳ</strong></span> 
     </span>
    </p>
   </div>
   <div class='ocr_carea' id='block_1_56' title="bbox 2145 2651 3714 2726">
    <p class='ocr_par' dir='ltr' id='par_1_56' title="bbox 2145 2651 3714 2726">
     <span class='ocr_line' id='line_1_56' title="bbox 2145 2651 3714 2726; baseline -0.005 -15"><span class='ocrx_word' id='word_1_438' title='bbox 2145 2659 2394 2726; x_wconf 85' lang='grc' dir='ltr'><strong>συνεῖχον</strong></span> <span class='ocrx_word' id='word_1_439' title='bbox 2443 2658 2543 2718; x_wconf 67' lang='grc' dir='ltr'><strong>τὰς</strong></span> <span class='ocrx_word' id='word_1_440' title='bbox 2599 2659 2812 2726; x_wconf 78' lang='grc' dir='ltr'><strong>χεῖρας,</strong></span> <span class='ocrx_word' id='word_1_441' title='bbox 2868 2655 3005 2708; x_wconf 82' lang='grc' dir='ltr'><strong>ἀλλᾶ</strong></span> <span class='ocrx_word' id='word_1_442' title='bbox 3061 2651 3455 2724; x_wconf 85' lang='grc' dir='ltr'><strong>παρεγύμνουν</strong></span> <span class='ocrx_word' id='word_1_443' title='bbox 3510 2652 3714 2721; x_wconf 73' lang='grc' dir='ltr'><strong>ἡρέμα,</strong></span> 
     </span>
    </p>
   </div>
   <div class='ocr_carea' id='block_1_57' title="bbox 2141 2740 3716 2814">
    <p class='ocr_par' dir='ltr' id='par_1_57' title="bbox 2141 2740 3716 2814">
     <span class='ocr_line' id='line_1_57' title="bbox 2141 2740 3716 2814; baseline -0.005 -13"><span class='ocrx_word' id='word_1_444' title='bbox 2141 2748 2456 2810; x_wconf 85' lang='grc' dir='ltr'><strong>δεικνύντες</strong></span> <span class='ocrx_word' id='word_1_445' title='bbox 2485 2746 2642 2814; x_wconf 77' lang='grc' dir='ltr'><strong>ἡλίῳ.</strong></span> <span class='ocrx_word' id='word_1_446' title='bbox 2693 2747 2804 2800; x_wconf 78' lang='grc' dir='ltr'><strong>Καὶ</strong></span> <span class='ocrx_word' id='word_1_447' title='bbox 2854 2741 3000 2814; x_wconf 71' lang='grc' dir='ltr'><strong>ετχον</strong></span> <span class='ocrx_word' id='word_1_448' title='bbox 3031 2746 3090 2797; x_wconf 80' lang='grc' dir='ltr'><strong>ἐν</strong></span> <span class='ocrx_word' id='word_1_449' title='bbox 3136 2744 3340 2812; x_wconf 80' lang='grc' dir='ltr'><strong>ἑτοίμῳ</strong></span> <span class='ocrx_word' id='word_1_450' title='bbox 3394 2740 3716 2809; x_wconf 87' lang='grc' dir='ltr'><strong>δράττεσθαι</strong></span> 
     </span>
    </p>
   </div>
   <div class='ocr_carea' id='block_1_58' title="bbox 2140 2834 3716 2911">
    <p class='ocr_par' dir='ltr' id='par_1_58' title="bbox 2140 2834 3716 2911">
     <span class='ocr_line' id='line_1_58' title="bbox 2140 2834 3716 2911; baseline -0.005 -17"><span class='ocrx_word' id='word_1_451' title='bbox 2140 2841 2238 2895; x_wconf 82' lang='grc' dir='ltr'><strong>τοῦ</strong></span> <span class='ocrx_word' id='word_1_452' title='bbox 2265 2839 2502 2911; x_wconf 82' lang='grc' dir='ltr'><strong>καρποῦ,</strong></span> <span class='ocrx_word' id='word_1_453' title='bbox 2540 2841 2688 2901; x_wconf 83' lang='grc' dir='ltr'><strong>ὅπως</strong></span> <span class='ocrx_word' id='word_1_454' title='bbox 2712 2839 2780 2893; x_wconf 79' lang='grc' dir='ltr'><strong>ἂν</strong></span> <span class='ocrx_word' id='word_1_455' title='bbox 2811 2838 2906 2892; x_wconf 74' lang='grc' dir='ltr'><strong>καὶ</strong></span> <span class='ocrx_word' id='word_1_456' title='bbox 2933 2839 3130 2905; x_wconf 74' lang='grc' dir='ltr'><strong>ἔχοιεν,</strong></span> <span class='ocrx_word' id='word_1_457' title='bbox 3163 2835 3274 2889; x_wconf 75' lang='grc' dir='ltr'><strong>εἴτε</strong></span> <span class='ocrx_word' id='word_1_458' title='bbox 3304 2836 3440 2905; x_wconf 73' lang='grc' dir='ltr'><strong>πρὸς</strong></span> <span class='ocrx_word' id='word_1_459' title='bbox 3463 2834 3582 2904; x_wconf 80' lang='grc' dir='ltr'><strong>βίαν</strong></span> <span class='ocrx_word' id='word_1_460' title='bbox 3607 2836 3716 2888; x_wconf 73' lang='grc' dir='ltr'><strong>εἴτε</strong></span> 
     </span>
    </p>
   </div>
   <div class='ocr_carea' id='block_1_59' title="bbox 2143 2927 3716 3003">
    <p class='ocr_par' dir='ltr' id='par_1_59' title="bbox 2143 2927 3716 3003">
     <span class='ocr_line' id='line_1_59' title="bbox 2143 2927 3716 3003; baseline -0.005 -15"><span class='ocrx_word' id='word_1_461' title='bbox 2143 2935 2240 2988; x_wconf 71' lang='grc' dir='ltr'><strong>καὶ</strong></span> <span class='ocrx_word' id='word_1_462' title='bbox 2272 2932 2410 3003; x_wconf 80' lang='grc' dir='ltr'><strong>δόλῳ</strong></span> <span class='ocrx_word' id='word_1_463' title='bbox 2442 2931 2901 3002; x_wconf 87' lang='grc' dir='ltr'><strong>περιγενόμενοι·</strong></span> <span class='ocrx_word' id='word_1_464' title='bbox 2953 2930 3057 2982; x_wconf 70' lang='grc' dir='ltr'><strong>κᾶν</strong></span> <span class='ocrx_word' id='word_1_465' title='bbox 3093 2927 3424 2997; x_wconf 81' lang='grc' dir='ltr'><strong>ἐξέπραξαν,</strong></span> <span class='ocrx_word' id='word_1_466' title='bbox 3468 2929 3517 2981; x_wconf 84' lang='grc' dir='ltr'><strong>εί</strong></span> <span class='ocrx_word' id='word_1_467' title='bbox 3550 2943 3716 2995; x_wconf 87' lang='grc' dir='ltr'><strong>κατη-</strong></span> 
     </span>
    </p>
   </div>
   <div class='ocr_carea' id='block_1_60' title="bbox 2147 3020 3714 3096">
    <p class='ocr_par' dir='ltr' id='par_1_60' title="bbox 2147 3020 3714 3096">
     <span class='ocr_line' id='line_1_60' title="bbox 2147 3020 3714 3096; baseline -0.005 -17"><span class='ocrx_word' id='word_1_468' title='bbox 2147 3026 2357 3096; x_wconf 86' lang='grc' dir='ltr'><strong>μέλησα</strong></span> <span class='ocrx_word' id='word_1_469' title='bbox 2390 3025 2522 3092; x_wconf 75' lang='grc' dir='ltr'><strong>ἐγώ.</strong></span> <span class='ocrx_word' id='word_1_470' title='bbox 2564 3026 2675 3078; x_wconf 80' lang='grc' dir='ltr'><strong>Καὶ</strong></span> <span class='ocrx_word' id='word_1_471' title='bbox 2719 3023 2926 3093; x_wconf 78' lang='grc' dir='ltr'><strong>ᾤχοντο</strong></span> <span class='ocrx_word' id='word_1_472' title='bbox 2969 3023 3060 3084; x_wconf 86' lang='grc' dir='ltr'><strong>ἂν,</strong></span> <span class='ocrx_word' id='word_1_473' title='bbox 3110 3022 3583 3089; x_wconf 77' lang='grc' dir='ltr'><strong>ἀφαρπάσαντεςο</strong></span> <span class='ocrx_word' id='word_1_474' title='bbox 3619 3020 3714 3072; x_wconf 78' lang='grc' dir='ltr'><strong>καὶ</strong></span> 
     </span>
    </p>
   </div>
   <div class='ocr_carea' id='block_1_61' title="bbox 459 3107 3720 3204">
    <p class='ocr_par' dir='ltr' id='par_1_61' title="bbox 459 3107 3720 3204">
     <span class='ocr_line' id='line_1_61' title="bbox 459 3107 3720 3204; baseline 0 -38"><span class='ocrx_word' id='word_1_475' title='bbox 459 3114 717 3182; x_wconf 78' lang='grc' dir='ltr'><strong>ἀφέλειαν</strong></span> <span class='ocrx_word' id='word_1_476' title='bbox 761 3115 959 3184; x_wconf 74' lang='grc' dir='ltr'><strong>ἔγωγε,</strong></span> <span class='ocrx_word' id='word_1_477' title='bbox 983 3116 1175 3188; x_wconf 53' lang='grc' dir='ltr'><strong>κεῖπερ</strong></span> <span class='ocrx_word' id='word_1_478' title='bbox 1222 3116 1384 3180; x_wconf 77' lang='grc' dir='ltr'><strong>αὐτὸς</strong></span> <span class='ocrx_word' id='word_1_479' title='bbox 1433 3117 1534 3188; x_wconf 79' lang='grc' dir='ltr'><strong>μὲν</strong></span> <span class='ocrx_word' id='word_1_480' title='bbox 1575 3117 1827 3172; x_wconf 84' lang='grc' dir='ltr'><strong>τοιούτου</strong></span> <span class='ocrx_word' id='word_1_481' title='bbox 1873 3116 2040 3172; x_wconf 88' lang='grc' dir='ltr'><strong>καλοῦ</strong></span> <span class='ocrx_word' id='word_1_482' title='bbox 2069 3144 2114 3204; x_wconf 77' lang='lat' dir='ltr'>c</span> <span class='ocrx_word' id='word_1_483' title='bbox 2146 3114 2286 3173; x_wconf 79' lang='grc' dir='ltr'><strong>εῖδεν</strong></span> <span class='ocrx_word' id='word_1_484' title='bbox 2313 3117 2380 3172; x_wconf 79' lang='grc' dir='ltr'><strong>ἃν</strong></span> <span class='ocrx_word' id='word_1_485' title='bbox 2405 3118 2557 3189; x_wconf 75' lang='grc' dir='ltr'><strong>ἥλιος</strong></span> <span class='ocrx_word' id='word_1_486' title='bbox 2589 3117 2869 3188; x_wconf 81' lang='grc' dir='ltr'><strong>ἁρπαγὴν,</strong></span> <span class='ocrx_word' id='word_1_487' title='bbox 2903 3115 3001 3167; x_wconf 72' lang='grc' dir='ltr'><strong>καὶ</strong></span> <span class='ocrx_word' id='word_1_488' title='bbox 3029 3113 3256 3182; x_wconf 90' lang='grc' dir='ltr'><strong>ταύτην,</strong></span> <span class='ocrx_word' id='word_1_489' title='bbox 3290 3114 3360 3183; x_wconf 71' lang='grc' dir='ltr'><strong>ἣν</strong></span> <span class='ocrx_word' id='word_1_490' title='bbox 3392 3113 3494 3166; x_wconf 88' lang='grc' dir='ltr'><strong>οὐκ</strong></span> <span class='ocrx_word' id='word_1_491' title='bbox 3523 3107 3591 3182; x_wconf 79' lang='grc' dir='ltr'><strong>ἦν</strong></span> <span class='ocrx_word' id='word_1_492' title='bbox 3620 3112 3720 3178; x_wconf 76' lang='grc' dir='ltr'><strong>ἔξω</strong></span> 
     </span>
    </p>
   </div>
   <div class='ocr_carea' id='block_1_62' title="bbox 459 3204 3720 3281">
    <p class='ocr_par' dir='ltr' id='par_1_62' title="bbox 459 3204 3720 3281">
     <span class='ocr_line' id='line_1_62' title="bbox 459 3204 3720 3281; baseline -0.001 -21"><span class='ocrx_word' id='word_1_493' title='bbox 459 3208 730 3277; x_wconf 69' lang='grc' dir='ltr'><strong>ἐπήϐολος</strong></span> <span class='ocrx_word' id='word_1_494' title='bbox 791 3207 869 3261; x_wconf 83' lang='grc' dir='ltr'><strong>ὢν</strong></span> <span class='ocrx_word' id='word_1_495' title='bbox 917 3209 1018 3262; x_wconf 91' lang='grc' dir='ltr'><strong>οὐκ</strong></span> <span class='ocrx_word' id='word_1_496' title='bbox 1066 3210 1224 3280; x_wconf 81' lang='grc' dir='ltr'><strong>ἐσχον</strong></span> <span class='ocrx_word' id='word_1_497' title='bbox 1277 3209 1629 3278; x_wconf 84' lang='grc' dir='ltr'><strong>ἐπίστασθαι,</strong></span> <span class='ocrx_word' id='word_1_498' title='bbox 1683 3210 1835 3265; x_wconf 78' lang='grc' dir='ltr'><strong>ἄλλοι</strong></span> <span class='ocrx_word' id='word_1_499' title='bbox 1878 3211 1936 3264; x_wconf 73' lang='grc' dir='ltr'><strong>δὲ</strong></span> <span class='ocrx_word' id='word_1_500' title='bbox 1983 3211 2044 3264; x_wconf 82' lang='grc' dir='ltr'><strong>τὸ</strong></span> <span class='ocrx_word' id='word_1_501' title='bbox 2146 3210 2272 3280; x_wconf 78' lang='grc' dir='ltr'><strong>ἐμοί</strong></span> <span class='ocrx_word' id='word_1_502' title='bbox 2304 3213 2358 3281; x_wconf 86' lang='grc' dir='ltr'><strong>γ’</strong></span> <span class='ocrx_word' id='word_1_503' title='bbox 2391 3207 2487 3264; x_wconf 82' lang='grc' dir='ltr'><strong>οῦν</strong></span> <span class='ocrx_word' id='word_1_504' title='bbox 2513 3210 2677 3277; x_wconf 83' lang='grc' dir='ltr'><strong>λόγου</strong></span> <span class='ocrx_word' id='word_1_505' title='bbox 2713 3209 2925 3262; x_wconf 84' lang='grc' dir='ltr'><strong>πεσεῖν.</strong></span> <span class='ocrx_word' id='word_1_506' title='bbox 2958 3205 3075 3260; x_wconf 83' lang='grc' dir='ltr'><strong>Νῦν</strong></span> <span class='ocrx_word' id='word_1_507' title='bbox 3111 3205 3167 3259; x_wconf 84' lang='grc' dir='ltr'><strong>δέ</strong></span> <span class='ocrx_word' id='word_1_508' title='bbox 3205 3221 3273 3274; x_wconf 86' lang='grc' dir='ltr'><strong>με</strong></span> <span class='ocrx_word' id='word_1_509' title='bbox 3314 3204 3620 3274; x_wconf 84' lang='grc' dir='ltr'><strong>περιελθὼν</strong></span> <span class='ocrx_word' id='word_1_510' title='bbox 3645 3204 3720 3266; x_wconf 82' lang='grc' dir='ltr'><strong>ὡς</strong></span> 
     </span>
    </p>
   </div>
   <div class='ocr_carea' id='block_1_63' title="bbox 462 3299 2044 3373">
    <p class='ocr_par' dir='ltr' id='par_1_63' title="bbox 462 3299 2044 3373">
     <span class='ocr_line' id='line_1_63' title="bbox 462 3299 2044 3373; baseline 0.002 -19"><span class='ocrx_word' id='word_1_511' title='bbox 462 3301 598 3370; x_wconf 66' lang='grc' dir='ltr'><strong>ιμδν</strong></span> <span class='ocrx_word' id='word_1_512' title='bbox 635 3299 844 3366; x_wconf 79' lang='grc' dir='ltr'><strong>ἀγαθὸν</strong></span> <span class='ocrx_word' id='word_1_513' title='bbox 886 3302 1173 3373; x_wconf 71' lang='grc' dir='ltr'><strong>πόρρωθεν</strong></span> <span class='ocrx_word' id='word_1_514' title='bbox 1217 3302 1627 3372; x_wconf 65' lang='grc' dir='ltr'><strong>φαπασάμενοι</strong></span> <span class='ocrx_word' id='word_1_515' title='bbox 1657 3303 1794 3370; x_wconf 84' lang='grc' dir='ltr'><strong>ἐμοῦ</strong></span> <span class='ocrx_word' id='word_1_516' title='bbox 1839 3303 2044 3371; x_wconf 79' lang='grc' dir='ltr'><strong>μᾶλλον</strong></span> 
     </span>
    </p>
   </div>
   <div class='ocr_carea' id='block_1_64' title="bbox 461 3393 2044 3465">
    <p class='ocr_par' dir='ltr' id='par_1_64' title="bbox 461 3393 2044 3465">
     <span class='ocr_line' id='line_1_64' title="bbox 461 3393 2044 3465; baseline 0.003 -19"><span class='ocrx_word' id='word_1_517' title='bbox 461 3393 928 3465; x_wconf 80' lang='grc' dir='ltr'><strong>ἐξηκριϐώσαντο.</strong></span> <span class='ocrx_word' id='word_1_518' title='bbox 987 3394 1180 3457; x_wconf 81' lang='grc' dir='ltr'><strong>Οὕτως</strong></span> <span class='ocrx_word' id='word_1_519' title='bbox 1228 3397 1450 3465; x_wconf 79' lang='grc' dir='ltr'><strong>ἀμαθὴς</strong></span> <span class='ocrx_word' id='word_1_520' title='bbox 1505 3394 1618 3464; x_wconf 80' lang='grc' dir='ltr'><strong>ἐγὼ</strong></span> <span class='ocrx_word' id='word_1_521' title='bbox 1659 3396 1754 3449; x_wconf 88' lang='grc' dir='ltr'><strong>τοῦ</strong></span> <span class='ocrx_word' id='word_1_522' title='bbox 1807 3397 2044 3461; x_wconf 83' lang='grc' dir='ltr'><strong>δέοντος,</strong></span> 
     </span>
    </p>
   </div>
   <div class='ocr_carea' id='block_1_65' title="bbox 465 3487 2044 3558">
    <p class='ocr_par' dir='ltr' id='par_1_65' title="bbox 465 3487 2044 3558">
     <span class='ocr_line' id='line_1_65' title="bbox 465 3487 2044 3558; baseline 0.001 -18"><span class='ocrx_word' id='word_1_523' title='bbox 465 3491 559 3542; x_wconf 76' lang='grc' dir='ltr'><strong>καὶ</strong></span> <span class='ocrx_word' id='word_1_524' title='bbox 618 3489 910 3558; x_wconf 77' lang='grc' dir='ltr'><strong>προσήκων</strong></span> <span class='ocrx_word' id='word_1_525' title='bbox 963 3487 1376 3542; x_wconf 82' lang='grc' dir='ltr'><strong>ὐποδιδάσκοντι</strong></span> <span class='ocrx_word' id='word_1_526' title='bbox 1445 3488 1763 3555; x_wconf 82' lang='grc' dir='ltr'><strong>τάττεσθαι,</strong></span> <span class='ocrx_word' id='word_1_527' title='bbox 1821 3489 1919 3542; x_wconf 71' lang='grc' dir='ltr'><strong>καὶ</strong></span> <span class='ocrx_word' id='word_1_528' title='bbox 1982 3489 2044 3542; x_wconf 87' lang='grc' dir='ltr'><strong>τὸ</strong></span> 
     </span>
    </p>
   </div>
   <div class='ocr_carea' id='block_1_66' title="bbox 465 3579 2048 3652">
    <p class='ocr_par' dir='ltr' id='par_1_66' title="bbox 465 3579 2048 3652">
     <span class='ocr_line' id='line_1_66' title="bbox 465 3579 2048 3652; baseline 0.001 -20"><span class='ocrx_word' id='word_1_529' title='bbox 465 3579 760 3646; x_wconf 85' lang='grc' dir='ltr'><strong>γινώσκειν</strong></span> <span class='ocrx_word' id='word_1_530' title='bbox 785 3580 869 3632; x_wconf 73' lang='grc' dir='ltr'><strong>ἀεὶ</strong></span> <span class='ocrx_word' id='word_1_531' title='bbox 899 3580 1032 3650; x_wconf 84' lang='grc' dir='ltr'><strong>παρ’</strong></span> <span class='ocrx_word' id='word_1_532' title='bbox 1062 3580 1242 3643; x_wconf 83' lang='grc' dir='ltr'><strong>ἄλλοις</strong></span> <span class='ocrx_word' id='word_1_533' title='bbox 1274 3581 1416 3652; x_wconf 76' lang='grc' dir='ltr'><strong>ἔχων</strong></span> <span class='ocrx_word' id='word_1_534' title='bbox 1455 3580 1731 3652; x_wconf 84' lang='grc' dir='ltr'><strong>κείμενον.</strong></span> <span class='ocrx_word' id='word_1_535' title='bbox 1779 3580 1946 3634; x_wconf 79' lang='grc' dir='ltr'><strong>Ἀλλά</strong></span> <span class='ocrx_word' id='word_1_536' title='bbox 1995 3579 2048 3633; x_wconf 85' lang='grc' dir='ltr'><strong>τί</strong></span> 
     </span>
    </p>
   </div>
   <div class='ocr_carea' id='block_1_67' title="bbox 467 3670 2046 3742">
    <p class='ocr_par' dir='ltr' id='par_1_67' title="bbox 467 3670 2046 3742">
     <span class='ocr_line' id='line_1_67' title="bbox 467 3670 2046 3742; baseline -0.002 -18"><span class='ocrx_word' id='word_1_537' title='bbox 467 3671 606 3742; x_wconf 78' lang='grc' dir='ltr'><strong>πρὸς</strong></span> <span class='ocrx_word' id='word_1_538' title='bbox 655 3671 838 3735; x_wconf 81' lang='grc' dir='ltr'><strong>ἄλλοις</strong></span> <span class='ocrx_word' id='word_1_539' title='bbox 905 3672 1150 3740; x_wconf 86' lang='grc' dir='ltr'><strong>γίνομαι,</strong></span> <span class='ocrx_word' id='word_1_540' title='bbox 1210 3673 1337 3734; x_wconf 87' lang='grc' dir='ltr'><strong>τούς</strong></span> <span class='ocrx_word' id='word_1_541' title='bbox 1392 3671 1600 3734; x_wconf 79' lang='grc' dir='ltr'><strong>δεινοὺς</strong></span> <span class='ocrx_word' id='word_1_542' title='bbox 1660 3670 2046 3732; x_wconf 82' lang='grc' dir='ltr'><strong>κατασκόπους</strong></span> 
     </span>
    </p>
   </div>
   <div class='ocr_carea' id='block_1_68' title="bbox 468 3763 2049 3835">
    <p class='ocr_par' dir='ltr' id='par_1_68' title="bbox 468 3763 2049 3835">
     <span class='ocr_line' id='line_1_68' title="bbox 468 3763 2049 3835; baseline -0.002 -17"><span class='ocrx_word' id='word_1_543' title='bbox 468 3765 629 3835; x_wconf 87' lang='grc' dir='ltr'><strong>ἀφείς</strong></span> <span class='ocrx_word' id='word_1_544' title='bbox 655 3783 669 3833; x_wconf 91' lang='grc'><strong>;</strong></span> <span class='ocrx_word' id='word_1_545' title='bbox 701 3766 828 3828; x_wconf 85' lang='grc' dir='ltr'><strong>τούς</strong></span> <span class='ocrx_word' id='word_1_546' title='bbox 876 3765 1160 3834; x_wconf 85' lang='grc' dir='ltr'><strong>ὐποφήτας</strong></span> <span class='ocrx_word' id='word_1_547' title='bbox 1192 3765 1292 3835; x_wconf 88' lang='grc' dir='ltr'><strong>τῆς</strong></span> <span class='ocrx_word' id='word_1_548' title='bbox 1328 3766 1577 3834; x_wconf 89' lang='grc' dir='ltr'><strong>μηχανῆς</strong></span> <span class='ocrx_word' id='word_1_549' title='bbox 1606 3781 1620 3831; x_wconf 91' lang='grc'>;</span> <span class='ocrx_word' id='word_1_550' title='bbox 1657 3765 1782 3828; x_wconf 83' lang='grc' dir='ltr'><strong>τοὺς</strong></span> <span class='ocrx_word' id='word_1_551' title='bbox 1813 3763 2049 3833; x_wconf 80' lang='grc' dir='ltr'><strong>ὑποδρη-</strong></span> 
     </span>
    </p>
   </div>
   <div class='ocr_carea' id='block_1_69' title="bbox 469 3856 2049 3933">
    <p class='ocr_par' dir='ltr' id='par_1_69' title="bbox 469 3856 2049 3933">
     <span class='ocr_line' id='line_1_69' title="bbox 469 3856 2049 3933; baseline -0.003 -21"><span class='ocrx_word' id='word_1_552' title='bbox 469 3859 680 3933; x_wconf 85' lang='grc' dir='ltr'><strong>στῆρας</strong></span> <span class='ocrx_word' id='word_1_553' title='bbox 727 3858 831 3928; x_wconf 90' lang='grc' dir='ltr'><strong>τῆς</strong></span> <span class='ocrx_word' id='word_1_554' title='bbox 879 3857 1216 3926; x_wconf 74' lang='grc' dir='ltr'><strong>ἐπιϐουλῆςς</strong></span> <span class='ocrx_word' id='word_1_555' title='bbox 1273 3857 1400 3920; x_wconf 89' lang='grc' dir='ltr'><strong>τούς</strong></span> <span class='ocrx_word' id='word_1_556' title='bbox 1431 3857 1534 3927; x_wconf 86' lang='grc' dir='ltr'><strong>τῆς</strong></span> <span class='ocrx_word' id='word_1_557' title='bbox 1585 3856 1729 3926; x_wconf 77' lang='grc' dir='ltr'><strong>ἐμῆς</strong></span> <span class='ocrx_word' id='word_1_558' title='bbox 1780 3856 2049 3925; x_wconf 71' lang='grc' dir='ltr'><strong>φυταλιᾶς</strong></span> 
     </span>
    </p>
   </div>
   <div class='ocr_carea' id='block_1_70' title="bbox 474 3949 2050 4020">
    <p class='ocr_par' dir='ltr' id='par_1_70' title="bbox 474 3949 2050 4020">
     <span class='ocr_line' id='line_1_70' title="bbox 474 3949 2050 4020; baseline -0.002 -17"><span class='ocrx_word' id='word_1_559' title='bbox 474 3950 668 4020; x_wconf 85' lang='grc' dir='ltr'><strong>βαρεῖς</strong></span> <span class='ocrx_word' id='word_1_560' title='bbox 717 3949 1082 4015; x_wconf 73' lang='grc' dir='ltr'><strong>ὲπιϐούλουςς</strong></span> <span class='ocrx_word' id='word_1_561' title='bbox 1147 3950 1276 4013; x_wconf 78' lang='grc' dir='ltr'><strong>τοὺς</strong></span> <span class='ocrx_word' id='word_1_562' title='bbox 1331 3951 1400 4003; x_wconf 68' lang='grc' dir='ltr'><strong>τὰ</strong></span> <span class='ocrx_word' id='word_1_563' title='bbox 1467 3951 1566 4020; x_wconf 78' lang='grc' dir='ltr'><strong>μὲν</strong></span> <span class='ocrx_word' id='word_1_564' title='bbox 1629 3949 1766 4003; x_wconf 82' lang='grc' dir='ltr'><strong>ἄλλα</strong></span> <span class='ocrx_word' id='word_1_565' title='bbox 1833 3949 2050 4012; x_wconf 88' lang='grc' dir='ltr'><strong>κοινούς</strong></span> 
     </span>
    </p>
   </div>
   <div class='ocr_carea' id='block_1_71' title="bbox 474 4040 2050 4114">
    <p class='ocr_par' dir='ltr' id='par_1_71' title="bbox 474 4040 2050 4114">
     <span class='ocr_line' id='line_1_71' title="bbox 474 4040 2050 4114; baseline -0.004 -16"><span class='ocrx_word' id='word_1_566' title='bbox 474 4044 730 4114; x_wconf 79' lang='grc' dir='ltr'><strong>ἑταίρους</strong></span> <span class='ocrx_word' id='word_1_567' title='bbox 773 4044 869 4098; x_wconf 72' lang='grc' dir='ltr'><strong>καὶ</strong></span> <span class='ocrx_word' id='word_1_568' title='bbox 894 4045 970 4107; x_wconf 86' lang='grc' dir='ltr'><strong>ὡς</strong></span> <span class='ocrx_word' id='word_1_569' title='bbox 1000 4043 1093 4096; x_wconf 75' lang='grc' dir='ltr'><strong>ἐπὶ</strong></span> <span class='ocrx_word' id='word_1_570' title='bbox 1132 4040 1375 4111; x_wconf 89' lang='grc' dir='ltr'><strong>σταθμοῦ</strong></span> <span class='ocrx_word' id='word_1_571' title='bbox 1405 4041 1503 4113; x_wconf 78' lang='grc' dir='ltr'><strong>τὴν</strong></span> <span class='ocrx_word' id='word_1_572' title='bbox 1540 4040 1723 4110; x_wconf 85' lang='grc' dir='ltr'><strong>φιλίαν</strong></span> <span class='ocrx_word' id='word_1_573' title='bbox 1755 4044 1812 4095; x_wconf 88' lang='grc' dir='ltr'><strong>ἐν</strong></span> <span class='ocrx_word' id='word_1_574' title='bbox 1843 4041 2050 4108; x_wconf 75' lang='grc' dir='ltr'><strong>ἰσότητι</strong></span> 
     </span>
    </p>
   </div>
   <div class='ocr_carea' id='block_1_72' title="bbox 473 4132 2047 4202">
    <p class='ocr_par' dir='ltr' id='par_1_72' title="bbox 473 4132 2047 4202">
     <span class='ocr_line' id='line_1_72' title="bbox 473 4132 2047 4202; baseline -0.004 -13"><span class='ocrx_word' id='word_1_575' title='bbox 473 4136 920 4200; x_wconf 83' lang='grc' dir='ltr'><strong>ταλαντεύοντας,</strong></span> <span class='ocrx_word' id='word_1_576' title='bbox 967 4133 1202 4187; x_wconf 76' lang='grc' dir='ltr'><strong>ἐνταῦθα</strong></span> <span class='ocrx_word' id='word_1_577' title='bbox 1240 4133 1296 4185; x_wconf 70' lang='grc' dir='ltr'><strong>δὲ</strong></span> <span class='ocrx_word' id='word_1_578' title='bbox 1347 4136 1484 4202; x_wconf 78' lang='grc' dir='ltr'><strong>πρὸς</strong></span> <span class='ocrx_word' id='word_1_579' title='bbox 1519 4134 1692 4202; x_wconf 78' lang='grc' dir='ltr'><strong>ῥοπὴν</strong></span> <span class='ocrx_word' id='word_1_580' title='bbox 1719 4132 2047 4202; x_wconf 78' lang='grc' dir='ltr'><strong>ἑτερόζηλον</strong></span> 
     </span>
    </p>
   </div>
   <div class='ocr_carea' id='block_1_73' title="bbox 473 4223 2050 4295">
    <p class='ocr_par' dir='ltr' id='par_1_73' title="bbox 473 4223 2050 4295">
     <span class='ocr_line' id='line_1_73' title="bbox 473 4223 2050 4295; baseline 0.012 -23"><span class='ocrx_word' id='word_1_581' title='bbox 473 4233 574 4295; x_wconf 70' lang='grc' dir='ltr'><strong>τὴν</strong></span> <span class='ocrx_word' id='word_1_582' title='bbox 634 4226 948 4292; x_wconf 85' lang='grc' dir='ltr'><strong>πλάστιγγα</strong></span> <span class='ocrx_word' id='word_1_583' title='bbox 1009 4225 1485 4294; x_wconf 77' lang='grc' dir='ltr'><strong>μεταστήσαντας,</strong></span> <span class='ocrx_word' id='word_1_584' title='bbox 1548 4224 1644 4276; x_wconf 73' lang='grc' dir='ltr'><strong>καὶ</strong></span> <span class='ocrx_word' id='word_1_585' title='bbox 1694 4223 1830 4292; x_wconf 70' lang='grc' dir='ltr'><strong>πρὸς</strong></span> <span class='ocrx_word' id='word_1_586' title='bbox 1878 4224 1938 4277; x_wconf 78' lang='grc' dir='ltr'><strong>τδ</strong></span> <span class='ocrx_word' id='word_1_587' title='bbox 1975 4224 2050 4292; x_wconf 80' lang='grc' dir='ltr'><strong>μὴ</strong></span> 
     </span>
    </p>
   </div>
   <div class='ocr_carea' id='block_1_74' title="bbox 476 4310 2055 4380">
    <p class='ocr_par' dir='ltr' id='par_1_74' title="bbox 476 4310 2055 4380">
     <span class='ocr_line' id='line_1_74' title="bbox 476 4310 2055 4380; baseline -0.005 -10"><span class='ocrx_word' id='word_1_588' title='bbox 476 4319 640 4371; x_wconf 78' lang='grc' dir='ltr'><strong>καλὸν</strong></span> <span class='ocrx_word' id='word_1_589' title='bbox 717 4317 944 4379; x_wconf 78' lang='grc' dir='ltr'><strong>ἑαυτοὺς</strong></span> <span class='ocrx_word' id='word_1_590' title='bbox 1013 4313 1490 4376; x_wconf 84' lang='grc' dir='ltr'><strong>καθελκύσαντσς;</strong></span> <span class='ocrx_word' id='word_1_591' title='bbox 1544 4312 1573 4365; x_wconf 82' lang='grc' dir='ltr'><strong>ὃ</strong></span> <span class='ocrx_word' id='word_1_592' title='bbox 1623 4311 1687 4380; x_wconf 75' lang='grc' dir='ltr'><strong>δὴ</strong></span> <span class='ocrx_word' id='word_1_593' title='bbox 1764 4310 2055 4380; x_wconf 87' lang='grc' dir='ltr'><strong>προδοσίας</strong></span> 
     </span>
    </p>
   </div>
   <div class='ocr_carea' id='block_1_75' title="bbox 479 4401 2054 4480">
    <p class='ocr_par' dir='ltr' id='par_1_75' title="bbox 479 4401 2054 4480">
     <span class='ocr_line' id='line_1_75' title="bbox 479 4401 2054 4480; baseline -0.009 -14"><span class='ocrx_word' id='word_1_594' title='bbox 479 4413 664 4480; x_wconf 88' lang='grc' dir='ltr'><strong>νόμος,</strong></span> <span class='ocrx_word' id='word_1_595' title='bbox 703 4414 748 4463; x_wconf 87' lang='grc' dir='ltr'><strong>εί</strong></span> <span class='ocrx_word' id='word_1_596' title='bbox 786 4409 881 4462; x_wconf 75' lang='grc' dir='ltr'><strong>καὶ</strong></span> <span class='ocrx_word' id='word_1_597' title='bbox 928 4409 1088 4471; x_wconf 77' lang='grc' dir='ltr'><strong>ὄκνος</strong></span> <span class='ocrx_word' id='word_1_598' title='bbox 1139 4408 1335 4460; x_wconf 75' lang='grc' dir='ltr'><strong>εἰπεῖν.</strong></span> <span class='ocrx_word' id='word_1_599' title='bbox 1396 4406 1439 4458; x_wconf 83' lang='grc' dir='ltr'>Τ</span> <span class='ocrx_word' id='word_1_600' title='bbox 1447 4405 1462 4456; x_wconf 96' lang='grc' dir='ltr'><strong>ί</strong></span> <span class='ocrx_word' id='word_1_601' title='bbox 1507 4404 1571 4474; x_wconf 78' lang='grc' dir='ltr'><strong>δὴ</strong></span> <span class='ocrx_word' id='word_1_602' title='bbox 1603 4405 1728 4466; x_wconf 85' lang='grc' dir='ltr'><strong>τοὺς</strong></span> <span class='ocrx_word' id='word_1_603' title='bbox 1778 4401 2054 4464; x_wconf 88' lang='grc' dir='ltr'><strong>τοιούτους</strong></span> 
     </span>
    </p>
   </div>
   <div class='ocr_carea' id='block_1_76' title="bbox 2145 3295 3723 3376">
    <p class='ocr_par' dir='ltr' id='par_1_76' title="bbox 2145 3295 3723 3376">
     <span class='ocr_line' id='line_1_76' title="bbox 2145 3295 3723 3376; baseline -0.009 -18"><span class='ocrx_word' id='word_1_604' title='bbox 2145 3306 2312 3376; x_wconf 87' lang='grc' dir='ltr'><strong>τάχος</strong></span> <span class='ocrx_word' id='word_1_605' title='bbox 2367 3302 2621 3374; x_wconf 83' lang='grc' dir='ltr'><strong>πτερόεις</strong></span> <span class='ocrx_word' id='word_1_606' title='bbox 2667 3319 2752 3365; x_wconf 85' lang='grc' dir='ltr'><strong>τις</strong></span> <span class='ocrx_word' id='word_1_607' title='bbox 2802 3299 3084 3368; x_wconf 83' lang='grc' dir='ltr'><strong>λογισμὸς,</strong></span> <span class='ocrx_word' id='word_1_608' title='bbox 3141 3299 3238 3350; x_wconf 69' lang='grc' dir='ltr'><strong>καὶ¹</strong></span> <span class='ocrx_word' id='word_1_609' title='bbox 3297 3296 3580 3350; x_wconf 86' lang='grc' dir='ltr'><strong>κατειπὼν</strong></span> <span class='ocrx_word' id='word_1_610' title='bbox 3624 3295 3723 3366; x_wconf 77' lang='grc' dir='ltr'><strong>τὴν</strong></span> 
     </span>
    </p>
   </div>
   <div class='ocr_carea' id='block_1_77' title="bbox 2149 3388 3726 3464">
    <p class='ocr_par' dir='ltr' id='par_1_77' title="bbox 2149 3388 3726 3464">
     <span class='ocr_line' id='line_1_77' title="bbox 2149 3388 3726 3464; baseline -0.007 -15"><span class='ocrx_word' id='word_1_611' title='bbox 2149 3393 2465 3464; x_wconf 83' lang='grc' dir='ltr'><strong>ἐπιϐουλὴν,</strong></span> <span class='ocrx_word' id='word_1_612' title='bbox 2542 3391 2859 3462; x_wconf 88' lang='grc' dir='ltr'><strong>παρέστησέ</strong></span> <span class='ocrx_word' id='word_1_613' title='bbox 2935 3405 2995 3442; x_wconf 86' lang='grc' dir='ltr'><strong>τε</strong></span> <span class='ocrx_word' id='word_1_614' title='bbox 3063 3391 3179 3452; x_wconf 90' lang='grc' dir='ltr'><strong>τοῖς</strong></span> <span class='ocrx_word' id='word_1_615' title='bbox 3252 3388 3561 3450; x_wconf 84' lang='grc' dir='ltr'><strong>ἐπιϐούλοις</strong></span> <span class='ocrx_word' id='word_1_616' title='bbox 3628 3391 3726 3440; x_wconf 76' lang='grc' dir='ltr'><strong>καὶ</strong></span> 
     </span>
    </p>
   </div>
   <div class='ocr_carea' id='block_1_78' title="bbox 2147 3481 3723 3556">
    <p class='ocr_par' dir='ltr' id='par_1_78' title="bbox 2147 3481 3723 3556">
     <span class='ocr_line' id='line_1_78' title="bbox 2147 3481 3723 3556; baseline 0.004 -18"><span class='ocrx_word' id='word_1_617' title='bbox 2147 3486 2372 3556; x_wconf 84' lang='grc' dir='ltr'><strong>ἀπεῖρξε</strong></span> <span class='ocrx_word' id='word_1_618' title='bbox 2404 3485 2499 3538; x_wconf 88' lang='grc' dir='ltr'><strong>τοῦ</strong></span> <span class='ocrx_word' id='word_1_619' title='bbox 2545 3484 2972 3554; x_wconf 79' lang='grc' dir='ltr'><strong>ἐγχειρήματος,</strong></span> <span class='ocrx_word' id='word_1_620' title='bbox 3028 3481 3442 3553; x_wconf 75' lang='grc' dir='ltr'><strong>ἐλεγχομένους,</strong></span> <span class='ocrx_word' id='word_1_621' title='bbox 3492 3481 3584 3533; x_wconf 73' lang='grc' dir='ltr'><strong>καὶ</strong></span> <span class='ocrx_word' id='word_1_622' title='bbox 3621 3483 3723 3547; x_wconf 72' lang='grc' dir='ltr'><strong>τῆς</strong></span> 
     </span>
    </p>
   </div>
   <div class='ocr_carea' id='block_1_79' title="bbox 2151 3570 3717 3647">
    <p class='ocr_par' dir='ltr' id='par_1_79' title="bbox 2151 3570 3717 3647">
     <span class='ocr_line' id='line_1_79' title="bbox 2151 3570 3717 3647; baseline -0.006 -15"><span class='ocrx_word' id='word_1_623' title='bbox 2151 3578 2446 3647; x_wconf 76' lang='grc' dir='ltr'><strong>ἐπιϐουλῆς</strong></span> <span class='ocrx_word' id='word_1_624' title='bbox 2479 3577 2738 3644; x_wconf 78' lang='grc' dir='ltr'><strong>ἐξάρνους</strong></span> <span class='ocrx_word' id='word_1_625' title='bbox 2774 3575 2848 3642; x_wconf 84' lang='grc' dir='ltr'><strong>μὴ</strong></span> <span class='ocrx_word' id='word_1_626' title='bbox 2895 3573 3242 3643; x_wconf 90' lang='grc' dir='ltr'><strong>γινομένους.</strong></span> <span class='ocrx_word' id='word_1_627' title='bbox 3291 3571 3544 3624; x_wconf 84' lang='grc' dir='ltr'><strong>Ἐνταῦθα</strong></span> <span class='ocrx_word' id='word_1_628' title='bbox 3577 3570 3638 3623; x_wconf 81' lang='grc' dir='ltr'><strong>ετ</strong></span> <span class='ocrx_word' id='word_1_629' title='bbox 3662 3591 3717 3624; x_wconf 87' lang='grc' dir='ltr'><strong>τι</strong></span> 
     </span>
    </p>
   </div>
   <div class='ocr_carea' id='block_1_80' title="bbox 2151 3663 3706 3739">
    <p class='ocr_par' dir='ltr' id='par_1_80' title="bbox 2151 3663 3706 3739">
     <span class='ocr_line' id='line_1_80' title="bbox 2151 3663 3706 3739; baseline -0.006 -16"><span class='ocrx_word' id='word_1_630' title='bbox 2151 3673 2244 3723; x_wconf 77' lang='grc' dir='ltr'><strong>καὶ</strong></span> <span class='ocrx_word' id='word_1_631' title='bbox 2294 3667 2790 3739; x_wconf 74' lang='grc' dir='ltr'><strong>περιαυτολογῆσαί</strong></span> <span class='ocrx_word' id='word_1_632' title='bbox 2827 3683 2895 3735; x_wconf 90' lang='grc' dir='ltr'><strong>με</strong></span> <span class='ocrx_word' id='word_1_633' title='bbox 2945 3666 3073 3736; x_wconf 76' lang='grc' dir='ltr'><strong>χρὴ,</strong></span> <span class='ocrx_word' id='word_1_634' title='bbox 3105 3665 3422 3735; x_wconf 79' lang='grc' dir='ltr'><strong>τεθαύμακα</strong></span> <span class='ocrx_word' id='word_1_635' title='bbox 3451 3663 3706 3732; x_wconf 81' lang='grc' dir='ltr'><strong>ἐμαυτὸν,</strong></span> 
     </span>
    </p>
   </div>
   <div class='ocr_carea' id='block_1_81' title="bbox 2151 3754 3718 3832">
    <p class='ocr_par' dir='ltr' id='par_1_81' title="bbox 2151 3754 3718 3832">
     <span class='ocr_line' id='line_1_81' title="bbox 2151 3754 3718 3832; baseline -0.008 -15"><span class='ocrx_word' id='word_1_636' title='bbox 2151 3764 2234 3817; x_wconf 80' lang='grc' dir='ltr'><strong>δτι</strong></span> <span class='ocrx_word' id='word_1_637' title='bbox 2262 3761 2668 3832; x_wconf 77' lang='grc' dir='ltr'><strong>πραῦθυμήσας</strong></span> <span class='ocrx_word' id='word_1_638' title='bbox 2698 3761 2790 3811; x_wconf 73' lang='grc' dir='ltr'><strong>καὶ</strong></span> <span class='ocrx_word' id='word_1_639' title='bbox 2819 3759 2893 3829; x_wconf 83' lang='grc' dir='ltr'><strong>μὴ</strong></span> <span class='ocrx_word' id='word_1_640' title='bbox 2921 3757 3322 3828; x_wconf 80' lang='grc' dir='ltr'><strong>θυμομαχήσας</strong></span> <span class='ocrx_word' id='word_1_641' title='bbox 3352 3758 3444 3809; x_wconf 74' lang='grc' dir='ltr'><strong>καὶ</strong></span> <span class='ocrx_word' id='word_1_642' title='bbox 3467 3754 3718 3808; x_wconf 82' lang='grc' dir='ltr'><strong>ἐκπεσὼν</strong></span> 
     </span>
    </p>
   </div>
   <div class='ocr_carea' id='block_1_82' title="bbox 2152 3847 3720 3924">
    <p class='ocr_par' dir='ltr' id='par_1_82' title="bbox 2152 3847 3720 3924">
     <span class='ocr_line' id='line_1_82' title="bbox 2152 3847 3720 3924; baseline -0.007 -16"><span class='ocrx_word' id='word_1_643' title='bbox 2152 3853 2414 3924; x_wconf 83' lang='grc' dir='ltr'><strong>ἐμαυτοῦ,</strong></span> <span class='ocrx_word' id='word_1_644' title='bbox 2450 3853 2597 3906; x_wconf 78' lang='grc' dir='ltr'><strong>κακὰ</strong></span> <span class='ocrx_word' id='word_1_645' title='bbox 2627 3851 2883 3920; x_wconf 83' lang='grc' dir='ltr'><strong>διεθέμην</strong></span> <span class='ocrx_word' id='word_1_646' title='bbox 2925 3854 3053 3913; x_wconf 82' lang='grc' dir='ltr'><strong>τοὺς</strong></span> <span class='ocrx_word' id='word_1_647' title='bbox 3082 3850 3183 3921; x_wconf 81' lang='grc' dir='ltr'><strong>τὴν</strong></span> <span class='ocrx_word' id='word_1_648' title='bbox 3219 3849 3357 3921; x_wconf 81' lang='grc' dir='ltr'><strong>ἐμὴν</strong></span> <span class='ocrx_word' id='word_1_649' title='bbox 3388 3848 3491 3918; x_wconf 83' lang='grc' dir='ltr'><strong>γῆν</strong></span> <span class='ocrx_word' id='word_1_650' title='bbox 3517 3847 3720 3917; x_wconf 79' lang='grc' dir='ltr'><strong>ταύτην</strong></span> 
     </span>
    </p>
   </div>
   <div class='ocr_carea' id='block_1_83' title="bbox 2156 3942 3729 4016">
    <p class='ocr_par' dir='ltr' id='par_1_83' title="bbox 2156 3942 3729 4016">
     <span class='ocr_line' id='line_1_83' title="bbox 2156 3942 3729 4016; baseline -0.003 -15"><span class='ocrx_word' id='word_1_651' title='bbox 2156 3947 2702 4016; x_wconf 75' lang='grc' dir='ltr'><strong>περιεργασαμένους</strong></span> <span class='ocrx_word' id='word_1_652' title='bbox 2755 3945 2856 3997; x_wconf 88' lang='grc' dir='ltr'><strong>οὐκ</strong></span> <span class='ocrx_word' id='word_1_653' title='bbox 2913 3942 3180 3997; x_wconf 81' lang='grc' dir='ltr'><strong>εὐσκοπα.</strong></span> <span class='ocrx_word' id='word_1_654' title='bbox 3230 3943 3388 3997; x_wconf 76' lang='grc' dir='ltr'><strong>Καλὰ</strong></span> <span class='ocrx_word' id='word_1_655' title='bbox 3437 3945 3566 4012; x_wconf 88' lang='grc' dir='ltr'><strong>γοῦν</strong></span> <span class='ocrx_word' id='word_1_656' title='bbox 3633 3960 3729 4013; x_wconf 88' lang='grc' dir='ltr'><strong>μοι</strong></span> 
     </span>
    </p>
   </div>
   <div class='ocr_carea' id='block_1_84' title="bbox 2153 4036 3731 4108">
    <p class='ocr_par' dir='ltr' id='par_1_84' title="bbox 2153 4036 3731 4108">
     <span class='ocr_line' id='line_1_84' title="bbox 2153 4036 3731 4108; baseline -0.001 -16"><span class='ocrx_word' id='word_1_657' title='bbox 2153 4040 2327 4092; x_wconf 86' lang='grc' dir='ltr'><strong>ταῦτα</strong></span> <span class='ocrx_word' id='word_1_658' title='bbox 2356 4039 2567 4091; x_wconf 76' lang='grc' dir='ltr'><strong>οἴκοθεν</strong></span> <span class='ocrx_word' id='word_1_659' title='bbox 2592 4036 3061 4106; x_wconf 75' lang='grc' dir='ltr'><strong>πολιορκουμένῳ,</strong></span> <span class='ocrx_word' id='word_1_660' title='bbox 3100 4037 3195 4089; x_wconf 65' lang='grc' dir='ltr'><strong>καὶ¹</strong></span> <span class='ocrx_word' id='word_1_661' title='bbox 3219 4039 3313 4106; x_wconf 82' lang='grc' dir='ltr'><strong>ἀφ’</strong></span> <span class='ocrx_word' id='word_1_662' title='bbox 3342 4040 3526 4099; x_wconf 85' lang='grc' dir='ltr'><strong>ἐστίας</strong></span> <span class='ocrx_word' id='word_1_663' title='bbox 3551 4037 3731 4108; x_wconf 76' lang='grc' dir='ltr'><strong>ἔχοντι</strong></span> 
     </span>
    </p>
   </div>
   <div class='ocr_carea' id='block_1_85' title="bbox 2153 4125 3733 4202">
    <p class='ocr_par' dir='ltr' id='par_1_85' title="bbox 2153 4125 3733 4202">
     <span class='ocr_line' id='line_1_85' title="bbox 2153 4125 3733 4202; baseline -0.004 -15"><span class='ocrx_word' id='word_1_664' title='bbox 2153 4133 2223 4187; x_wconf 86' lang='grc' dir='ltr'><strong>τά</strong></span> <span class='ocrx_word' id='word_1_665' title='bbox 2250 4134 2349 4202; x_wconf 85' lang='grc' dir='ltr'><strong>τῆς</strong></span> <span class='ocrx_word' id='word_1_666' title='bbox 2381 4131 2694 4201; x_wconf 72' lang='grc' dir='ltr'><strong>ἐπιϐουλῆς.</strong></span> <span class='ocrx_word' id='word_1_667' title='bbox 2729 4130 2794 4184; x_wconf 86' lang='grc' dir='ltr'><strong>Τί</strong></span> <span class='ocrx_word' id='word_1_668' title='bbox 2824 4125 2917 4184; x_wconf 82' lang='grc' dir='ltr'><strong>οὖν</strong></span> <span class='ocrx_word' id='word_1_669' title='bbox 2941 4130 3005 4184; x_wconf 79' lang='grc' dir='ltr'><strong>ἂν</strong></span> <span class='ocrx_word' id='word_1_670' title='bbox 3031 4129 3110 4183; x_wconf 77' lang='grc' dir='ltr'><strong>ἔτι</strong></span> <span class='ocrx_word' id='word_1_671' title='bbox 3145 4148 3235 4200; x_wconf 94' lang='grc' dir='ltr'><strong>μοι</strong></span> <span class='ocrx_word' id='word_1_672' title='bbox 3261 4130 3416 4199; x_wconf 69' lang='grc' dir='ltr'><strong>παρὰ</strong></span> <span class='ocrx_word' id='word_1_673' title='bbox 3440 4131 3546 4185; x_wconf 86' lang='grc' dir='ltr'><strong>τῶν</strong></span> <span class='ocrx_word' id='word_1_674' title='bbox 3575 4130 3733 4184; x_wconf 76' lang='grc' dir='ltr'><strong>άλλοο</strong></span> 
     </span>
    </p>
   </div>
   <div class='ocr_carea' id='block_1_86' title="bbox 2155 4223 3732 4295">
    <p class='ocr_par' dir='ltr' id='par_1_86' title="bbox 2155 4223 3732 4295">
     <span class='ocr_line' id='line_1_86' title="bbox 2155 4223 3732 4295; baseline -0.001 -16"><span class='ocrx_word' id='word_1_675' title='bbox 2155 4225 2344 4280; x_wconf 79' lang='grc' dir='ltr'><strong>δαπῶν</strong></span> <span class='ocrx_word' id='word_1_676' title='bbox 2379 4225 2648 4295; x_wconf 87' lang='grc' dir='ltr'><strong>μήκιστον</strong></span> <span class='ocrx_word' id='word_1_677' title='bbox 2691 4225 2938 4293; x_wconf 83' lang='grc' dir='ltr'><strong>γένηται,</strong></span> <span class='ocrx_word' id='word_1_678' title='bbox 2989 4225 3038 4276; x_wconf 88' lang='grc' dir='ltr'><strong>εί</strong></span> <span class='ocrx_word' id='word_1_679' title='bbox 3083 4223 3210 4285; x_wconf 80' lang='grc' dir='ltr'><strong>τοὺς</strong></span> <span class='ocrx_word' id='word_1_680' title='bbox 3259 4225 3429 4293; x_wconf 81' lang='grc' dir='ltr'><strong>ἐμοὺς</strong></span> <span class='ocrx_word' id='word_1_681' title='bbox 3474 4227 3532 4278; x_wconf 84' lang='grc' dir='ltr'><strong>ἐν</strong></span> <span class='ocrx_word' id='word_1_682' title='bbox 3587 4225 3732 4277; x_wconf 68' lang='grc' dir='ltr'><strong>οὓτω</strong></span> 
     </span>
    </p>
   </div>
   <div class='ocr_carea' id='block_1_87' title="bbox 2157 4315 3826 4387">
    <p class='ocr_par' dir='ltr' id='par_1_87' title="bbox 2157 4315 3826 4387">
     <span class='ocr_line' id='line_1_87' title="bbox 2157 4315 3826 4387; baseline -0.003 -16"><span class='ocrx_word' id='word_1_683' title='bbox 2157 4317 2396 4387; x_wconf 88' lang='grc' dir='ltr'><strong>καιρίοις</strong></span> <span class='ocrx_word' id='word_1_684' title='bbox 2447 4316 2775 4377; x_wconf 77' lang='grc' dir='ltr'><strong>ἐπιϐούλους</strong></span> <span class='ocrx_word' id='word_1_685' title='bbox 2820 4315 3134 4386; x_wconf 80' lang='grc' dir='ltr'><strong>ἐξεύρηκα;</strong></span> <span class='ocrx_word' id='word_1_686' title='bbox 3182 4316 3246 4370; x_wconf 88' lang='grc' dir='ltr'><strong>Τί</strong></span> <span class='ocrx_word' id='word_1_687' title='bbox 3285 4315 3330 4369; x_wconf 83' lang='grc' dir='ltr'><strong>δ’</strong></span> <span class='ocrx_word' id='word_1_688' title='bbox 3360 4317 3427 4372; x_wconf 81' lang='grc' dir='ltr'><strong>ἂν</strong></span> <span class='ocrx_word' id='word_1_689' title='bbox 3472 4317 3551 4378; x_wconf 84' lang='grc' dir='ltr'><strong>εἰς</strong></span> <span class='ocrx_word' id='word_1_690' title='bbox 3595 4319 3734 4370; x_wconf 83' lang='grc' dir='ltr'><strong>ἀπο-</strong></span> <span class='ocrx_word' id='word_1_691' title='bbox 3815 4333 3826 4343; x_wconf 93' lang='grc'><strong>·</strong></span> 
     </span>
    </p>
   </div>
   <div class='ocr_carea' id='block_1_88' title="bbox 2160 4408 3739 4480">
    <p class='ocr_par' dir='ltr' id='par_1_88' title="bbox 2160 4408 3739 4480">
     <span class='ocr_line' id='line_1_88' title="bbox 2160 4408 3739 4480; baseline -0.003 -18"><span class='ocrx_word' id='word_1_692' title='bbox 2160 4409 2342 4480; x_wconf 79' lang='grc' dir='ltr'><strong>φυγὴν</strong></span> <span class='ocrx_word' id='word_1_693' title='bbox 2365 4409 2587 4478; x_wconf 81' lang='grc' dir='ltr'><strong>ἐνέδρας</strong></span> <span class='ocrx_word' id='word_1_694' title='bbox 2614 4408 2775 4468; x_wconf 79' lang='grc' dir='ltr'><strong>αὐτὸς</strong></span> <span class='ocrx_word' id='word_1_695' title='bbox 2803 4410 3235 4478; x_wconf 78' lang='grc' dir='ltr'><strong>μηχανήσωμαι,</strong></span> <span class='ocrx_word' id='word_1_696' title='bbox 3260 4410 3387 4472; x_wconf 78' lang='grc' dir='ltr'><strong>τοὺς</strong></span> <span class='ocrx_word' id='word_1_697' title='bbox 3413 4409 3739 4478; x_wconf 83' lang='grc' dir='ltr'><strong>συμμάχους</strong></span> 
     </span>
    </p>
   </div>
   <div class='ocr_carea' id='block_1_89' title="bbox 484 4495 3740 4580">
    <p class='ocr_par' dir='ltr' id='par_1_89' title="bbox 484 4495 3740 4580">
     <span class='ocr_line' id='line_1_89' title="bbox 484 4495 3740 4580; baseline -0.002 -21"><span class='ocrx_word' id='word_1_698' title='bbox 484 4503 886 4574; x_wconf 73' lang='grc' dir='ltr'><strong>παραδραμὼν,</strong></span> <span class='ocrx_word' id='word_1_699' title='bbox 918 4502 992 4566; x_wconf 83' lang='grc' dir='ltr'><strong>ὡς</strong></span> <span class='ocrx_word' id='word_1_700' title='bbox 1018 4500 1188 4569; x_wconf 79' lang='grc' dir='ltr'><strong>ἔφθην</strong></span> <span class='ocrx_word' id='word_1_701' title='bbox 1223 4498 1415 4565; x_wconf 72' lang='grc' dir='ltr'><strong>εἰπὼν,</strong></span> <span class='ocrx_word' id='word_1_702' title='bbox 1449 4499 1578 4566; x_wconf 76' lang='grc' dir='ltr'><strong>περὶ</strong></span> <span class='ocrx_word' id='word_1_703' title='bbox 1605 4498 1740 4551; x_wconf 72' lang='grc' dir='ltr'><strong>ἄλλα</strong></span> <span class='ocrx_word' id='word_1_704' title='bbox 1773 4497 1864 4549; x_wconf 68' lang='grc' dir='ltr'><strong>τὸν</strong></span> <span class='ocrx_word' id='word_1_705' title='bbox 1897 4495 2055 4562; x_wconf 79' lang='grc' dir='ltr'><strong>λόγον</strong></span> <span class='ocrx_word' id='word_1_706' title='bbox 2085 4521 2134 4580; x_wconf 75' lang='grc' dir='ltr'><strong><em>υ</em></strong></span> <span class='ocrx_word' id='word_1_707' title='bbox 2161 4503 2496 4571; x_wconf 86' lang='grc' dir='ltr'><strong>αὐτομόλους</strong></span> <span class='ocrx_word' id='word_1_708' title='bbox 2522 4501 2642 4554; x_wconf 82' lang='grc' dir='ltr'><strong>καθ’</strong></span> <span class='ocrx_word' id='word_1_709' title='bbox 2672 4501 2828 4572; x_wconf 77' lang='grc' dir='ltr'><strong>ἡμῶν</strong></span> <span class='ocrx_word' id='word_1_710' title='bbox 2854 4500 3091 4570; x_wconf 81' lang='grc' dir='ltr'><strong>ἐξευρών</strong></span> <span class='ocrx_word' id='word_1_711' title='bbox 3118 4518 3132 4565; x_wconf 90' lang='grc'><strong>;</strong></span> <span class='ocrx_word' id='word_1_712' title='bbox 3158 4501 3322 4554; x_wconf 84' lang='grc' dir='ltr'><strong>Οὐδὲν</strong></span> <span class='ocrx_word' id='word_1_713' title='bbox 3345 4501 3472 4552; x_wconf 80' lang='grc' dir='ltr'><strong>ἄλλο</strong></span> <span class='ocrx_word' id='word_1_714' title='bbox 3498 4502 3740 4564; x_wconf 76' lang='grc' dir='ltr'><strong>πάντως,</strong></span> 
     </span>
    </p>
   </div>
   <div class='ocr_carea' id='block_1_90' title="bbox 485 4587 2056 4663">
    <p class='ocr_par' dir='ltr' id='par_1_90' title="bbox 485 4587 2056 4663">
     <span class='ocr_line' id='line_1_90' title="bbox 485 4587 2056 4663; baseline -0.008 -12"><span class='ocrx_word' id='word_1_715' title='bbox 485 4596 714 4662; x_wconf 84' lang='grc' dir='ltr'><strong>πλανῶ;</strong></span> <span class='ocrx_word' id='word_1_716' title='bbox 770 4594 820 4648; x_wconf 83' lang='grc' dir='ltr'><strong>οῖ</strong></span> <span class='ocrx_word' id='word_1_717' title='bbox 880 4592 1080 4663; x_wconf 89' lang='grc' dir='ltr'><strong>μικροῦ</strong></span> <span class='ocrx_word' id='word_1_718' title='bbox 1133 4587 1246 4645; x_wconf 76' lang='grc' dir='ltr'><strong>οἷον</strong></span> <span class='ocrx_word' id='word_1_719' title='bbox 1297 4591 1363 4646; x_wconf 77' lang='grc' dir='ltr'><strong>ἄν</strong></span> <span class='ocrx_word' id='word_1_720' title='bbox 1415 4609 1482 4660; x_wconf 88' lang='grc' dir='ltr'><strong>με</strong></span> <span class='ocrx_word' id='word_1_721' title='bbox 1532 4591 1788 4643; x_wconf 88' lang='grc' dir='ltr'><strong>διέθεντο.</strong></span> <span class='ocrx_word' id='word_1_722' title='bbox 1842 4587 2056 4658; x_wconf 76' lang='grc' dir='ltr'><strong>Ἡμέρα</strong></span> 
     </span>
    </p>
   </div>
   <div class='ocr_carea' id='block_1_91' title="bbox 481 4679 2060 4758">
    <p class='ocr_par' dir='ltr' id='par_1_91' title="bbox 481 4679 2060 4758">
     <span class='ocr_line' id='line_1_91' title="bbox 481 4679 2060 4758; baseline -0.007 -14"><span class='ocrx_word' id='word_1_723' title='bbox 481 4689 800 4758; x_wconf 83' lang='grc' dir='ltr'><strong>ἐπέλαμπεν</strong></span> <span class='ocrx_word' id='word_1_724' title='bbox 836 4687 960 4758; x_wconf 71' lang='grc' dir='ltr'><strong>ἠδη,</strong></span> <span class='ocrx_word' id='word_1_725' title='bbox 1013 4684 1107 4738; x_wconf 80' lang='grc' dir='ltr'><strong>καὶ</strong></span> <span class='ocrx_word' id='word_1_726' title='bbox 1147 4685 1195 4738; x_wconf 79' lang='grc' dir='ltr'><strong>οἱ</strong></span> <span class='ocrx_word' id='word_1_727' title='bbox 1249 4683 1593 4738; x_wconf 87' lang='grc' dir='ltr'><strong>κατάσκοποί</strong></span> <span class='ocrx_word' id='word_1_728' title='bbox 1644 4698 1760 4747; x_wconf 85' lang='grc' dir='ltr'><strong>σου,</strong></span> <span class='ocrx_word' id='word_1_729' title='bbox 1792 4680 1886 4734; x_wconf 86' lang='grc' dir='ltr'><strong>τοῦ</strong></span> <span class='ocrx_word' id='word_1_730' title='bbox 1917 4679 2060 4733; x_wconf 86' lang='grc' dir='ltr'><strong>κατά</strong></span> 
     </span>
    </p>
   </div>
   <div class='ocr_carea' id='block_1_92' title="bbox 483 4771 2062 4850">
    <p class='ocr_par' dir='ltr' id='par_1_92' title="bbox 483 4771 2062 4850">
     <span class='ocr_line' id='line_1_92' title="bbox 483 4771 2062 4850; baseline -0.007 -15"><span class='ocrx_word' id='word_1_731' title='bbox 483 4782 640 4850; x_wconf 79' lang='grc' dir='ltr'><strong>λόγον</strong></span> <span class='ocrx_word' id='word_1_732' title='bbox 671 4777 876 4849; x_wconf 77' lang='grc' dir='ltr'><strong>ὑψηλὸν</strong></span> <span class='ocrx_word' id='word_1_733' title='bbox 911 4776 1207 4846; x_wconf 83' lang='grc' dir='ltr'><strong>νοουμένου</strong></span> <span class='ocrx_word' id='word_1_734' title='bbox 1249 4791 1336 4843; x_wconf 91' lang='grc' dir='ltr'><strong>μοι</strong></span> <span class='ocrx_word' id='word_1_735' title='bbox 1369 4774 1514 4827; x_wconf 82' lang='grc' dir='ltr'><strong>θείου</strong></span> <span class='ocrx_word' id='word_1_736' title='bbox 1558 4775 1652 4827; x_wconf 65' lang='grc' dir='ltr'><strong>καὶ</strong></span> <span class='ocrx_word' id='word_1_737' title='bbox 1680 4771 1866 4825; x_wconf 87' lang='grc' dir='ltr'><strong>θεόθεν</strong></span> <span class='ocrx_word' id='word_1_738' title='bbox 1886 4772 2062 4840; x_wconf 85' lang='grc' dir='ltr'><strong>δημα-</strong></span> 
     </span>
    </p>
   </div>
   <div class='ocr_carea' id='block_1_93' title="bbox 485 4865 2064 4942">
    <p class='ocr_par' dir='ltr' id='par_1_93' title="bbox 485 4865 2064 4942">
     <span class='ocr_line' id='line_1_93' title="bbox 485 4865 2064 4942; baseline -0.008 -13"><span class='ocrx_word' id='word_1_739' title='bbox 485 4872 693 4942; x_wconf 83' lang='grc' dir='ltr'><strong>γωγοῦ,</strong></span> <span class='ocrx_word' id='word_1_740' title='bbox 752 4869 1076 4932; x_wconf 78' lang='grc' dir='ltr'><strong>ἐπιστάντες</strong></span> <span class='ocrx_word' id='word_1_741' title='bbox 1127 4868 1206 4937; x_wconf 83' lang='grc' dir='ltr'><strong>τῷ</strong></span> <span class='ocrx_word' id='word_1_742' title='bbox 1259 4866 1433 4931; x_wconf 84' lang='grc' dir='ltr'><strong>άλσει,</strong></span> <span class='ocrx_word' id='word_1_743' title='bbox 1497 4865 1958 4936; x_wconf 73' lang='grc' dir='ltr'><strong>περιεργάζονται</strong></span> <span class='ocrx_word' id='word_1_744' title='bbox 1993 4865 2064 4916; x_wconf 87' lang='grc' dir='ltr'><strong>τά</strong></span> 
     </span>
    </p>
   </div>
   <div class='ocr_carea' id='block_1_94' title="bbox 487 4958 2066 5034">
    <p class='ocr_par' dir='ltr' id='par_1_94' title="bbox 487 4958 2066 5034">
     <span class='ocr_line' id='line_1_94' title="bbox 487 4958 2066 5034; baseline -0.009 -11"><span class='ocrx_word' id='word_1_745' title='bbox 487 4966 611 5023; x_wconf 82' lang='grc' dir='ltr'><strong>κατ’</strong></span> <span class='ocrx_word' id='word_1_746' title='bbox 642 4964 777 5018; x_wconf 86' lang='grc' dir='ltr'><strong>αὐτό</strong></span> <span class='ocrx_word' id='word_1_747' title='bbox 804 4981 819 4996; x_wconf 77' lang='grc' dir='ltr'><strong>ο</strong></span> <span class='ocrx_word' id='word_1_748' title='bbox 854 4965 882 5019; x_wconf 86' lang='grc' dir='ltr'><strong>ό</strong></span> <span class='ocrx_word' id='word_1_749' title='bbox 907 4963 1007 5034; x_wconf 72' lang='grc' dir='ltr'><strong>μὲν</strong></span> <span class='ocrx_word' id='word_1_750' title='bbox 1034 4961 1218 5027; x_wconf 75' lang='grc' dir='ltr'><strong>πολιὸς</strong></span> <span class='ocrx_word' id='word_1_751' title='bbox 1250 4961 1375 5032; x_wconf 71' lang='grc' dir='ltr'><strong>ἤδη.</strong></span> <span class='ocrx_word' id='word_1_752' title='bbox 1404 4961 1498 5014; x_wconf 73' lang='grc' dir='ltr'><strong>καὶ</strong></span> <span class='ocrx_word' id='word_1_753' title='bbox 1531 4961 1707 5030; x_wconf 82' lang='grc' dir='ltr'><strong>χρόνῳ</strong></span> <span class='ocrx_word' id='word_1_754' title='bbox 1739 4958 1842 5030; x_wconf 81' lang='grc' dir='ltr'><strong>τὴν</strong></span> <span class='ocrx_word' id='word_1_755' title='bbox 1869 4961 2066 5028; x_wconf 68' lang='grc' dir='ltr'><strong>ἐμπειο</strong></span> 
     </span>
    </p>
   </div>
   <div class='ocr_carea' id='block_1_95' title="bbox 491 5050 2065 5132">
    <p class='ocr_par' dir='ltr' id='par_1_95' title="bbox 491 5050 2065 5132">
     <span class='ocr_line' id='line_1_95' title="bbox 491 5050 2065 5132; baseline -0.007 -20"><span class='ocrx_word' id='word_1_756' title='bbox 491 5061 614 5132; x_wconf 88' lang='grc' dir='ltr'><strong>ρίαν</strong></span> <span class='ocrx_word' id='word_1_757' title='bbox 685 5059 904 5128; x_wconf 76' lang='grc' dir='ltr'><strong>μακράν</strong></span> <span class='ocrx_word' id='word_1_758' title='bbox 961 5055 1359 5123; x_wconf 84' lang='grc' dir='ltr'><strong>συλλεξάμενος</strong></span> <span class='ocrx_word' id='word_1_759' title='bbox 1390 5067 1404 5082; x_wconf 91' lang='grc'><strong>·</strong></span> <span class='ocrx_word' id='word_1_760' title='bbox 1470 5053 1599 5124; x_wconf 84' lang='grc' dir='ltr'><strong>ὴδύς</strong></span> <span class='ocrx_word' id='word_1_761' title='bbox 1645 5053 1841 5117; x_wconf 86' lang='grc' dir='ltr'><strong>είπεῖν,</strong></span> <span class='ocrx_word' id='word_1_762' title='bbox 1896 5050 2065 5120; x_wconf 81' lang='grc' dir='ltr'><strong>ταχύς</strong></span> 
     </span>
    </p>
   </div>
   <div class='ocr_carea' id='block_1_96' title="bbox 489 5145 2064 5217">
    <p class='ocr_par' dir='ltr' id='par_1_96' title="bbox 489 5145 2064 5217">
     <span class='ocr_line' id='line_1_96' title="bbox 489 5145 2064 5217; baseline -0.007 -10"><span class='ocrx_word' id='word_1_763' title='bbox 489 5151 841 5208; x_wconf 70' lang='grc' dir='ltr'><strong>ἐπιτελέσαιο</strong></span> <span class='ocrx_word' id='word_1_764' title='bbox 917 5147 1043 5213; x_wconf 82' lang='grc' dir='ltr'><strong>όξύς</strong></span> <span class='ocrx_word' id='word_1_765' title='bbox 1109 5147 1388 5217; x_wconf 81' lang='grc' dir='ltr'><strong>προϊδεῖν,</strong></span> <span class='ocrx_word' id='word_1_766' title='bbox 1461 5147 1652 5217; x_wconf 81' lang='grc' dir='ltr'><strong>βριθὺς</strong></span> <span class='ocrx_word' id='word_1_767' title='bbox 1726 5145 2064 5199; x_wconf 75' lang='grc' dir='ltr'><strong>ἐπιθέσθαιο</strong></span> 
     </span>
    </p>
   </div>
   <div class='ocr_carea' id='block_1_97' title="bbox 494 5237 2070 5316">
    <p class='ocr_par' dir='ltr' id='par_1_97' title="bbox 494 5237 2070 5316">
     <span class='ocr_line' id='line_1_97' title="bbox 494 5237 2070 5316; baseline -0.007 -15"><span class='ocrx_word' id='word_1_768' title='bbox 494 5245 724 5316; x_wconf 77' lang='grc' dir='ltr'><strong>σφοδρδς</strong></span> <span class='ocrx_word' id='word_1_769' title='bbox 756 5243 856 5314; x_wconf 82' lang='grc' dir='ltr'><strong>τὴν</strong></span> <span class='ocrx_word' id='word_1_770' title='bbox 884 5241 1088 5313; x_wconf 81' lang='grc' dir='ltr'><strong>ῥύμην,</strong></span> <span class='ocrx_word' id='word_1_771' title='bbox 1117 5239 1322 5309; x_wconf 78' lang='grc' dir='ltr'><strong>πτηνὸς</strong></span> <span class='ocrx_word' id='word_1_772' title='bbox 1350 5241 1411 5293; x_wconf 77' lang='grc' dir='ltr'><strong>τὸ</strong></span> <span class='ocrx_word' id='word_1_773' title='bbox 1438 5240 1603 5308; x_wconf 80' lang='grc' dir='ltr'><strong>τάχος</strong></span> <span class='ocrx_word' id='word_1_774' title='bbox 1632 5255 1646 5270; x_wconf 76' lang='grc' dir='ltr'><strong>ο</strong></span> <span class='ocrx_word' id='word_1_775' title='bbox 1684 5239 1841 5302; x_wconf 65' lang='grc' dir='ltr'><strong>ἀετὸς</strong></span> <span class='ocrx_word' id='word_1_776' title='bbox 1875 5237 2070 5307; x_wconf 84' lang='grc' dir='ltr'><strong>ὥσπερ</strong></span> 
     </span>
    </p>
   </div>
   <div class='ocr_carea' id='block_1_98' title="bbox 491 5329 2072 5403">
    <p class='ocr_par' dir='ltr' id='par_1_98' title="bbox 491 5329 2072 5403">
     <span class='ocr_line' id='line_1_98' title="bbox 491 5329 2072 5403; baseline -0.004 -11"><span class='ocrx_word' id='word_1_777' title='bbox 491 5337 702 5397; x_wconf 73' lang='grc' dir='ltr'><strong>ἄνωθέν</strong></span> <span class='ocrx_word' id='word_1_778' title='bbox 727 5335 890 5390; x_wconf 84' lang='grc' dir='ltr'><strong>ποθεν</strong></span> <span class='ocrx_word' id='word_1_779' title='bbox 920 5331 1268 5403; x_wconf 75' lang='grc' dir='ltr'><strong>καταρῥάξας</strong></span> <span class='ocrx_word' id='word_1_780' title='bbox 1297 5332 1450 5400; x_wconf 78' lang='grc' dir='ltr'><strong>ἡμῖν.</strong></span> <span class='ocrx_word' id='word_1_781' title='bbox 1489 5330 1548 5385; x_wconf 83' lang='lat'><strong>&#39;0</strong></span> <span class='ocrx_word' id='word_1_782' title='bbox 1569 5331 1628 5384; x_wconf 86' lang='grc' dir='ltr'><strong>δέ</strong></span> <span class='ocrx_word' id='word_1_783' title='bbox 1660 5348 1724 5399; x_wconf 87' lang='grc' dir='ltr'><strong>γε</strong></span> <span class='ocrx_word' id='word_1_784' title='bbox 1756 5329 1943 5394; x_wconf 73' lang='grc' dir='ltr'><strong>λοιπὸς</strong></span> <span class='ocrx_word' id='word_1_785' title='bbox 1975 5332 2072 5385; x_wconf 69' lang='grc' dir='ltr'><strong>καὶ</strong></span> 
     </span>
    </p>
   </div>
   <div class='ocr_carea' id='block_1_99' title="bbox 496 5421 2069 5501">
    <p class='ocr_par' dir='ltr' id='par_1_99' title="bbox 496 5421 2069 5501">
     <span class='ocr_line' id='line_1_99' title="bbox 496 5421 2069 5501; baseline -0.004 -20"><span class='ocrx_word' id='word_1_786' title='bbox 496 5430 750 5501; x_wconf 75' lang='grc' dir='ltr'><strong>δεύτερος</strong></span> <span class='ocrx_word' id='word_1_787' title='bbox 813 5425 1078 5488; x_wconf 86' lang='grc' dir='ltr'><strong>ἀετιδεύς,</strong></span> <span class='ocrx_word' id='word_1_788' title='bbox 1139 5422 1234 5476; x_wconf 91' lang='grc' dir='ltr'><strong>τοῦ</strong></span> <span class='ocrx_word' id='word_1_789' title='bbox 1305 5421 1751 5492; x_wconf 85' lang='grc' dir='ltr'><strong>προφρασθέντος</strong></span> <span class='ocrx_word' id='word_1_790' title='bbox 1807 5423 2069 5488; x_wconf 76' lang='grc' dir='ltr'><strong>ἔκγονοςο</strong></span> 
     </span>
    </p>
   </div>
   <div class='ocr_carea' id='block_1_100' title="bbox 498 5511 2072 5586">
    <p class='ocr_par' dir='ltr' id='par_1_100' title="bbox 498 5511 2072 5586">
     <span class='ocr_line' id='line_1_100' title="bbox 498 5511 2072 5586; baseline -0.001 -19"><span class='ocrx_word' id='word_1_791' title='bbox 498 5517 649 5570; x_wconf 83' lang='grc' dir='ltr'><strong>οὐπω</strong></span> <span class='ocrx_word' id='word_1_792' title='bbox 709 5517 811 5586; x_wconf 68' lang='grc' dir='ltr'><strong>μὲν</strong></span> <span class='ocrx_word' id='word_1_793' title='bbox 860 5515 930 5568; x_wconf 80' lang='grc' dir='ltr'><strong>τὰ</strong></span> <span class='ocrx_word' id='word_1_794' title='bbox 984 5513 1150 5567; x_wconf 89' lang='grc' dir='ltr'><strong>πτίλα</strong></span> <span class='ocrx_word' id='word_1_795' title='bbox 1204 5511 1341 5584; x_wconf 80' lang='grc' dir='ltr'><strong>πρὸς</strong></span> <span class='ocrx_word' id='word_1_796' title='bbox 1393 5511 1749 5581; x_wconf 81' lang='grc' dir='ltr'><strong>όξυκινησίαν</strong></span> <span class='ocrx_word' id='word_1_797' title='bbox 1798 5513 1944 5565; x_wconf 69' lang='grc' dir='ltr'><strong>κατὰ</strong></span> <span class='ocrx_word' id='word_1_798' title='bbox 1979 5513 2072 5565; x_wconf 80' lang='grc' dir='ltr'><strong>τὸν</strong></span> 
     </span>
    </p>
   </div>
   <div class='ocr_carea' id='block_1_101' title="bbox 497 5605 2078 5676">
    <p class='ocr_par' dir='ltr' id='par_1_101' title="bbox 497 5605 2078 5676">
     <span class='ocr_line' id='line_1_101' title="bbox 497 5605 2078 5676; baseline -0.003 -13"><span class='ocrx_word' id='word_1_799' title='bbox 497 5608 652 5663; x_wconf 74' lang='grc' dir='ltr'><strong>ἀετὸν</strong></span> <span class='ocrx_word' id='word_1_800' title='bbox 684 5607 1070 5672; x_wconf 83' lang='grc' dir='ltr'><strong>εὐθετισμένος</strong></span> <span class='ocrx_word' id='word_1_801' title='bbox 1107 5607 1346 5676; x_wconf 85' lang='grc' dir='ltr'><strong>πατέρα,</strong></span> <span class='ocrx_word' id='word_1_802' title='bbox 1391 5605 1645 5676; x_wconf 78' lang='grc' dir='ltr'><strong>γαμψοὺς</strong></span> <span class='ocrx_word' id='word_1_803' title='bbox 1679 5607 1736 5660; x_wconf 77' lang='grc' dir='ltr'><strong>δὲ</strong></span> <span class='ocrx_word' id='word_1_804' title='bbox 1768 5606 1918 5676; x_wconf 76' lang='grc' dir='ltr'><strong>ὅμως</strong></span> <span class='ocrx_word' id='word_1_805' title='bbox 1948 5606 2078 5659; x_wconf 73' lang='grc' dir='ltr'><strong>ὑπέο</strong></span> 
     </span>
    </p>
   </div>
   <div class='ocr_carea' id='block_1_102' title="bbox 500 5695 2078 5767">
    <p class='ocr_par' dir='ltr' id='par_1_102' title="bbox 500 5695 2078 5767">
     <span class='ocr_line' id='line_1_102' title="bbox 500 5695 2078 5767; baseline 0.001 -21"><span class='ocrx_word' id='word_1_806' title='bbox 500 5709 610 5762; x_wconf 82' lang='grc' dir='ltr'><strong>χων</strong></span> <span class='ocrx_word' id='word_1_807' title='bbox 638 5696 763 5758; x_wconf 82' lang='grc' dir='ltr'><strong>τούς</strong></span> <span class='ocrx_word' id='word_1_808' title='bbox 797 5696 999 5766; x_wconf 84' lang='grc' dir='ltr'><strong>δνυχας</strong></span> <span class='ocrx_word' id='word_1_809' title='bbox 1036 5696 1132 5747; x_wconf 70' lang='grc' dir='ltr'><strong>καὶ</strong></span> <span class='ocrx_word' id='word_1_810' title='bbox 1165 5695 1310 5758; x_wconf 86' lang='grc' dir='ltr'><strong>οἴους</strong></span> <span class='ocrx_word' id='word_1_811' title='bbox 1344 5696 1691 5764; x_wconf 71' lang='grc' dir='ltr'><strong>ἀφαρπάζειν</strong></span> <span class='ocrx_word' id='word_1_812' title='bbox 1737 5696 1800 5749; x_wconf 74' lang='grc' dir='ltr'><strong>τὸ</strong></span> <span class='ocrx_word' id='word_1_813' title='bbox 1839 5713 2078 5767; x_wconf 83' lang='grc' dir='ltr'><strong>προστυ-</strong></span> 
     </span>
    </p>
   </div>
   <div class='ocr_carea' id='block_1_103' title="bbox 508 5786 2075 5862">
    <p class='ocr_par' dir='ltr' id='par_1_103' title="bbox 508 5786 2075 5862">
     <span class='ocr_line' id='line_1_103' title="bbox 508 5786 2075 5862; baseline 0.004 -24"><span class='ocrx_word' id='word_1_814' title='bbox 508 5786 619 5855; x_wconf 75' lang='grc' dir='ltr'><strong>χόν,</strong></span> <span class='ocrx_word' id='word_1_815' title='bbox 647 5786 879 5852; x_wconf 80' lang='grc' dir='ltr'><strong>Τούτους</strong></span> <span class='ocrx_word' id='word_1_816' title='bbox 911 5805 1008 5845; x_wconf 84' lang='grc' dir='ltr'><strong>σου</strong></span> <span class='ocrx_word' id='word_1_817' title='bbox 1039 5787 1164 5850; x_wconf 73' lang='grc' dir='ltr'><strong>τοὺς</strong></span> <span class='ocrx_word' id='word_1_818' title='bbox 1209 5790 1590 5853; x_wconf 82' lang='grc' dir='ltr'><strong>κατασκόπους</strong></span> <span class='ocrx_word' id='word_1_819' title='bbox 1623 5791 1684 5844; x_wconf 82' lang='grc' dir='ltr'><strong>οὐ</strong></span> <span class='ocrx_word' id='word_1_820' title='bbox 1723 5790 1892 5862; x_wconf 83' lang='grc' dir='ltr'><strong>πόρνη</strong></span> <span class='ocrx_word' id='word_1_821' title='bbox 1936 5791 2075 5846; x_wconf 74' lang='grc' dir='ltr'><strong>κατᾶ</strong></span> 
     </span>
    </p>
   </div>
   <div class='ocr_carea' id='block_1_104' title="bbox 2164 4594 3745 4665">
    <p class='ocr_par' dir='ltr' id='par_1_104' title="bbox 2164 4594 3745 4665">
     <span class='ocr_line' id='line_1_104' title="bbox 2164 4594 3745 4665; baseline -0.003 -15"><span class='ocrx_word' id='word_1_822' title='bbox 2164 4597 2302 4650; x_wconf 86' lang='grc' dir='ltr'><strong>ἀλλά</strong></span> <span class='ocrx_word' id='word_1_823' title='bbox 2339 4614 2420 4649; x_wconf 91' lang='grc' dir='ltr'><strong>σοι</strong></span> <span class='ocrx_word' id='word_1_824' title='bbox 2455 4595 2845 4665; x_wconf 85' lang='grc' dir='ltr'><strong>ἀποπληρὼσω</strong></span> <span class='ocrx_word' id='word_1_825' title='bbox 2887 4594 2950 4646; x_wconf 78' lang='grc' dir='ltr'><strong>τὸ</strong></span> <span class='ocrx_word' id='word_1_826' title='bbox 2985 4594 3220 4664; x_wconf 78' lang='grc' dir='ltr'><strong>θέλημα,</strong></span> <span class='ocrx_word' id='word_1_827' title='bbox 3264 4595 3360 4647; x_wconf 80' lang='grc' dir='ltr'><strong>καὶ</strong></span> <span class='ocrx_word' id='word_1_828' title='bbox 3405 4595 3465 4646; x_wconf 78' lang='grc' dir='ltr'><strong>τὸ</strong></span> <span class='ocrx_word' id='word_1_829' title='bbox 3519 4594 3745 4647; x_wconf 74' lang='grc' dir='ltr'><strong>ἐπιϐου-</strong></span> 
     </span>
    </p>
   </div>
   <div class='ocr_carea' id='block_1_105' title="bbox 2161 4685 3745 4757">
    <p class='ocr_par' dir='ltr' id='par_1_105' title="bbox 2161 4685 3745 4757">
     <span class='ocr_line' id='line_1_105' title="bbox 2161 4685 3745 4757; baseline -0.003 -14"><span class='ocrx_word' id='word_1_830' title='bbox 2161 4690 2452 4756; x_wconf 88' lang='grc' dir='ltr'><strong>λευόμενον</strong></span> <span class='ocrx_word' id='word_1_831' title='bbox 2484 4690 2625 4742; x_wconf 79' lang='grc' dir='ltr'><strong>ἑκὼν</strong></span> <span class='ocrx_word' id='word_1_832' title='bbox 2671 4689 2850 4741; x_wconf 89' lang='grc' dir='ltr'><strong>ἀέκων</strong></span> <span class='ocrx_word' id='word_1_833' title='bbox 2878 4705 2960 4741; x_wconf 93' lang='grc' dir='ltr'><strong>σοι</strong></span> <span class='ocrx_word' id='word_1_834' title='bbox 2999 4686 3404 4757; x_wconf 76' lang='grc' dir='ltr'><strong>διαπέμψομαι.</strong></span> <span class='ocrx_word' id='word_1_835' title='bbox 3441 4685 3597 4740; x_wconf 86' lang='grc' dir='ltr'><strong>Οῦτω</strong></span> <span class='ocrx_word' id='word_1_836' title='bbox 3629 4688 3745 4756; x_wconf 72' lang='grc' dir='ltr'><strong>γὰρ</strong></span> 
     </span>
    </p>
   </div>
   <div class='ocr_carea' id='block_1_106' title="bbox 2162 4777 3746 4848">
    <p class='ocr_par' dir='ltr' id='par_1_106' title="bbox 2162 4777 3746 4848">
     <span class='ocr_line' id='line_1_106' title="bbox 2162 4777 3746 4848; baseline -0.003 -12"><span class='ocrx_word' id='word_1_837' title='bbox 2162 4783 2290 4846; x_wconf 86' lang='grc' dir='ltr'><strong>τούς</strong></span> <span class='ocrx_word' id='word_1_838' title='bbox 2333 4800 2394 4835; x_wconf 86' lang='grc' dir='ltr'><strong>τε</strong></span> <span class='ocrx_word' id='word_1_839' title='bbox 2426 4781 2808 4843; x_wconf 88' lang='grc' dir='ltr'><strong>κατασκόπους</strong></span> <span class='ocrx_word' id='word_1_840' title='bbox 2859 4779 3197 4848; x_wconf 84' lang='grc' dir='ltr'><strong>ἀμυνοῦμαι,</strong></span> <span class='ocrx_word' id='word_1_841' title='bbox 3258 4780 3354 4832; x_wconf 72' lang='grc' dir='ltr'><strong>καὶ</strong></span> <span class='ocrx_word' id='word_1_842' title='bbox 3399 4779 3506 4832; x_wconf 78' lang='grc' dir='ltr'><strong>ἀπὸ</strong></span> <span class='ocrx_word' id='word_1_843' title='bbox 3560 4777 3746 4847; x_wconf 84' lang='grc' dir='ltr'><strong>θυμοῦ</strong></span> 
     </span>
    </p>
   </div>
   <div class='ocr_carea' id='block_1_107' title="bbox 2166 4874 3749 4946">
    <p class='ocr_par' dir='ltr' id='par_1_107' title="bbox 2166 4874 3749 4946">
     <span class='ocr_line' id='line_1_107' title="bbox 2166 4874 3749 4946; baseline -0.003 -16"><span class='ocrx_word' id='word_1_844' title='bbox 2166 4877 2355 4930; x_wconf 79' lang='grc' dir='ltr'><strong>πεσεῖν</strong></span> <span class='ocrx_word' id='word_1_845' title='bbox 2393 4893 2476 4929; x_wconf 88' lang='grc' dir='ltr'><strong>σοι</strong></span> <span class='ocrx_word' id='word_1_846' title='bbox 2509 4875 2739 4946; x_wconf 81' lang='grc' dir='ltr'><strong>ποιήσω,</strong></span> <span class='ocrx_word' id='word_1_847' title='bbox 2763 4875 3120 4937; x_wconf 86' lang='grc' dir='ltr'><strong>διαπεσόντος</strong></span> <span class='ocrx_word' id='word_1_848' title='bbox 3149 4875 3335 4937; x_wconf 84' lang='grc' dir='ltr'><strong>αὐτοῖς</strong></span> <span class='ocrx_word' id='word_1_849' title='bbox 3367 4874 3459 4927; x_wconf 89' lang='grc' dir='ltr'><strong>τοῦ</strong></span> <span class='ocrx_word' id='word_1_850' title='bbox 3497 4874 3706 4927; x_wconf 79' lang='grc' dir='ltr'><strong>σκοποῦ</strong></span> <span class='ocrx_word' id='word_1_851' title='bbox 3730 4892 3749 4907; x_wconf 74' lang='grc' dir='ltr'><strong>ο</strong></span> 
     </span>
    </p>
   </div>
   <div class='ocr_carea' id='block_1_108' title="bbox 2169 4967 3753 5040">
    <p class='ocr_par' dir='ltr' id='par_1_108' title="bbox 2169 4967 3753 5040">
     <span class='ocr_line' id='line_1_108' title="bbox 2169 4967 3753 5040; baseline -0.003 -16"><span class='ocrx_word' id='word_1_852' title='bbox 2169 4970 2264 5025; x_wconf 74' lang='grc' dir='ltr'><strong>καὶ</strong></span> <span class='ocrx_word' id='word_1_853' title='bbox 2294 4969 2406 5024; x_wconf 79' lang='grc' dir='ltr'><strong>οὐδ’</strong></span> <span class='ocrx_word' id='word_1_854' title='bbox 2437 4968 2841 5040; x_wconf 81' lang='grc' dir='ltr'><strong>ἀντιστήσομαί</strong></span> <span class='ocrx_word' id='word_1_855' title='bbox 2872 4985 2966 5020; x_wconf 92' lang='grc' dir='ltr'><strong>σου</strong></span> <span class='ocrx_word' id='word_1_856' title='bbox 2998 4967 3075 5037; x_wconf 81' lang='grc' dir='ltr'><strong>τῷ</strong></span> <span class='ocrx_word' id='word_1_857' title='bbox 3113 4967 3439 5037; x_wconf 82' lang='grc' dir='ltr'><strong>βουλήματι,</strong></span> <span class='ocrx_word' id='word_1_858' title='bbox 3477 4968 3558 5020; x_wconf 80' lang='grc' dir='ltr'><strong>ὅτι</strong></span> <span class='ocrx_word' id='word_1_859' title='bbox 3604 4968 3753 5037; x_wconf 80' lang='grc' dir='ltr'><strong>μηδὲ</strong></span> 
     </span>
    </p>
   </div>
   <div class='ocr_carea' id='block_1_109' title="bbox 2170 5058 3757 5133">
    <p class='ocr_par' dir='ltr' id='par_1_109' title="bbox 2170 5058 3757 5133">
     <span class='ocr_line' id='line_1_109' title="bbox 2170 5058 3757 5133; baseline -0.001 -17"><span class='ocrx_word' id='word_1_860' title='bbox 2170 5065 2344 5133; x_wconf 78' lang='grc' dir='ltr'><strong>πάρος</strong></span> <span class='ocrx_word' id='word_1_861' title='bbox 2377 5063 2506 5116; x_wconf 81' lang='grc' dir='ltr'><strong>ποτὲ</strong></span> <span class='ocrx_word' id='word_1_862' title='bbox 2528 5063 2626 5130; x_wconf 88' lang='grc' dir='ltr'><strong>τῆς</strong></span> <span class='ocrx_word' id='word_1_863' title='bbox 2659 5061 2757 5130; x_wconf 86' lang='grc' dir='ltr'><strong>σῆς</strong></span> <span class='ocrx_word' id='word_1_864' title='bbox 2779 5060 3118 5114; x_wconf 81' lang='grc' dir='ltr'><strong>ἀπεστάτουν</strong></span> <span class='ocrx_word' id='word_1_865' title='bbox 3141 5059 3338 5127; x_wconf 83' lang='grc' dir='ltr'><strong>φρενός</strong></span> <span class='ocrx_word' id='word_1_866' title='bbox 3367 5058 3545 5131; x_wconf 88' lang='grc' dir='ltr'><strong>(τοῦτο</strong></span> <span class='ocrx_word' id='word_1_867' title='bbox 3585 5061 3656 5124; x_wconf 78' lang='grc' dir='ltr'><strong>δὴ</strong></span> <span class='ocrx_word' id='word_1_868' title='bbox 3688 5060 3757 5114; x_wconf 83' lang='grc' dir='ltr'><strong>τδ</strong></span> 
     </span>
    </p>
   </div>
   <div class='ocr_carea' id='block_1_110' title="bbox 2171 5150 3754 5226">
    <p class='ocr_par' dir='ltr' id='par_1_110' title="bbox 2171 5150 3754 5226">
     <span class='ocr_line' id='line_1_110' title="bbox 2171 5150 3754 5226; baseline -0.006 -16"><span class='ocrx_word' id='word_1_869' title='bbox 2171 5155 2537 5226; x_wconf 74' lang='grc' dir='ltr'><strong>Σοφόκλειον).</strong></span> <span class='ocrx_word' id='word_1_870' title='bbox 2569 5155 2758 5224; x_wconf 85' lang='grc' dir='ltr'><strong>Ἔχεις</strong></span> <span class='ocrx_word' id='word_1_871' title='bbox 2783 5154 2877 5207; x_wconf 82' lang='grc' dir='ltr'><strong>οὖν</strong></span> <span class='ocrx_word' id='word_1_872' title='bbox 2906 5155 3002 5206; x_wconf 85' lang='grc' dir='ltr'><strong>καὶ</strong></span> <span class='ocrx_word' id='word_1_873' title='bbox 3030 5153 3095 5224; x_wconf 78' lang='grc' dir='ltr'><strong>δὴ</strong></span> <span class='ocrx_word' id='word_1_874' title='bbox 3123 5153 3180 5206; x_wconf 78' lang='grc' dir='ltr'><strong>τὸ</strong></span> <span class='ocrx_word' id='word_1_875' title='bbox 3205 5152 3335 5222; x_wconf 79' lang='grc' dir='ltr'><strong>ἐμὸν</strong></span> <span class='ocrx_word' id='word_1_876' title='bbox 3367 5151 3527 5204; x_wconf 80' lang='grc' dir='ltr'><strong>τοῦτο</strong></span> <span class='ocrx_word' id='word_1_877' title='bbox 3554 5150 3754 5211; x_wconf 77' lang='grc' dir='ltr'><strong>καλὸν,</strong></span> 
     </span>
    </p>
   </div>
   <div class='ocr_carea' id='block_1_111' title="bbox 2171 5239 3760 5318">
    <p class='ocr_par' dir='ltr' id='par_1_111' title="bbox 2171 5239 3760 5318">
     <span class='ocr_line' id='line_1_111' title="bbox 2171 5239 3760 5318; baseline -0.004 -18"><span class='ocrx_word' id='word_1_878' title='bbox 2171 5249 2231 5302; x_wconf 83' lang='grc' dir='ltr'><strong>τὸ</strong></span> <span class='ocrx_word' id='word_1_879' title='bbox 2274 5249 2438 5318; x_wconf 88' lang='grc' dir='ltr'><strong>μέγα,</strong></span> <span class='ocrx_word' id='word_1_880' title='bbox 2470 5247 2529 5300; x_wconf 81' lang='grc' dir='ltr'><strong>τὸ</strong></span> <span class='ocrx_word' id='word_1_881' title='bbox 2563 5247 2798 5316; x_wconf 87' lang='grc' dir='ltr'><strong>μονῆρες</strong></span> <span class='ocrx_word' id='word_1_882' title='bbox 2819 5263 2832 5276; x_wconf 89' lang='grc'><strong>·</strong></span> <span class='ocrx_word' id='word_1_883' title='bbox 2875 5245 2905 5298; x_wconf 82' lang='grc' dir='ltr'><strong>δ</strong></span> <span class='ocrx_word' id='word_1_884' title='bbox 2939 5245 3078 5314; x_wconf 85' lang='grc' dir='ltr'><strong>τάχα</strong></span> <span class='ocrx_word' id='word_1_885' title='bbox 3115 5243 3273 5313; x_wconf 89' lang='grc' dir='ltr'><strong>μόνον</strong></span> <span class='ocrx_word' id='word_1_886' title='bbox 3304 5243 3362 5296; x_wconf 79' lang='grc' dir='ltr'><strong>ἐν</strong></span> <span class='ocrx_word' id='word_1_887' title='bbox 3387 5239 3539 5312; x_wconf 79' lang='grc' dir='ltr'><strong>εἶχεν</strong></span> <span class='ocrx_word' id='word_1_888' title='bbox 3568 5244 3598 5295; x_wconf 83' lang='grc' dir='ltr'><strong>ό</strong></span> <span class='ocrx_word' id='word_1_889' title='bbox 3627 5243 3760 5295; x_wconf 77' lang='grc' dir='ltr'><strong>καθ’</strong></span> 
     </span>
    </p>
   </div>
   <div class='ocr_carea' id='block_1_112' title="bbox 2175 5333 3764 5412">
    <p class='ocr_par' dir='ltr' id='par_1_112' title="bbox 2175 5333 3764 5412">
     <span class='ocr_line' id='line_1_112' title="bbox 2175 5333 3764 5412; baseline -0.006 -17"><span class='ocrx_word' id='word_1_890' title='bbox 2175 5341 2325 5412; x_wconf 77' lang='grc' dir='ltr'><strong>ἡμᾶς</strong></span> <span class='ocrx_word' id='word_1_891' title='bbox 2356 5341 2482 5406; x_wconf 85' lang='grc' dir='ltr'><strong>άρτι</strong></span> <span class='ocrx_word' id='word_1_892' title='bbox 2529 5339 2668 5409; x_wconf 82' lang='grc' dir='ltr'><strong>βίος,</strong></span> <span class='ocrx_word' id='word_1_893' title='bbox 2715 5338 2789 5400; x_wconf 84' lang='grc' dir='ltr'><strong>ὡς</strong></span> <span class='ocrx_word' id='word_1_894' title='bbox 2833 5337 2925 5390; x_wconf 79' lang='grc' dir='ltr'><strong>τὸν</strong></span> <span class='ocrx_word' id='word_1_895' title='bbox 2963 5333 3056 5390; x_wconf 87' lang='grc' dir='ltr'><strong>τοῦ</strong></span> <span class='ocrx_word' id='word_1_896' title='bbox 3090 5335 3350 5406; x_wconf 76' lang='grc' dir='ltr'><strong>Περιόξου</strong></span> <span class='ocrx_word' id='word_1_897' title='bbox 3394 5334 3525 5388; x_wconf 78' lang='grc' dir='ltr'><strong>ποτὲ</strong></span> <span class='ocrx_word' id='word_1_898' title='bbox 3575 5336 3764 5404; x_wconf 87' lang='grc' dir='ltr'><strong>μέγαν</strong></span> 
     </span>
    </p>
   </div>
   <div class='ocr_carea' id='block_1_113' title="bbox 2175 5422 3764 5500">
    <p class='ocr_par' dir='ltr' id='par_1_113' title="bbox 2175 5422 3764 5500">
     <span class='ocr_line' id='line_1_113' title="bbox 2175 5422 3764 5500; baseline -0.004 -16"><span class='ocrx_word' id='word_1_899' title='bbox 2175 5433 2270 5484; x_wconf 67' lang='grc' dir='ltr'><strong>καὶ</strong></span> <span class='ocrx_word' id='word_1_900' title='bbox 2315 5431 2606 5484; x_wconf 86' lang='grc' dir='ltr'><strong>κάλλιστον</strong></span> <span class='ocrx_word' id='word_1_901' title='bbox 2655 5429 2963 5500; x_wconf 86' lang='grc' dir='ltr'><strong>μάργαρον.</strong></span> <span class='ocrx_word' id='word_1_902' title='bbox 3012 5427 3198 5496; x_wconf 83' lang='grc' dir='ltr'><strong>Ἔχεις</strong></span> <span class='ocrx_word' id='word_1_903' title='bbox 3246 5426 3307 5480; x_wconf 80' lang='grc' dir='ltr'><strong>τὸ</strong></span> <span class='ocrx_word' id='word_1_904' title='bbox 3343 5422 3436 5477; x_wconf 85' lang='grc' dir='ltr'><strong>τοῦ</strong></span> <span class='ocrx_word' id='word_1_905' title='bbox 3497 5427 3626 5477; x_wconf 82' lang='grc' dir='ltr'><strong>κατ’</strong></span> <span class='ocrx_word' id='word_1_906' title='bbox 3659 5427 3764 5494; x_wconf 71' lang='grc' dir='ltr'><strong>ἐμὶ</strong></span> 
     </span>
    </p>
   </div>
   <div class='ocr_carea' id='block_1_114' title="bbox 2175 5513 3764 5590">
    <p class='ocr_par' dir='ltr' id='par_1_114' title="bbox 2175 5513 3764 5590">
     <span class='ocr_line' id='line_1_114' title="bbox 2175 5513 3764 5590; baseline -0.005 -15"><span class='ocrx_word' id='word_1_907' title='bbox 2175 5523 2378 5582; x_wconf 81' lang='grc' dir='ltr'><strong>ἄλσους</strong></span> <span class='ocrx_word' id='word_1_908' title='bbox 2405 5519 2709 5589; x_wconf 80' lang='grc' dir='ltr'><strong>ἀγλάϊσμα,</strong></span> <span class='ocrx_word' id='word_1_909' title='bbox 2739 5519 2839 5590; x_wconf 83' lang='grc' dir='ltr'><strong>τὴν</strong></span> <span class='ocrx_word' id='word_1_910' title='bbox 2857 5517 2953 5571; x_wconf 88' lang='grc' dir='ltr'><strong>τοῦ</strong></span> <span class='ocrx_word' id='word_1_911' title='bbox 2981 5516 3113 5588; x_wconf 81' lang='grc' dir='ltr'><strong>ἐμοῦ</strong></span> <span class='ocrx_word' id='word_1_912' title='bbox 3142 5515 3318 5586; x_wconf 81' lang='grc' dir='ltr'><strong>κήπου</strong></span> <span class='ocrx_word' id='word_1_913' title='bbox 3344 5513 3764 5578; x_wconf 81' lang='grc' dir='ltr'><strong>καλλιτεχνίαν,</strong></span> 
     </span>
    </p>
   </div>
   <div class='ocr_carea' id='block_1_115' title="bbox 2179 5603 3766 5679">
    <p class='ocr_par' dir='ltr' id='par_1_115' title="bbox 2179 5603 3766 5679">
     <span class='ocr_line' id='line_1_115' title="bbox 2179 5603 3766 5679; baseline -0.007 -13"><span class='ocrx_word' id='word_1_914' title='bbox 2179 5614 2256 5676; x_wconf 87' lang='grc' dir='ltr'><strong>είς</strong></span> <span class='ocrx_word' id='word_1_915' title='bbox 2289 5611 2317 5666; x_wconf 82' lang='grc' dir='ltr'><strong>ὃ</strong></span> <span class='ocrx_word' id='word_1_916' title='bbox 2365 5612 2466 5679; x_wconf 82' lang='grc' dir='ltr'><strong>τὴν</strong></span> <span class='ocrx_word' id='word_1_917' title='bbox 2511 5611 2696 5664; x_wconf 82' lang='grc' dir='ltr'><strong>πᾶσαν</strong></span> <span class='ocrx_word' id='word_1_918' title='bbox 2731 5607 3111 5678; x_wconf 87' lang='grc' dir='ltr'><strong>καλλιτεχνίαν</strong></span> <span class='ocrx_word' id='word_1_919' title='bbox 3151 5606 3186 5675; x_wconf 76' lang='grc' dir='ltr'>ἡ</span> <span class='ocrx_word' id='word_1_920' title='bbox 3243 5603 3410 5673; x_wconf 83' lang='grc' dir='ltr'><strong>φύσις</strong></span> <span class='ocrx_word' id='word_1_921' title='bbox 3455 5607 3766 5672; x_wconf 84' lang='grc' dir='ltr'><strong>φιλοτίμως</strong></span> 
     </span>
    </p>
   </div>
   <div class='ocr_carea' id='block_1_116' title="bbox 2180 5695 3756 5773">
    <p class='ocr_par' dir='ltr' id='par_1_116' title="bbox 2180 5695 3756 5773">
     <span class='ocr_line' id='line_1_116' title="bbox 2180 5695 3756 5773; baseline -0.008 -16"><span class='ocrx_word' id='word_1_922' title='bbox 2180 5701 2660 5773; x_wconf 81' lang='grc' dir='ltr'><strong>ἐγκαταϐέϐληται</strong></span> <span class='ocrx_word' id='word_1_923' title='bbox 2685 5717 2699 5733; x_wconf 76' lang='grc'><strong><em>⁸</em></strong></span> <span class='ocrx_word' id='word_1_924' title='bbox 2750 5695 2922 5770; x_wconf 74' lang='grc' dir='ltr'><strong>οὗπερ</strong></span> <span class='ocrx_word' id='word_1_925' title='bbox 2953 5701 3022 5753; x_wconf 83' lang='grc' dir='ltr'><strong>τὰ</strong></span> <span class='ocrx_word' id='word_1_926' title='bbox 3053 5698 3192 5752; x_wconf 82' lang='grc' dir='ltr'><strong>καλά</strong></span> <span class='ocrx_word' id='word_1_927' title='bbox 3223 5698 3322 5766; x_wconf 78' lang='grc' dir='ltr'><strong>τὴν</strong></span> <span class='ocrx_word' id='word_1_928' title='bbox 3360 5695 3498 5765; x_wconf 78' lang='grc' dir='ltr'><strong>πρὸς</strong></span> <span class='ocrx_word' id='word_1_929' title='bbox 3531 5695 3603 5747; x_wconf 77' lang='grc' dir='ltr'><strong>τά</strong></span> <span class='ocrx_word' id='word_1_930' title='bbox 3633 5695 3756 5764; x_wconf 82' lang='grc' dir='ltr'><strong>ὀμο-</strong></span> 
     </span>
    </p>
   </div>
   <div class='ocr_carea' id='block_1_117' title="bbox 2183 5785 3767 5856">
    <p class='ocr_par' dir='ltr' id='par_1_117' title="bbox 2183 5785 3767 5856">
     <span class='ocr_line' id='line_1_117' title="bbox 2183 5785 3767 5856; baseline -0.009 -3"><span class='ocrx_word' id='word_1_931' title='bbox 2183 5797 2316 5852; x_wconf 72' lang='grc' dir='ltr'><strong>γενῆ</strong></span> <span class='ocrx_word' id='word_1_932' title='bbox 2360 5795 2671 5855; x_wconf 65' lang='grc' dir='ltr'><strong>ἐκπέφευγε</strong></span> <span class='ocrx_word' id='word_1_933' title='bbox 2719 5794 3020 5854; x_wconf 74' lang='grc' dir='ltr'><strong>συμϐολήν.</strong></span> <span class='ocrx_word' id='word_1_934' title='bbox 3061 5791 3268 5847; x_wconf 82' lang='grc' dir='ltr'><strong>Τούτου</strong></span> <span class='ocrx_word' id='word_1_935' title='bbox 3313 5785 3608 5856; x_wconf 75' lang='grc' dir='ltr'><strong>στερηθεὶς</strong></span> <span class='ocrx_word' id='word_1_936' title='bbox 3653 5789 3767 5854; x_wconf 84' lang='grc' dir='ltr'><strong>ἐγὼ</strong></span> 
     </span>
    </p>
   </div>
  </div>
