4062 6222
405 317 544 383 1309

1211 316 1639 379 EUS'I‘ATHII
1678 313 2438 379 THESSALONICENSIS
2467 317 2888 380 EPISTOLRE.

3546 311 3682 376 1310

401 434 471 486 16
503 433 603 500 μὲν
631 431 767 487 ἀλλα
813 432 1097 502 δυσφόρως
1129 431 1326 500 ἔσχον·
1381 432 1464 484 ὅτι
1507 430 1634 499 δέ-’ἢ
1683 430 1872 500 μήτηρ
1904 428 2172 492 (τὸΛΤά
2234 429 2334 498 μέν
2387 427 2485 483 οῦν
2540 429 2680 484 ἀλλα
2734 431 2844 483 τῶν
2897 428 3134 498 δένδρων
3193 447 3300 500 καρ
3354 429 3407 484 )6
3450 429 3680 500 ἐναγχος

401 521 636 592 δένδρον)
662 521 762 576 οὐκ
792 521 950 589 όλίγο
967 537 982 563 -'
1002 521 1098 575 106
1129 521 1333 588 βάρους
1360 519 1798 590 ἀπεφορτίσατο,
1827 518 1989 572 τοῦτό

407 632 498 686 μοι
530 615 590 669 16
627 616 786 686 μόνον
815 613 1075 684 ἐλογίσθη
1101 616 1420 683 παρήγορον
1445 629 1460 644 ο
1496 613 1597 677 ὡς,
1621 614 1672 666 εί
1697 611 1773 683 μὴ
1800 611 1990 681 τάχιον

405 708 642 761 ἐκκοπέν
680 708 1005 777 ἀπεγένετο,
1049 708 1404 779 κατέσπακεν
1441 705 1507 760 ἀν
1539 723 1589 758 τι
1633 705 1733 772 τῆς
1781 704 1990 772 μητρὸς

405 799 485 870 τῷ
515 800 695 870 βάρει,
728 801 825 854 καὶ
851 802 934 864 είς
973 801 1074 864 τὰς
1110 801 1238 867 ἑξῆς
1273 799 1439 866 γονὰς
1473 797 1846 867 ἀπηχρείωσε.
1881 797 1992 849 Καὶ

408 891 516 962 μὴν
659 895 866 964 μήτηρ,
903 893 952 946 εί
1008 892 1104 947 καὶ
1152 891 1244 946 160
1285 891 1483 960 φόρτον
1535 890 1635 944 οὐκ
1678 889 1816 960 έχει,
1867 889 1990 943 ἀλλ’

404 984 554 1051 ὅμως
581 984 742 1054 ἐῴκει
782 985 1006 1054 θρηνεῖν
1041 984 1210 1056 (εῖποι
1235 983 1302 1036 ἂν
1341 984 1370 1036 6
1400 981 1741 1052 Θεόκριτος),
1775 981 1869 1036 160
1895 981 1990 1034 ἕνα

405 1075 497 1128 τὸν
542 1076 752 1144 γλυκὺν
779 1075 968 1130 τοῦτον
1017 1075 1406 1145 ἀφαιρεθεῖσα.
1446 1075 1558 1128 Καὶ
1609 1073 1859 1144 μεγάλην
1889 1076 1992 1142 τὴν

403 1167 647 1240 ἐκκοπὴν
702 1171 800 1223 106
865 1169 1082 1240 καρποῦ
1161 1168 1588 1239 κραδαινόμενος
1642 1168 1671 1219 6
1727 1169 1992 1237 ἀκρὲμων

401 1257 579 1323 οὗτος,
611 1260 775 1314 καλὸν
791 1261 1095 1331 κάρπιμον,
1120 1260 1479 1330 ἐξεκρέματο.
1512 1259 1771 1313 Σαλεύειν
1791 1259 1992 1325 ἐδόκει,

402 1350 497 1405 καὶ
528 1352 604 1414 ὡς
641 1353 702 1406 ἐν
743 1353 932 1427 πένθει
965 1351 1378 1418 κατασείεσθαι,
1409 1352 1506 1405 καὶ
1537 1351 1606 1405 16
1636 1351 1788 1406 κάτω
1809 1351 1992 1407 νεύειν

406 1442 636 1505 ἐκεῖνος.
681 1441 1016 1514 Ἐκουφίσθη
1044 1449 1171 1514 μέν,
1210 1443 1500 1514 οἰχομένου
1526 1443 1626 1498 τοῦ
1657 1443 1896 1512 καρποῦ,
1927 1444 1992 1499 16

404 1533 500 1587 106
541 1533 745 1604 βάρους
772 1537 908 1590 πολὺ
937 1535 1308 1606 ἀποθέμενος·
1337 1537 1399 1589 τὸ
1425 1535 1470 1590 δ’
1499 1531 1570 1608 ἦν
1592 1536 1652 1589 06
1686 1523 1990 1606 κουφισμὸς

407 1623 650 1693 ἀληθῶς,
700 1625 836 1680 ἀλλὰ
892 1629 1040 1697 φυγή
1095 1643 1175 1690 τις
1228 1626 1325 1680 καὶ
1384 1627 1708 1696 ἀνοικισμὸς
1763 1628 1862 1683 καὶ
1912 1628 1995 1692 εἰς

405 1713 541 1784 ὕψος
565 1717 1038 1782 ἀποκατάστασις,
1068 1719 1144 1791 μὴ
1169 1720 1266 1773 καὶ
1297 1720 1446 1791 αύτῷ
1466 1719 1537 1774 τὰ
1562 1721 1659 1790 τῆς
1699 1721 1994 1778 ἐπιϐούλου

405 1808 588 1878 χειρὸς
643 1809 818 1862 κακόν
872 1827 926 1863 τι
984 1810 1276 1864 διάθωνται
1368 1829 1548 1882 προσα
1567 1814 1818 1884 ψάμεναο
1869 1816 1996 1868 ἐπεὶ

405 1898 590 1950 ούκέτι
640 1901 807 1953 πιστὰ
849 1903 918 1956 τά
967 1918 1029 1969 γε
1090 1906 1171 1966 είς
1235 1904 1428 1974 αὑτήν.
1479 1905 1590 1958 Καὶ
1646 1905 1761 1973 μὴν
1819 1905 1996 1970 ἄλλως

409 1995 638 2062 ἡμέρως
669 1990 816 2064 εἶχον
850 1997 945 2048 καὶ
971 1999 1000 2050 6
1030 1999 1216 2068 φέρων
1239 1999 1506 2068 ἀκρέμων
1537 1999 1632 2052 καὶ
1661 2001 1690 2052 6
1721 1997 1936 2068 καρπὸς
1965 1999 1996 2052 6

405 2087 707 2155 φερόμενος
733 2104 747 2118 ·
799 2088 858 2151 δς
901 2090 998 2142 καὶ
1031 2091 1183 2145 κάτω
1227 2089 1564 2160 προκόπτων
1616 2090 1812 2162 ἦθελεν
1856 2091 1995 2142 ἐπα.

405 2178 634 2248 φάσθαι,
663 2180 759 2233 καὶ
807 2181 916 2233 τῶν
949 2183 1342 2252 ὐπερχομένων
1389 2182 1743 2254 ϐράττεσθαι.
1783 2183 1894 2236 Καὶ
1925 2178 1996 2248 ἦν

407 2271 538 2334 ἐθὰς
559 2271 866 2342 ἀνθρώπων
895 2275 1186 2342 κεφαλαῖς,
1219 2279 1312 2328 καὶ
1344 2276 1585 2346 χείλεσιν
1610 2275 1814 2343 ὡμίλει
1848 2274 1995 2345 (ᾔδει

404 2363 537 2431 γὰρ,
572 2363 656 2416 ὅτι
692 2366 785 2416 καὶ
812 2365 1086 2432 φιλεῖσθαί
1121 2369 1271 2420 ἐστιν
1301 2367 1472 2437 ἄξιος)
1495 2381 1510 2398 ο
1565 2369 1662 2421 καὶ
1690 2367 1994 2435 ὀφθαλμοῖς

405 2455 687 2520 ἐνέπιπτε,
713 2457 808 2510 καὶ
848 2459 958 2529 γάρ
993 2475 1077 2511 τοι
1110 2460 1204 2512 καὶ
1230 2459 1565 2524 ἀξιοθέατος.
1608 2459 1720 2512 Καὶ
1747 2458 1886 2521 ὅλως
1922 2453 1993 2529 ἦν

405 2546 796 2618 φιλάνθρωπον
822 2550 886 2603 16
932 2550 1120 2605 καλόν.
1149 2552 1279 2604 Ὅτε
1328 2553 1512 2620 μέντοι
1541 2550 1897 2618 κατεσπάσθη
1927 2550 1994 2605 16

403 2639 501 2693 106
556 2640 796 2710 καρποῦ,
859 2642 958 2695 καὶ
1004 2643 1034 2695 6
1080 2643 1275 2708 κλάδος
1342 2643 1598 2715 ἀφῃρέθη
1641 2643 1702 2698 16
1753 2641 1992 2712 ποθητὸν

403 2732 654 2803 φόρημα,
700 2736 822 2787 τότε
855 2734 920 2806 δὴ
959 2735 1240 2789 ἀναίνεται
1268 2735 1329 2790 16
1360 2735 1650 2808 χειρόηθες
1669 2752 1684 2768 ο
1735 2737 1832 2788 καὶ
1859 2736 1990 2806 δρα-

404 2825 575 2893 πέτης
643 2827 933 2898 οἰχόμενος
1003 2829 1300 2900 ἀναχωρεῖ,
1367 2831 1467 2883 καὶ
1531 2830 1613 2891 είς
1669 2827 1741 2882 τὰ
1821 2827 1990 2883 αὐτοῦ

403 2918 677 2982 ἀναλύσας
733 2920 873 2989 ὑψοῦ
932 2921 1057 2974 ὅσον
1103 2922 1271 2991 τάχος
1322 2920 1566 2991 αἴρεται,
1609 2919 1687 2984 ὡς
1729 2920 1794 2974 ἐκ
1841 2937 1991 2984 τινος

405 3014 700 3080 μηχανῆς’
769 3012 958 3066 οὐκέτι
1012 3011 1188 3081 φιλῶν
1235 3010 1588 3084 ἀνθρώπους,
1638 3012 1764 3066 ούδέ
1816 3029 1991 3068 κατα-

2094 521 2482 592 εύφορήσαντα
2543 523 2801 594 κέκμηκε
2858 521 3050 577 τέλεον
3107 525 3188 586 είς
3250 524 3394 588 ἔτος,
3451 520 3539 577 οἷα
3581 531 3681 590 τὴν

2102 612 2234 683 ὓλην
2268 613 2362 667 τοῦ
2393 615 2594 686 γεννᾷν
2621 615 3046 683 δαπανήσαντα,
3088 614 3183 669 καὶ
3213 616 3315 682 τὴν
3342 617 3557 681 γένεσιν
3585 614 3681 676 (ὡς

2093 705 2159 760 ἂν
2219 706 2348 778 εἴπῃ
2393 708 2500 774 τις)
2562 709 3138 776 κατασωτευσάμεναο
3202 715 3297 761 καὶ
3341 707 3518 761 οὐκέτ’
3565 708 3678 775 ἔχει

2092 815 2160 852 κα
2171 801 2308 867 ρπδν
2333 799 2524 853 οὐδένα
2566 802 2891 871 προφέρειν.
2925 803 3096 855 Μένει
3121 802 3178 855 δὲ
3199 802 3431 870 γονίμης
3463 800 3682 867 φύσεως

2093 891 2391 960 ἀσυντελῆ,
2429 891 2652 960 φύλλοις
2701 893 3077 963 εύθηνούμενα
3129 895 3346 959 μόνοις·
3397 893 3471 958 ὼς
3521 892 3682 958 ἔργον

2093 977 2256 1050 εἶναι,
2307 984 2602 1052 διαγνῶναι
2635 985 2730 1038 160
2760 984 2992 1056 θεατὴν,
3049 986 3159 1038 εἴτε
3210 984 3426 1053 φύσεως
3471 983 3680 1051 ἡμέρου

2093 1077 2156 1128 16
2203 1076 2396 1144 φυτὸν,
2447 1078 2558 1130 εἴτε
2612 1079 2709 1132 καὶ
2768 1078 3028 1143 καθάπαξ
3077 1079 3139 1131 06
3191 1079 3418 1146 γόνιμον
3470 1075 3723 1146 ἡμέρουε

2094 1143 2333 1238 καρποῦ.
2365 1167 2438 1221 Τὸ
2473 1168 2532 1222 δέ
2564 1170 2698 1238 ἐμὸν
2727 1169 2892 1223 τοῦτο
2923 1172 3116 1239 φυτὸν,
3142 1172 3174 1238 ἡ
3205 1143 3345 1239 καλὴ
3369 1170 3462 1238 ἀρ’
3487 1143 3682 1235 γδαλὴ,
3718 1143 3727 1198 ἶ

2093 1259 2156 1313 τὸ
2185 1259 2400 1326 νεαλές,
2441 1260 2503 1314 τὸ
2557 1262 2760 1331 πέρυσι
2821 1264 2917 1317 καὶ
2970 1262 3318 1334 πρωτοτόκον
3369 1262 3466 1315 καὶ
3521 1259 3685 1311 πολυ-

2095 1352 2278 1418 τόκον,
2308 1353 2398 1407 ὅτε
2425 1353 2494 1408 16
2520 1353 2662 1408 αὐτὰ
2691 1354 2790 1407 νῦν
2823 1355 2930 1408 ἔδει
2959 1357 3052 1407 καὶ
3087 1354 3323 1421 μάλιστα
3351 1355 3464 1416 τοῖς
3499 1351 3684 1413 ἄλλοις

2098 1445 2313 1514 παθεῖν,
2375 1449 2472 1503 καὶΙ
2533 1449 2673 1520 πρὸς
2743 1450 2962 1517 γένεσιν
3032 1448 3368 1515 ἀποκαμεῖν,
3443 1447 3504 1500 06
3559 1445 3683 1498 κατ’

2097 1536 2283 1592 ἐκεῖνα
2325 1540 2512 1594 τέλεον
2537 1539 2867 1596 λανθάνεται
2909 1538 3010 1608 τῆς
3051 1539 3214 1608 γονῆς
3238 1554 3251 1567 °
3287 1537 3404 1590 ἀλλ’
3434 1539 3555 1590 ἀντὶ
3585 1536 3685 1605 τῆς

2099 1630 2269 1685 πάλαι
2307 1633 2745 1702 μυριοπληθείας
2788 1633 2918 1704 ἄρτι
2941 1633 3041 1701 τὴν
3072 1631 3280 1700 μονάδα
3333 1629 3681 1700 προῖσχεται,

2098 1726 2194 1777 καὶ
2221 1725 2426 1779 τοκάδα
2459 1726 2802 1798 πληροφορεῖ
2827 1728 2963 1790 τέως
3010 1725 3214 1794 ἑαυτὴν
3261 1718 3402 1776 εἶναι
3432 1723 3682 1791 γόνιμον.

2102 1817 2224 1870 ΙῚιῖτι
2272 1834 2336 1885 γε
2382 1819 2492 1888 μὴν
2538 1818 2822 1873 κάνταῦθα
2869 1819 3172 1887 φιλοσοφεῖ,
3223 1814 3456 1870 ἀνιοῦσά
3494 1831 3554 1866 τε
3605 1811 3683 1881 τῷ

2097 1908 2321 1978 καρπῷ,
2361 1909 2455 1963 καὶ
2501 1909 2655 1980 αὐτῷ
2692 1909 3242 1972 ὑποκαταϐαίνουσα,
3287 1907 3382 1960 καὶ
3415 1905 3544 1957 ποτὲ
3584 1905 3684 1970 μὲν

2097 2001 2304 2070 πλῆθος
2337 2001 2712 2070 προῖσχομένη
2752 2000 3084 2070 ἀνάριθμον,
3115 1999 3245 2052 ποτὲ
3286 1999 3343 2052 δὲ
3374 1999 3434 2050 16
3463 1997 3522 2050 ἒν
3552 1999 3684 2052 αὐτὸ

2094 2093 2157 2146 16
2213 2091 2755 2162 στοιχειωδέστατον,
2787 2085 2850 2145 06
2882 2093 2991 2146 πᾶν
3044 2089 3250 2160 πλῆθος
3303 2091 3554 2161 μετέχειν
3601 2107 3681 2160 πη

2093 2182 2461 2251 δεδιδάγμεοα
2485 2200 2500 2215 '
2532 2187 2628 2238 καὶ
2658 2185 2917 2238 οὐδέποτε
2948 2183 3009 2236 16
3039 2181 3204 2254 ἔργον
3242 2180 3407 2234 τοῦτο
3437 2181 3682 2251 ἀριθμοῦ

2097 2274 2248 2327 ἐστιν
2316 2274 2752 2339 ἀνεπίγνωστον,
2799 2274 2832 2342 ἢ
2879 2272 2976 2326 τοῦ
3028 2272 3172 2328 κατά
3211 2272 3558 2342 παραύξησιν
3601 2271 3686 2335 είς

2095 2365 2289 2431 πολλὰ,
2323 2365 2362 2436 ἢ
2401 2363 2498 2419 106
2531 2368 2608 2429 εἰς
2640 2365 2698 2418 ἓν
2730 2365 2854 2422 κατ’
2903 2367 3185 2422 ἀνάλυσιν.
3235 2367 3307 2420 Σὺ
3362 2367 3420 2420 δέ
3457 2367 3568 2436 ἄρα
3617 2365 3682 2419 16

2097 2456 2190 2510 σὺν
2213 2458 2385 2528 φυτὸν
2413 2457 2668 2511 ἐπαινεῖν
2696 2455 2904 2522 ἔοίκας,
2933 2458 2962 2512 6
2987 2459 3116 2529 χθὲς
3144 2461 3227 2522 είς
3259 2459 3523 2524 ἐπίδειξιν
3553 2458 3684 2511 πολ-

2094 2545 2208 2610 λοῖς
2241 2545 2746 2617 φιλοτιμησάμενον
2778 2549 3056 2620 ἀριθμοῖς,
3081 2551 3326 2620 σήμερον
3351 2550 3445 2602 τοῦ
3478 2551 3684 2611 παντὸς

2093 2639 2399 2706 ἐξελάθετο.
2435 2641 2526 2704 Ὠς
2548 2641 2777 2711 εὐγενής
2801 2660 2884 2704 τις
2913 2641 3139 2713 ἀληθῶς
3159 2644 3518 2713 ἀναχώρησις
3541 2642 3684 2712 αὕτη

2093 2733 2343 2800 τοκετοῦ,
2382 2734 2473 2789 καὶ
2511 2734 2608 2806 (ὼς
2654 2737 2854 2804 εἰπεῖν)
2903 2735 3192 2791 ἀνάπαυλά
3230 2753 3315 2800 τις
3366 2736 3640 2805 γενέσεως
3667 2754 3680 2768 ·

2093 2829 2189 2884 καὶ
2213 2829 2276 2884 o6
2307 2829 2448 2884 κατά
2469 2828 2568 2900 τὴν
2607 2829 2716 2884 τῶν
2743 2828 2978 2882 λεόντων
3029 2829 3404 2898 συμπέρασμα
3439 2827 3681 2896 φύσεως.

2091 2922 2220 2984 Τοῖς
2253 2921 2353 2992 μέν
2377 2922 2485 2992 γάρ
2509 2922 2573 2974 ἐκ
2597 2920 2813 2974 πολλῶν
2836 2919 3194 2991 γεννημάτων
3215 2921 3296 2983 εἰς
3322 2920 3420 2974 ἕνα
3451 2919 3682 2990 τελευτᾷ

2096 3011 2341 3080 σκύμνον
2372 3011 2829 3066 ὑποκαταϐαίνων
2858 3012 2886 3065 6
2920 3010 3142 3074 τοκετός
3171 3027 3186 3042 ο
3219 3012 3315 3065 καὶ
3349 3009 3425 3080 τῷ
3454 3009 3684 3079 σκύμνῳ

399 3103 611 3172 ψᾶσθαι
668 3103 841 3158 θέλων
881 3103 1193 3175 ἀνθρώπων
1245 3105 1458 3176 χερσὶν,
1514 3105 1609 3174 ὑφ’
1661 3098 1738 3160 ὧν
1763 3105 1792 3157 6
1821 3102 1988 3167 καλὸς
2015 3119 2060 3178 c
2091 3104 2270 3174 τούτῳ
2299 3101 2462 3165 εὐθὺς
2495 3101 2590 3156 καὶ
2618 3102 2652 3174 ὴ
2682 3102 2898 3170 γένεσις
2928 3101 3391 3171 ἐπεσφράγισται,
3425 3098 3685 3169 συγκλει-

399 3195 855 3248 ἐπιϐεϐούλευται
895 3195 1139 3260 τοκετός.
1173 3193 1331 3249 Οῦτω
1375 3195 1468 3250 καὶ
1507 3194 1722 3267 πέρδιξ,
1764 3193 1988 3258 ἁλόντος

399 3291 496 3344 τοῦ
556 3289 794 3355 νεοττοῦ,
825 3290 990 3353 αὐτὸς
1041 3289 1455 3356 πτερυξάμενος
1482 3287 1675 3358 ᾤχετο.
1729 3288 1888 3341 Κατὰ
1917 3289 1987 3340 16

399 3382 543 3437 αύτά
595 3381 652 3435 δέ
683 3397 802 3440 ,που
853 3379 951 3433 καὶ
1003 3379 1162 3446 λέων,
1208 3381 1350 3434 ἐπάν
1397 3383 1426 3434 6
1475 3379 1780 3442 λεοντιδεὺς
1838 3377 1988 3444 αὐτῷ

399 3473 716 3545 ἀνθρώποις
746 3470 900 3524 λάθοι
924 3469 1108 3523 πεσὼν
1130 3470 1465 3541 ὑποχείριος,
1491 3469 1666 3538 ἀλκῆς
1687 3467 1987 3538 λαθόμενος

400 3566 794 3636 ἐδραπέτευσε.
830 3562 1005 3616 Βαϐαὶ
1029 3557 1139 3624 οἷος
1167 3563 1267 3632 μὲν
1290 3562 1494 3633 πέρυσι
1520 3563 1736 3634 χρόνοις
1766 3561 1989 3629 ἀπειρο-

405 3654 619 3724 πὶηθὴς
651 3654 884 3722 καρπῶν
915 3652 1018 3722 τὴν
1049 3651 1500 3724 προενεγκοῦσαν
1531 3651 1862 3716 κατέστεφε,
1897 3647 1989 3700 καὶ

408 3749 600 3816 ῶσπερ
636 3748 789 3807 ἐντὸς
816 3744 1094 3803 ἐπύκαζεν
1119 3758 1133 3770 ·
1168 3743 1244 3804 ὼς
1275 3743 1453 3794 δοκεῖν
1487 3741 1563 3811 μὴ
1591 3741 1808 3810 δένδρον
1847 3735 1988 3792 εἶναι

406 3839 468 3892 16
499 3837 636 3907 πρὸς
666 3836 795 3889 θέαν
825 3836 1166 3902 ἐκκείμενον,
1188 3833 1330 3886 ἀλλὰ
1361 3832 1548 3901 βουνὸν
1568 3833 1692 3885 ὅλον
1717 3833 1947 3901 καρπῶν
1972 3832 1986 3886 Ξ

407 3923 534 3992 Οἷος
573 3927 630 3981 δὲ
659 3926 784 3996 άρτι
815 3926 938 3980 ἀντὶ
965 3924 1184 3979 πολλῶν
1233 3923 1462 3982 ἐκείνων
1500 3922 1584 3990 εἷς
1633 3924 1797 3979 αὐτὸν
1827 3942 1990 3979 κατε-

404 4022 709 4090 κόσμησεν,
737 4017 1040 4088 ἀξιόχρεως
1070 4017 1196 4071 ἀντὶ
1227 4017 1439 4088 μυρίων
1466 4018 1548 4080 είς
1597 4017 1989 4075 καλλιτεκνίαν

402 4115 472 4183 τῇ
503 4112 672 4182 μητρί
701 4112 716 4165 !
743 4111 852 4165 Καὶ
885 4109 1081 4180 πρώην
1129 4110 1232 4181 μὲν
1265 4109 1640 4164 πολυτοκοῦσα
1666 4109 1756 4163 τὸν
1787 4111 1990 4182 θεατὴν

405 4203 664 4274 ἐμέριζεν
692 4203 776 4266 είς
815 4202 1016 4266 πολλὰ,
1055 4202 1475 4274 ἀμηχανοῦντα,
1503 4203 1654 4267 τινος
1688 4203 1755 4259 ἂν
1780 4204 1990 4274 γένοιτο

402 4296 513 4348 τῶν
573 4293 825 4348 πολλῶν
888 4292 986 4347 νῦν
1037 4293 1097 4348 δὲ
1154 4295 1545 4364 παραξέσαντα
1594 4296 1694 4367 τὴν
1746 4296 1989 4350 παλαιὰν

404 4385 612 4455 ταύτην
670 4383 994 4454 παροιμίαν,
1057 4385 1274 4438 εἰπεῖν’
1313 4386 1420 4440 -Οὺ
1474 4385 1751 4452 πολλοὺς
1797 4388 1986 4454 ἔτεκε,

2094 3196 2324 3266 σθείσης
2355 3194 2459 3264 τῆς
2505 3196 2747 3263 φύσεως.
2778 3194 2871 3265 Τῷ
2898 3193 2958 3248 δέ
3003 3193 3125 3264 ἐμῷ
3167 3193 3373 3263 δένδρῳ
3404 3193 3686 3246 ὑποκατα-

2091 3289 2331 3343 ϐαίνοντι
2365 3290 2427 3343 16
2459 3288 2519 3341 ἐν
2556 3287 2718 3342 τοῦτο
2757 3288 2819 3341 06
2847 3288 3076 3358 τελευτὴ
3111 3287 3500 3357 γονιμότητος,
3543 3284 3684 3339 ἀλλὰ

2093 3380 2330 3453 μονότης
2356 3381 2452 3434 καὶ
2476 3381 2667 3443 στάσις
2696 3380 2790 3433 xa‘:
2817 3379 2912 3451 (ὡς
2936 3380 3148 3448 φθάσας
3173 3378 3332 3448 ἐφην)
3363 3376 3680 3440 ἀνάπαυλα,

2089 3475 2186 3527 καὶ
2223 3472 2527 3539 ἐπαγγελία
2553 3470 2784 3540 καρπῶν
2833 3469 3261 3540 φιλοτιμοτέρων
3293 3469 3352 3532 ἐς
3380 3467 3578 3521 νέωτα.
3604 3465 3682 3518 O6

2091 3562 2200 3630 γὰρ
2235 3561 2414 3612 ἀπέκα
2427 3561 2579 3628 μενὴ
2617 3557 2781 3627 φύσις
2808 3558 2905 3611 τοῦ
2935 3559 3178 3627 δένδρου,
3209 3557 3349 3610 ἀλλά
3376 3557 3470 3610 νῦν
3497 3558 3680 3626 ἀκμά-

2092 3651 2209 3715 ζειν
2241 3652 2572 3721 ἀπάρχεται,
2598 3650 2694 3704 καὶ
2721 3649 3042 3717 πολυγονεῖν
3081 3649 3303 3718 μελετᾷ,
3337 3651 3431 3702 καὶ
3469 3649 3676 3716 ἐγγυᾶη

2091 3744 2180 3798 ταί
2215 3761 2305 3813 μοι
2328 3743 2429 3813 τὴν
2466 3740 2795 3810 πολυγονίαν
2843 3741 3152 3795 είσέπειτα.
3184 3740 3293 3794 Καί
3343 3757 3436 3809 μοι
3468 3740 3558 3793 160
3582 3741 3681 3794 ἕνα

2090 3835 2284 3891 τοῦτον
2315 3835 2410 3890 τὸν
2437 3834 2616 3905 μέγαν
2646 3834 2860 3904 καρπὸν
2889 3830 3240 3904 προενεγκὼν
3263 3831 3343 3893 είς
3369 3818 3682 3901 ἀρχέτυπον

2091 3930 2275 3994 ὁποῖα,
2333 3927 2736 3999 καρποδοτήσει
2787 3925 2925 3994 πρὸς
2979 3924 3042 3979 16
3087 3923 3266 3980 ἐπιόν.
3339 3922 3678 3992 Ἀσχολεῖται

2092 4021 2224 4091 περὶ
2275 4020 2486 4075 κλάδων
2535 4018 2797 4090 βλάστην,
2849 4017 2947 4071 καὶ
3001 4015 3288 4084 στελέχους
3330 4014 3528 4086 αὔξην,
3585 4017 3679 4068 καὶ

2093 4114 2284 4184 φλοιοῦ
2315 4113 2624 4183 παχύτητα,
2656 4112 2752 4166 καὶ
2795 4110 3040 4183 πρέμνου
3093 4109 3467 4180 στερῤότηταο
3501 4107 3578 4171 ῶς
3609 4108 3680 4162 ἂν

2091 4207 2188 4260 τοῦ
2220 4207 2468 4269 ἐπιόντος
2492 4204 2645 4267 ἔτους
2675 4203 2814 4275 (ἀλλ’
2839 4202 3054 4256 ἐπέστω
3088 4200 3359 4271 βάσκανος
3393 4200 3554 4270 ἀκοὴ)
3585 4199 3681 4253 160

2094 4299 2263 4354 πολὺν
2292 4298 2508 4370 καρπὸν
2533 4297 2771 4365 στέγειν,
2799 4295 2897 4349 καὶ
2924 4296 2985 4348 16
3013 4293 3224 4346 ἐκεῖθεν
3252 4293 3546 4362 ὺπανέχειν
3579 4291 3680 4361 βά-

2095 4407 2188 4461 ρος
2218 4389 2528 4461 δυνήσεται.
2567 4388 2661 4448 Εἰς
2694 4385 3004 4446 διαστάσεις
3048 4381 3360 4451 εὐρύνεται,
3398 4381 3477 4441 είς
3512 4382 3678 4453 εὐρυ-

405 4475 668 4531 τεκοῦσα
722 4474 791 4528 δὲ
821 4473 1018 4545 μέγαν
1066 4475 1260 4531 ἔτεκε.
1310 4477 1441 4529 Kal’
1472 4477 1614 4548 τάχα
1674 4477 2067 4547 φιλοσοφεῖνκι)
2097 4481 2305 4553 χωρίαν
2353 4480 2682 4543 ἐκτείνεται,
2713 4479 2796 4540 είς
2826 4477 3063 4546 τοπικήν
3110 4474 3344 4542 εὑφυῖαν
3383 4475 3676 4531 διῖσταται.

406 4567 585 4622 ἔοικεν
610 4569 638 4620 6
672 4568 804 4637 ἐμὸς
834 4562 991 4630 0610;
1023 4567 1258 4637 καρπὸς,
1289 4567 1384 4622 νῦν
1415 4569 1520 4637 μὲν
1557 4572 1656 4622 ὅσα
1689 4572 1784 4624 καὶ
1810 4571 1986 4639 φύλλα

402 4659 578 4724 διδοὺς
629 4660 821 4715 ἑαυτὸν
863 4661 943 4722 είς
993 4661 1205 4730 τρυφὴν
1235 4661 1304 4730 τῇ
1347 4663 1540 4730 μητρὶ,
1585 4660 1753 4727 αὖθις
1804 4664 1862 4716 δὲ
1908 4666 1990 4728 είς

404 4753 504 4809 ἕνα
564 4757 660 4807 καὶ
721 4755 883 4822 μόνον
941 4752 1414 4823 προϐεϐλημένος,
1463 4753 1541 4817 ὡς
1603 4755 1670 4808 ἂν
1720 4754 1990 4825 ἐντρέψας

407 4847 626 4915 ἐκείνην
657 4845 845 4916 πείσῃ,
870 4845 948 4914 μὴ
974 4847 1064 4897 ἐπὶ
1093 4843 1393 4914 πολυγονίᾳ
1427 4845 1573 4913 μέγα
1600 4849 1845 4914 φρονεῖν,
1871 4847 1990 4900 ἀλλ’

403 4938 485 5000 είς
512 4938 612 5006 τὴν
651 4935 825 5006 ἀρχὴν
857 4936 1264 5006 ἐπεστράφθαι,
1309 4939 1405 4989 καὶ
1427 4936 1629 5007 ἐαυτην
1657 4937 1879 5005 εἰδέναι,
1912 4937 1990 5003 ὡς

408 5029 468 5093 ἐξ
493 5028 609 5091 ἐνὸς
647 5027 747 5098 τὴν
769 5028 946 5097 ἀρχὴν
975 5030 1135 5097 μόνον
1158 5028 1253 5082 καὶ
1281 5031 1531 5081 τοιούτου
1565 5029 1644 5090 εἰς
1667 5029 1991 5099 τηλικοῦτον

408 5124 624 5194 δένδρον
645 5123 918 5194 προήχθη,
944 5123 1120 5177 καὶτὸ
1154 5125 1296 5194 μέγα
1328 5131 1420 5181 καὶ
1454 5125 1797 5195 πολυπληθές
1826 5143 1991 5179 κατε-

408 5216 682 5287 πλούτησε
729 5218 821 5286 τῆς
858 5216 1219 5281 πολυτεκνίας
1248 5219 1470 5288 σεμνόν.
1505 5219 1616 5273 Καὶ
1647 5220 1861 5291 μήποτε
1901 5219 1990 5273 διὰ

410 5309 474 5364 16
503 5307 598 5362 νῦν
634 5325 738 5379 μου
767 5309 953 5362 ἄδικον
979 5311 1074 5362 καὶ
1103 5309 1276 5374 οὕτως
1317 5311 1620 5382 ἀχρειῶδες
1646 5312 1743 5365 τοῦ
1773 5311 1990 5383 καρποῦ

411 5401 534 5454 ούδέ
560 5401 618 5464 ἐς
653 5400 863 5471 τροφὴν
895 5401 1308 5470 ἀποχρήσεσθαι
1334 5403 1440 5473 χρὴ
1468 5406 1534 5473 τῇ
1565 5404 1759 5474 μονάδι
1792 5404 1988 5476 ταύτῃ,

410 5492 532 5546 ούδέ
555 5492 616 5545 16
653 5489 816 5559 φύσει
841 5493 1026 5562 τίμιον
1069 5493 1208 5564 αὐτῇ
1251 5495 1718 5566 περιποιήσεσθαι
1764 5497 1858 5550 καὶ
1910 5499 1990 5560 είς

411 5583 586 5654 ἀρχὴν
637 5583 841 5653 ὁμοίως
879 5584 1147 5650 γενέσεως
1185 5586 1607 5656 ταμιεύσεσθαι,
1634 5590 1733 5645 καὶ
1761 5589 1992 5660 σπέρμα

414 5677 636 5744 εὐγενὲς
679 5675 814 5730 0:616
855 5674 1098 5731 ἐκθεῖναι
1147 5681 1228 5744 είς
1276 5683 1406 5752 γῆν,
1457 5681 1553 5751 ἀφ’
1582 5679 1644 5737 06
1696 5683 1992 5754 γενήσεται

416 5772 626 5839 ὅμοιον,
659 5769 752 5824 καὶ
794 5768 1130 5843 πληθυνθείη
1157 5772 1218 5830 16
1263 5773 1428 5830 καλὸν
1459 5774 1697 5847 αύξηθέν
1728 5776 1824 5832 ἐπὶ
1857 5777 1983 5848 γῆς.

2104 4571 2413 4626 Ἀνατέλλει
2440 4587 2531 4639 μοι
2570 4570 2857 4636 κάμακας,
2898 4559 2975 4620 ὧν
3024 4568 3052 4620 6
3093 4566 3305 4637 καρπὸς
3348 4569 3549 4627 ἐκεῖνος
3598 4567 3680 4626 είς

2093 4665 2156 4718 16
2191 4662 2383 4732 μέλλον
2409 4660 2643 4732 δαψιλὴς
2669 4659 3182 4730 ἀπαιωρηθήσεται.
3233 4657 3554 4725 Προνοεῖται
3583 4655 3678 4708 τοῦ

2092 4758 2286 4811 ἔπειτα
2309 4755 2654 4827 στερεμνίου,
2674 4755 2749 4817 ὡς
2775 4752 2841 4806 ἂν
2867 4752 2944 4822 μὴ
2967 4751 3029 4804 16
3052 4749 3186 4805 πολῦ
3221 4749 3411 4818 βρῖθος
3445 4749 3544 4817 τῆς
3577 4764 3680 4800 πο-

2091 4847 2346 4911 λυτοκίας
2373 4847 2507 4902 αὐτὸ
2536 4844 2942 4914 κατακάμψειε.
2968 4843 3184 4904 Τόπους
3213 4839 3474 4909 παράγει,
3509 4839 3560 4891 οἳ
3583 4837 3679 4906 τὴν

2091 4940 2442 5008 εὐδαιμονίαν
2497 4937 2828 5008 χωρήσουσι.
2886 4933 3138 5002 Σημαίας
3195 4930 3343 5000 ύψοί,
3376 4928 3461 4996 ἐφ’
3505 4921 3578 4980 ὧν
3615 4927 3678 4980 16

2093 5033 2296 5102 ἑαυτῆς
2353 5029 2730 5099 ἀναστηλώσει
2775 5025 2964 5085 καλὸν,
3019 5027 3117 5076 καὶ
3171 5019 3534 5090 θριαμϐεύσει
3581 5017 3676 5071 τοῦ

2090 5122 2316 5178 τοκετοῦ
2361 5121 2665 5193 θεατρικῶς
2711 5120 2772 5173 16
2810 5117 3202 5184 καλλίστευμα.
3237 5115 3346 5167 Καὶ
3381 5111 3529 5165 οὕτω
3577 5112 3679 5180 μὶν

2091 5220 2173 5281 είς
2204 5216 2339 5288 ὕψος
2370 5215 2679 5287 μηκύνεται
2703 5229 2719 5246 ο
2752 5215 2820 5286 τῇ
2853 5212 2912 5267 δέ
2940 5212 3020 5274 εις
3053 5210 3254 5271 πλάτος
3284 5205 3567 5259 διαστάσει
3597 5206 3672 5268 εἰς

2090 5311 2293 5382 ὄροφον
2336 5310 2759 5372 ἐκπετάννυται,
2809 5307 2905 5361 καὶ
2953 5305 3113 5358 σκιὰν
3155 5299 3370 5354 ἔνδοθεν
3403 5297 3678 5351 61100616-

2093 5405 2274 5474 μεύει,
2302 5402 2476 5474 καλὴν
2503 5401 2583 5471 τῷ
2615 5400 2928 5471 βουλομένῳ
2949 5393 3352 5463 ὐποκαθῆσθαι,
3383 5392 3476 5444 καὶ
3505 5391 3676 5460 ήλίοις

2089 5499 2568 5554 ἀνεπιϐούλευτον.
2601 5497 2709 5550 Καὶ
2734 5492 2906 5547 ταῦτα
2941 5487 3038 5542 νῦν
3065 5487 3128 5541 16
3171 5486 3304 5556 ἐμὸν
3333 5483 3679 5554 τεχνασάμε-

2092 5609 2182 5646 νον
2212 5592 2428 5663 δένδρον
2456 5591 2538 5653 εις
2562 5588 2680 5650 ἐτος
2715 5584 2844 5640 ἄλλο
2866 5581 2960 5635 καὶ
2991 5577 3069 5649 τῷ
3101 5577 3301 5648 καρπῷ
3334 5569 3512 5643 πολλῷ
3537 5575 3673 5648 καλ-

2097 5683 2358 5748 λυνεῖται,
2391 5682 2489 5738 καὶ
2511 5681 2588 5744 ὡς
2629 5681 2663 5750 ἠ
2713 5674 2916 5747 Ξέρξου
2969 5671 3246 5734 πλάτανος
3293 5669 3562 5739 πρότερον
3595 5669 3677 5728 είς

2096 5774 2278 5849 εὐφυῆ
2305 5773 2596 5848 νυμφικῶς
2644 5770 2845 5844 ἑαυτὴν
2875 5761 3187 5836 ἀναδρομὴν
3214 5763 3548 5830 σκευάσασα,
3577 5763 3671 5816 καὶ
