4032 6214
431 318 568 385 1311

1856 310 2115 374 ADDEN
2130 311 2221 372 DA

3559 305 3702 372 1312

431 437 509 494 εἰς
539 433 761 501 εὐγενὲς
793 435 1070 497 εὖσταλῶς
1113 435 1344 504 μέγεθος
1392 434 1734 503 διαστήσασα
1756 448 1771 463 ο
1803 425 1924 483 εἶτα
1951 428 2008 480 δέ
2039 424 2088 486 Δ
2111 425 2223 477 τῶν
2255 423 2552 494 χαρτιδίων
2583 425 2849 493 φήσομεν,
2898 423 2947 476 εἰ
2999 423 3126 494 περὶ
3161 420 3333 476 ταῦτα
3387 422 3484 473 καὶ
3514 420 3593 488 τῷ
3616 424 3704 473 τι·’

433 523 528 575 καὶ
552 525 743 596 κόσμῳ
774 521 888 578 οἷον
918 525 1134 596 χρυσέῳ
1157 525 1235 595 τῷ
1263 524 1507 594 λαμπρῷ
1532 521 1628 576 τοῦ
1655 520 1870 591 καρποῦ
1899 537 2018 572 στοι-

433 615 892 685 λισθήσεταιοὼς
947 616 1042 672 νῦν
1076 635 1138 686 γε
1194 618 1295 671 οὐκ
1354 619 1576 686 ἐξαρκεῖ
1624 617 1686 670 τὸ
1737 615 2018 680 νεοτήσιον

431 705 592 758 τοῦτο
627 706 722 758 τοῦ
767 706 987 776 δένδρου
1020 707 1218 770 κάλλος
1266 707 1586 778 μερίζεσθαι
1634 705 1772 775 πρὸς
1823 705 2015 772 πολλὰ,

439 797 549 850 οὐδ’
577 799 868 868 αὐτάρκως
896 799 1008 869 ἔχει
1039 799 1252 866 φύσεως
1280 802 1416 868 πρός
1444 817 1505 852 τε
1535 798 1849 860 διαστάσεις
1875 798 2021 863 ἀξιο-

437 889 632 955 λόγους
664 891 1154 960 καταμερίζεσθαι,
1185 892 1280 945 καὶ
1309 891 1386 962 τῷ
1411 890 1610 961 καρπῷ
1641 889 1820 958 πολλῷ
1854 905 2024 942 κατα-

440 979 742 1047 ϐρῖθεσθαι,
782 982 891 1035 Kal
926 983 960 1052 ή
1001 983 1146 1034 αἰτία
1183 982 1332 1050 παρά
1383 983 1474 1033 τὸν
1531 984 1746 1048 χρόνον.
1786 978 1860 1031 Ού
1909 981 2022 1046 γάρ

440 1069 594 1137 ἡλίου
651 1072 872 1135 πολλαῖς
920 1075 1433 1128 ἀποκαταστάσεσιν
1467 1075 1500 1142 ή
1557 1073 1752 1126 τούτου
1807 1074 2023 1140 γένεσις

445 1163 932 1235 συμμεμέτρηται,
963 1167 1098 1218 ἀλλά
1124 1166 1378 1233 πέμπτον
1404 1167 1436 1234 ἢ
1470 1167 1630 1219 ἐκτον
1658 1166 1778 1228 ἔτος
1805 1165 1867 1217 τὸ
1902 1165 2024 1218 τού-

444 1271 542 1308 του
573 1256 733 1318 θάλος
770 1259 980 1326 μετρεῖ.
1016 1260 1203 1326 Ἔχεις
1251 1255 1364 1324 οὖν,
1397 1261 1700 1330 τιμιωτάτη
1731 1259 1878 1330 ψυχή
1928 1260 2018 1312 καὶ

445 1345 540 1400 τοῦ
590 1348 793 1412 παντὸς
835 1351 960 1415 ἀξία
1012 1367 1101 1415 μοι
1154 1349 1390 1420 κεφαλὴ,
1424 1351 1485 1403 τὸ
1535 1349 1593 1402 ἓν
1637 1352 1731 1403 καὶ
1763 1333 1872 1404 πάν
1925 1351 2024 1420 τῆς

447 1440 588 1508 ὲμῆς
622 1441 887 1510 κηπαίας,
923 1441 1016 1493 τὸν
1061 1443 1340 1513 ἐγγυητήν
1394 1460 1484 1513 μοι
1516 1443 1617 1513 τῆς
1652 1443 1931 1513 εύφορίας,
1965 1443 2024 1496 τὺ

448 1531 615 1583 καλόν
671 1549 764 1601 μοι
808 1533 867 1584 ἐν
911 1533 1086 1586 ἐλπίδι
1139 1534 1517 1605 πληροφορίας
1563 1535 1892 1604 ἀρχέτυπον,
1931 1537 2026 1588 τὸν

445 1623 549 1692 τῆς
577 1624 826 1688 εἰσαῦθις
869 1628 1254 1696 καρποφορίας
1290 1645 1380 1693 μοι
1420 1626 1752 1697 πρόδρομον.
1784 1627 2026 1693 Φύλαξον

446 1715 542 1769 οὖν
564 1717 729 1770 αὐτὸν
761 1718 1049 1782 ἀπόθετον,
1083 1721 1180 1773 καὶ
1216 1718 1292 1783 ὡς
1325 1718 1500 1792 ἀρχὴν
1536 1720 1791 1792 περίεπε,
1822 1721 1921 1774 καὶ
1949 1721 2025 1785 ὡς

447 1809 735 1878 κειμήλιον
761 1809 972 1880 σύνεχε,
1007 1811 1102 1863 καὶ
1125 1812 1202 1874 ὡς
1233 1813 1511 1882 ἐγγυητήν
1534 1810 1851 1882 περίστελλε
1877 1827 1892 1844 ⁶
1921 1813 2022 1883 ήδη

447 1898 505 1949 δέ
533 1899 628 1950 καὶ
665 1898 737 1962 ὡς
775 1899 998 1970 ἔλεγχον
1044 1900 1383 1971 σύγκρυπτε.
1413 1904 1520 1955 Καί
1565 1921 1658 1972 μοι
1693 1905 1830 1974 πρὸς
1862 1904 2026 1957 αὐτὸν

449 1993 508 2044 ἐν
539 1991 718 2064 καιρῷ
771 1994 1072 2063 συγκρίνας
1113 1996 1170 2047 τὸ
1208 1994 1467 2061 ἐσόμενον
1516 1995 1611 2048 τοῦ
1642 1996 1879 2066 καρποῦ,
1931 1996 2028 2049 καὶ

453 2081 664 2150 μαθὼν,
693 2084 743 2136 εί
781 2083 1078 2153 ψεύσομαι,
1113 2086 1414 2154 ἀπέλεγξόν
1456 2105 1516 2140 τε
1551 2089 1643 2141 καὶ
1673 2091 2022 2160 ἐπιτίμησον.

453 2171 518 2225 Εἰ
547 2173 604 2225 δὲ
636 2175 728 2226 καὶ
762 2175 1089 2243 μεταλαϐεῖν
1129 2177 1294 2233 αὑτοῦ
1339 2181 1549 2252 βούλοιο
1584 2181 1724 2252 (οἶδα
1752 2183 1882 2253 γάρ,
1913 2179 2027 2235 οἷον

452 2267 547 2319 τοῦ
572 2266 790 2337 καρποῦ
811 2268 874 2321 τὸ
902 2270 1235 2342 ἐπαγωγὸν),
1264 2277 1399 2345 μήτε
1430 2276 1592 2345 μόνος
1617 2277 1677 2328 τὸ
1700 2277 1864 2331 καλὸν
1893 2279 2029 2332 ἀπο-

451 2359 630 2413 λαϐὼν
659 2361 770 2430 ἔχε,
823 2362 956 2430 μήτε
988 2365 1190 2436 ἄθρουν
1229 2370 1288 2421 τὸ
1323 2369 1465 2449 μέγα
1509 2370 1666 2424 τοῦτο
1715 2373 2026 2442 προσφέρου

451 2455 605 2528 (τί[ς]
634 2458 744 2527 γὰρ
776 2458 844 2512 ἂν
873 2459 1046 2524 οὕτως
1092 2460 1256 2515 αὐτοῦ
1303 2466 1820 2536 κατακαυχήσηται,
1852 2469 1904 2520 εί
1951 2470 2026 2538 μὴ

451 2550 583 2603 αὐτὸ
632 2551 792 2606 τοῦτο
823 2551 1104 2622 βουθοίνας
1153 2555 1243 2623 εἴη
1300 2555 1598 2624 ἐκεῖνος;)’
1647 2560 1926 2629 κατάτεμε
1971 2561 2028 2615 δὲ

451 2646 796 2712 κερματίσας
831 2649 910 2711 είς
941 2649 1134 2715 πλείω,
1181 2653 1276 2705 καὶ
1307 2656 1418 2716 τοῖς
1447 2656 1507 2707 τὸ
1543 2638 1708 2710 καλὸν
1738 2658 1904 2711 εἰδόσι
1933 2661 2028 2714 καὶ

451 2737 669 2806 φιλοῦσι
717 2740 1014 2810 διάνειμαι.
1072 2745 1404 2818 Ἀποχρήσει
1457 2750 1569 2817 γὰρ
1607 2745 1727 2802 οἶδα
1760 2751 2027 2816 τοιούτοις

449 2831 666 2894 πολλοῖς
688 2848 705 2865 ο
734 2834 784 2884 εί
813 2835 906 2886 καὶ
941 2835 1014 2904 μὴ
1045 2837 1263 2901 πάντως
1295 2842 1429 2907 πρὸς
1462 2841 1672 2911 τροφήν
1717 2842 2026 2914 πλησμίαν,

453 2921 590 2975 ἀλλά
615 2940 677 2990 γε
707 2925 921 2996 τρυφήν
946 2941 961 2955 ο
995 2929 1042 2979 εί
1074 2926 1150 2996 μὴ
1184 2929 1319 2996 πρὸς
1365 2930 1544 3000 κόρον,
1583 2930 1718 2984 ἀλλὰ
1764 2933 1900 3001 πρὸς
1930 2933 2030 3002 χά-

459 3031 544 3082 ριν
568 3030 584 3045 ·
612 3015 660 3068 εί
699 3015 772 3086 μή
807 3016 944 3084 πρὸς
977 3016 1324 3083 πανδαισίαν,
1353 3019 1486 3072 ἀλλά
1514 3020 1652 3088 πρὸς
1679 3021 1897 3089 ἥδιστον
1925 3024 2029 3092 ἀρ-

2120 517 2379 585 μιωτάτῳ
2406 515 2646 585 δεσπότῃ
2692 532 2794 583 μου
2824 514 2903 585 τῷ
2931 513 3083 580 δεῖνι,
3120 516 3214 566 καὶ
3246 514 3324 583 τῷ
3358 513 3510 581 καλῷ
3543 513 3701 566 δεῖνι.

2121 609 2230 660 Καὶ
2257 609 2388 671 ἴσως
2422 608 2522 660 οὐκ
2553 607 2934 660 ἐπαινέσονταί
2973 623 3054 668 σε,
3089 601 3164 660 ὧν
3200 610 3372 668 ποιεῖς
3397 623 3412 636 ·
3441 609 3490 658 εἰ
3534 607 3590 660 δὲ
3617 608 3706 659 εύο

2117 699 2413 770 λογήσουσί
2463 715 2546 762 σε,
2594 699 2804 768 σχάσας
2846 699 2948 767 τὴν
2984 699 3248 768 γραφίδα,
3281 699 3410 766 μένε
3463 699 3700 765 ἄφωνος.

2845 791 2891 843 Μ
2900 797 2972 846 A'.

2374 883 2458 951 Τῷ
2487 885 2645 939 νέων
2673 882 2924 953 Πατρῶν
2949 885 3136 952 κυρίῳ
3157 885 3453 952 Εὑθυμίφ.

2196 981 2581 1050 Πανιερώτατε
2612 979 2737 1047 ἀγιέ
2771 996 2872 1048 μου
2920 978 3154 1031 δέσποτα
3174 992 3188 1007 ⁶
3222 977 3344 1031 οὐδὲ
3378 979 3446 1030 τά
3473 976 3605 1031 ἄλλα
3634 973 3698 1029 εὖ

2123 1072 2403 1141 πράττων,
2429 1069 2733 1137 δυσπραγῶ
2761 1069 3060 1133 κάνταῦθα,
3085 1069 3165 1122 ὅτι
3194 1069 3374 1138 λύπην
3394 1068 3512 1120 κατ’
3531 1071 3704 1136 ἐμαυο

2120 1162 2216 1215 τοῦ
2260 1163 2481 1231 τρέφειν
2531 1161 2631 1230 τὴν
2673 1162 2770 1230 σὴν
2818 1159 3131 1230 ἁγιωσύνην
3175 1160 3697 1230 πεπληροφόρημαι.

2124 1255 2235 1306 Kal
2267 1254 2460 1324 ήθελον
2494 1255 2594 1323 μὲν
2623 1255 2698 1323 μὴ
2749 1254 2950 1323 λέγειν,
2984 1255 3067 1307 ὅτι
3108 1254 3169 1306 οὐ
3205 1253 3388 1315 καλῶς
3416 1270 3430 1284 ο
3457 1253 3557 1306 οὐκ
3592 1253 3700 1320 ἔχω

2123 1347 2179 1400 δέ
2229 1348 2304 1418 μὴ
2338 1349 2535 1401 εἰπεῖν.
2587 1348 2699 1401 Kal
2747 1348 2864 1410 πῶς
2909 1347 3018 1417 γάρ
3066 1347 3133 1399 ἃν
3185 1345 3399 1411 καλῶς;
3439 1345 3552 1413 είγε
3606 1346 3701 1397 τὸν

2125 1441 2366 1506 ἀναίτιον
2405 1442 2464 1493 ἐν
2497 1440 2646 1510 αἰτίᾳ
2674 1439 2916 1492 τίθεσθαι
2946 1440 3171 1509 κρίνεις,
3203 1438 3300 1490 καὶ
3340 1437 3702 1504 ἀποστέργεις

2125 1534 2220 1586 τὸν
2249 1533 2484 1585 πνέοντά
2518 1549 2599 1595 σε,
2631 1533 2725 1584 καὶ
2757 1533 3130 1599 ἀπραγμόνως
3159 1531 3580 1595 ἀποδοκιμάζεις
3607 1530 3703 1580 τὸν

2127 1627 2192 1679 ἐκ
2219 1626 2434 1695 μακροῦ
2479 1626 2724 1694 δόκιμον.
2759 1626 2821 1678 El
2854 1624 2919 1687 δ’,
2948 1623 3029 1676 ὅτι
3057 1623 3130 1694 μὴ
3175 1622 3480 1675 ἐπιστέλλω
3508 1623 3702 1688 συχνὰ,

2126 1717 2289 1771 τοῦτό
2320 1735 2381 1771 σε
2412 1718 2700 1788 δοκιμάζει
2731 1718 2853 1770 καθ’
2889 1718 3068 1788 ήμῶν,
3098 1716 3243 1786 εἶχον
3279 1719 3380 1788 μὲν
3415 1716 3510 1769 καὶ
3541 1714 3704 1776 αὐτὸς

2130 1810 2540 1876 ἀντεπαγαγεῖν
2563 1825 2617 1860 τι
2645 1809 2886 1861 τοιοῦτον
2911 1827 2924 1840 ·
2957 1811 3030 1879 μή
3065 1827 3156 1879 μοι
3188 1810 3244 1861 δὲ
3275 1809 3503 1876 γένοιτο.
3545 1807 3620 1859 Τό
3641 1823 3703 1858 τε

2127 1903 2237 1971 γὰρ
2263 1904 2322 1956 ἐν
2349 1906 2462 1966 τοῖς
2489 1903 2753 1967 τοιούτοις
2781 1903 3080 1973 ἀμυντικὸν
3111 1903 3172 1955 ού
3203 1903 3340 1969 πρὸς
3379 1900 3587 1969 ἀγαθοῦ
3612 1901 3706 1952 ἀν-

2127 1993 2277 2064 δρὸς,
2323 1997 2418 2049 καὶ
2448 1995 2570 2048 οὐδὲ
2597 1995 2897 2066 τεκμήριον
2940 1995 3210 2064 σταθηρδν
3255 1996 3316 2047 τὸ
3349 1994 3576 2064 γράμμα
3617 2009 3706 2060 φι-

2126 2089 2272 2151 λίας.
2317 2088 2480 2140 Ἀλλά
2519 2089 2685 2142 καλὸν
2716 2088 2837 2158 μέν,
2871 2090 2920 2140 εἰ
2959 2087 3230 2153 πέμποιτο
3254 2104 3268 2118 ⁸
3305 2088 3382 2156 μὴ
3417 2085 3708 2154 στελλόμεσ

2129 2196 2219 2233 νον
2243 2179 2300 2232 δέ
2327 2179 2418 2234 διά
2445 2197 2498 2234 τι
2521 2181 2908 2250 παρεμπίπτον
2936 2181 3200 2251 ἀνάγκης,
3226 2179 3379 2232 οὐδὲν
3404 2178 3504 2248 τὴν
3526 2178 3706 2247 φιλίαν

2131 2271 2424 2341 ἐλύπησεν,
2484 2273 2605 2326 οὐδέ
2659 2273 3113 2341 παρενεπόδισεν.
3160 2273 3276 2326 Οὐκ
3324 2270 3707 2340 ἀντεπάγομεν

2131 2363 2224 2418 οῦν
2257 2365 2346 2418 διά
2377 2363 2550 2418 ταῦτα
2579 2364 2640 2416 τδ
2691 2365 2807 2417 ίσον
2837 2367 2936 2433 τῆς
2973 2363 3286 2424 αίτιάσεως.
3305 2363 3708 2430 Ἀπολογοῦμαι

2129 2464 2208 2526 δὲ,
2245 2461 2602 2532 ὑποφητεύων
2648 2463 2710 2529 τῇ
2754 2459 3020 2531 ἀληθείᾳο
3057 2460 3153 2512 καὶ
3206 2458 3485 2521 πέποιθα,
3539 2459 3613 2527 μὴ
3644 2459 3711 2510 ἂν

2131 2555 2336 2610 ἁλῶναι
2384 2553 2639 2624 ψεύδους,
2668 2553 2753 2620 ἐφ’
2808 2548 2889 2614 οἷς
2923 2551 3056 2622 ἐρῶ.
3089 2553 3205 2603 Οὐκ
3261 2551 3582 2614 ἐπιστέλλω,
3622 2551 3710 2604 δέ-

2133 2665 2330 2713 σποτα,
2381 2647 2469 2700 διὰ
2516 2646 2646 2708 τοὺς
2693 2645 2912 2714 φαύλως
2951 2643 3334 2706 διακονοῦντας
3378 2647 3493 2706 τοῖς
3531 2647 3710 2713 γράμ-

2133 2758 2287 2812 μασι,
2325 2741 2421 2792 καὶ
2449 2739 2539 2792 τδν
2581 2738 2760 2792 κοινὸν
2797 2737 3118 2799 ἀδικοῦντας
3154 2736 3366 2806 Ἐρμῆν
3392 2753 3406 2768 ο
3441 2738 3488 2788 οῖ
3537 2739 3708 2806 χειρί-

2131 2834 2328 2887 σασθαι
2365 2832 2464 2901 μὲν
2491 2829 2794 2884 ἐπιστολῶν
2845 2829 2993 2881 ἀετοὶ
3021 2829 3326 2892 ὠκυπετεῖς
3363 2829 3700 2896 ἐφίπτανται,

2130 2925 2357 2995 κομίσαι
2387 2925 2442 2977 δὲ
2485 2923 2564 2993 τῷ
2612 2923 2752 2992 φίλῳ
2778 2922 2872 2974 καὶ
2896 2921 3034 2990 ὑπὲρ
3063 2921 3191 2982 τοὺς
3229 2921 3383 2982 δνους
3411 2917 3703 2986 νωθρεύον-

2130 3034 2242 3072 ται.
2268 3016 2555 3086 Κερδαλέοι
2611 3016 2782 3080 τινὲς,
2829 3011 3006 3084 οἶμαι,
3051 3009 3197 3067 οῦτοι
3253 3015 3550 3084 ἀνθρωττοι,
3604 3014 3713 3082 πρὸ

453 3123 622 3174 τυμα.
665 3106 777 3159 Kal
821 3108 973 3161 ἔσται
1005 3110 1121 3171 τοῖς
1167 3109 1268 3176 μὲν
1311 3109 1622 3177 φιλοκάλοις
1651 3110 1727 3171 ὡς
1769 3111 1990 3179 ἥδυσμα
2014 3128 2027 3142 ο
2058 3105 2102 3166 C
2135 3111 2302 3181 ἐργου
2335 3109 2630 3179 τιθέμενοι,
2676 3108 2950 3177 χαρτάρια
2992 3107 3351 3176 ἐπισωρεύειν
3390 3108 3583 3177 συχνὰ,
3619 3109 3713 3159 καὶ

449 3200 566 3261 τοῖς
610 3199 667 3252 δὲ
703 3199 1001 3269 ὀψοφάγοις
1045 3203 1123 3264 ὼς
1162 3203 1314 3270 ὄψον,
1348 3203 1471 3272 ἕχον
1508 3219 1560 3256 τι
1598 3204 1842 3272 χάριτος.
1889 3203 2032 3266 Τούς

452 3305 517 3354 γε
573 3289 682 3360 μὴν
737 3291 1126 3360 χαριεστέρους
1185 3293 1418 3361 λυπήσει
1476 3293 1829 3362 κατατμηθέν
1888 3294 2033 3346 οὕτω

451 3380 612 3433 τοῦτο
657 3383 717 3434 τδ
767 3383 949 3448 τίμιον
993 3384 1291 3454 κάρπιμον.
1337 3384 1685 3454 Θεωρήτουπι
1737 3385 1846 3455 γὰρ
1874 3383 2034 3437 τοῦτο

455 3475 597 3526 κατά
624 3490 688 3542 γε
717 3473 843 3536 τοὺς
874 3474 986 3528 ἀνω
1022 3475 1212 3542 λόγους
1235 3477 1329 3529 καὶ
1359 3477 1433 3539 ὼς
1459 3479 1658 3546 ἀρχὴν,
1689 3478 1784 3530 καὶ
1814 3477 1890 3540 ὼς
1918 3496 2034 3531 κει-

456 3569 672 3639 μήλιον,
697 3570 790 3622 καὶ
819 3569 894 3631 ὼς
940 3569 1215 3638 ἐγγυητήν
1240 3583 1256 3599 ⁶
1290 3561 1365 3622 ὧν
1393 3569 1607 3631 οὐδενός
1649 3553 1818 3638 ἐσμεν
1847 3569 2032 3624 ἀνεπί-

456 3678 678 3732 στροφοι
732 3661 1029 3730 ἄνθρωποι.
1072 3660 1146 3712 Ἥ
1189 3677 1252 3714 τε
1305 3660 1415 3730 γὰρ
1473 3663 1614 3732 ἀρχὴ
1677 3663 1733 3714 ἐν
1782 3664 2033 3732 τιμητοῖς

457 3755 793 3819 σπουδαίοις,
830 3755 924 3807 καὶ
950 3755 1012 3806 τὸ
1045 3755 1328 3823 κειμήλιον
1363 3755 1666 3826 συνέχεται,
1697 3757 1790 3809 καὶ
1820 3759 1847 3810 ό
1879 3757 2035 3824 ἐξεγ-

455 3844 737 3912 γυώμενος
783 3846 1128 3915 περιέπεται.
1173 3847 1533 3917 Μεμνήσεται
1565 3848 1623 3902 δὲ
1652 3851 1680 3902 ό
1721 3848 1816 3901 τοῦ
1865 3849 2031 3903 καλοῦ

455 3937 646 3992 τούτου
675 3939 866 4008 φαγὼν
893 3939 992 4008 τῆς
1023 3938 1305 4009 ήδύτητος,
1333 3941 1409 4004 ὡς
1437 3941 1486 3994 εί
1518 3941 1615 3995 καὶ
1645 3941 1822 3997 λωτοῦ
1849 3944 2035 4013 ἐνεφο-

461 4029 624 4101 ρήθη,
653 4029 766 4084 εἴτε
801 4030 910 4103 μὴν
941 4032 1250 4102 ἀμϐροσίας
1280 4035 1376 4087 καὶ
1411 4033 1675 4104 νέκταρος

1183 4124 1316 4177 Ml".

1023 4211 1105 4276 Τῷ
1142 4213 1472 4282 δισυπάτφ.

534 4302 695 4356 Ἀλλο
723 4303 783 4358 ού
835 4305 1109 4375 γράφεις;
1143 4306 1344 4360 Οὐκέτι
1373 4309 1594 4375 λαλεῖς;
1637 4310 1807 4364 Τοῦτο
1838 4314 2036 4367 κατάν-

457 4410 608 4462 τημα
642 4397 750 4448 τῶν
782 4399 992 4468 συχνῶν
1021 4401 1246 4455 ἐκείνων
1286 4401 1484 4469 λόγων,
1511 4403 1572 4455 τὸ
1600 4403 1724 4474 μηδ’
1772 4403 1910 4468 ὅλως
1939 4385 2036 4460 λα-

458 4485 603 4552 λεῖν;
675 4486 872 4557 Ἐχρῆν
900 4490 990 4543 ἀσί
1022 4489 1235 4564 [γητον]
1287 4492 1531 4558 λιάζειν,
1588 4495 1683 4547 καὶ
1742 4494 1830 4548 ἀεὶ
1879 4494 2036 4548 τοῦτο

458 4575 651 4637 ποιεῖν,
703 4576 846 4646 ήπερ
898 4578 1169 4648 ἀλάμενον
1218 4581 1412 4635 τοσάδε
1452 4582 1659 4652 (θετέον
1705 4582 1769 4648 δ’,
1803 4583 1885 4637 ὅτι
1940 4583 2036 4636 καὶ

459 4665 691 4736 μακρά),
726 4663 846 4721 εἶτα
879 4671 1314 4740 συμποδισθῆναι
1356 4674 1450 4727 καὶ
1485 4674 1821 4745 ἀκινητίζειν
1851 4675 1932 4738 είς
1976 4675 2038 4728 τὸ

457 4757 585 4811 πᾶν.
620 4759 729 4812 Kal
757 4759 852 4813 τοῦ
881 4763 1118 4833 σωλῆνος
1158 4764 1322 4817 καλὸν
1353 4767 1412 4820 τὸ
1444 4766 1738 4838 σύστομον,
1773 4767 1850 4831 ὡς
1880 4767 1946 4820 ἂν
1976 4767 2038 4819 τὸ

457 4851 718 4920 ἐπιρρέον
768 4851 912 4923 ὕδωρ
949 4855 1280 4925 πνιγόμενον
1322 4859 1422 4928 ῥέῃ
1469 4861 1821 4928 παράμονον·
1857 4859 1951 4911 ἐὰν
1980 4858 2038 4912 δέ

456 4939 632 4994 πλατὺ
660 4944 820 5016 χαίνῃ
851 4944 1269 5020 [ἀνεῳγμέ]νον,
1294 4947 1356 5002 τδ
1371 4951 1481 5004 πάν
1506 4949 1757 5021 ἐξήμεσε,
1785 4951 1880 5004 καὶ
1904 4951 2031 5004 οὑκ-

455 5031 534 5086 ἐτ⁹
559 5036 764 5097 ἐκεῖνος
807 5037 1130 5108 εὔχρηστος.
1158 5041 1521 5112 Συρφετώδης
1570 5043 1690 5112 μὲν,
1716 5043 1816 5096 οὐκ
1840 5043 2038 5114 ἄχαρις

454 5123 513 5176 δὲ
559 5124 735 5192 λόγος,
770 5125 829 5188 ὃς
863 5128 1010 5195 φιλεῖ
1035 5130 1201 5184 καλὸν
1235 5132 1295 5184 τὸ
1323 5132 1506 5200 ὀλίγον
1550 5135 1646 5188 καὶ
1688 5134 1939 5187 πάντοτε.
1973 5134 2038 5188 El

453 5208 512 5261 δὲ
561 5209 621 5263 τὸ
674 5211 986 5266 Δωδωναῖόν
1045 5231 1138 5283 μοι
1195 5219 1520 5288 περιφέρεις
1575 5219 1848 5290 χαλκεῖον,
1901 5219 2037 5273 ἀλλά

454 5301 697 5372 φλύαρος
726 5307 930 5366 ἐκεῖνος
958 5306 986 5358 ὁ
1017 5303 1173 5376 ἦχος,
1212 5312 1306 5361 καὶ
1333 5311 1484 5364 οὐδέν
1517 5328 1569 5364 τι
1608 5314 1877 5382 προσήκει
1917 5315 2038 5373 ταῖς

455 5395 810 5466 φιλουμέναις
831 5399 1162 5464 ἐπιστολαῖς.
1200 5403 1261 5453 El
1289 5401 1346 5453 δὲ
1383 5403 1458 5471 μὴ
1489 5403 1740 5474 θαμίζειν
1768 5407 1824 5466 ἐς
1854 5403 2035 5472 φίλου,

457 5489 594 5556 μηδὲ
629 5488 800 5559 συχνὰ
843 5490 1002 5544 τοῦτο
1031 5495 1228 5560 ποιεῖν,
1254 5497 1282 5548 ὁ
1307 5495 1364 5560 ἐξ
1411 5497 1618 5568 ἀγορᾶς
1649 5496 1806 5565 λόγος
1847 5495 1997 5549 λαλεῖ
2021 5510 2036 5528 ³

459 5578 576 5632 ἀλλ’
614 5579 739 5632 οὔτε
773 5583 1037 5652 περὶτῶν
1071 5587 1146 5645 ὠς
1178 5587 1395 5657 ἀληθῶς
1425 5588 1596 5656 φίλων
1630 5591 1661 5659 ἡ
1697 5588 1912 5657 γνώμη,
1944 5591 2040 5644 καὶ

458 5669 583 5722 οὐδὲ
616 5675 813 5726 ταυτὸν
844 5677 972 5728 ποσὶ
998 5676 1252 5748 θαμίζειν
1283 5681 1380 5734 xal
1411 5681 1726 5752 γράμμασι.
1755 5682 1907 5758 Τάχα
1931 5683 2038 5735 τοί-

465 5777 560 5815 νυν
593 5762 930 5836 ἀπέστερξας
977 5770 1121 5838 ἡμᾶς
1149 5787 1166 5805 ο
1202 5771 1261 5824 οὑ
1298 5775 1403 5844 γὰρ
1449 5771 1619 5843 δήπου
1666 5773 1945 5842 φείδεσθαί
1975 5791 2037 5828 σε

2139 3205 2220 3266 είς
2276 3201 2647 3272 ὀψαρτυτικήν
2719 3201 2989 3269 ἐμπορίαν
3057 3200 3453 3269 φορτίζεσθαι·
3503 3199 3712 3268 τρυφῆς

2138 3295 2400 3364 ἐπιϐολὴν
2447 3294 2793 3364 εὐπόριστον,
2843 3292 3085 3362 ἐμπολὴν
3125 3294 3360 3361 τρυφαῖς
3405 3291 3712 3360 ἀγώγιμον,

2139 3387 2213 3450 ὡς
2249 3387 2315 3441 ἂν
2353 3389 2527 3456 ἔχοιεν
2561 3388 2671 3447 τοῖς
2699 3384 2852 3455 δψοις
2889 3385 3178 3454 ⁴ἡδύσματα
3222 3384 3711 3441 καταλλάττεσθαι.

2145 3479 2216 3532 Ἦ
2264 3479 2316 3531 τί
2368 3480 2462 3532 καὶ
2495 3477 2810 3547 βουλόμενοι
2855 3477 3046 3545 ἕτερον
3091 3477 3357 3547 φορυτοὺς
3413 3477 3717 3531 ἐπιστολῶν

2140 3571 2424 3642 ἀγείρουσι
2459 3570 2581 3638 μὲν,
2628 3570 2889 3640 ἐπέχουσι
2920 3569 3010 3635 δέ;
3052 3569 3120 3624 Ὀ
3153 3569 3209 3623 δὲ
3240 3570 3338 3622 τοῦ
3389 3570 3716 3638 πράγματος

2141 3661 2567 3733 φορτικώτατον,
2615 3661 2793 3714 ἐκεῖνό
2849 3663 3021 3725 ἐστιν,
3061 3660 3148 3713 ὅτι
3197 3659 3385 3713 πολλοὶ
3437 3661 3550 3712 τῶν
3599 3662 3711 3722 ταῖς

2140 3757 2381 3826 γραφαῖς
2438 3755 2856 3824 ὑπουργούντων
2899 3754 2996 3806 καὶ
3045 3754 3103 3806 ἐν
3145 3753 3428 3819 ἀξιώσεως
3473 3753 3714 3807 τίθενται

2143 3847 2300 3916 μέρει
2313 3846 2374 3898 τὸ
2391 3848 2647 3916 πρᾶγμα,
2669 3848 2766 3900 καὶ
2781 3832 3090 3909 λιτάζονται
3107 3844 3710 3915 χειρίσεσθαιγράμμα,

2141 3939 2238 3990 καὶ
2291 3936 2570 4006 ἐξαίρουσι
2613 3934 2690 4005 τῷ
2745 3935 2889 4005 λόγῳ
2923 3935 3015 3988 τὸν
3053 3935 3372 4004 ἀπόδημον,·
3415 3936 3511 3988 καὶ
3563 3936 3716 4004 φίλον

2142 4030 2355 4098 ἑταῖρον
2388 4028 2788 4096 ἐπιγράφονται
2817 4043 2834 4058 ·
2867 4028 2962 4082 καὶ
2989 4022 3026 4098 ἦ
3065 4028 3172 4099 μὴν
3203 4028 3338 4098 παρ’
3378 4029 3543 4081 αὐτὸν
3575 4029 3714 4082 κατὰ

2144 4119 2382 4191 σπουδὴν
2421 4119 2594 4172 ἐλθεῖν
2626 4119 2989 4189 βεϐαιοῦνται,
3019 4119 3095 4181 ὡς
3127 4121 3191 4172 ἐκ
3225 4121 3496 4187 πελάγους
3528 4124 3608 4181 είς
3635 4121 3716 4172 λι-

2147 4212 2303 4280 μένα,
2333 4208 2428 4264 καὶ
2459 4209 2517 4276 ἐξ
2550 4209 2858 4276 ὁδοιπορίας
2887 4209 3108 4278 μακράς
3131 4210 3212 4270 είς
3234 4209 3576 4263 ἀνάπαυλαν.
3608 4212 3719 4264 Καὶ

2142 4304 2308 4372 ἡμεῖς
2340 4301 2642 4372 τηνικαῦτα
2671 4301 2809 4369 πρὸς
2839 4301 3022 4364 αὐτοῖς
3067 4300 3264 4370 ἔχομεν
3308 4302 3404 4354 τὸν
3435 4302 3582 4366 νοῦν,
3625 4308 3722 4356 καὶ

2143 4391 2406 4460 δοκοῦμεν
2435 4390 2651 4460 ἐρμαίῳ
2677 4392 2937 4463 ἐντυχεῖν,
2972 4390 3066 4444 καὶ
3095 4391 3457 4460 ἐπιτρέχομεν
3486 4393 3564 4461 τῷ
3591 4410 3723 4461 φαιο

2142 4482 2375 4552 νομένῳ.
2410 4482 2492 4534 Τὰ
2515 4483 2572 4536 δὲ
2615 4479 2756 4554 ἦσαν
2791 4482 2966 4551 οὐδὲν,
3013 4482 3130 4537 ἀλλ’
3163 4484 3194 4554 ἢ
3230 4484 3389 4554 χάρις
3437 4482 3719 4554 γλώσσης,

2141 4574 2235 4627 καὶ
2269 4575 2350 4635 είς
2391 4573 2530 4642 ἀέρα
2583 4573 2776 4643 ψόφος,
2813 4577 2907 4628 καὶ
2940 4573 3152 4643 κόμπος
3201 4575 3374 4638 κενός.
3421 4576 3529 4629 Kal
3561 4577 3722 4628 αὐτοὶ

2144 4665 2244 4736 μὲν
2266 4665 2550 4735 γράφομεν
2577 4666 2646 4718 τὰ
2667 4664 2951 4729 δοκοῦντα,
2978 4665 3070 4717 καὶ
3102 4667 3201 4718 ὅσα
3229 4667 3369 4720 εἰσὶν
3395 4670 3451 4719 ἐν
3477 4669 3722 4739 ἀνάγκη,

2141 4757 2543 4828 τεθαρρηκότες
2609 4760 2676 4828 τῇ
2732 4757 3142 4829 ἐπιπολαζούσῃ
3195 4759 3273 4828 τῷ
3331 4760 3727 4832 ἀγγελιαφόρῳ

2142 4849 2476 4921 χρηστότητι
2500 4864 2515 4880 ο
2543 4851 2572 4902 ὁ
2597 4848 2652 4902 δὲ
2683 4849 2750 4901 τά
2778 4848 2950 4902 πολλὰ
2983 4851 3165 4904 ἐκεῖνα
3193 4850 3389 4918 λόγους
3419 4853 3611 4914 κενοὺς
3645 4850 3728 4905 εἱ-

2139 4957 2230 4995 ναι
2291 4940 2635 5011 πραγμάτων
2694 4941 2876 5010 ἀφεὶς,
2927 4941 3360 5012 ἀτελεσφόρητον
3407 4941 3564 4996 ἔθετο
3619 4943 3728 5014 τὴν

2139 5033 2330 5087 ἐλπίδα
2361 5033 2438 5104 τῷ
2468 5033 2759 5087 στείλαντι.
2807 5032 2865 5087 '0
2902 5033 3002 5104 μὲν
3034 5035 3144 5104 γὰρ
3173 5037 3230 5088 ἐν
3257 5034 3432 5088 ἐλπίδι
3462 5037 3622 5105 φέρει
3653 5038 3728 5088 τά

2139 5123 2242 5195 τῆς
2279 5126 2522 5195 γραφῆς,
2571 5125 2671 5192 τὴν
2703 5123 2967 5193 φιλτάτην
2996 5124 3122 5194 ὄψιν
3165 5125 3352 5179 αὐτόθι
3395 5126 3727 5195 καραδοκῶν

2140 5210 2252 5268 οἷον
2289 5215 2712 5286 ἐνοπτρίσασθαι
2738 5232 2753 5248 ο
2797 5216 2858 5270 τὸ
2887 5215 2933 5269 δ’
2974 5216 3150 5280 ἄλλως
3197 5219 3411 5271 πίπτει.
3450 5219 3559 5270 Kal
3591 5216 3726 5270 οὒτε

2141 5311 2201 5362 τὸ
2254 5307 2588 5379 ποθούμενον
2627 5309 2865 5378 γίνεται,
2922 5309 3017 5364 καὶ
3056 5311 3088 5380 ἡ
3145 5310 3299 5380 φιλία
3345 5310 3725 5365 διαϐάλλεται.

2141 5402 2261 5456 Τίνι
2291 5403 2425 5470 γοῦν
2445 5402 2572 5465 τοὺς
2615 5402 2893 5466 τοιούτους
2924 5404 3298 5473 τιμησάμενός
3326 5420 3410 5467 τις
3457 5405 3619 5474 κρίνῃ
3654 5405 3729 5455 ἂν

2143 5495 2438 5560 εὐθύτατα,
2468 5495 2502 5566 ή
2536 5495 2676 5565 τάχα
2706 5495 2772 5548 ἂν
2803 5495 3019 5568 θανάτῳ
3049 5512 3065 5563 ;
3100 5497 3210 5549 Kal
3256 5498 3363 5566 μὴν
3394 5497 3495 5566 οὐχ
3533 5499 3728 5558 ἱκανὸς

2142 5589 2301 5660 ἀνδρὶ
2329 5588 2559 5659 τοιούτῳ
2607 5589 2834 5652 θάνατος
2873 5584 2978 5656 εἷς,
3009 5589 3154 5643 οὕτω
3182 5589 3310 5653 τοὺς
3339 5591 3526 5658 φίλους
3567 5591 3714 5658 διχὰ·

2143 5679 2314 5744 ζοντι.
2358 5679 2666 5734 Ἐπίϐουλοι
2697 5681 2880 5750 φιλίας
2909 5682 2962 5734 οί
2999 5680 3252 5746 τοιοῦτοι,
3283 5681 3539 5752 ἀληθείας
3571 5681 3726 5749 ἱερό-

2144 5772 2316 5838 συλοι,
2341 5771 2622 5842 κσκόξενοι
2644 5787 2662 5806 ο
2687 5771 2935 5828 ἀδικοῦσι
2956 5772 3047 5830 τὸν
3079 5773 3401 5840 Ἐταιρεῖον,
3426 5771 3726 5841 ψεύδονται
