4032 6214
403 333 539 398 1313

1217 336 1634 396 ΕυδΤΑΤΠΙΙ
1673 334 2425 396 ΤΗΕΞΞΛΕΟΝΙΟΕΝΞῘΞ
2446 333 2852 400 EPISTUL‘E.

3528 337 3663 403 1314

392 453 487 504 τὶν
523 448 756 517 Ἑρμῆν,
787 450 846 500 τὸ
880 450 974 518 τῆς
1003 449 1262 517 ἁγγελὲας
1293 448 1675 521 κιϐδηλεύουσι
1701 453 1963 522 καθαρόν.
1995 453 2044 512 Α
2072 453 2276 515 κακῶς.
2321 453 2434 506 Οὐκ
2467 453 2574 523 ἔχω
2617 454 2793 522 φιλεῖν
2841 454 2962 507 οὐδὲ
2985 453 3074 506 τὸν
3132 453 3571 525 Βελλεροφῶντα,
3601 456 3664 521 ὃς

396 541 564 593 Οὐδὲν
597 540 731 603 ὅλως
788 543 926 594 εἰσὶν
962 543 1152 610 ὑγιέςο
1186 542 1234 595 οἳ
1284 543 1378 596 καὶ
1433 544 1565 613 ἡμῖν
1612 544 1684 597 τά
1732 547 1980 614 παρόντα

396 635 701 702 ἐπήγειραν
750 633 1076 704 πράγματα,
1127 634 1295 687 πολλὰ
1331 635 1430 703 μὲν
1481 636 1742 698 λαϐόντες
1795 635 1978 706 γράμ-

403 744 550 796 ματα
587 726 723 796 πρὸς
761 727 861 796 τὴν
890 727 988 798 σὴν
1017 726 1282 798 άγιότητα
1312 727 1445 796 παρ’
1473 729 1654 798 ἡμῶν,
1686 729 1980 792 ἀποδόντες

395 819 451 870 δὲ
483 817 602 870 οὐδὲ
629 816 708 880 ἓν,
735 819 827 870 καὶ
859 817 946 870 διὰ
971 817 1129 870 τοῦτο
1157 819 1364 890 ναρκᾷν
1389 819 1480 872 ἐπὶ
1507 822 1615 883 τοῖς
1644 817 1844 888 ἐφεξῆς
1879 836 1982 872 πε-

398 911 690 980 ποιηκότες
729 910 899 979 ἡμᾶς,
933 910 1009 972 ὡς
1042 910 1110 962 τά
1137 913 1238 980 τῆς
1285 914 1730 982 προσφωνήσεως
1763 913 1896 982 ἡμῖν
1925 913 1980 964 ἐν

396 998 581 1067 ψιλαῖς
621 999 718 1050 καὶ
747 1000 936 1068 μόναις
965 999 1178 1053 κεῖσθαι
1217 1003 1722 1073 προσαγορεύσεσιν
1745 1019 1758 1032 ·
1785 1003 1840 1058 ετ
1874 1004 1978 1058 πού

397 1108 480 1151 τις
516 1089 752 1143 ἐνταῦθα
784 1090 912 1157 γοῦν
946 1090 1128 1144 δίδωσι
1161 1092 1226 1144 τά
1251 1098 1439 1157 πιστά,
1479 1095 1551 1158 ὡς
1585 1095 1760 1164 έγωγε
1800 1091 1978 1166 οἶμαι,

396 1180 507 1233 οὐδ’
557 1183 624 1233 ἂν
669 1180 827 1234 τοῦτό
867 1199 956 1250 μοι
990 1189 1291 1253 συμπεσεῖν
1327 1185 1591 1256 εὐτυχῶς.
1647 1188 1835 1241 Ἔοικε
1867 1190 1977 1257 γὰρ

398 1271 518 1323 οὺδέ
557 1271 932 1342 προσκύνησίς
961 1274 1125 1325 ποθεν
1150 1274 1268 1326 οὐδὲ
1290 1274 1448 1341 λόγος
1469 1275 1716 1328 ὁστισοῦν
1746 1275 1978 1340 ἐξικνεῖ-

283 1387 293 1398 ·
405 1364 526 1414 σθαί
565 1380 644 1415 σοι
681 1364 775 1430 ἀφ’
807 1365 962 1434 ἡμῶν
987 1382 1002 1396 ο
1037 1367 1095 1418 οὐ
1141 1367 1249 1434 γάρ
1277 1367 1344 1419 ἂν
1373 1366 1546 1431 οὕτως
1582 1368 1730 1437 ἡμᾶς
1756 1368 1978 1438 διέγρα-

403 1473 501 1522 φες
549 1456 648 1524 τῆς
686 1456 880 1527 ψυχῆς.
916 1458 1210 1528 Μάρτυρες
1263 1459 1320 1512 δέ
1374 1477 1467 1530 μοι
1526 1461 1717 1513 τούτου
1750 1492 1820 1503 -
1851 1463 1978 1526 τοὺς

405 1553 506 1622 μὲν
533 1553 724 1617 ἄλλους
755 1553 805 1605 τί
855 1553 952 1606 καὶ
1002 1555 1181 1623 λέγειν
1210 1555 1422 1626 ἐχρῆνς
1469 1557 1498 1610 ὁ
1539 1555 1595 1609 δὲ
1648 1557 1979 1626 τιμιώτατος

405 1646 593 1714 κύριος
630 1645 908 1713 Ἰωάννης,
939 1647 966 1698 ό
1012 1648 1351 1718 δευτερεύων
1387 1647 1604 1711 πάντως
1635 1651 1731 1702 καὶ
1759 1650 1977 1720 ἀπαρά-

401 1755 644 1808 γραπτος
671 1756 684 1770 ο
718 1739 777 1802 ὃς
805 1741 1094 1809 διαφόρους
1125 1741 1262 1811 ἐμὰς
1297 1741 1517 1810 γραφὰς
1559 1741 1974 1810 ἀναδεξάμενος,

406 1830 672 1894 ἐξέστειλε
703 1831 921 1902 γράψας
961 1832 1054 1885 καὶ
1084 1833 1266 1894 αὐτός.
1313 1832 1451 1886 Ἀλλ’
1476 1831 1602 1885 οὔτε
1630 1832 1790 1893 αὐτὸς
1817 1833 1983 1904 ἡνυσε

402 1926 471 1977 τά
504 1924 597 1976 τοῦ
630 1924 853 1991 σκοποῦ,
887 1926 979 1977 καὶ
1011 1927 1170 1995 ἡμεῖς
1213 1925 1672 1994 συνεξεπέσομεν.
1707 1925 1862 1995 Ἔχει
1887 1927 1982 1978 καὶ

404 2017 565 2079 αὐτὸς
593 2017 1048 2088 ἀπαριθμεῖσθαι,
1080 2019 1225 2073 πόσα
1248 2018 1491 2089 ἔγραψεν
1521 2021 1580 2072 ἐν
1607 2021 1808 2082 κενοῖς,
1841 2014 1982 2068 καθά

402 2109 496 2160 καὶ
524 2112 706 2180 ἡμεῖς.
731 2109 902 2163 Τοῦτό
928 2127 1022 2180 μοι
1053 2110 1114 2163 τὸ
1141 2111 1234 2163 τοῦ
1269 2111 1344 2180 μὴ
1371 2111 1606 2180 γράφειν
1637 2111 1834 2174 αἴτιον,
1859 2111 1982 2179 άγιέ

407 2219 511 2268 μου
541 2200 778 2255 δέσποτα
805 2217 818 2231 ³
869 2202 968 2266 ὡς,
1002 2201 1054 2254 εῐ
1083 2219 1147 2270 γε
1189 2201 1484 2273 θαρροῦντι
1529 2219 1619 2270 μοι
1649 2199 1740 2272 ἦν,
1771 2203 1845 2274 μὴ
1885 2203 1980 2255 τοῦ

411 2291 750 2360 ποθουμένου
806 2293 1120 2358 ἐκπίπτειν,
1171 2293 1446 2362 δυσχερῶς
1495 2295 1561 2346 ἂν
1598 2291 1792 2363 ἔφερες
1827 2294 1982 2363 δχλον

408 2383 655 2451 πάσχων,
704 2379 784 2446 οἷς
831 2379 976 2454 εἶχον
1023 2383 1260 2453 γράφειν
1295 2384 1488 2452 συχνά.
1540 2383 1749 2436 Οὔκουν
1790 2383 1858 2437 ἀν
1908 2385 1986 2436 δι-

411 2477 582 2537 καίως
615 2476 794 2529 αίτίαν
832 2477 1073 2547 ἔχοιμεν,
1121 2474 1200 2541 οἷς
1233 2479 1292 2532 οὐ
1340 2480 1648 2549 γράφομεν.
1681 2481 1756 2536 Τὸ
1785 2479 1841 2534 δὲ
1889 2485 1984 2536 καὶ

406 2569 708 2636 ὀνειδίζειν,
737 2572 904 2638 τῦφον
933 2573 1091 2649 ἡμᾶς.
1113 2573 1330 2638 παθεῖν,
1359 2573 1446 2644 ἐφ’
1470 2570 1552 2636 οἷς
1575 2574 1654 2645 τῷ
1687 2576 1983 2646 σοφιστικῷ

410 2661 607 2731 βαθμῷ
642 2664 1017 2733 προσέὸημεν,
1052 2665 1128 2734 μὴ
1157 2665 1221 2720 σύ
1264 2682 1329 2733 γε
1369 2667 1470 2722 ἐτι.
1511 2662 1618 2719 Τοῦ
1648 2668 1848 2731 παντὸς
1873 2669 1983 2739 γὰρ

408 2758 603 2825 δέομεν
659 2757 900 2810 τοιοῦτόν
949 2775 1000 2810 τι
1051 2757 1281 2810 παθεῖν·
1315 2758 1370 2811 οἵ
1418 2774 1480 2826 γε
1531 2760 1626 2813 καὶ
1661 2761 1982 2829 φαινόμενοι

411 2846 776 2916 ἐρυθριῶμεν,
819 2851 914 2900 καὶ
969 2847 1191 2915 ραὗὸίον
1222 2847 1290 2900 τά
1321 2849 1403 2910 εἰς
1451 2850 1741 2918 ῥητορείαν
1781 2851 1980 2904 καλού-

415 2953 588 3005 μενοι,
621 2937 1098 3006 ἐγκαλυπτόμεθα,
1139 2939 1232 2991 καὶ
1267 2938 1426 3009 μόνον
1455 2940 1515 2991 ού
1565 2941 1983 3011 προϐαλλόμεθα

411 3034 511 3098 τῆς
537 3030 711 3098 ὅψεως
741 3031 1020 3100 θοιμάτιον
1041 3047 1052 3061 ⁸
1086 3031 1114 3082 ὃ
1143 3031 1206 3101 δὴ
1238 3034 1349 3094 τοῖς
1377 3032 1768 3102 ἁπλουστέροις
1798 3035 1982 3098 αἰδοῦς

417 3125 789 3193 προκάλυμμα
840 3125 1072 3192 γίνεται.
1109 3125 1263 3179 Οἶδεν
1299 3131 1326 3181 ὁ
1366 3128 1524 3192 Θεὸς,
1560 3130 1642 3184 ὅτι
1690 3131 1750 3183 ού
1793 3132 1975 3200 ψεύδο-
2007 3152 2050 3208 ο

418 3235 556 3298 μαι.
578 3213 738 3280 Οἶδας
775 3217 835 3270 τὸ
863 3218 996 3287 ἐμὸν
1017 3221 1078 3272 ού
1108 3220 1250 3274 πάνυ
1277 3238 1329 3273 τι
1359 3223 1732 3293 περιπόνηρον
1757 3241 1769 3253 ⁸
1809 3223 1867 3275 τὸ
1891 3224 1982 3276 ἐπὶ

416 3308 663 3377 προόδοις
712 3310 813 3360 οὐκ
868 3311 1157 3382 ἐντρεχές’
1205 3311 1266 3366 τδ
1315 3315 1410 3366 ἐπὶ
1469 3317 1588 3376 ταῖς
1640 3313 1983 3383 ἀνυψώσεσιν

415 3399 678 3462 εὐλαϐές·
730 3402 792 3452 τὸ
824 3403 917 3453 ἐπὶ
970 3405 1084 3465 τοῖς
1121 3401 1448 3472 ὑψουμένοις
1499 3405 1806 3475 ἀφθόνητον
1835 3421 1848 3434 ·
1886 3405 1983 3476 τὴν

416 3493 652 3564 σπουδὴν
691 3494 782 3546 τοῦ
836 3495 1164 3548 λανθάνοντα
1197 3496 1315 3566 ζῇν,
1364 3497 1396 3566 ἢ
1435 3497 1569 3566 μηδὲ
1618 3498 1738 3568 ζῇν.
1769 3497 1891 3560 Πῶς
1917 3496 1983 3549 ἀν

412 3586 505 3639 οῦν
557 3588 886 3656 τυφωθείην,
949 3588 1043 3640 καὶ
1091 3589 1152 3641 ού
1209 3588 1413 3655 μᾶλλον
1465 3588 1763 3658 ἀχθοίμην,
1791 3585 1853 3642 οὗ
1907 3588 1983 3657 μὴ

410 3680 646 3744 ἐμαυτὸν
676 3680 862 3744 ἀξιοῦν
892 3676 1036 3748 εἶχον
1071 3683 1261 3733 τούτου
1305 3680 1521 3748 τυχών;
1561 3681 1755 3732 Πολλοὶ
1785 3680 1984 3733 πολλά-

412 3790 498 3835 κις
512 3773 711 3824 ἀνεπτέ
722 3789 845 3842 ρουν
864 3775 1010 3842 ἡμᾶς
1033 3791 1046 3804 ·
1074 3773 1185 3824 ἀλλ’
1202 3774 1364 3842 ἡμεῖς
1382 3771 1671 3842 ἐϐρίθομεν
1695 3773 1866 3837 κάτω,
1890 3772 1984 3824 καὶ

410 3866 511 3935 τὴν
548 3867 686 3935 πρὸς
709 3864 813 3934 γῆν
847 3864 1130 3935 διατριϐὴν
1170 3866 1522 3935 ἐστέργομεν.
1544 3862 1983 3933 Ἀνεμίμνησκον

414 3958 679 4029 μακάρων
703 3957 912 4026 τρυφῆς
936 3972 952 3988 ο
980 3957 1114 4026 ἡμῖν
1143 3955 1198 4009 δὲ
1225 3957 1390 4026 ἤρεσε
1420 3956 1511 4008 καὶ
1532 3956 1560 4008 ό
1581 3955 1718 4026 πρὸς
1740 3954 1980 4024 ἡμέραν,

411 4047 465 4100 εῐ
495 4065 600 4102 που
631 4048 727 4104 καὶ
761 4049 947 4119 ἀρκῶν
983 4050 1090 4116 εῐη,
1115 4049 1142 4100 δ
1162 4047 1550 4116 κατάόλωμος.
1577 4046 1810 4098 Ἦθελον
1833 4045 1982 4113 ἡμᾶς

411 4143 460 4196 οί
491 4143 772 4212 φιλοῦντες
810 4140 1142 4206 αὐξάνεσθαι
1185 4141 1281 4196 καὶ
1317 4139 1707 4209 ἀνδρίζεσθαι·
1739 4139 1888 4206 ἡμᾶς
1925 4136 1984 4189 δὲ

409 4241 510 4291 οὐκ
530 4236 840 4296 ἐλάνθανεν,
858 4238 938 4289 ὅτι
960 4234 1218 4296 κώνωπες
1235 4235 1418 4304 ἡμεῖς,
1438 4232 1520 4285 ὅτι
1546 4230 1862 4301 μύρμηκες,
1887 4230 1984 4284 καὶ¹

411 4331 464 4382 εἴ
488 4329 542 4381 τί
569 4345 672 4380 που
705 4326 910 4381 τούτων
932 4326 1152 4379 ἔλαττον
1179 4328 1259 4390 είς
1294 4325 1570 4379 εὐτέλειαν
1593 4363 1610 4388 ,
1641 4325 1792 4378 κάτω
1819 4324 1984 4392 συρό-

418 4441 598 4493 μενον,
627 4421 659 4492 ἢ
685 4421 798 4476 ἄνω
827 4419 1148 4488 φερόμενον.
1175 4419 1284 4472 Καί
1310 4435 1413 4472 που
1443 4418 1540 4471 καὶ
1568 4415 1771 4471 τοιαῦτ’
1816 4417 1982 4485 ῆκουε

2083 544 2245 612 ἀέρια
2278 540 2636 615 [χαλκωμὶεὶς
2663 543 2856 610 ἔπαιζε
2892 545 3034 598 κατά
3066 547 3346 616 Πίνδαρον.
3392 545 3516 617 Εἶχε
3551 549 3661 616 γάρ

2082 634 2244 688 αὐτὸν
2276 635 2502 704 ὕστερον
2529 634 2589 688 τδ
2621 635 2854 706 Ἀλὴῖον,
2884 639 3052 691 κάτωε
3067 637 3364 700 πεζεύοντα
3395 638 3491 691 καὶ
3524 655 3660 690 κατ·

2081 724 2460 795 επιχειροῦντα
2488 726 2588 795 τῆς
2643 727 2844 796 ψυχῆς,
2878 728 2970 778 καὶ
3016 727 3112 795 τὴν
3161 724 3280 793 μετ’
3322 727 3502 779 αὐτῶν
3539 743 3664 779 συν-

2081 818 2427 888 αναστροφὴν
2463 817 2886 886 ἐκτρεπόμενον.
2932 818 3006 870 Τὸ
3053 817 3109 870 δὲ
3151 817 3244 870 τοῦ
3288 806 3500 886 Ἰκάρόυ
3535 816 3670 886 ὕψος

2081 912 2410 981 κατενεχθὲν
2446 913 2525 976 είς
2559 913 2916 976 ταπείνωσιν,
2966 913 3271 982 παροιμίαν
3321 911 3509 981 ὥσπερ
3544 911 3670 964 καθ’

2083 1003 2276 1068 ὕδατος
2324 1004 2591 1076 ἔγραψεν.
2641 998 2796 1057 Εἶναι
2851 1005 2907 1056 δέ
2941 1005 3115 1058 ἔοικεν
3167 1003 3276 1055 οὐδ’
3329 1005 3538 1065 ἐκεῖνος
3578 1002 3672 1055 άν-

2083 1098 2300 1166 θρωπος
2353 1097 2740 1166 προσηκόντως
2783 1097 2922 1166 ἔχων
2976 1097 3052 1156 είς
3099 1095 3355 1164 έξαρμα·
3415 1093 3670 1146 ἐντεῦθεν

2081 1190 2198 1242 οὐδὲ
2245 1189 2678 1258 τετελεσφόρηκε
2705 1189 2773 1240 τά
2790 1188 2886 1240 τοῦ
2911 1185 3141 1241 σκοποῦ.
3179 1186 3330 1258 [Ἐξ-1
3368 1183 3668 1257 ἐ[ναν]τίου

2083 1280 2228 1356 [μοι]
2261 1284 2462 1347 τοίνυν,
2498 1281 2552 1335 εῐ
2585 1281 2688 1334 πού
2718 1298 2827 1347 τις,
2861 1281 3117 1342 Δαίδαλος
3141 1295 3156 1309 ·
3197 1280 3275 1347 τῷ
3300 1281 3522 1345 τοιούτῳ
3560 1277 3670 1346 γὰρ

2081 1377 2350 1446 προσήκει
2379 1375 2440 1429 τὸ
2469 1375 2568 1444 τῆς
2597 1374 2872 1442 πτήσεως.
2903 1373 3196 1427 Λυέτωσαν
3221 1368 3469 1443 ια1ῦραις
3486 1370 3533 1421 οἱ
3567 1369 3668 1420 Βο-

2082 1469 2272 1540 ρεάδαι
2292 1467 2351 1520 τὸ
2391 1466 2661 1540 πτε[ρὸν,]
2709 1464 3227 1539 φ[ι]λ[οτιμ]οῦντες
3242 1465 3302 1517 τὸ
3313 1462 3554 1516 τοιοῦτον
3570 1479 3669 1514 καν-

2079 1560 2193 1614 λόν.
2228 1561 2362 1616 Οὐδὲ
2387 1560 2477 1614 τὸν
2496 1563 2712 1630 Περσέα
2744 1560 3055 1629 μέμψομαί,
3079 1556 3381 1628 θαῤῥοῦντα
3409 1555 3506 1624 τὴν
3531 1555 3668 1619 πτῆ·

2083 1669 2184 1706 σιν’
2225 1649 2292 1722 ἦν
2323 1655 2431 1722 γάρ
2455 1655 2658 1714 ἐκεῖνος
2693 1653 2967 1718 πτερωτὸς
2987 1651 3054 1703 τά
3076 1653 3157 1713 είς
3181 1647 3406 1719 βάδισιν,
3443 1645 3666 1718 [εἶτουν,

2084 1745 2253 1818 καθ]ά
2269 1763 2352 1809 τις
2378 1745 2537 1813 λόγος
2565 1747 2732 1808 ποιεῖ,
2767 1744 3194 1814 ἀρὸυλότττερος.
3231 1742 3293 1794 Ἦ
3301 1742 3410 1809 μᾶς
3442 1740 3499 1794 δὲ
3516 1739 3667 1792 κάτω

2087 1855 2171 1902 τις
2204 1839 2348 1890 ἐάτω
2389 1837 2593 1906 μένειν,
2644 1838 2739 1889 καὶ
2767 1838 2872 1890 τῶν
2900 1837 3024 1902 τῆς,
3052 1835 3157 1903 γῆς
3189 1833 3370 1888 καλῶν
3402 1832 3669 1902 χορτάζε-

2085 1932 2230 1991 σθαι.
2257 1931 2439 1983 εῖτουν
2469 1929 2611 1981 κατὰ
2644 1931 2741 1990 τὰς
2772 1926 2998 1999 [χαμαὶ]
3022 1927 3214 1995 φύσεις
3235 1926 3582 1996 ἐρέπτεσθαι.
3604 1925 3667 1976 Et

2081 2024 2136 2078 δέ
2166 2039 2295 2076 ποτε
2320 2023 2414 2076 καὶ
2435 2023 2618 2092 δεήσει
2653 2021 3052 2090 πτερύξασθαι,
3087 2020 3397 2090 ἀγαπητὸν,
3430 2019 3480 2070 εί
3523 2020 3667 2070 κατὰ

2081 2117 2180 2186 τὴν
2210 2115 2457 2183 Λιϐυκὴν
2488 2113 2751 2184 στρουθὸν
2782 2112 2852 2164 τά
2900 2113 3071 2165 πολλὰ
3106 2113 3202 2182 τῆς
3245 2112 3350 2181 γῆς
3380 2109 3669 2182 ἐφαπ[τοί-

2085 2205 2247 2274 μεθα.
2283 2206 2393 2258 Καὶ
2417 2201 2550 2276 μὴν]
2573 2203 2688 2272 ἔχει
2719 2200 2862 2252 καλό
2899 2199 3107 2270 Ἐρμῆς
3139 2199 3466 2267 πράγματα,
3496 2197 3581 2249 διά
3609 2197 3667 2248 τὸ

2084 2298 2288 2366 πτερὸν
2318 2296 2591 2354 ἀστατῶν,
2629 2295 2725 2346 καὶ
2749 2293 2844 2345 νῦν
2879 2291 2977 2359 μὲν
3015 2289 3250 2360 χθόνιος,
3283 2289 3378 2344 νῦν
3404 2288 3462 2341 δὲ
3509 2287 3666 2348 αὖθις

2083 2388 2336 2460 οὐράνιος
2367 2386 2464 2441 ὢν.
2494 2387 2537 2439 Τ
2545 2387 2606 2449 ὰς
2628 2387 2684 2438 δὲ
2710 2386 2972 2454 Σειρῆνας
3004 2383 3053 2455 [ό
3084 2383 3254 2436 πάλαι
3281 2380 3473 2455 μ]ῦθος
3505 2381 3664 2441 αὐτὸς

2085 2480 2180 2535 καὶ
2209 2480 2484 2550 παρέλυσε
2515 2478 2609 2531 τοῦ
2645 2477 2853 2546 πτεροῦ
2885 2478 2980 2530 καὶ
3030 2475 3380 2548 κάτέπνιξεν.
3443 2473 3501 2527 'U
3531 2473 3668 2542 γοῦν

2083 2571 2259 2626 ταῦτα
2311 2571 2487 2637 λέγων
2549 2570 2847 2632 Εὑστάθιος
2906 2569 3001 2622 καὶ
3057 2565 3240 2636 πολλῷ
3286 2565 3557 2636 πρότερον
3602 2565 3662 2616 οὐ

2087 2666 2229 2734 μέγα
2267 2663 2615 2737 φρον[ἡσα;],
2646 2662 3022 2734 πανιερώτατέ
3055 2679 3159 2729 μου
3187 2660 3445 2721 δέσποτα,
3470 2659 3570 2712 οὐκ
3600 2658 3665 2710 ἂν

2085 2759 2302 2819 πάντως
2331 2757 2442 2825 έχοι
2471 2755 2796 2826 τυφοῦσθαι,
2826 2754 2918 2806 τοῦ
2947 2752 3285 2820 ποθουμένου
3323 2751 3440 2820 βίου
3491 2765 3665 2819 μετα-

2084 2848 2308 2909 ναστάςο
2329 2847 2548 2916 στέργοι
2567 2844 2634 2908 δ’,
2653 2845 2701 2896 εἰ
2721 2842 2907 2916 [μετὰ]
2939 2843 3039 2910 τὴν
3059 2841 3222 2911 φίλην
3237 2839 3338 2909 γῆν
3366 2835 3544 2910 [ποτε]
3572 2836 3668 2890 αύ-

2082 2939 2174 2994 τὸν
2207 2939 2432 3006 οὐρανὸς
2454 2933 3262 3007 ἐλαφρίςοιτο.Ἀπολελόγημαι
3317 2931 3438 3002 ἤδη,
3473 2931 3668 2982 δέσπο-

2083 3051 2174 3096 τα,
2215 3029 2323 3103 [ού]
2368 3028 2573 3102 μό[νον]
2598 3027 2797 3090 ἱκανῶς
2831 3027 2967 3080 ἀλλὰ
3003 3024 3095 3080 καὶ
3121 3023 3670 3094 ἀληθῶςσπροσθὴσω

2083 3125 2138 3176 δὲ
2170 3125 2234 3194 τῇ
2269 3123 2428 3193 λοιπῇ
2453 3120 2582 3194 [μου
2613 3119 2826 3193 γραφ]ᾔ
2859 3121 2953 3173 καὶ
2993 3119 3093 3190 τὴν
3155 3118 3442 3189 κορωνίδα.
3480 3115 3548 3170 Et
3567 3133 3663 3169 σου

2091 3216 2461 3286 ἐπελαθόμην,
2500 3215 2721 3269 λάθοιτό
2757 3231 2862 3283 μου
2919 3213 3071 3276 Θεός.
3105 3211 3230 3266 Ὀτι
3260 3212 3316 3266 δὲ
3359 3211 3480 3264 ούδέ
3509 3209 3662 3278 φίλον

2089 3307 2465 3376 ἐπιγράφομαί
2490 3324 2610 3360 τινα
2631 3305 2966 3378 κρείτίτονα]
3022 3306 3122 3373 τῆς
3145 3304 3274 3377 [σῆς
3329 3303 3666 3375 ἀγιότηῖτος,

2091 3395 2195 3454 οἶδε
2217 3400 2314 3467 μὲν
2329 3399 2421 3452 καὶ
2437 3399 2588 3453 τοῦτο
2609 3399 2762 3463 Θεός·
2776 3400 2835 3450 ού
2855 3398 3189 3463 λανθάνειδέ,
3208 3395 3379 3469 οῐμαι,
3398 3398 3518 3450 οὐδέ
3540 3414 3663 3451 τινα

2089 3493 2220 3557 τῶν,
2242 3493 2354 3545 ὅσοι
2387 3492 2688 3546 Εὐστάθιόν
2716 3509 2774 3544 τε
2807 3491 2998 3544 τοῦτον
3044 3491 3286 3560 ἀκριϐῶς
3315 3492 3514 3552 οἴδασι,
3564 3490 3662 3544 καὶ

2088 3585 2180 3637 τὸν
2233 3583 2647 3652 πανιερώτατον
2711 3583 3120 3651 μητροπολίτην
3161 3584 3430 3653 Πατρῶν.
3485 3581 3660 3653 Εῦχου

2089 3677 2241 3744 ἡμῖν,
2274 3675 2402 3742 ἆγιέ
2456 3658 2557 3743 μου
2591 3673 2845 3725 δέσποτα.
2909 3673 3195 3743 Εὐχόμεθα
3238 3675 3333 3727 καλ⁶
3365 3676 3524 3742 ἡμεῖς
3557 3676 3666 3728 πᾶν

2090 3766 2294 3835 ἀγαθὸν
2321 3767 2388 3836 τῇ
2419 3767 2486 3835 σῇ
2516 3764 2794 3834 ἁγιότητι·
2846 3763 3217 3832 συνευχόμεθα
3269 3764 3326 3818 δὲ
3381 3765 3476 3817 καὶ
3535 3765 3665 3820 ἰδεῖν

2090 3862 2259 3932 αὐτὴν
2281 3862 2603 3929 χαίρουσαν,
2625 3857 2719 3909 καὶ
2743 3854 2813 3908 τὰ
2840 3854 3032 3922 φιλικά
3056 3856 3114 3908 ἐν
3135 3855 3292 3924 ὄψεσι
3319 3860 3662 3926 προσειπεῖν.

2089 3953 2181 4022 Τῷ
2213 3951 2350 4015 τέως
2384 3950 2439 4004 δὲ
2470 3949 2632 4002 λύσον
2667 3947 2768 4016 τὴν
2797 3947 3070 4014 γλῶσσαν,
3121 3949 3216 3999 καὶ
3252 3947 3624 4017 ἁντιφώνησον
3647 3965 3663 3978 ·

2091 4045 2187 4098 καὶ
2208 4043 2381 4108 οὕτως
2402 4043 2534 4116 ἡμῖν
2565 4042 2665 4112 τὴν
2697 4043 2758 4096 ἐκ
2782 4041 2961 4110 λύπης
3004 4040 3250 4095 διάλυσιν
3284 4041 3520 4112 συνόχει.

2806 4139 2940 4191 ME'.

2730 4227 2817 4294 Τῷ
2846 4228 3029 4295 αὐτῷ.

2164 4324 2428 4394 Ἦγειρας
2488 4323 2660 4393 ἡμᾶς,
2700 4317 2783 4384 οἷς
2824 4322 3091 4390 ἐλάλησας
3114 4337 3129 4352 ·
3196 4323 3522 4392 ἀνέστησας,
3581 4319 3665 4389 οἷς

2090 4410 2488 4486 ἐφώνησας.⁷Ω
2517 4414 2676 4480 λόγος
2708 4412 2910 4478 γλυκύς
2935 4414 2947 4466 !
2973 4406 3018 4466 ὦ
3047 4413 3266 4479 γλῶσσα
3292 4415 3545 4483 Χαρίτων
3568 4417 3664 4483 γέ-

416 4517 553 4584 πρὸς
577 4515 737 4584 ἡμῶν
760 4515 788 4565 ό
813 4513 874 4567 τὺ
909 4513 1174 4582 ἡμέτερον
1197 4511 1539 4566 ἐπισπεύδων
1573 4510 1796 4581 ὕψωμα*
1822 4511 1985 4562 ἔασον
2013 4503 2064 4560 D
2091 4525 2268 4578 μουσα
2298 4509 2311 4562 ί
2337 4507 2414 4570 ὡς
2448 4509 2556 4576 ἄρα
2591 4506 2656 4558 σὺ
2693 4507 2852 4575 μόνος
2885 4506 2943 4557 ἐν
2981 4508 3094 4569 τοῖς
3124 4506 3248 4576 ἄρτι
3273 4507 3474 4576 λαλεῖς,
3505 4512 3664 4564 όποῖα

411 4598 654 4673 ἡμᾶς,οῶ
682 4596 855 4667 οὗτος,
892 4603 1073 4671 μένειν
1107 4603 1279 4655 κάτω,
1330 4602 1407 4654 Ού
1438 4601 1666 4672 θέλομεν
1697 4600 1981 4669 ύψοῦσθαι·

413 4694 474 4744 ού
517 4693 780 4762 φιλοῦμεν
829 4692 1178 4756 αὐξάνεσθαι.
1237 4691 1558 4761 Ηῦξήμεθα,
1607 4693 1691 4760 ἐφ’
1721 4693 1844 4746 ὅσον
1877 4691 1986 4744 ἔδει

415 4783 717 4854 αὐξηθῆναι
748 4785 844 4835 καὶ
885 4784 1178 4853 μύρμηκαο
1229 4783 1336 4836 ἔδει
1385 4783 1443 4836 δέ
1493 4784 1712 4846 πάντως
1758 4783 1857 4836 οὐκ
1907 4782 1987 4843 είς

413 4874 654 4936 λέοντας,
688 4873 898 4943 μήποτε
923 4873 1031 4942 ἄρα
1051 4873 1109 4924 τὸ
1137 4873 1236 4941 τῆς
1269 4875 1488 4944 γραφῆς
1513 4874 1986 4944 μυρμηκολέοντες

413 4964 669 5034 ὀλοίμεθα
694 4964 847 5033 παρὰ
883 4965 944 5016 τὸ
987 4965 1063 5033 μὴ
1114 4964 1258 5035 ἔχειν
1292 4967 1521 5036 τροφήν.
1580 4969 1688 5020 Καὶ¹
1726 4968 1900 5029 ἄλλως
1928 4967 1984 5020 δὲ

414 5057 536 5110 οὐαὶ
573 5055 824 5127 μύρμηκι
889 5059 1109 5126 πτεροῖς
1165 5057 1416 5126 ἀρθέντι,
1467 5058 1604 5128 ὡςὴ
1657 5059 1717 5126 ἐξ
1781 5062 1986 5132 ἀγορᾶς

417 5150 689 5218 παροιμία
718 5149 887 5204 λαλεῖ.
920 5148 1199 5210 Κὼνωπες
1249 5149 1326 5216 δέ,
1361 5150 1409 5203 εἰ
1461 5150 1537 5220 μὴ
1583 5153 1850 5222 περίγειοι
1887 5153 1986 5205 πέ-

413 5259 610 5306 τοιντο,
660 5242 759 5295 ούκ
791 5242 858 5296 ἂν
911 5242 1012 5311 τῆς
1041 5242 1293 5309 πτήσεως
1341 5243 1420 5304 είς
1456 5242 1620 5296 καλὸν
1670 5243 1982 5308 ἀπόναιντο,

355 5321 360 5326 ’
415 5334 788 5402 άρπαχθέντες
807 5335 1031 5403 ἀνέμοις
1054 5335 1150 5386 καὶ
1169 5334 1604 5403 ἀπαλλαχθέντες
1623 5334 1704 5396 είς
1736 5333 1979 5404 ὀλεθρον.

420 5427 591 5495 ’Λφες
625 5423 717 5479 οὖν
763 5428 909 5496 ἡμᾶς
953 5431 1010 5480 ἐν
1043 5425 1142 5496 βίῳ
1209 5422 1369 5492 εἶναι,
1412 5428 1504 5480 καὶ
1556 5429 1631 5498 μὴ
1687 5429 1808 5489 ταῖς
1863 5427 1984 5496 Ἀρ·-

418 5519 608 5581 πυίαις
667 5518 1056 5588 ἀνερείψασθαι
1122 5519 1268 5588 δοίης
1332 5521 1502 5590 ἡμᾶς.
1577 5519 1719 5588 Ἐγὼ
1778 5518 1834 5571 δὲ
1893 5520 1986 5572 τὸν

416 5610 688 5662 Τάνταλον
743 5610 1029 5680 ἄνθρωπον
1079 5606 1234 5679 οἶμαι
1301 5614 1469 5664 πάλαι
1516 5612 1647 5664 ποτὲ
1703 5613 1982 5680 γενέσθαι,

419 5698 559 5769 πέρα
591 5698 683 5751 τοῦ
722 5699 930 5761 δέοντος
966 5698 1270 5769 ύψωθέντον
1303 5700 1360 5764 ὃς
1394 5698 1516 5754 οὔτε
1544 5703 1654 5762 τοῖς
1678 5703 1828 5756 κάτω
1860 5700 1985 5755 σύν-

416 5805 554 5858 εστι,
591 5789 682 5842 καὶ
725 5790 843 5844 οὐδὲ
882 5791 988 5845 τῶν
1034 5793 1292 5847 ἀνωτάτω
1343 5791 1540 5862 ψαύειν
1591 5792 1750 5862 ἔχων,
1785 5793 1984 5865 πάσχει

2089 4601 2384 4669 φθέγξεται
2415 4599 2580 4666 σοφὸς
2628 4598 2938 4668 ἄνθρωπος.
2982 4599 3128 4653 Ἰδὼν
3162 4600 3263 4670 μέν
3301 4600 3402 4670 τὴν
3441 4603 3664 4671 γραφὴν

2087 4691 2186 4756 τῆς
2213 4691 2314 4759 σῆς
2363 4690 2653 4757 ἁγιότητος
2686 4690 3168 4759 (ἐπιμαρτυρέσθω
3209 4706 3301 4759 μοι
3339 4694 3452 4754 τοῖς
3484 4691 3664 4761 λόγοις

2085 4782 2115 4834 ό
2140 4781 2240 4850 τῆς
2268 4779 2528 4850 ἀληθείας
2551 4779 2728 4847 Θεὸς),
2753 4781 2848 4833 καὶ
2886 4781 2978 4833 τὸν
3005 4780 3186 4834 τίτλον
3217 4780 3421 4848 ταύτης
3445 4783 3664 4850 περιελ-

2088 4870 2219 4939 θὼν,
2257 4872 2594 4942 ἐξελαθόμην
2622 4874 2720 4942 τῆς
2742 4872 3053 4937 ἀσθενείας,
3085 4873 3120 4942 ἦ
3157 4890 3225 4942 με
3275 4875 3659 4944 περιεκέχυτο.

2099 4964 2189 5028 Ὠς
2207 4965 2264 5018 δὲ
2286 4965 2381 5018 καὶ
2410 4965 2705 5030 ἀνέπτυξα,
2749 4967 2844 5018 καὶ
2882 4964 2976 5016 τοῦ
3022 4963 3420 5031 ἀναγινώσκειν
3476 4966 3661 5034 ἐγενό-

2090 5072 2219 5126 μην,
2251 5057 2333 5110 ὃτι
2366 5056 2466 5124 μὲν
2500 5058 2532 5126 ἡ
2573 5056 2856 5124 άγιωσύνη
2891 5073 2984 5108 σου
3023 5056 3313 5126 πράγμασι
3354 5075 3663 5125 περιεστοι-
3719 5091 3721 5093 ι

2087 5149 2272 5221 χίσθη,
2305 5150 2366 5203 ού
2413 5149 2559 5219 μάλα
2594 5166 2662 5219 με
2695 5149 2934 5217 ἐλύπησε
2972 5148 3218 5216 (δύνασαι
3245 5151 3354 5220 γὰρ
3393 5153 3530 5204 Θεοῦ
3561 5153 3662 5221 χά-

2090 5260 2200 5313 ριτι
2236 5243 2342 5294 τῶν
2373 5242 2630 5295 τοιούτων
2659 5241 2996 5311 ἐλαφρότατα
3021 5242 3471 5312 ὑπερπέτεσθαι)·
3502 5245 3584 5296 ὅτι
3605 5246 3661 5298 δὲ

2091 5337 2365 5406 ὑγιαίνειν
2387 5335 2598 5404 ἔλαχες,
2622 5333 2780 5387 τοῦτο
2810 5337 2890 5397 εἰς
2913 5334 3050 5404 ἐμὴν
3073 5333 3403 5403 ἐλογισάμην
3427 5336 3657 5401 ὑγίειανο

2086 5429 2114 5482 ὃ
2148 5429 2245 5482 καὶ
2303 5427 2622 5496 φυλάττοιτό
2653 5443 2734 5478 σοι
2773 5425 2859 5478 διά
2920 5425 3036 5493 βίου
3089 5427 3169 5486 εἰς
3217 5430 3391 5478 κοινὸν
3431 5427 3658 5492 ἀγαθόν.

2086 5521 2271 5592 Βραχὺ
2293 5519 2351 5572 δὲ
2383 5519 2485 5588 τῆς
2537 5517 2898 5585 ἀναγνώσεως
2949 5518 3258 5586 γενόμενος,
3311 5518 3407 5570 καὶ
3460 5521 3656 5586 μηκέτ’

2087 5614 2226 5683 ἔχων
2253 5612 2454 5666 διδόναι
2501 5611 2630 5673 τοὺς
2668 5609 2983 5678 ὀφθαλμοὺς
3041 5609 3120 5679 τῷ
3152 5611 3442 5681 γράμματι
3494 5612 3658 5681 (οὕτω

2085 5698 2198 5768 γάρ
2234 5715 2301 5768 με
2336 5699 2368 5768 ἡ
2399 5698 2555 5759 νόσος
2607 5696 2858 5765 διέθετο),
2896 5693 3014 5752 εἶτα
3057 5699 3230 5770 ἑτέρῳ
3271 5701 3394 5763 δοῦς
3423 5702 3660 5757 ὑποϐάλ-

2087 5793 2197 5846 λειν
2228 5809 2318 5862 μοι
2350 5791 2417 5846 τὰ
2447 5789 2545 5860 τῆς
2566 5790 2855 5860 ἐπιστολῆς
2875 5791 2950 5855 ὡς
2969 5793 3194 5871 ἐγένετοΔ
3213 5795 3416 5858 ἐκεῖνος
3436 5795 3503 5864 τῇ
3525 5795 3657 5849 ἀνα-
