4062 6222
484 351 623 414 1315

1930 349 2293 410 ADDENDA

3616 351 3753 418 1316

473 467 678 528 γνώσει
711 461 928 532 περὶτὰ
949 461 1177 532 Σέρϐια,
1205 460 1438 513 ἐνταῦθα
1469 459 1564 514 καὶ
1605 460 1938 531 ἀνωρθώθην
1962 462 2058 514 τοῦ
2084 467 2134 526 Α
2166 461 2301 516 ἀλλὰ
2334 460 2494 516 τοῦτο
2526 463 2666 533 μήτε
2698 461 2898 532 ἀληθὲς
2924 462 3033 531 εἴη,
3085 464 3222 535 μήτε
3255 463 3510 536 δεύτερόν
3538 482 3631 535 μοι
3656 483 3755 520 πει

475 556 716 620 κεῖσθαι,
746 556 842 610 καὶ
868 557 1125 625 κατέχειν
1155 552 1388 624 ἐμαυτὸν
1419 553 1518 607 ούκ
1550 550 1694 624 εἶχον
1723 551 1817 622 ὑφ’
1837 555 2051 623 ἡδονῆς,

477 641 549 699 Ὦ
575 647 675 715 τῆς
697 646 806 699 τῶν
849 633 1139 716 νοημάτῖυν
1194 645 1536 714 γλυκύτητος
1570 644 1584 698 !
1619 645 1860 711 Σάλπιγξ
1915 663 2004 714 μοι
2031 648 2058 699 ό

477 743 644 803 τόπος
667 734 820 802 οὗτος
845 743 1020 810 ἐφάνη
1047 739 1141 792 τοῦ
1191 740 1542 807 γράμματος,
1595 737 1736 791 κατὰ
1767 737 1926 805 λόγον
1956 737 2058 806 τῆς

479 831 797 894 τελευταίας
855 831 1071 900 ἐκείνης
1110 829 1385 884 ἀνιστῶσά
1439 847 1504 899 με
1564 829 1665 897 τῆς
1713 829 2053 896 νεκρὼσεως.

481 923 615 976 Εἰδὲ
643 924 736 976 καὶ
776 922 1079 992 σάλπιγγες
1116 923 1443 988 κατὰλόγον
1491 921 1652 976 ἄλλον
1702 922 1756 974 αί
1807 921 2058 974 τοιαῦται

479 1014 574 1067 τοῦ
597 1016 929 1084 γράμματος
968 1015 1193 1078 ἔννοιαι,
1249 1015 1390 1067 κατὰ
1438 1013 1534 1074 τὰς
1582 1012 1676 1066 τοῦ
1721 1012 1920 1080 Ἰησοῦ,
1957 1013 2058 1073 τὰς

480 1105 738 1170 ἐπάλξεις
771 1103 868 1157 τοῦ
910 1105 1215 1174 νοσήματος
1263 1105 1710 1174 κατερείπουσαι,
1741 1101 1936 1166 δώσεις
1968 1120 2060 1172 μοι

481 1203 575 1254 καὶ
605 1201 766 1254 τοῦτο
789 1200 1138 1269 θαρρούντως
1161 1199 1358 1263 εἰπεῖν,
1383 1199 1457 1258 ὡς
1484 1193 1622 1250 εῖναι
1645 1197 1734 1250 διά
1764 1195 1939 1252 ταῦτα
1963 1197 2061 1268 τὴν

479 1297 698 1367 γραφὴν
733 1296 828 1359 τῆς
876 1296 974 1362 σῆς
1003 1294 1294 1361 ἁγιότητος
1321 1293 1400 1353 είς
1450 1291 1660 1342 πτῶσίν
1691 1308 1750 1342 τε
1791 1295 1882 1344 καὶ
1935 1290 2064 1343 ἀνά-

484 1404 675 1439 στασιν
703 1389 945 1455 ’ταύτην
992 1386 1151 1455 ὲμήνο
1204 1383 1418 1452 ἐκείνην
1455 1383 1548 1434 τοῦ
1601 1383 2059 1452 άρρωστὴματος.

480 1478 742 1532 Φυλάττοι
779 1479 909 1540 Θεὸς
959 1479 1050 1529 ἐπὶ
1085 1477 1314 1547 χρᾶνους
1369 1477 1617 1547 μακροὺς
1663 1476 1760 1545 τὴν
1809 1476 2061 1544 γλῶσσαν

479 1571 709 1640 ταύτην,
768 1571 862 1622 καὶ
893 1571 984 1621 τὸν
1029 1568 1234 1638 ταύτης
1286 1569 1588 1638 ἐπιστάτην
1633 1566 1782 1634 νοῦν,
1834 1569 1929 1622 καὶ
1971 1568 2062 1620 τὸν

483 1663 702 1714 σύνολόν
733 1680 832 1732 μου
868 1662 1277 1731 δεσπότηνστὴν
1312 1663 1591 1732 ἀναπνοήν
1615 1679 1740 1730 μου,
1778 1663 1880 1730 τὴν
1913 1678 2058 1730 παρ-

479 1757 730 1826 ηγορίαν,
787 1758 885 1824 τὴν
921 1755 1228 1825 ἀναψυχὴν,
1256 1756 1345 1808 τὸν
1374 1757 1532 1825 μόνον
1567 1758 1717 1827 ἐμόν.
1756 1757 2061 1809 Ἀπαλλάτ-

2169 553 2282 604 σεῖν
2309 552 2521 619 γένοιτο
2552 553 2631 614 είς
2661 553 2851 618 ἀκοὰς,
2887 553 2965 605 ὅτι
2997 552 3084 605 διὰ
3111 553 3171 604 τὸ
3200 554 3294 606 τοῦ
3328 554 3556 619 πένθους
3580 555 3754 627 ἄκρα-

2165 662 2257 696 τον
2281 645 2377 697 καὶ
2413 645 2645 711 ἄμικτον
2674 645 2806 712 πρὸς
2835 644 3180 716 παρηγορίαν
3229 645 3476 710 κίνδυνός
3509 647 3625 699 ἐστι
3655 647 3755 699 θα-

2165 737 2312 806 νάτῳ
2341 733 2576 790 πελάσαι
2605 737 2698 789 καὶ
2748 737 2829 790 σέ.
2881 737 2951 790 Τί
3001 754 3084 790 σοι
3133 737 3324 808 κέρδος
3375 736 3470 792 τοῦ
3507 738 3749 806 ἀσιτεῖνς

2167 831 2262 883 καὶ
2293 829 2601 900 βρωμάτων
2633 829 2732 899 μὲν
2779 829 3079 898 ἀπέχεσθαι
3125 831 3205 893 είς
3260 830 3320 882 τὸ
3349 829 3630 893 παντελὲς,
3654 828 3754 882 δα-

2167 920 2351 991 κρύων
2377 921 2432 974 δὲ
2464 920 2664 990 ἄρτους
2691 918 3074 990 ψωμίζεσθαι;
3101 921 3196 974 καὶ
3235 921 3381 992 λιμῷ
3424 921 3522 991 μὲν
3585 920 3752 988 τήκε-

2170 1014 2314 1073 σθαι,
2348 1013 2580 1076 πένθους
2611 1013 2666 1065 δὲ
2696 1014 2975 1083 ἀφορήτου
3009 1015 3413 1084 κορέννυσθαι;
3443 1015 3514 1067 Ἢ
3543 1011 3748 1080 φαῦλος

2169 1108 2228 1159 ἐν
2256 1107 2444 1174 σοφοῖς
2475 1107 2504 1159 ό
2551 1105 2744 1166 εἰπὼν,
2816 1106 2891 1177 μὴ
2943 1105 3054 1160 δεῖν
3106 1101 3400 1172 εἶναιτοὺς
3440 1108 3751 1174 τεθνεῶτας

2168 1199 2398 1269 γαστέρι
2429 1198 2673 1252 πενθεῖν.
2712 1196 3060 1250 Ἐπαινετέον
3088 1196 3195 1268 ἄρα
3226 1199 3322 1253 καὶ
3349 1201 3476 1265 τοὺς
3505 1203 3748 1273 ἀπαγχο-

2172 1291 2391 1361 μένους,
2415 1290 2504 1359 ἐφ’
2527 1285 2608 1352 οἷς
2639 1289 2733 1345 ἐπὶ
2763 1293 2978 1360 νεκροῖς
3019 1290 3311 1360 ἄχθονται·
3361 1291 3649 1346 έλκυστέον
3691 1295 3750 1347 δὲ

2169 1387 2262 1437 καὶ
2290 1382 2383 1434 τὸν
2416 1383 2632 1451 σφαγέα
2663 1379 2787 1433 καθ’
2808 1380 3018 1434 ἑαυτῶν
3037 1379 3161 1450 δίχα
3179 1381 3348 1452 ψόγου
3371 1384 3574 1445 παντδς
3603 1385 3749 1447 τοὺς.

2169 1475 2284 1529 ὅσοι
2315 1475 2408 1527 ἐπὶ
2441 1475 2553 1537 τοῖς
2578 1475 2882 1543 οίχομένοις
2904 1475 3279 1528 παθαίνςνται.
3311 1475 3399 1528 Σοὶ
3434 1475 3491 1529 δὲ
3523 1477 3749 1545 ἀρκέσει

2170 1572 2264 1622 καὶ
2290 1567 2435 1638 λύπη
2470 1567 2702 1639 βραχεῖα
2732 1567 2872 1638 πρδς
2897 1566 2957 1620 τδ
2992 1569 3369 1638 μεμισημένον
3399 1571 3747 1636 κατάντημα,

2169 1659 2257 1715 οἷα
2284 1661 2732 1731 τεταριχευμένῳ
2774 1663 2840 1730 τῇ
2896 1660 3057 1727 νόσῳ,
3103 1661 3200 1713 καὶ
3227 1661 3288 1714 ού
3319 1660 3500 1720 καλῶς
3547 1661 3748 1729 ἔχοντι.

2172 1754 2234 1806 Εἰ
2264 1753 2320 1806 δὲ
2353 1752 2445 1804 καὶ⁹
2493 1753 2594 1823 τὴν
2629 1751 2840 1824 τροφὴν
2880 1755 3111 1824 ὲπίσχῃς
3141 1754 3232 1808 ἐπὶ
3257 1753 3443 1821 πλέον,
3487 1755 3644 1827 κακῷ
3688 1757 3745 1809 τδ

480 1865 564 1901 τοι
589 1850 644 1901 δὲ
667 1848 828 1901 ούτδν
855 1850 941 1900 ἀεὶ
979 1849 1072 1900 καὶ
1101 1849 1199 1916 τῆς
1235 1848 1343 1898 τῶν
1387 1848 1694 1918 Κιμμέρων
1742 1848 2065 1917 Σερϐιωτῶν
2097 1844 2138 1898 Β
2170 1844 2340 1897 κακὸν
2384 1844 2634 1913 ίώμενος,
2668 1841 2788 1913 ὥρα
2830 1861 2916 1896 σοι
2975 1843 3173 1914 μηκέτι
3227 1839 3385 1907 εἶναι,
3421 1847 3482 1898 τὸ
3531 1846 3744 1899 πάντων

480 1941 605 2007 γῆς,
635 1938 1025 1991 άποκαθιστῶν
1052 1940 1133 2000 είς
1171 1940 1270 2008 τὴν
1305 1939 1646 2008 Ἐλλαδικὴν,
1699 1941 1801 2008 τὴν
1835 1941 2062 2012 ήλιὼδη,

479 2031 581 2101 τὴν
607 2029 1022 2100 αίθριάζουσανο
1051 2031 1276 2098 όδηγοίη
1304 2030 1360 2082 δὲ
1402 2033 1498 2082 καὶ
1536 2031 1846 2098 μεμνῆσθαι
1880 2031 2062 2100 ἡμῶν,

481 2126 568 2177 ῑνα
590 2125 686 2192 ὀψέ
725 2139 856 2176 ποτε
904 2115 1054 2190 ὦμεν
1085 2124 1196 2186 τοῖς
1245 2122 1505 2191 καθαρῶς
1567 2121 1736 2186 ζῶσιν
1791 2122 2060 2192 άρίθμιοι.

479 2215 596 2268 Νῦν
650 2214 760 2284 γάρ
808 2215 969 2284 ἡμεῖς
1025 2213 1147 2266 οὐδὲ
1204 2214 1442 2284 ήμίϐιοι,
1503 2211 1578 2275 ὡς
1631 2211 1807 2275 οὔτως
1864 2213 2061 2268 είπεῖν.

487 2307 558 2359 Ἥ
589 2305 748 2376 κλίνη
797 2306 898 2375 μὶν
930 2297 1056 2373 ’γὰρ
1090 2306 1239 2374 ἡμᾶς
1283 2304 1382 2356 οὐκ
1415 2304 1503 2356 ἀεὶ
1550 2304 1683 2373 ἔχει,
1738 2304 1876 2359 ἀλλὰ
1925 2303 2062 2375 πρὸς

479 2395 632 2466 ὥραν
677 2394 880 2464 ταύτης
927 2393 1390 2462 ἀπαλλαττόμεθα
1418 2409 1434 2425 ο
1481 2393 1550 2447 τά
1572 2395 1629 2446 δὲ
1660 2392 1845 2456 λοιπὰ,
1897 2386 1986 2446 οἷα
2010 2392 2064 2445 οἱ

479 2488 641 2552 πόδες
679 2488 822 2541 κατά
867 2487 996 2550 τοὺς
1052 2486 1163 2540 τῶν
1199 2485 1418 2557 βρεφῶν
1466 2484 1819 2550 δκλάζουσιν·
1853 2486 1952 2556 οὐχ
1981 2485 2064 2538 ὅτι

473 2581 547 2636 τὰ
577 2579 690 2636 ἅνω
722 2581 908 2652 βαρεῖς
951 2581 1044 2633 καὶ
1091 2579 1349 2642 νανώδεις
1377 2580 1561 2649 ἡμεῖς,
1621 2579 1698 2643 ὡς
1745 2577 2065 2632 ἐπιπίπτειν

477 2673 662 2735 αὐτοῖς
689 2672 900 2725 ἐκεῖθεν
933 2673 1028 2725 καὶ
1067 2672 1350 2740 βιάζεσθαι
1385 2670 1485 2742 τὴν
1534 2670 1822 2725 ὕπένδοσιν
1854 2674 2066 2744 (περιε-

479 2762 755 2833 πτίσμεθα
782 2763 890 2832 γὰρ
910 2763 1052 2816 κατὰ
1087 2763 1215 2825 τοὺς
1247 2763 1401 2833 παρὰ
1429 2763 1507 2834 τῷ
1555 2765 1804 2835 κωμικῷ
1837 2767 2064 2836 σφηκώ-

477 2853 613 2918 δεις,
662 2855 758 2906 καὶ
785 2883 858 2894 -
887 2853 964 2916 ὡς
1028 2857 1237 2918 ἐκεῖνος
1287 2857 1448 2910 τοῦτο
1468 2856 1620 2926 λέγει
1645 2888 1718 2899 -
1742 2858 1832 2912 διὰ
1859 2859 2062 2912 δακτυ-

475 2944 599 2998 λίου
631 2946 698 3001 ἂν
725 2947 1167 3018 ἑλκυσθείημεν)⁶
1209 2949 1326 3002 ἀλλ’
1363 2951 1445 3004 δτι
1493 2952 1735 3004 ἀνεῖνται
1762 2953 1830 3004 τά
1869 2950 2060 3022 νεῦρα,

440 3053 444 3056 ’
478 3039 576 3090 καὶ
614 3039 642 3090 6
687 3039 916 3106 φυσικὸς
976 3038 1271 3110 έξητόνησε
1314 3040 1634 3112 σύνδεσμος.
1671 3041 1733 3096 Ὅ
1788 3041 2062 3113 στόμαχος

477 3129 603 3182 αὖτε
634 3133 700 3201 τῇ
735 3133 936 3201 φυσικῇ
969 3132 1267 3203 ταμιουχία
1305 3133 1544 3204 στέργει,
1571 3134 1686 3188 ἀλλ’
1728 3135 2056 3190 ἀναϐάλλειν
2081 3183 2124 3242 c

477 3223 653 3276 ἐθέλει
682 3224 748 3276 τὰ
779 3223 1129 3296 ἐντιθέμενα·
1164 3225 1271 3278 κᾶν
1301 3227 1520 3296 στέρξῃ,
1553 3228 1902 3297 παρενοχλεῖ,
1962 3231 2056 3282 καὶ

475 3313 672 3376 ὀδύνας
694 3311 842 3380 άγειο
870 3315 964 3368 καὶ
999 3319 1182 3385 χεῖρον
1225 3317 1386 3371 τοῦτο
1436 3319 1586 3372 δοκεῖ
1639 3326 1813 3376 ποιεῖν
1850 3324 2061 3378 ἐκείνου

477 3402 573 3457 τοῦ
597 3403 791 3458 κακοῦ.
826 3406 888 3458 Al
940 3408 1217 3476 χεῖρες-σ-
1270 3408 1561 3475 γελάσειας
1613 3411 1702 3477 ἂν,
1753 3414 2061 3481 γλυκύτατε

477 3497 739 3562 δέσποτα,
770 3496 913 3564 ίδὼν,
963 3499 1113 3560 ὅπως
1148 3500 1452 3571 ὕπότρομοι
1487 3505 1708 3574 γραφὰς
1745 3490 2062 3579 ὑποσημαί-

478 3607 684 3655 νονται,
738 3589 938 3660 δεῆσάν
987 3608 1142 3647 ποτε.
1201 3593 1325 3647 Οὐδ’
1365 3594 1433 3648 ἂν
1469 3597 1602 3661 παῖς
1640 3597 2058 3672 ,ἀναλφάϐητος,

478 3683 692 3747 παίζων
714 3681 940 3752 γραφίδι
962 3684 1058 3738 καὶ
1091 3684 1304 3754 μέλανι,
1337 3688 1595 3753 τοιαύτας
1624 3689 1804 3763 ἀνάγῃ
1839 3695 2060 3764 γραφάς

483 3790 613 3842 μου.
651 3774 717 3826 Ἦ
747 3774 959 3845 κεφαλὴ
993 3801 1060 3816 ——
1094 3777 1357 3830 συνέπεσέ
1383 3793 1438 3828 τι
1476 3779 1676 3848 μικροῦ
1717 3796 1861 3846 τινος
1893 3781 2056 3850 λόγου

477 3866 648 3932 ἄξιον,
673 3867 768 3918 καὶ
808 3867 1141 3936 ἀνέστρεψεν
1172 3868 1320 3923 ἅπαν
1371 3870 1432 3922 τὸ
1461 3869 1822 3942 ὑποκείμενον
1847 3889 1861 3903 '
1894 3873 2056 3942 λόγου

477 3957 586 4026 γάρ
617 3955 850 4010 ἀκοῦσαι
900 3957 1188 4011 σπουδαίου
1234 3959 1330 4013 καὶ
1359 3959 1641 4027 περινοίας
1695 3960 1980 4032 δεομένου,
2020 3965 2055 4034 ἢ

478 4045 686 4114 βιϐλίον
714 4047 1122 4116 χειρίσασθαι,ἢ
1155 4047 1343 4118 ἑτέρου
1373 4049 1531 4102 τοῦτο
1565 4051 1846 4116 ποιοῦντος
1873 4055 2057 4119 ἀνέξεο

476 4137 626 4201 σθαι,
674 4137 932 4190 τοσοῦτον
970 4137 1295 4206 άποδέομεν,
1345 4139 1470 4192 ὅσον
1503 4143 1596 4194 καὶ
1647 4144 1696 4195 οί
1723 4143 1815 4197 τοῦ
1854 4145 2050 4216 ἀγροῦ.

477 4229 542 4281 Τί
572 4228 665 4281 οὖν
689 4226 893 4297 ζῶμεν,
945 4227 1066 4295 διγιε
1089 4229 1327 4284 δέσποτα
1351 4249 1367 4300 ;
1423 4233 1496 4286 Τὸ
1533 4234 1721 4303 μεῖζον
1752 4237 1887 4308 ἡμῖν
1916 4239 2054 4292 πάνυ

472 4340 582 4376 των
617 4321 730 4375 τῶν
756 4321 941 4375 κακῶν
959 4338 974 4354 ⁸
1012 4325 1162 4394 τρεῖς
1191 4324 1301 4378 ἰδοὺ
1329 4325 1514 4396 σχεδὸν
1542 4327 1733 4397 μῆνες,
1763 4330 1858 4382 καὶ
1887 4331 1916 4382 δ
1953 4350 2054 4401 μυ-

475 4411 744 4484 ροϐλύτης
775 4412 1018 4475 ἄποπτος
1062 4415 1216 4482 ημῖν.
1252 4416 1362 4468 Καὶ
1411 4416 1463 4469 οί
1497 4419 1597 4487 μὲν
1650 4417 1802 4472 ἄλλοι
1848 4420 2052 4486 πάντες

473 4506 576 4574 τῆς
634 4505 860 4569 εὐωδίας
930 4507 1144 4560 ἐκείνου
1207 4510 1705 4578 καταπολαύουσιν,
1766 4514 1928 4584 ἡμεῖς
1991 4515 2049 4568 δὲ
2079 4514 2132 4577 D

470 4597 834 4670 δεδιώγμεθα,
874 4600 1048 4668 χοῖροι
1086 4602 1309 4665 πάντως
1360 4603 1626 4675 βορϐόρου
1669 4605 1834 4672 ἄξιοι.
1874 4605 2050 4678 Εύχου

471 4693 629 4762 ἡμῖν,
665 4690 788 4759 άγιε
824 4690 1084 4754 δέσποτα,
1135 4693 1462 4767 ἀπαλλαγὴν
1495 4695 1606 4751 τῶν
1643 4699 1928 4770 παρόντων
1954 4716 2055 4754 κα-

473 4783 608 4848 κῶν,
643 4782 676 4852 ἢ
708 4780 838 4851 γοῦν
893 4779 1033 4835 ἀλλὰ
1068 4784 1169 4850 τὴν
1217 4785 1414 4855 ἑτέραν
1474 4787 1816 4860 ἀπαλλαγήν.
1855 4789 2054 4862 Χάριτι

475 4876 579 4944 μιν
601 4875 710 4979 γὰρ
738 4875 875 4943 ἡμῖν
912 4875 946 4945 ἡ
977 4875 1245 4947 προτέρα·
1279 4878 1329 4930 εί
1377 4877 1435 4930 δὲ
1461 4879 1708 4945 κίνδυνος
1769 4880 1856 4954 εῖη
1909 4881 2054 4938 οὕτω

472 4968 599 5037 ζῇν,
636 4968 888 5020 εὐκταῖον
921 4970 1156 5037 πρᾶγμα
1189 4970 1283 5022 καὶ
1314 4970 1348 5040 ἠ
1373 4969 1558 5040 λοιπή.

1196 5062 1345 5129 Μετ’.

543 5153 686 5206 Ὅσα
713 5154 814 5222 μὲν
843 5152 972 5223 ἄχρι
1005 5157 1100 5206 καὶ
1135 5155 1236 5224 τῆς
1257 5157 1382 5225 άρτι
1414 5158 1547 5229 περὶ
1571 5153 1680 5229 ’τῆς
1705 5161 1932 5233 ἀγάπης
1960 5179 2054 5216 σου

474 5243 876 5314 ἐμανθάνομεν,
893 5243 1194 5312 λογιώτατε
1219 5248 1316 5299 καὶ
1336 5248 1527 5319 ἠγαπη
1536 5248 1666 5318 μένε
1690 5267 1781 5322 μοι
1798 5251 2052 5320 δέσποτα,

468 5336 708 5406 δυσαχθῆ
742 5337 862 5406 μὲν,
891 5336 1066 5400 άλλως
1092 5335 1148 5390 δὲ
1172 5336 1232 5389 ού
1259 5340 1400 5392 πάνυ
1423 5357 1478 5392 τι
1503 5343 1736 5410 φορτικὰ
1760 5344 1893 5414 ἡμῖν
1922 5362 2055 5399 κατ-

468 5427 775 5495 εφαίνοντο.
807 5426 882 5479 Ἥ
912 5443 971 5478 τε
1019 5430 1130 5498 γὰρ
1175 5427 1328 5493 νόσος
1371 5430 1461 5482 διά
1513 5432 1576 5483 τὸ
1624 5432 2054 5504 εὐανακόμιστον

472 5519 690 5582 ἐλπίδας
719 5518 933 5585 ἀγαθάς
958 5521 1093 5588 ἡμῖν
1115 5520 1365 5575 δπέτεινε
1388 5536 1405 5553 ο
1432 5521 1530 5576 καὶ
1551 5525 1614 5575 το
1651 5522 1943 5577 λυπεῖσθαι
1994 5523 2052 5578 δὲ

473 5609 564 5657 επὶ
609 5611 824 5678 θανάτῳ
873 5610 1184 5679 συγγενικῷ
1237 5608 1384 5682 εἰχον
1435 5612 1726 5680 ἀπόλογον.
1811 5615 1920 5668 Καὶ
1966 5616 2055 5670 διὰ

471 5696 642 5751 ταῦτα
677 5701 780 5753 οὑκ
819 5699 1042 5754 ιδόκουν
1093 5703 1227 5770 ἡμῖν
1281 5706 1420 5758 αὐτὰ
1479 5705 1647 5758 πολὺν
1699 5705 1789 5758 τὸν
1857 5707 2053 5777 φόρτον

475 5792 618 5862 ἔχειν
669 5793 766 5849 καὶ
808 5793 1264 5867 ἀπαραμύθητον.
1311 5799 1375 5851 Ὃ
1426 5799 1482 5852 δὲ
1519 5801 1762 5870 σήμερον
1820 5798 2046 5870 ἔμαθον,

2170 1937 2301 2006 ἡμῖν
2344 1935 2839 1990 ἀπευκταιότατον.
2902 1935 3265 2006 Ἐπαρτῶμέν
3297 1953 3379 1990 σοι
3410 1936 3470 1990 τδ
3515 1937 3578 1990 ἑκ
3610 1936 3742 1990 Θεοῦ

2167 2030 2365 2099 κρίμα·
2397 2027 2698 2099 στεροῦμέν
2730 2047 2790 2081 σε
2824 2029 2882 2082 δὲ
2904 2031 2998 2083 καὶ
3027 2030 3137 2082 τῶν
3162 2031 3404 2098 γονίμων
3451 2046 3546 2083 σου
3574 2029 3742 2098 εὐχῶν

2166 2125 2266 2192 τῆς
2293 2125 2694 2194 ἐπαινουμένης
2721 2123 3081 2194 θερμότητος,
3111 2124 3255 2177 οὕτω
3295 2124 3742 2194 παραπειθούσης

2167 2219 2335 2287 ἡμᾶς,
2372 2217 2468 2270 ἐὰν
2494 2215 2588 2270 καὶ
2617 2215 2784 2269 εἰσέτι
2825 2215 3053 2270 σεαυτὸν
3095 2216 3432 2287 περιτείνῃς,
3496 2216 3595 2270 καὶ
3647 2216 3741 2269 ούκ

2165 2311 2467 2381 ἀνενέγκῃς
2493 2310 2729 2381 μετρίως
2758 2310 2853 2363 τοῦ
2887 2309 3050 2364 σάλου
3078 2309 3178 2378 τῆς
3209 2308 3462 2377 θλίψεως.
3494 2308 3741 2378 Νήστευ-

2168 2419 2282 2465 σον,
2304 2401 2604 2474 λυπήθητι,
2627 2400 2887 2456 κλαῦσονο
2915 2399 3054 2455 ἀλλὰ
3078 2397 3172 2454 καὶ
3193 2402 3357 2470 φάγε,
3384 2403 3482 2454 καὶ
3517 2401 3630 2465 πίε,
3650 2399 3742 2455 καὶ

2166 2491 2346 2544 πάντα
2409 2492 2652 2560 μετρίως
2676 2491 2771 2544 καὶ
2817 2489 2962 2545 κατὰ
3011 2491 3222 2561 καιρόν.
3251 2491 3324 2544 Οὐ
3353 2490 3464 2560 γάρ
3520 2492 3742 2554 ἀπαθῶς

2163 2578 2427 2649 ἀξιοῦμεν
2458 2579 2768 2634 διακεῖσθαί
2813 2595 2896 2643 σε,
2925 2581 3020 2634 καὶ
3054 2581 3148 2633 τὸν
3175 2579 3504 2650 φιλάδελφον
3554 2579 3742 2650 ψεύδεα

2166 2673 2318 2728 σθαι.
2349 2673 2416 2726 Τί
2463 2671 2542 2736 δὲ,
2570 2673 2664 2726 έάν
2697 2688 2824 2726 τινα
2863 2672 3190 2743 φιλούμενον
3213 2673 3388 2742 ὁμοίῳ
3418 2669 3559 2737 εἶδες
3585 2689 3741 2741 περι.

2165 2769 2399 2822 πεσόντα
2422 2807 2437 2832 ,
2462 2763 2581 2821 εἶτα
2635 2768 2700 2840 δὴ
2769 2769 2912 2822 κατὰ
2953 2769 3013 2823 σε
3044 2768 3444 2838 διατιθέμενον,
3481 2766 3740 2838 ἐπῄνεσας

2163 2859 2228 2913 ἄν
2250 2875 2267 2920 :
2303 2860 2378 2912 Ού
2406 2859 2552 2913 δοκῶ
2576 2859 2814 2921 πάντως.
2845 2858 2981 2912 Οὐδὲ
3011 2859 3038 2910 ό
3062 2858 3288 2924 ἁδελφὸς
3312 2859 3498 2927 φιλοίη
3521 2859 3587 2910 ἂν
3603 2855 3739 2909 οὕτω

2165 2967 2226 3003 σε
2247 2952 2610 3020 διακείμενον.
2645 2951 2870 3014 Ἱκανῶς
2895 2953 3187 3020 έϐυθίσθης
3207 2951 3282 3020 τῷ
3303 2951 3484 3019 κακῷο
3504 2951 3738 3016 ἀνάγαγε

2165 3043 2344 3097 τοίνυν
2375 3044 2624 3098 σεαυτόν.
2649 3043 2978 3114 Κατεπόθης
3000 3061 3015 3076 °
3046 3044 3366 3101 ἀνάνευσον.
3415 3044 3739 3114 Διάκρουσαι

2162 3139 2263 3212 την
2291 3142 2640 3212 πολυκυμίαν
2672 3142 2771 3210 τῆς
2797 3140 3053 3211 θλίψεως·
3084 3143 3180 3196 καὶ
3200 3141 3249 3194 εί
3277 3141 3352 3210 μὴ
3380 3142 3439 3195 ἑν
3464 3137 3741 3200 παντελῶς

2164 3231 2468 3302 γαληναίῳ,
2520 3233 2636 3285 ἀλλ’
2690 3232 2766 3294 ὡς
2825 3235 2882 3286 ὲν
2938 3233 3360 3302 όλιγοκυμάντῳ
3414 3230 3743 3300 κατάστηθι.

2162 3322 2400 3390 Φύλαξαι
2431 3325 2646 3396 σεαυτῷ
2669 3324 2729 3378 τὸ
2758 3325 3020 3378 δύνασθαι
3055 3327 3224 3396 τιμᾷν
3260 3323 3353 3378 ἐπὶ
3399 3325 3612 3394 μακρὸν
3654 3324 3743 3377 τὸν

2163 3415 2392 3485 ἀδελφὸν
2425 3417 2612 3471 πένθει
2642 3417 2720 3488 τῷ
2764 3419 3123 3486 προσήκοντι.
3178 3417 3306 3470 Ἐάν
3329 3417 3386 3471 δὲ
3416 3417 3558 3470 οὕτω
3603 3416 3743 3486 ταχὺ

2165 3507 2395 3560 σεαυτὸν
2451 3512 2843 3579 καταπονήσας
2905 3509 3164 3581 ἐκτήξῃς,
3229 3507 3348 3562 οὔτε
3393 3509 3472 3570 είς
3502 3507 3530 3559 ὃ
3563 3507 3737 3569 ποιεῖς

2163 3603 2447 3672 έπαρκεῖς,
2483 3601 2578 3654 καὶ
2630 3601 2778 3655 ἐλέου
2835 3602 3170 3672 ὲστέρησαι,
3219 3599 3560 3655 καταϐάλλων
3586 3598 3729 3650 έκὼν

2163 3697 2412 3748 σεαυτόν.
2451 3693 2579 3748 Εἴθε
2615 3695 2716 3764 μὲν
2744 3690 2839 3750 οὖν
2869 3697 3092 3766 εῖχομεν
3126 3697 3222 3749 καὶ
3251 3694 3374 3748 ποσὶ
3397 3689 3728 3763 χρήσασθαι,

2161 3785 2257 3839 καὶ
2294 3785 2469 3839 ἐλθεῖν
2504 3786 2655 3857 παρὰ
2691 3787 2792 3840 σέ·
2825 3786 2968 3841 οὕτω
2989 3799 3098 3858 γαρ
3127 3788 3194 3842 ἂν
3228 3787 3288 3840 τὸ
3325 3785 3430 3839 πᾶν
3455 3784 3582 3854 ἡμῖν
3609 3783 3733 3854 ἠνυ-

2161 3893 2276 3932 στο.
2317 3877 2433 3933 Νῦν
2459 3879 2517 3932 δὲ
2558 3880 2710 3933 δοκεῖ
2735 3881 2905 3951 μέρος
2933 3897 2988 3933 τι
3031 3879 3128 3933 τοῦ
3157 3878 3289 3948 παρ’
3313 3880 3446 3948 ἡμῖν
3499 3876 3738 3930 ἐνδιαθέ-

2157 3984 2255 4021 του
2291 3971 2668 4037 ἀπεσπᾶσθαι,
2704 3972 2800 4025 καὶ
2844 3974 2910 4044 τῇ
2972 3974 3161 4042 γραφῇ
3212 3971 3388 4042 ταύτῃ
3435 3968 3740 4038 ἐγκεῖσθαι,

2157 4063 2253 4117 καὶ
2275 4061 2346 4116 δι’
2375 4062 2542 4117 αὐτοῦ
2583 4082 2644 4117 σε
2674 4064 3195 4136 περικλητεύεσθαι.
3235 4063 3498 4135 Πείσθητι
3526 4059 3620 4116 οῦν
3653 4062 3740 4117 διὰ

2155 4152 2248 4207 τδν
2269 4153 2426 4217 Θεὸν,
2457 4155 2544 4208 ίνα
2575 4156 2676 4227 μὴ,
2700 4157 2838 4225 πρὸς
2865 4151 2947 4220 οἷς
2973 4155 3156 4219 ἄλλοις
3177 4154 3537 4226 ἐγκαλοῦμεν,
3574 4173 3741 4226 προσ-

2154 4247 2544 4319 εγκαλέσωμέν
2588 4264 2672 4302 σοι
2707 4249 2801 4302 καὶ
2829 4249 2890 4302 τδ
2915 4249 3114 4315 θέλειν,
3155 4249 3239 4320 ἐφ’
3263 4242 3348 4314 οἷς
3378 4249 3440 4302 ού
3473 4249 3575 4315 δεῖ,
3630 4246 3744 4302 θλί-

2154 4336 2274 4394 ϐειν
2316 4343 2447 4404 τοὺς
2477 4340 2813 4408 ἀγαπῶντάς
2849 4355 2932 4397 σε.

2893 4437 2945 4490 Μ
2951 4432 3026 4492 Ζ⁹.

2762 4527 2846 4592 τῷ
2869 4525 3134 4598 Λαχανᾷ.

2226 4616 2302 4670 Ού
2331 4615 2628 4686 ψεύσομαι,
2687 4616 2808 4671 οὐδὲ
2842 4619 2912 4671 τὰ
2973 4619 3112 4691 ὑπὲρ
3164 4621 3269 4690 ἐμὲ
3323 4621 3740 4694 κομψεύσομαι.

2156 4705 2317 4761 Λαλῶ
2333 4706 2455 4778 μὲν,
2477 4708 2596 4762 ἀλλ’
2612 4707 2738 4764 οὔτε
2769 4709 2957 4781 ῥύδην,
2975 4714 3070 4764 καλ⁸
3106 4713 3227 4766 οὐδὲ
3249 4713 3410 4785 τορὸν
3431 4716 3524 4770 καὶ
3539 4715 3742 4785 γλυκύο

2154 4800 2249 4854 καὶ
2271 4801 2470 4868 γράφω
2493 4800 2594 4872 μὲν
2624 4802 2765 4872 πρὸς
2802 4804 3114 4874 ῥητορείαν,
3157 4805 3296 4860 ἀλλὰ
3329 4805 3618 4876 σχολαίως,
3643 4811 3746 4864 καὶ

2152 4890 2327 4946 ταῦτα
2353 4894 2468 4957 τοῖς
2487 4895 2919 4950 κατασκατοῦσι.
2951 4898 3169 4961 ’Δλλοις
3202 4897 3304 4966 μὲν
3333 4903 3442 4969 γάρ
3473 4899 3744 4964 ἐνδειξαί-

2157 5001 2285 5054 μην,
2324 4986 2413 5038 καὶ
2444 4985 2542 5055 τὴν
2573 4985 2711 5057 ἐμὴν
2742 4986 3094 5059 θεατρίσαιμι
3127 4990 3418 5061 μουσικὴν,
3449 4989 3500 5043 οῖ
3528 4991 3744 5059 ταύτης

2153 5075 2306 5130 οὐδὲν
2333 5077 2594 5148 μᾶλλονῆ
2621 5079 2739 5144 δνος
2769 5079 2938 5150 λύρας
2979 5081 3257 5134 ὲπαιῖουσι⁹
3293 5083 3384 5136 καὶ
3421 5081 3524 5152 τῆς
3582 5082 3743 5152 σφῶν

2154 5167 2424 5234 ἀμουσίας
2452 5169 2877 5241 κατατρυφήσω.
2907 5171 2998 5223 Σοὶ
3019 5170 3064 5224 δ’
3092 5171 3192 5224 ούκ
3225 5165 3321 5225 οἷδ’
3345 5172 3490 5235 ὃπως
3516 5173 3742 5244 ὑπᾴσω,

2152 5257 2294 5310 οὔτω
2321 5259 2758 5331 μεμουσωμένῳ,
2817 5261 2912 5313 καὶ
2961 5265 3293 5331 σοφιστικῶς
3345 5265 3440 5316 καὶ
3471 5264 3744 5336 λαμυρῶς

2154 5343 2330 5414 ἔχοντι
2373 5345 2468 5398 τοῦ
2505 5349 2644 5411 νοός.
2708 5349 2860 5401 Ἐπεὶ
2891 5348 2938 5402 δ’
2979 5351 3311 5406 ἐπιστέλλων
3369 5348 3483 5406 οἶδα
3519 5357 3653 5424 (χρὴ
3686 5356 3742 5408 δὲ

2153 5437 2252 5508 τὴν
2308 5437 2599 5508 ἐπιστολὴν
2652 5438 3016 5509 ἀνθρωπίνως
3073 5440 3279 5509 λαλεῖν,
3316 5443 3409 5496 καὶ
3457 5445 3603 5496 κατὰ
3651 5446 3742 5497 τὸν

2156 5530 2416 5598 κωμικὸν
2447 5529 2831 5599 ἀμαθέστερόν
2865 5549 2983 5594 πως
3013 5534 3107 5586 καὶ
3139 5535 3528 5604 σαφέστερον),
3558 5537 3742 5601 ἔγνων

2154 5621 2234 5682 είς
2275 5623 2452 5691 μάτην
2495 5621 2706 5676 δειλιῶν
2737 5625 2834 5694 τὴν
2875 5626 3132 5696 γραφήνο
3173 5628 3470 5680 κάντεῦθεν
3507 5629 3739 5698 γράφω.

2153 5714 2258 5766 Ἢν
2285 5712 2342 5765 δέ
2368 5731 2436 5782 με
2465 5715 2684 5786 πείσῃς,
2725 5717 2800 5780 ὠς
2840 5718 2902 5771 ού
2939 5719 3146 5786 γελοῖος
3175 5717 3286 5788 ἐγὼ
3318 5720 3468 5788 παρὰ
3496 5721 3608 5782 σοὶ,
3639 5725 3740 5774 καὶ

2154 5805 2452 5873 διαγεύσω,
2497 5809 2590 5860 καὶ
2625 5807 2960 5870 τριαγεύσω.
3006 5811 3102 5866 καὶ
3141 5811 3388 5866 τετάρτω
3433 5812 3741 5866 ἐπιϐαλοῦ·
