4032 6214
483 243 622 364 1⁵319

1919 300 2274 361 ᾹΒΠΕΝΒΛ

3603 301 3750 364 1320

482 417 688 485 σαίμην
707 415 854 487 λόγῳ
876 415 1012 486 πρὸς
1033 415 1132 488 τὴν
1158 417 1252 470 τοῦ
1277 417 1597 488 πέμψαντος
1626 418 1828 489 ἀρετήν
1852 433 1869 483 ;
1896 415 2054 471 Ἐπεὶ
2082 433 2126 487 Α
2157 416 2464 485 ἀναστῆσαι
2517 411 2784 480 σύντομός
2834 426 2896 462 τε
2947 409 3044 462 καὶ
3099 409 3431 480 ἐπιτήδειος.
3476 410 3625 480 Ἐγὼ
3677 415 3746 466 δὲ

480 510 538 563 δὲ
569 510 663 563 καὶ
682 510 711 563 6
737 509 1042 579 πεπομφὼς
1066 511 1178 564 ἀνω
1203 529 1306 562 που
1335 511 1572 580 κάθηται
1607 511 1716 564 τῶν
1738 511 1937 579 νεφῶν,
1963 511 2058 564 καὶ

485 602 546 652 τὸ
581 601 830 668 πεμφθὲν
864 598 1062 668 μικροῦ
1093 599 1200 652 δεῖν
1228 602 1341 662 τοῖς
1393 601 1666 670 ὁμοειδέσι
1695 599 1856 665 ζώοις
1887 600 2059 666 ἀσύγ-

487 703 713 757 κριτον·
748 687 886 759 πρὸς
922 687 1018 741 δύο
1054 688 1377 758 τηλικαῦτα,
1421 690 1482 743 τὸ
1533 689 1727 752 κάλλος
1775 689 1914 758 ὁμοῦ
1965 691 2061 742 καὶ

489 784 549 834 τὸ
581 783 810 850 μέγεθος
865 781 930 844 δ’,
971 783 1250 851 Ἡρακλῆς
1295 785 1500 847 ἐκεῖνος
1547 783 2061 853 ἀνταγωνίσαιτο,ή

492 875 765 945 παροιμία
792 875 978 944 φησίν.
1023 875 1162 928 Ἀλλ’
1195 879 1326 931 ὅταν
1359 877 1457 946 μὲν
1490 878 1627 946 πρδς
1658 878 1756 946 τὴν
1801 877 1900 946 σὴν
1945 879 2064 930 ἐπι-

500 967 677 1034 μύσας
720 969 1016 1039 ὑπεροχήν,
1044 970 1136 1022 τὸν
1171 971 1340 1022 ἵππον
1391 971 1674 1033 θαυμάσαι
1703 970 2062 1042 βουλήσομαι,

494 1062 648 1114 κάτω
676 1079 780 1114 που
810 1062 1001 1114 τούτου
1033 1065 1128 1114 καὶ
1174 1063 1268 1115 τὸν
1314 1064 1666 1129 Βουκεφάλαν
1696 1064 1792 1118 καὶ
1824 1065 1918 1118 τὸν
1954 1066 2066 1136 Πή-

497 1170 666 1217 γασον
692 1154 939 1222 τίθεμαι.
973 1153 1040 1207 Τί
1073 1154 1202 1224 γὰρ,
1234 1157 1280 1208 εἰ
1337 1155 1387 1234 ὁ,
1415 1155 1515 1224 μὲν
1549 1155 1820 1226 εὕσαρκος
1849 1158 1948 1224 μέν
1983 1177 2066 1222 τις

495 1239 586 1311 ἦν,
613 1243 708 1295 καὶ
760 1245 1033 1308 πιότατος,
1073 1245 1167 1296 καὶ
1216 1243 1340 1313 βοὸς
1390 1245 1600 1316 κεφαλῇ
1645 1247 2068 1317 διεσχημάτιστο

499 1334 591 1386 ἐπὶ
618 1335 711 1388 τοῦ
755 1334 956 1404 μηροῦ,
984 1335 1317 1405 θρασύτατος
1340 1335 1396 1388 δὲ
1419 1337 1611 1400 τᾶλλα,
1646 1341 1742 1391 καὶ
1771 1339 1870 1410 τὴν
1913 1340 2070 1410 ήνίαν

503 1427 577 1493 μὴ
619 1426 972 1495 προσιέμενος
999 1443 1014 1458 ο
1050 1428 1078 1478 6
1128 1427 1185 1480 δὲ
1233 1431 1314 1491 εἱς
1354 1429 1495 1499 ἀέρα
1525 1432 1826 1502 ἐπτέρωτο,
1856 1434 1950 1485 καὶ
1978 1433 2070 1485 τὸν

503 1518 768 1588 ἐπιϐάτην
803 1519 1066 1583 πολλάκις
1105 1521 1215 1574 τῶν
1259 1523 1444 1575 νώτων
1473 1523 1815 1594 ἀπέκρουεν;
1864 1524 2004 1578 Ἀλλ’
2040 1525 2068 1578 6

501 1626 564 1673 γε
593 1607 868 1679 πεμφθεὶς
895 1612 1017 1680 ἐμοὶ
1043 1613 1135 1665 καλ
1166 1612 1243 1681 τῷ
1272 1614 1459 1667 κάλλει
1492 1616 1590 1683 μὲν
1614 1617 1707 1667 καὶ
1733 1615 1812 1684 τῷ
1848 1617 2071 1684 μεγέθει

500 1701 726 1763 ἐκείνοις
760 1700 1121 1770 ἀνθάμιλλοςο
1147 1702 1260 1773 ἔχει
1287 1704 1341 1756 δὲ
1377 1705 1514 1772 μετά
1547 1705 1656 1757 τῶν
1687 1704 1830 1759 δυοῖν
1867 1705 2072 1758 τούτων

2163 507 2282 575 (καὶ
2303 501 2703 576 ὁρκοποιοῦμαι
2750 501 2850 570 τὴν
2897 502 2998 570 σὴν
3049 500 3316 570 φιλτάτην
3360 501 3564 573 ψυχὴν)
3593 505 3748 559 οὕτω

2159 603 2288 664 τοὺς
2351 602 2558 663 ἵππους
2609 598 2828 652 δέδοικα
2873 597 3119 664 πέφρικά
3171 613 3234 648 τε
3298 597 3395 650 καὶ
3448 597 3744 668 ἐπτόημαι,

2161 692 2352 762 ὥσπερ
2385 692 2449 760 δή
2481 692 2532 743 οί
2568 689 2748 744 λοιποὶ
2799 689 2926 750 τοὺς
2970 688 3282 755 ἐλέφαντας
3309 687 3558 748 καὶτοὺς
3594 690 3748 741 λέον-

2161 802 2263 848 τας
2286 799 2302 817 ο
2325 783 2430 837 κᾶν
2455 782 2629 852 βραχύ
2659 799 2712 833 τι
2736 781 3068 850 περικινήσῃ
3095 779 3196 849 τὴν
3228 778 3476 850 κεφαλήν
3499 783 3528 832 6
3559 782 3747 850 φέρων

2163 878 2286 948 ἐμὲ,
2313 877 2477 939 εὐθὺς
2507 874 2671 936 αὐτὸς
2700 874 2799 942 τῆς
2833 873 2996 942 ἕδρας
3023 871 3424 943 ἀπολισθαίνω,
3449 872 3546 926 καὶ
3566 874 3747 940 ἀκρα-
3798 903 3830 925 ς.

2163 971 2262 1042 τής
2305 988 2394 1040 μοι
2428 970 2460 1039 ή
2500 968 2622 1040 χεὶρ
2659 967 2754 1020 τοῦ
2789 966 3008 1037 χαλινοῦ
3046 968 3282 1035 γίνεται.
3349 965 3491 1020 Ἀλλ’
3543 967 3594 1018 εί
3651 983 3748 1036 μοι
3797 953 3810 966 ”

2166 1065 2322 1116 τοῦτο
2372 1062 2638 1130 πρότερον
2665 1061 2722 1124 ἐξ
2759 1059 2976 1127 ἁπαλῆς
3008 1061 3107 1112 καὶ
3143 1059 3325 1128 δειλῆς
3374 1059 3612 1123 φύσεως,
3645 1060 3748 1112 νῦν

2166 1155 2224 1207 δέ
2263 1172 2354 1222 μοι
2389 1154 2485 1206 καὶ
2516 1154 2578 1204 τὸ
2615 1150 3059 1221 προσγενόμενον
3097 1150 3311 1218 νόσημα
3349 1149 3448 1218 τὴν
3499 1151 3744 1217 φυσικὴν

2168 1246 2363 1299 πτοίαν
2395 1245 2705 1299 ἐδίπλασεν.
2755 1243 2896 1297 Ἀλλ’
2949 1244 2998 1296 ειί
3049 1245 3144 1295 καὶ
3192 1239 3364 1312 [τοὺς]
3420 1240 3616 1304 ἄλλους
3652 1243 3749 1294 ἴπ-

2157 1356 2305 1402 Δπους
2339 1338 2676 1406 πεφόϐημαι,
2703 1335 2796 1388 ἐπί
2830 1351 2894 1402 γε
2928 1333 3022 1386 τοῦ
3050 1331 3144 1385 σοῦ
3182 1331 3528 1402 θαρρούντως
3553 1330 3751 1400 ὀχήσο-

2173 1446 2292 1498 μαι.
2325 1429 2484 1482 Οὕτω
2518 1445 2612 1481 σου
2647 1426 2839 1497 θαρρῶ
2874 1424 2942 1477 οὐ
2977 1423 3077 1493 τὴν
3114 1421 3294 1493 ψυχὴν
3331 1421 3519 1491 μόνον,
3555 1422 3675 1474 ἀλλ’
3701 1423 3755 1473 εἰ

2169 1539 2322 1584 τινας
2353 1521 2499 1589 ἔχοις
2527 1524 2618 1574 καὶ
2649 1521 2895 1580 λέοντας.

2909 1609 2990 1666 N'.

2244 1701 2373 1757 Εἶτα
2429 1703 2493 1774 δὴ
2551 1705 2785 1770 ἀγνοεῖς,
2839 1701 3251 1772 ὑπερφυέστατε
3299 1700 3546 1768 Καῖσαρ,
3571 1697 3655 1751 ὅτι
3690 1695 3755 1750 τδ

502 1793 710 1862 ἀρετῶν
740 1795 834 1848 καὶ
888 1795 950 1846 τὸ
991 1795 1066 1864 μὴ
1122 1799 1228 1864 πρὸ
1285 1798 1483 1851 πολλοῦ
1541 1798 1927 1867 γεγεννῆσθαι,
1955 1797 2072 1850 ἀλλ’
2107 1783 2146 1837 Β
2179 1795 2330 1849 ὕδνον
2359 1796 2544 1858 ἀτελές
2575 1798 2689 1846 ἐστι
2721 1795 2819 1863 τῆς
2846 1794 2950 1863 γῆς
2974 1795 3238 1862 γέννημα,
3299 1793 3397 1845 καὶ
3437 1793 3514 1854 ὡς
3575 1791 3756 1842 εἰπεῖν

501 1888 628 1952 ἄρτι
658 1885 796 1956 ἡϐᾷν
829 1886 928 1952 τὴν
963 1887 1181 1940 ἵππειον
1208 1888 1371 1958 ἥϐην,
1410 1890 1618 1959 ἥμερόν
1651 1907 1710 1942 τε
1761 1886 1924 1956 εἶναι,
1976 1892 2072 1943 καὶ

503 1977 630 2048 Ιμὴ]
663 1977 798 2048 πρὸς
825 1977 962 2042 θίξιν
1003 1979 1182 2048 χειρὸς
1214 1980 1540 2048 ἀγριαίνειν,
1571 1983 1708 2051 μήτε
1742 1983 1950 2035 δεῖσθαι
1975 1980 2071 2035 τοῦ

505 2067 1018 2137 περιποππύζεσθαι
1039 2108 1054 2131 ,
1093 2070 1188 2122 καὶ
1217 2064 1326 2122 οἷον
1359 2070 1738 2124 τιθασεύεσθαί
1768 2090 1826 2125 τε
1859 2073 1952 2126 καὶ
1979 2090 2074 2126 κο-

503 2158 852 2211 λακεύεσθαι.
893 2159 1064 2211 Ὅταν
1111 2159 1212 2227 μὲν
1257 2157 1350 2212 οὖν
1382 2163 1520 2230 πρὸς
1552 2162 1643 2214 τὸν
1677 2163 1845 2216 ἵππον
1874 2164 2070 2227 ἀπίδω,

502 2247 678 2311 οὕτως
729 2249 916 2303 τοῦτον
977 2249 1539 2320 ὑπερεκπέπληγμαι,
1591 2253 1688 2305 καὶ
1744 2254 2075 2325 ἀσύγκριτον

506 2339 642 2410 πρὸς
671 2338 799 2400 τοὺς
830 2339 1049 2403 λοιποὺς
1083 2339 1305 2408 τίθεμαι
1325 2353 1339 2369 ⁰
1373 2341 1421 2392 εί
1447 2340 1502 2392 δὲ
1539 2341 1676 2411 πρὸς
1701 2341 1794 2394 τὸν
1827 2343 2077 2397 ἀποστα-

504 2427 664 2480 λέντα
694 2427 1045 2495 μεταϐιϐάσω
1070 2427 1169 2497 τὴν
1199 2429 1425 2491 ἔννοιαν,
1450 2431 1750 2496 τηνικαῦτα
1797 2434 1858 2485 τὸ
1895 2432 2076 2502 λυχνι-

508 2519 624 2568 αῖον
648 2516 764 2584 φῶς
800 2517 1106 2586 θαυμάζειν
1159 2519 1336 2586 ἀφεὶς,
1382 2519 1479 2572 τοῦ
1519 2521 1671 2590 ἡλίου
1726 2523 1940 2593 τέθηπα
1976 2529 2076 2594 τὴν

514 2607 905 2676 μαρμαρυγήν.
933 2608 1082 2662 Ἔδει
1136 2607 1236 2678 μὲν
1264 2604 1359 2662 οὖν
1408 2627 1490 2672 σε,
1536 2613 1658 2666 ὅσον
1690 2615 1782 2668 ἐπὶ
1813 2619 1934 2680 ταῖς
1968 2618 2077 2670 τῶν

510 2703 852 2771 πραγμάτων
905 2703 1224 2774 ὑπεροχαῖς,
1312 2704 1634 2772 ὑπερνεφεῖν
1689 2724 1749 2760 τε
1823 2709 1918 2761 καλ
1967 2707 2078 2765 οἷον

511 2795 846 2863 ἀεροϐατεῖν,
874 2797 970 2849 καὶ
1000 2798 1364 2864 καταφρονεῖν
1401 2796 1510 2849 τῶν
1539 2797 1835 2868 ἐφημέρων
1868 2799 2028 2868 ἡμῶν
2059 2817 2074 2832 ·

513 2888 608 2939 νῦν
638 2888 713 2950 δὲ,
743 2887 770 2940 ὃ
804 2890 916 2950 τοῖς
964 2888 1144 2948 ἄλλοις
1188 2889 1290 2952 τὰς
1339 2887 1510 2957 ὀφρῦς
1551 2888 1698 2958 ὑπὲρ
1732 2892 1794 2942 τὸ
1827 2891 2078 2960 μέτωπον

514 2980 717 3046 τίθησι,
748 2979 830 3030 σοὶ
867 2979 962 3031 καὶ
999 2979 1122 3041 τοὺς
1146 2979 1457 3046 ὀφθαλμοὺς
1489 2978 1672 3042 αἰδοῦς
1700 2979 1968 3051 ἐμπιπλᾷ.
1989 2982 2081 3033 καὶ

519 3071 987 3142 μετριοφροσύνην
1012 3071 1248 3143 ἄρρητον
1308 3074 1547 3141 ἐμποιεῖ.
1592 3073 1735 3140 Ἐγὼ
1758 3072 1816 3127 δὲ
1849 3073 1981 3147 ἔ[τι]
2018 3075 2078 3126 ού

2179 1887 2576 1956 ἀμϐλωθρίδιον
2601 1904 2615 1952 ;
2645 1885 2720 1940 Ού
2744 1888 2853 1956 γὰρ
2873 1885 3158 1938 ἀποτίκτει
3181 1883 3338 1936 τοῦτο
3359 1887 3454 1935 καὶ
3477 1884 3512 1951 ή
3543 1883 3754 1952 μήτηρ,

2179 1981 2299 2033 οὐδὲ
2329 1982 2448 2042 ταῖς
2471 1980 2652 2033 ὠδῖσιν
2679 1978 2864 2046 ἐξάγει
2899 1976 3035 2046 πρὸς
3070 1975 3185 2045 φῶς
3216 1991 3231 2006 ·
3258 1974 3376 2027 ἀλλ’
3418 1975 3467 2026 οἱ
3499 1976 3597 2042 τὴν
3657 1974 3760 2041 ἐμ-

2181 2069 2508 2139 ϐρυουλκίαν
2546 2069 2747 2129 εἰδότες
2788 2067 2882 2120 τοῦ
2941 2063 3247 2133 θαυμασίου
3312 2064 3500 2115 τούτου
3559 2062 3757 2126 τόκου,

2180 2162 2398 2215 ἐπειδὰν
2425 2162 2522 2230 τὴν
2557 2161 2800 2230 γαστέρα
2824 2161 2924 2229 τῆς
2952 2160 3055 2228 γῆς
3085 2155 3486 2224 ἐξογκωθεῖσαν
3513 2154 3762 2208 θεάσων-

2181 2271 2291 2315 ται,
2349 2252 2417 2304 τά
2473 2251 2752 2337 σπλάγχνει
2807 2249 3010 2319 ταύτης
3067 2247 3136 2318 (εί
3184 2249 3292 2316 χρὴ
3333 2245 3506 2306 οὕτως
3557 2243 3757 2314 είπεῖν)

2180 2345 2666 2414 διασπαράξαντες,
2700 2345 2760 2396 τὸ
2792 2342 3056 2410 κυόμενον
3086 2339 3420 2406 ύπεξάγουσι
3456 2354 3472 2369 ο
3517 2339 3615 2388 καὶ
3665 2337 3761 2388 διὰ

2181 2435 2353 2488 ταῦτα
2374 2435 2618 2504 ἄμορφόν
2649 2435 2765 2486 ἐστι
2789 2434 2888 2500 τὴν
2915 2431 3042 2484 θέαν
3071 2431 3167 2484 καὶ
3203 2428 3463 2491 ἀκαλλὲς.
3519 2426 3589 2480 Ἦ
3611 2426 3669 2478 δέ
3692 2441 3760 2493 γε

2187 2529 2367 2596 μήτηρ
2392 2523 2840 2595 περιμυθουμένη
2882 2521 3072 2574 τούτου
3103 2520 3202 2590 τὴν
3229 2519 3534 2588 ἀμορφίαν,
3562 2516 3761 2588 ήδονὴν

2183 2619 2484 2673 ἐντέθεικεν
2523 2619 2794 2690 ἄρρητον
2842 2618 3032 2688 ῶσπερ
3065 2615 3130 2686 δὴ
3182 2615 3259 2684 τῷ
3294 2612 3612 2681 δημαγωγῷ
3644 2613 3759 2664 τῶν

2198 2710 2498 2780 Ἀθηναίων
2555 2710 2632 2778 τῷ
2685 2710 2835 2779 σοφῷ
2882 2706 3250 2778 τήνιγνώμην
3295 2709 3393 2760 καλ⁸
3421 2702 3760 2774 μεγαλοφυεῖ

2187 2803 2462 2872 Περικλεῖ,
2486 2805 2762 2872 προμήκει
2788 2801 2888 2872 τὴν
2913 2800 3154 2870 κεφαλὴν
3174 2799 3435 2868 γεγονότι,
3469 2797 3595 2848 νοῦν
3644 2797 3758 2861 ἑμ-

2189 2895 2325 2967 μελῆ
2352 2895 2708 2962 κατέσπειρεν
2737 2895 2764 2945 ό
2787 2893 2941 2954 Θεός.
2973 2890 3182 2944 Λύτίκα
3206 2893 3298 2943 καὶ
3317 2892 3344 2943 6
3373 2886 3752 2957 Ἀριστοτέλης

2186 2985 2484 3054 ὑπόψελλος
2509 2981 2576 3054 ἦν
2599 2986 2696 3051 τὴν
2711 2982 2977 3049 γλῶτταν,
3007 2983 3101 3033 καὶ
3130 2982 3158 3032 6
3187 2980 3410 3032 Πλάτων
3432 2978 3760 3046 ἐπίκυρτος,

2187 3079 2282 3130 καλ⁹
2312 3078 2341 3128 6
2389 3073 2653 3129 Μακεδὼν
2691 3075 2897 3134 ἐκεῖνος
2946 3071 3288 3139 Ἀλέξανδρος
3313 3068 3766 3138 παρεγκεκλιμέ-

516 3125 582 3216 τά
615 3125 824 3233 μεγάλα
855 3125 1013 3234 μόνον
1047 3125 1353 3235 θάυΙμάζειν
1371 3125 1681 3234 προῆγμαι;
1701 3125 1837 3218 ἀλλά
1858 3125 2080 3218 Ῠάουικαλ
2105 3125 2151 3189 C
2181 3125 2693 3236 τὴν-τράχηλον.
2735 3159 2825 3226 Οἷς
2864 3125 2963 3231 μὲν
2996 3125 3103 3232 γὰρ
3131 3125 3214 3216 τά-
3259 3125 3364 3227 ἐξω
3396 3125 3762 3228 ,περικαλλῄ

518 3258 582 3309 τὰ
636 3255 890 3324 πάρεργα
944 3255 1256 3324 ἀσύγκριτα
1292 3257 1390 3310 καὶ
1435 3256 1789 3325 ἀπαράμιλλα
1823 3257 2038 3326 ἥγημαι
2065 3271 2079 3285 ·

518 3345 612 3396 καὶ
635 3346 662 3395 6
695 3347 792 3413 τὴν
825 3345 952 3414 χθές
983 3344 1137 3416 π[ου]
1168 3347 1280 3408 τοῖς
1329 3347 1638 3408 καλλίστοις
1665 3347 1801 3409 υίοῖς
1830 3365 1924 3399 σου
1957 3363 2084 3398 συσ-

520 3435 859 3505 σιτούμενος,
891 3437 966 3500 ώς
998 3437 1309 3502 ἐπίστασαι,
1334 3439 1434 3491 οὐκ
1492 3439 1908 3509 ἀποκρύψομαι,
1946 3439 2086 3492 ἀλλὰ

517 3526 784 3596 λαμπρῶς
835 3527 1202 3598 διηγήσομαι.
1252 3527 1310 3581 Ὀ
1364 3529 1472 3598 γὰρ
1524 3531 1938 3601 πειριΙπόθητός
1993 3548 2085 3599 μοι

534 3618 869 3686 Ἀνδρόνικος
895 3619 952 3670 τὸ
988 3619 1095 3672 τῶν
1128 3619 1374 3687 γεράνων
1407 3621 1582 3689 ήδέως
1615 3639 1704 3690 μοι
1725 3622 2086 3691 διηγούμενος

520 3708 862 3777 κυνηγέσιον,
887 3709 981 3762 καὶ
1010 3709 1084 3772 ὡς
1118 3710 1178 3762 τὸ
1212 3709 1556 3780 βραχύτατον
1589 3711 1727 3776 ζῶον
1770 3713 1831 3766 τὸ
1875 3712 1971 3766 τοῦ
2000 3715 2090 3781 γέ-

521 3817 647 3864 νους
699 3800 1118 3854 ἐπιϐουλότατον
1150 3801 1411 3871 θηρᾶται,
1456 3803 1649 3856 τοῦτον
1681 3802 1775 3856 τὸν
1827 3806 2082 3874 γέρανον,

519 3891 928 3962 ὑπερνεφοῦντα
976 3894 1090 3955 τοῖς
1132 3893 1386 3963 πτέρυξι,
1419 3893 1514 3948 καὶ
1559 3893 1666 3946 ὑπὸ
1701 3893 1801 3965 τὴν
1836 3896 2086 3966 ἀγκάλην

520 3983 704 4054 ἠρέμα
730 3984 980 4036 ὑπεισιδν
1015 3984 1298 4053 πολιορκεῖ
1346 4002 1430 4051 τε,
1476 3985 1571 4037 καὶ
1609 3986 1685 4049 ὠς
1715 3989 1893 4057 τεῖχος
1929 3989 2089 4056 μέγι-

523 4094 645 4132 στον
672 4077 947 4147 καθαιρεῖ,
975 4076 1071 4128 καλ.
1097 4079 1216 4138 ταῖς
1266 4077 1446 4142 ὄνυξιν
1489 4079 1702 4132 ἐκείνου
1753 4078 2092 4150 διασπαράτ-

521 4186 674 4222 τεται
698 4185 714 4200 ·
748 4166 866 4220 εἶτά
899 4185 990 4237 μοι
1023 4169 1114 4219 τὸν
1143 4168 1301 4233 λόγον
1332 4168 1724 4233 καταϐιϐάσας,
1759 4171 1840 4223 ὅτι
1877 4188 1961 4224 σοι
1995 4189 2091 4225 και

525 4260 632 4329 πρὸ
673 4259 855 4327 ὀλίγου
888 4258 1186 4327 θαυμάσιον
1223 4259 1358 4323 ζῶον
1403 4260 1507 4311 ὑπὸ
1556 4259 1794 4330 γεράνου
1837 4261 2093 4332 διέφθαρ-

522 4369 637 4415 ται,
664 4352 727 4403 σὺ
769 4351 823 4403 δὲ
859 4349 1117 4402 τοσούτου
1145 4350 1372 4420 ἐδεήθης
1409 4351 1667 4421 ἀλγῆσαι,
1692 4352 1834 4405 ὥστε
1873 4355 1968 4406 καὶ
1994 4369 2092 4405 πεο

2181 3260 2250 3312 τά
2294 3258 2440 3312 ἔνδον
2462 3257 2611 3310 νοσεῖ
2640 3272 2655 3287 ·
2680 3251 2761 3318 οἷς
2790 3255 2846 3308 δὲ
2877 3253 3054 3323 φαύλη
3093 3257 3125 3322 ή
3154 3253 3437 3323 περιϐολὴ,
3483 3253 3548 3304 τι)
3603 3255 3768 3318 ἐγκε-

2183 3351 2496 3421 κρυμμένον
2545 3349 2873 3417 θαυμάσιον.
2910 3345 3155 3399 Ἀκανθα
3183 3344 3314 3413 γοῦν
3336 3344 3430 3398 καὶ
3477 3343 3574 3396 τοῦ
3610 3344 3766 3412 ῥόδου

2184 3443 2550 3513 προϐέϐληται
2578 3459 2594 3475 ο
2629 3442 2722 3494 καὶ
2751 3443 2785 3510 ή
2817 3441 3144 3510 κυπάριττος
3187 3440 3466 3508 ἄκαρπος.
3501 3439 3763 3491 Τοιοῦτον

2184 3535 2248 3604 δὴ
2276 3536 2372 3588 καὶ
2395 3537 2457 3587 τὸ
2482 3533 2635 3586 ὕδνον
2660 3533 2776 3588 ἐστι
2802 3550 2816 3565 ·
2847 3533 2908 3586 τδ
2955 3533 3056 3601 μὲν
3117 3531 3443 3600 φαινόμενον
3493 3532 3756 3600 ἄμορφον,

2185 3627 2246 3680 τὸ
2277 3627 2332 3678 δὲ
2365 3624 2740 3695 κρυπτόμενον
2767 3630 3053 3694 τρόφιμον.
3086 3622 3149 3676 Ἦ
3186 3623 3252 3691 σή
3294 3623 3445 3692 ψυχὴ
3498 3625 3625 3691 μόνη
3653 3624 3751 3673 ὐπ-

2187 3717 2473 3789 εξηρήσθω
2492 3714 2586 3768 τοῦ
2617 3716 2775 3784 λόγου
2806 3731 2820 3746 ο
2855 3716 3055 3784 μᾶλλον
3102 3713 3158 3768 δὲ
3187 3714 3248 3766 τὸ
3281 3713 3375 3766 σὸν
3428 3715 3637 3783 κρᾶμα,
3687 3718 3749 3764 τὴ

2190 3809 2550 3878 συγχεόμενον
2574 3809 2638 3860 ἐκ
2671 3805 2848 3876 ψυχῆς
2873 3823 2934 3858 τε
2981 3807 3075 3858 καὶ
3101 3804 3376 3874 σώματος.
3407 3805 3483 3857 Ἤ
3539 3822 3601 3856 τε
3653 3806 3761 3873 γάρ

2192 3914 2272 3950 σοι
2319 3898 2412 3949 τοῦ
2469 3895 2718 3965 σώματος
2758 3886 3035 3966 περιϐολὴ
3091 3895 3375 3962 θαυμασία
3430 3895 3605 3957 ὅντως
3665 3900 3766 3948 καὶ

2189 3988 2420 4059 ήρωῖκὴ,
2464 3988 2500 4058 ή
2545 4004 2606 4039 τε
2658 3989 2756 4058 τῆς
2809 3985 2990 4056 ψυχῆς
3020 3986 3179 4054 φύσις
3238 3986 3330 4040 νοῦ
3356 3987 3453 4040 καὶ
3507 3987 3770 4057 Χαρίτων

2195 4079 2390 4150 μεστή.
2440 4079 2578 4131 Ἀλλ’
2605 4079 2966 4148 ἐπιλέλησμαι
2988 4079 3098 4130 τῶν
3126 4077 3273 4147 ἐμῶν
3303 4078 3486 4131 κακῶν
3509 4078 3617 4129 ὑπὸ
3655 4077 3773 4130 τῶν

2195 4172 2304 4225 σῶν
2330 4170 2572 4238 ἀγαθῶν.
2614 4173 2807 4223 Κεῖται
2848 4171 2957 4237 γάρ
2990 4187 3081 4238 μοι
3129 4169 3509 4242 ψυχορραγοῦν
3548 4169 3612 4220 τὺ
3669 4169 3773 4219 θυ-

2192 4261 2491 4335 γάτρι[ον].
2512 4263 2546 4332 ἢ
2579 4263 2673 4315 νῦν
2702 4262 2931 4331 πρώτως
2959 4261 3096 4330 μετά
3122 4263 3191 4313 τὰ
3239 4264 3307 4314 σα
3336 4264 3484 4333 δῶρα
3539 4265 3776 4331 μετηνέ-

2193 4356 2298 4427 χθη
2330 4355 2466 4424 πρὸς
2511 4354 2609 4424 τὴν
2639 4351 2804 4422 ζωήν.
2861 4352 3004 4406 Ἀλλ’
3045 4353 3077 4421 ἡ
3120 4352 3219 4421 μὲν
3247 4354 3539 4422 ἡμίπνους,
3572 4355 3686 4420 ἐγὼ
3712 4355 3776 4405 δὲ

528 4447 865 4511 ριεγάννυσο,
899 4443 992 4494 καὶ
1025 4444 1223 4512 μικροῦ
1251 4444 1359 4495 δεῖν
1382 4443 1457 4512 τῷ
1480 4445 1572 4495 τοῦ
1602 4444 1740 4506 ζώου
1775 4446 2090 4515 σπαραγμῷ
2120 4465 2170 4524 ι)
2197 4451 2283 4518 μὴ
2307 4447 2404 4518 τὴν
2441 4447 2591 4516 ἱεράν
2623 4464 2716 4500 σου
2774 4447 3037 4516 κεφαλὴν)
3085 4447 3308 4510 ἄπνους,
3355 4444 3434 4514 τῷ
3480 4445 3558 4515 σῷ
3616 4451 3780 4514 μόνῳ

527 4532 956 4602 ἐπεσκίρτησας,
982 4534 1245 4597 ἐπειπών,
1272 4536 1352 4586 ὅτι
1369 4535 1618 4604 ,ἀνῃρέθη
1643 4537 1969 4605 μαχόμενον,
1998 4539 2094 4589 καὶ

528 4621 717 4690 ῶσπερ
750 4622 808 4672 ἐν
855 4619 1080 4690 πολέμῳ
1113 4622 1352 4674 ἀπέθυσε
1391 4623 1488 4692 τὴν
1539 4623 1705 4694 ζωὴν,
1755 4624 1944 4694 ὥσπερ
1980 4628 2094 4677 ἐπες

527 4714 746 4782 κήδειόν
779 4731 902 4766 τινα
953 4713 1112 4780 λόγον
1146 4713 1358 4784 ὲπᾲσας
1409 4713 1484 4784 τῷ
1533 4714 1678 4784 ζώῳ,
1725 4711 1844 4767 εἶτα
1873 4716 1935 4784 δὴ
1973 4718 2095 4769 ούδέ

529 4805 769 4873 ἠξίωσας
800 4802 1064 4858 ἀποδῦσαι
1100 4803 1195 4855 τοῦ
1256 4803 1547 4872 ὁπλισμοῦ,
1609 4805 1742 4856 ἀλλά
1806 4809 1943 4872 μετά
2001 4805 2095 4858 τοῦ

529 4894 774 4963 θώρακος
806 4897 901 4947 καὶ
931 4894 1031 4964 τῆς
1053 4894 1247 4962 λοιπῆς
1278 4893 1589 4961 κατέθαψας
1614 4895 1914 4966 προϐολῆς·
1943 4914 2097 4966 σκιρ-

529 4982 693 5047 τῆσαι
748 4984 1018 5053 πεποίηκε
1070 4985 1134 5055 νὴ
1168 4983 1266 5055 τὴν
1319 4984 1470 5053 ἱεράν
1518 5002 1612 5036 σου
1651 4986 1830 5055 ψυχὴν
1880 4989 1971 5039 ἐπὶ
2020 4987 2097 5056 τῷ

531 5072 825 5141 θαυμασίῳ
853 5075 1028 5144 τούτῳ
1060 5077 1154 5127 καὶ
1185 5077 1457 5146 ὑπερφυεῖ
1509 5077 1604 5129 καὶ
1642 5079 1875 5148 γενναίῳ
1911 5079 2100 5148 διηγή-

534 5182 689 5232 ματι.
721 5165 795 5217 Οὐ
827 5167 935 5234 γάρ
989 5167 1261 5234 ἀριστεῖαι
1315 5168 1475 5232 μόνον
1530 5171 1626 5220 καὶ
1661 5171 2098 5240 στρατηγήματα

530 5257 620 5306 τὸν
645 5255 813 5324 ἄνδρα
841 5257 1184 5310 δεικνύουσιν
1207 5272 1220 5284 ⁸
1255 5257 1390 5311 ἀλλά
1437 5259 1532 5310 καὶ
1560 5257 1758 5328 νεῦμα,
1792 5263 1887 5313 καὶ
1918 5261 2096 5326 λόγος,

531 5350 625 5399 καὶ
683 5349 854 5413 γέλως
911 5348 1130 5416 σεμνὸς,
1185 5349 1282 5402 καὶ
1334 5350 1664 5418 ἀπόφθεγμα
1702 5351 1961 5420 Χαρίτων
2005 5369 2101 5419 με-

534 5439 657 5490 στὸν
684 5440 781 5507 τήν
804 5455 868 5506 γε
898 5440 1132 5509 ἀρίστην
1165 5441 1344 5511 ψυχὴν
1382 5441 1798 5505 ἐξεικονίζουσιν
1829 5442 2095 5506 ἀκριϐῶς.

546 5529 706 5581 Ἀλλὰ
733 5533 798 5582 σὺ
839 5533 940 5597 μὲν
976 5533 1071 5584 καὶ
1107 5533 1346 5604 θηρᾶσαι
1373 5533 1563 5597 δεινὸς,
1613 5537 1708 5587 καὶ
1753 5533 2099 5587 ίππάσασθαι

534 5621 858 5688 περιδέξιος,
893 5623 986 5674 καὶ
1038 5623 1240 5692 ὄχθους
1291 5623 1680 5692 ὐπερπηδῆσαι
1728 5625 1973 5690 γενναῖος
2005 5623 2100 5685 καὶ

538 5707 720 5777 ἀδεὴς,
749 5709 846 5762 καὶ
872 5710 1211 5770 διολισθέντα
1241 5717 1332 5769 τὸν
1361 5715 1526 5767 ἵππον
1571 5712 1701 5767 εὐθὺ
1731 5714 1979 5785 ἀνεῖρξαι
2008 5715 2100 5770 καὶ

2199 4537 2425 4607 νεύματι
2450 4554 2509 4588 τε
2534 4537 2627 4589 καὶ
2655 4535 2931 4604 πνεύματι
2979 4537 3269 4606 ἀναφέρων
3312 4552 3372 4589 τε
3405 4537 3502 4590 καὶ
3554 4535 3775 4604 ζωογο-

2198 4628 2288 4683 νού
2297 4645 2480 4698 μενος.

2917 4719 3044 4773 NA'.

2207 4859 2210 4863 .
2269 4810 2541 4876 Τοσαῦτα,
2578 4812 2963 4880 φιλοτιμότατε
2993 4814 3234 4884 Καῖσαρ.
3283 4814 3508 4885 Μήποτε
3566 4816 3628 4870 δέ
3683 4833 3782 4872 σοι

2201 4905 2232 4974 ή
2261 4905 2335 4972 γῆ
2369 4904 2822 4974 ἐκπεπόρνευται,
2856 4907 2950 4959 καὶ
2977 4906 3063 4960 διὰ
3089 4923 3185 4980 την
3209 4907 3360 4976 ὤραν
3390 4909 3786 4980 ἀπηναισχύν-

2199 5012 2371 5064 τηκας
2405 5009 2419 5023 ·
2458 4995 2599 5047 ὥστε
2653 4996 2786 5065 μηδέ
2828 4997 3150 5065 προφαίνειν
3209 5001 3337 5062 τοὺς
3383 5001 3619 5064 οἰκείους
3668 5019 3788 5070 μα-

2203 5089 2382 5152 στοὺς,
2405 5087 2540 5139 ἀλλά
2567 5088 2662 5139 καὶ
2690 5087 2979 5141 ἐπιδιδόναι
3005 5093 3117 5148 τοῖς
3153 5090 3373 5158 ἀφελεῖν
3399 5091 3784 5160 βουλομένοις-

2201 5179 2262 5230 Εί
2286 5177 2342 5230 δὲ
2369 5179 2461 5229 καὶ
2496 5177 2570 5246 μὴ
2601 5179 2818 5246 μαστοὶ,
2850 5179 2989 5231 ἀλλά
3030 5181 3124 5232 καὶ
3161 5183 3321 5248 γοναὶ⁵
3377 5183 3621 5252 κρύφιοι,
3669 5186 3787 5252 οὐκ

2202 5268 2429 5340 ἐρυθριᾷ
2467 5267 2551 5335 ἐφ’
2588 5267 2730 5320 οὕτω
2758 5269 2970 5333 πολλοῖς
3004 5272 3097 5322 καὶ
3119 5273 3386 5342 ἀμόρφοις
3406 5251 3586 5336 τόκοις
3622 5291 3637 5304 ο
3670 5251 3789 5330 οῦκ

2201 5361 2258 5411 ὲν
2293 5360 2466 5428 ρὸδοις
2497 5360 2589 5412 καὶ
2615 5359 2834 5423 κάλυξιν
2877 5361 3082 5414 ἀνθέων
3135 5363 3361 5433 ἐτέρων,
3385 5365 3500 5416 ἀλλ’
3534 5367 3592 5417 ἐν
3633 5367 3780 5420 d6:-

2204 5449 2392 5518 χθέσιν
2423 5448 2599 5512 ὕδνοις
2651 5450 3074 5520 ἐπιδεικνυμένη
3105 5452 3165 5505 τὸ
3197 5452 3440 5523 γόνιμον.
3504 5455 3646 5509 Ἀλλ’
3680 5459 3791 5529 (ᾡς

2203 5539 2368 5608 ἔοικε)
2419 5539 2552 5606 πρὸς
2575 5540 2672 5608 τὴν
2695 5537 2788 5591 τοῦ
2837 5539 3006 5608 μύθου
3051 5540 3315 5596 ἀλώπεκα
3363 5544 3564 5614 ἑαυτήν
3626 5565 3796 5615 περι-

2205 5627 2492 5689 ϐάλλουσα,
2516 5629 2576 5680 οὐ
2607 5629 2686 5700 τῷ
2722 5629 2920 5693 ἔξωθεν
2966 5632 3220 5704 ἀμόρφῳ,
3248 5633 3383 5687 ἀλλά
3411 5636 3488 5705 τῷ
3526 5653 3758 5706 κεκρυμ
3776 5669 3792 5677 -

2167 5717 2355 5800 ,μένῳ
2381 5719 2477 5788 τῆς
2509 5718 2703 5789 ήδονῆς
2759 5723 3167 5793 ἐνσεμνύνεται.
3218 5725 3514 5790 Είσάγεται
3563 5729 3674 5791 γάρ
3723 5731 3792 5780 ἐν
3858 5756 3874 5768 ο
